4074 6334
622 469 719 524 127

1109 464 1501 522 WALAFRIDI
1541 460 1787 519 STRABI
1826 458 2028 519 FULD.
2071 458 2236 517 MON.
2280 459 2430 518 OPP.
2471 459 2652 516 PARS
2690 460 2730 515 Ι.
2770 490 2841 500 -
2876 457 3340 515 THEOLOGICA.

3784 456 3895 514 128

619 585 999 634 testamentum
1024 575 1173 640 ﬁdei,
1194 577 1322 646 quia
1349 576 1582 631 nondum
1605 584 1848 648 poterant
1874 574 2201 647 evangelica:
2226 574 2277 634 Α
2303 572 2615 637 committit,
2664 587 2824 642 quem
2848 571 3138 627 voluntatis
3163 587 3275 627 suae
3298 580 3355 627 et
3386 586 3724 628 secretorum
3753 573 3873 631 ﬁde

617 668 880 726 doctrina:
922 667 1147 725 solidam
1179 681 1360 725 escam
1405 681 1640 722 sumere.
1690 668 1949 738 Butyrum
1977 665 2192 722 uberri-

621 774 769 816 mum
788 768 845 813 et
863 758 1275 829 pinguissimum
1293 756 1663 828 evangelicum
1689 764 1776 812 est
1803 758 2193 822 testimonium,

621 856 765 926 quod
792 854 939 911 velut
963 853 1141 911 oleum
1167 852 1412 909 ﬁdelibus
1430 854 1485 907 in
1513 853 1724 923 signum
1749 853 1926 908 datur.
1957 852 2195 908 Vitulum

608 963 746 1005 cum
772 946 913 1002 lacte
940 954 997 1002 et
1042 946 1239 1016 butyro
1281 945 1548 1015 apposuit,
1583 945 1708 1015 quia
1737 960 1839 1000 nec
1866 960 2065 1015 corpus
2094 943 2197 999 Do-

622 1039 755 1094 mini
780 1039 896 1094 sine
924 1037 1066 1092 lacte
1093 1037 1244 1106 legis,
1294 1051 1395 1091 nec
1437 1037 1543 1092 hoc
1586 1036 1702 1091 sine
1738 1035 2032 1107 Evangelio
2077 1051 2198 1091 esse

622 1137 816 1202 potest.
886 1129 998 1185 Sub
1043 1129 1238 1184 arbore
1271 1136 1453 1184 autem
1498 1129 1753 1183 sederunt
1803 1128 1855 1181 in
1904 1126 2200 1183 Dominicat

624 1224 892 1295 passionis
923 1224 1152 1294 signum,
1182 1222 1337 1292 cujus
1365 1222 1748 1293 praedicatores
1779 1233 1924 1277 sunt.

694 1316 859 1369 Vsus.
909 1314 962 1369 9.
1002 1344 1073 1354 —
1120 1332 1139 1364 ι
1174 1313 1313 1369 Ecce
1362 1313 1417 1368 in
1466 1312 1812 1368 tabernaculo
1863 1312 2038 1378 est,»
2091 1319 2197 1367 etc.

625 1404 874 1477 (STMB.)
904 1405 1176 1460 Abraham
1206 1404 1336 1459 foris
1360 1418 1480 1458 cum
1511 1403 1743 1473 angelis,
1779 1401 1913 1458 Sara
1938 1403 1996 1457 in
2020 1402 2200 1457 taber-

624 1496 819 1553 naculo
854 1502 974 1551 est:
1023 1495 1149 1565 quia
1190 1493 1410 1550 fortium
1458 1502 1514 1548 et
1564 1494 1843 1549 doctorum
1891 1500 1974 1548 est
2012 1500 2199 1563 aperte

623 1587 958 1659 praedicare,
996 1585 1259 1656 exemplis
1293 1585 1598 1641 instruere:
1638 1583 1977 1639 inﬁrmorum
2015 1594 2070 1638 et
2114 1581 2201 1636 in-

625 1677 954 1747 sipientium,
987 1675 1196 1731 discere
1223 1683 1277 1729 et
1311 1674 1556 1737 subditos
1592 1688 1733 1729 esse.

700 1786 719 1818 ‹
753 1768 919 1822 Vens.
949 1765 1036 1821 10.
1062 1796 1133 1806 —
1164 1784 1184 1817 ι
1214 1764 1284 1819 Ει
1304 1764 1525 1819 habebit
1548 1763 1738 1831 ﬁlium,
1772 1784 1791 1815 ι
1830 1773 1935 1821 etc.
1976 1764 2203 1820 Promit-

627 1857 691 1913 tit
716 1856 859 1912 Deus
880 1855 1029 1911 Sara:
1068 1854 1236 1910 sterili
1278 1854 1470 1919 ﬁlium,
1497 1855 1721 1911 dicens:
1753 1853 1911 1910 Circa
1938 1856 2043 1911 hoc
2070 1865 2201 1911 tem-

2296 661 2404 718 lem
2431 671 2807 719 exsecutorem
2836 662 3120 733 cognovit;
3163 662 3230 717 de
3249 676 3359 732 quo
3384 662 3499 732 ipse
3517 677 3685 718 carne
3710 665 3873 719 nasci

2297 761 2453 809 turus
2480 762 2601 809 erat
2628 773 2647 806 ι
2683 754 2739 808 in
2762 768 2870 823 quo
2897 760 3024 808 sunt
3049 768 3238 809 omnes
3263 753 3504 808 thesauri
3528 754 3817 824 sapientiae
3837 763 3898 811 et

2298 844 2537 900 scientiae
2560 844 2860 901 absconditi
2901 842 2987 915 (11
3017 841 3141 899 Cor.
3170 842 3253 915 ιι).
3293 861 3313 896 t
3368 842 3642 901 Promittit
3669 862 3897 917 quoque

2296 936 2528 992 Abrahae
2556 952 2662 991 non
2686 935 2860 991 solum
2888 935 3132 1005 pratmia,
3174 935 3269 991 sed
3293 934 3615 993 obedientite
3644 936 3895 993 ﬁliorum

2299 1027 2417 1098 ejus
2433 1025 2700 1096 justitiam
2719 1068 2734 1091 ,
2763 1035 2819 1081 et
2847 1027 2990 1084 circa
3018 1041 3113 1082 eos
3136 1027 3404 1098 promissa
3440 1027 3723 1099 compleri.
3751 1028 3899 1084 Rur-

2298 1133 2526 1187 sumque
2562 1118 2897 1187 promittitur
2920 1116 3090 1181 Isaac,
3126 1135 3144 1168 ι
3174 1117 3230 1171 in
3260 1125 3473 1188 gentem
3518 1132 3773 1190 magnam
3812 1118 3897 1173 fu-

2298 1215 2475 1274 turus,
2514 1227 2533 1260 i
2566 1217 2624 1264 et
2644 1208 2788 1279 quod
2836 1227 2855 1259 ‹
2886 1207 2943 1262 in
2968 1222 3036 1263 eo
3064 1206 3454 1265 benedicentur
3477 1223 3671 1265 omnes
3695 1218 3897 1281 gentes

2302 1308 2478 1360 terrae.
2509 1321 2528 1352 ι
2584 1299 2790 1369 Quibus
2813 1301 2996 1359 verbis
3023 1303 3130 1357 duo
3173 1302 3247 1357 illi
3296 1304 3722 1373 promittuntur:
3756 1319 3897 1375 gens

2299 1388 2609 1447 Judaeorum
2652 1390 2951 1448 secundum
2977 1404 3219 1458 carnem,
3264 1400 3320 1447 et
3346 1407 3539 1449 omnes
3565 1401 3761 1463 gentes
3794 1408 3895 1464 per

2299 1479 2481 1536 ﬁdem.
2880 1484 2883 1485 ⁷

2371 1595 2533 1652 Vens.
2557 1595 2647 1651 20.
2669 1626 2741 1638 --
2756 1616 2776 1649 ι
2805 1596 3022 1654 Clamor
3042 1596 3401 1655 Sodomorum
3420 1603 3479 1653 et
3493 1595 3845 1665 Gomorrhaa,
3867 1617 3888 1653 ι

2297 1693 2404 1740 etc.
2428 1684 2587 1757 (Anc.
2617 1684 2684 1753 ρ.
2716 1688 2773 1741 in
2799 1685 2955 1759 Gen.)
2988 1685 3047 1742 Si
3087 1687 3202 1742 hate
3235 1687 3400 1742 verba
3425 1701 3535 1742 non
3561 1686 3891 1753 dubitantis,

2298 1775 2394 1830 sed
2447 1775 2727 1831 irascentis
2775 1784 2832 1830 et
2876 1776 3134 1832 minantis
3188 1776 3557 1847 accipiamus,
3609 1777 3757 1831 nulla
3808 1786 3895 1832 est

2296 1868 2545 1939 quaestio.
2592 1866 2840 1926 Humano
2865 1869 3011 1924 enim
3055 1883 3206 1925 more
3240 1868 3308 1925 ad
3353 1868 3603 1925 homines
3646 1868 3897 1938 loquitur

624 1964 729 2019 pus
758 1948 1003 2013 veniam;
1056 1963 1163 2003 non
1193 1955 1434 2015 tempus,
1484 1946 1579 2002 sed
1629 1947 1945 2016 qualitatem
1982 1947 2064 2003 sui
2106 1948 2199 2003 ad-

2301 1959 2461 2024 Deus,
2499 1968 2555 2014 et
2577 1959 2659 2013 ira
2683 1960 2802 2030 ejus
2828 1959 2948 2013 sine
2970 1960 3375 2030 perturbatione
3401 1968 3507 2024 est,
3542 1961 3668 2029 quia
3694 1961 3897 2014 immu-

624 2047 818 2095 ventus
844 2038 1127 2110 signiﬁcat,
1175 2038 1428 2108 quoniam
1458 2053 1556 2109 per
1593 2037 1761 2093 ﬁlium
1810 2039 2196 2110 repromissum

628 2129 800 2186 ﬁdelis
849 2129 1077 2201 populus
1127 2137 1245 2184 erat
1290 2127 1614 2183 nasciturus.
1670 2127 1819 2183 Unde
1856 2128 1959 2183 lsa.
2007 2144 2096 2183 uv
2144 2136 2200 2184 et

626 2220 743 2277 Gal.
772 2236 825 2275 ιν
850 2238 866 2275 :
904 2239 923 2272 ι
960 2219 1167 2275 Laetare
1191 2218 1409 2283 sterilis,
1437 2233 1556 2288 quae
1578 2233 1683 2274 non
1704 2218 1960 2289 parturis,
1996 2238 2014 2270 ι
2048 2227 2153 2274 etc.

705 2331 724 2365 ι
761 2313 877 2381 Quo
904 2312 1106 2376 audito,
1140 2319 1245 2367 etc.
1275 2309 1432 2383 (Anc.
1467 2309 1645 2376 Qua'st
1681 2312 1737 2364 in
1761 2309 1916 2381 Gen.)
1943 2311 2200 2383 Arguitur

628 2402 766 2459 Sara
794 2403 919 2474 quia
946 2403 1085 2467 risit,
1136 2409 1191 2456 et
1219 2417 1324 2456 non
1348 2400 1645 2466 Abraham,
1696 2417 1819 2456 cum
1850 2402 2102 2457 similiter
2130 2404 2202 2458 rio

628 2494 798 2558 .Brit;
854 2492 979 2563 quia
1006 2491 1149 2546 illius
1178 2491 1320 2547 risus
1367 2489 1743 2545 admirationis
1768 2489 1891 2555 fuit,
1922 2490 2080 2560 hujus
2105 2493 2203 2547 du-

625 2582 926 2645 bitationis,
975 2580 1117 2650 quod
1149 2577 1444 2647 dijudicare
1472 2578 1646 2647 potuit
1684 2580 1778 2648 qui
1826 2581 1991 2636 corda
2022 2583 2195 2638 novit.

626 2671 798 2742 Negat
820 2672 955 2727 Sara
982 2686 1040 2727 se
1073 2670 1259 2725 risisse
1289 2685 1411 2724 cum
1457 2669 1624 2748 Deum
1669 2685 1776 2726 non
1807 2672 1977 2741 possit
2005 2671 2196 2740 latere,

628 2762 721 2818 sed
749 2761 888 2818 forte
921 2759 1164 2818 homines
1187 2759 1430 2829 putabat.
1456 2758 1731 2814 Abraham
1760 2775 1890 2816 vero
1916 2760 2081 2816 Deum
2118 2760 2201 2815 in-

629 2850 918 2923 telligebat,
973 2849 1066 2905 sed
1103 2848 1453 2915 humanitatis
1505 2847 1678 2903 cilicia
1712 2850 2033 2919 prtebendo,
2080 2866 2202 2921 quae

630 2948 836 2996 tantum
868 2938 1097 2995 inﬁrma
1136 2939 1287 2995 carni
1319 2940 1625 2995 necessaria
1662 2949 1827 3006 sunt;
1859 2942 2056 2998 mirum
2078 2953 2197 2999 est:

629 3033 733 3090 nisi
779 3033 1026 3089 homines
1068 3032 1220 3104 prius
1262 3031 1559 3088 arbitratus
1600 3042 1717 3101 est,
1762 3034 1857 3089 sed
1905 3034 1958 3089 in
2005 3035 2201 3106 quibus

627 3125 796 3181 Deum
837 3123 981 3194 loqui
1024 3123 1369 3195 intelligeret,
1422 3124 1745 3194 quibusdam
1795 3127 1964 3198 signis
2005 3127 2201 3183 divina:

629 3213 925 3282 majestatis
963 3213 1373 3284 apparentibus:
1421 3214 1560 3270 sicut
1603 3214 1660 3270 in
1699 3215 2006 3272 hominibus
2031 3215 2198 3270 Deum

2298 2049 2480 2104 tabilis
2520 2056 2622 2104 est.
2670 2047 2826 2119 Saepe
2858 2058 3039 2104 autem
3067 2050 3149 2105 sic
3191 2051 3451 2105 minando
3485 2037 3757 2106 dicimus:
3800 2050 3896 2105 v1-

2296 2136 2522 2193 deamus
2560 2137 2607 2193 si
2651 2153 2760 2195 non
2789 2138 2887 2194 tibi
2932 2137 3093 2206 facio,
3142 2149 3199 2195 et
3220 2140 3265 2196 si
3294 2157 3402 2197 non
3432 2149 3624 2211 potero
3651 2140 3749 2195 tibi
3806 2138 3895 2194 fa-

2298 2246 2457 2297 cere;
2489 2231 2572 2286 vel
2601 2231 2792 2297 sciam,
2838 2231 2897 2288 id
2924 2239 3009 2287 est
3035 2233 3285 2304 experiar
3311 2242 3493 2289 utrum
3522 2248 3631 2288 non
3656 2232 3892 2303 possim.

2300 2319 2406 2376 Sed
2431 2321 2768 2391 perturbatio
2791 2336 2897 2377 non
2924 2321 3070 2377 cadit
3096 2323 3150 2377 in
3186 2322 3373 2379 Deum.
3427 2322 3543 2379 Mos
3567 2331 3750 2379 autem
3783 2324 3894 2378 hu-

2300 2427 2472 2467 mana:
2496 2411 2782 2467 locutionis
2814 2420 2916 2476 est,
2967 2412 3053 2466 cui
3102 2411 3250 2468 Deus
3288 2428 3347 2469 se
3394 2420 3652 2484 coaptat,
3692 2420 3754 2468 ut
3780 2413 3891 2468 hu-

2300 2517 2477 2558 manae
2499 2500 2797 2558 inﬁrmitati
2827 2501 3134 2557 conveniat.

2372 2614 2562 2688 (Gneo.
2589 2615 2684 2670 lib.
2720 2630 2755 2670 v
2780 2613 3002 2681 Moral.,
3029 2628 3147 2686 cap.
3182 2614 3259 2687 7.)
3288 2614 3573 2672 Peccatum
3595 2632 3725 2673 vero
3752 2632 3886 2676 cum

2299 2721 2451 2771 voce,
2480 2706 2635 2777 culpa
2660 2715 2744 2761 est
2778 2706 2832 2760 in
2863 2704 3092 2761 actione.
3140 2704 3430 2762 Peccatum
3451 2722 3584 2763 vero
3610 2723 3736 2765 cum
3760 2710 3888 2766 cla-

2301 2812 2476 2865 more,
2503 2796 2658 2868 culpa
2680 2810 2802 2851 cum
2824 2795 3095 2851 libertate.

2375 2913 2542 2971 Vens.
2580 2911 2769 2969 21-23.
2811 2943 2880 2953 —
2927 2932 2946 2965 ‹
2986 2911 3317 2969 Descendam
3347 2921 3404 2969 et
3453 2913 3649 2971 videbo
3673 2957 3689 2982 ,
3718 2935 3737 2968 ι
3770 2926 3885 2973 etc.

2304 3003 2528 3075 (Gascq
2574 3002 2762 3058 Moral.
2789 3042 2805 3069 ,
2842 3018 2891 3057 c.
2940 3000 3054 3072 '55.)
3102 3000 3237 3056 Mala
3284 3001 3562 3057 hominum
3605 3020 3712 3059 non
3754 3015 3888 3062 ante

2304 3097 2592 3153 credamus
2620 3110 2781 3165 quam
2818 3095 3124 3165 probemus.
3166 3092 3234 3149 Et
3266 3108 3393 3149 ecce
3436 3109 3536 3165 per
3563 3094 3784 3168 angelos
3814 3099 3887 3152 ad

2303 3188 2673 3263 cognoscenda
2698 3186 2837 3242 mala
2875 3186 3174 3252 descendit,
3206 3192 3262 3241 et
3296 3193 3447 3242 tanto
3473 3187 3699 3243 crimine
3730 3189 3887 3245 invo-

628 3275 939 3376 apéamisse
967 3275 1109 3376 δέρε
1143 3303 1424 3376 Scriptum
1466 3313 1718 3372 πεδίλων,
1764 3306 1856 3363 sed
1882 3314 2068 3376 postea
2107 3320 2203 3361 an-
2228 3293 2274 3356 ρ
2303 3279 2447 3335 lutos
2492 3277 2804 3376 inveniens,
2851 3275 3357 3376 quasinpatientiam
3403 3277 3778 3376 praetermisit,
3830 3288 3890 3335 et

629 3396 776 3469 gelos
800 3395 967 3453 fuisse
995 3404 1381 3469 cognoverunt.

699 3485 863 3543 Vsus.
904 3488 990 3542 11.
1033 3517 1107 3528 -
1154 3506 1173 3539 ‹
1204 3486 1374 3542 Erant
1425 3496 1607 3544 autem
1632 3530 1647 3554 ,
1682 3507 1700 3540 ι
1755 3495 1861 3545 etc.
1916 3487 2202 3545 Seniorum

629 3590 763 3637 aetas
787 3581 965 3638 minor
985 3590 1253 3651 estquam
1289 3596 1501 3645 senum,
1556 3580 1657 3636 etsi
1685 3596 1842 3637 senes
1865 3580 2205 3654 appellentur

629 3673 891 3729 seniores.
936 3672 1118 3737 Unde,
1168 3673 1462 3729 secundum
1500 3672 1779 3740 medicos,
1823 3674 2006 3731 senior
2030 3674 2116 3729 vir
2135 3673 2203 3730 de

631 3763 855 3820 muliere
882 3765 1096 3821 seniore
1125 3765 1264 3820 ﬁlios
1290 3764 1470 3821 facere
1513 3781 1620 3820 non
1648 3775 1842 3837 potest,
1868 3767 2080 3823 etiamsi
2106 3767 2202 3823 ad-

634 3854 741 3911 huc
767 3853 1048 3911 muliebria
1094 3853 1280 3910 ﬂuant.
1324 3853 1630 3911 Secundum
1660 3857 1764 3911 hoc
1790 3855 2066 3912 Abraham
2102 3858 2203 3912 mi-

633 3953 787 4000 ratur
814 3944 910 4000 Dei
936 3944 1229 4014 potentiam
1259 3944 1326 4000 de
1352 3946 1713 4015 promissione
1733 3945 1853 4012 ﬁlii,
1885 3957 1940 4001 et
1964 3947 2068 4003 hoc
2108 3948 2206 4003 mi-

637 4032 878 4089 raculum
927 4034 1170 4105 posuisse
1224 4033 1535 4105 Apostolum
1596 4035 1840 4107 accipere
1896 4051 2200 4107 possumus.

633 4123 950 4178 Emortuum
997 4122 1140 4178 enim
1168 4138 1365 4195 corpus
1391 4139 1498 4180 non
1541 4124 1761 4180 omnino
1793 4125 1860 4180 ad
1897 4126 2204 4197 generatio-

632 4232 756 4273 nem
778 4226 915 4284 erat,
964 4217 1009 4274 si
1031 4216 1223 4273 mulier
1253 4216 1507 4287 juvenilis
1529 4218 1705 4274 aetatis
1747 4217 1970 4277 fuisset:
2012 4220 2107 4277 sed
2139 4221 2204 4277 de

634 4317 887 4380 provecta
938 4315 1098 4363 aetate
1140 4321 1399 4380 generare
1438 4323 1543 4365 non
1578 4315 1829 4379 poterat:
1859 4311 1925 4366 de
1970 4308 2204 4366 Cethura

634 4398 777 4453 enim
800 4405 983 4469 postea
1014 4396 1309 4469 generavit,
1339 4395 1462 4466 quia
1481 4394 1770 4463 jnvencula
1812 4396 1926 4452 fuit.
1965 4398 2206 4453 Tradunt

634 4490 776 4545 enim
810 4489 1002 4545 medici
1033 4489 1156 4558 quia
1180 4502 1343 4544 senex
1389 4486 1456 4544 de
1482 4486 1683 4543 femina
1710 4489 2059 4559 provectioris
2083 4498 2209 4546 teta-

637 4581 705 4635 tis
740 4579 863 4650 (etsi
893 4579 1170 4634 muliebria
1198 4579 1513 4661 contingant
1556 4580 1629 4651 ei)
1658 4594 1918 4650 generare
1943 4597 2049 4637 non
2080 4597 2205 4653 pos-

2302 3388 2398 3430 eos
2435 3369 2763 3443 ignejudicii
2783 3376 2905 3425 ante
2921 3367 3113 3438 judicii
3143 3368 3283 3424 diem
3305 3368 3601 3438 praevenit:
3636 3370 3887 3440 quicum

2303 3463 2694 3537 tranquillitate
2726 3462 2951 3534 judicat,
2985 3470 3046 3516 ut
3075 3461 3280 3532 majora
3321 3462 3547 3518 crimina
3579 3464 3735 3519 tarde
3763 3479 3885 3520 cre-

2303 3558 2518 3623 dantur,
2546 3563 2604 3610 et
2631 3554 2899 3610 veraciter
2922 3556 3104 3626 agnita
3134 3553 3294 3609 citius
3320 3554 3635 3625 puniantur.

2374 3668 2588 3741 (Cum,
2624 3667 2718 3723 lib.
2749 3683 2768 3723 ι
2796 3666 2948 3739 Reg.,
2978 3683 3028 3724 c.
3066 3667 3189 3734 l78,
3228 3676 3360 3724 tom.
3387 3668 3454 3743 ι.)
3498 3668 3615 3737 Quo
3651 3670 3883 3728 descene

2301 3758 2457 3815 deret
2485 3758 2646 3826 Deus,
2689 3764 2749 3814 ut
2784 3773 2905 3830 qua:
2941 3767 3123 3816 essent
3148 3757 3289 3816 facta
3331 3764 3729 3833 cognosceret?
3773 3764 3886 3819 Aut

2296 3847 2445 3920 quod
2474 3864 2581 3905 non
2608 3849 2655 3905 is
2672 3889 2688 3915 ,
2714 3849 2807 3920 qui
2850 3848 3051 3921 ubique
3076 3858 3183 3917 est,
3217 3852 3421 3909 sciret?
3449 3851 3558 3910 Sed
3593 3862 3654 3910 ut
3681 3865 3884 3912 nostra:

2274 3938 2620 4009 ignorantia:
2659 3938 2964 4009 exemplum
3005 3938 3347 3998 discretionis
3389 3942 3562 4009 daret,
3610 3953 3883 4015 quatenus

2304 4027 2596 4084 debeamus
2634 4026 2774 4083 mala
2805 4029 2990 4100 gravia
3020 4029 3201 4087 audita
3244 4047 3352 4090 non
3380 4033 3621 4101 credere,
3672 4035 3793 4105 ipse
3823 4050 3884 4092 se

2303 4117 2436 4173 dicit
2460 4116 2527 4173 ad
2553 4118 2985 4190 cognoscendum
3015 4120 3363 4188 descendam,
3393 4123 3461 4180 de
3496 4140 3606 4195 quo
3628 4127 3885 4185 omnibus

2304 4204 2471 4278 liquet
2490 4208 2617 4277 quia
2640 4219 2696 4264 et
2721 4223 2828 4264 non
2848 4209 3179 4267 descendens
3204 4211 3386 4268 omnia
3411 4212 3593 4270 sciret.

2376 4297 2614 4371 (illum,
2643 4299 2740 4356 lib.
2793 4316 2872 4367 ις,
2920 4301 2985 4357 de
3016 4300 3190 4374 Trin.)
3234 4301 3506 4361 Habemus
3547 4306 3884 4365 nescientem

2304 4391 2492 4458 Deum,
2540 4394 2682 4464 quod
2712 4402 2893 4451 tamen
2936 4410 3045 4452 non
3073 4398 3303 4453 nesciat.
3342 4395 3477 4454 Nam
3503 4414 3625 4454 cum
3653 4412 3883 4469 peccata

2305 4497 2496 4554 magna
2523 4483 2679 4540 valde
2717 4484 2854 4540 sciat
2888 4499 3030 4551 esse,
3069 4501 3285 4542 rursum
3314 4486 3592 4542 descendit
3616 4496 3677 4542 ut
3699 4488 3885 4545 videat

2308 4587 2377 4628 an
2414 4576 2773 4631 consummati
2816 4584 2982 4643 sunt;
3039 4585 3095 4633 et
3145 4577 3191 4633 si
3237 4575 3474 4635 nondum
3519 4581 3884 4636 consummati

633 4672 723 4735 sit,
771 4670 837 4725 de
860 4669 1143 4740 juvencula
1169 4679 1346 4725 autem
1373 4649 1561 4742 possit.
1610 4649 1820 4729 Rursus
1860 4672 2052 4728 mulier
2078 4649 2205 4744 pro-
2227 4649 2282 4711 Ῑ)
2309 4674 2455 4731 sunt,
2483 4676 2544 4722 ut
2578 4668 2748 4724 sciat:
2780 4667 3131 4739 intelligimus
3153 4686 3274 4727 eum
3308 4686 3416 4727 non
3446 4686 3509 4728 ea
3549 4681 3676 4728 tunc
3720 4654 3915 4740 scire,.

634 4769 801 4817 vectae
826 4762 1021 4826 aetatis,
1054 4761 1157 4816 etsi
1179 4761 1353 4818 adhuc
1379 4762 1660 4820 muliebria
1695 4766 2014 4836 contingant
2033 4767 2103 4833 ei,
2139 4768 2208 4824 de

636 4853 847 4908 seniore
874 4865 1067 4921 parere
1093 4866 1199 4907 non
1233 4859 1430 4922 potest,
1471 4853 1536 4909 de
1556 4854 1756 4925 juvene
1794 4866 1991 4927 potest.
2041 4857 2205 4914 Mira-

637 4943 812 4998 cnlum
848 4956 978 5015 ergo
1012 4939 1149 5006 fuit,
1196 4943 1321 5013 quia
1359 4950 1586 5015 uterque
1628 4961 1789 5003 senex
1838 4956 1892 5003 et
1939 4956 2207 5018 provecta:

636 5037 831 5101 aetatis,
858 5043 914 5090 et
943 5035 1212 5091 desierant
1234 5035 1515 5093 muliebria
1541 5038 1708 5095 Sarae.

708 5126 870 5182 Vens.
903 5125 1083 5181 1244.
1113 5157 1184 5167 —
1215 5145 1234 5177 ‹
1265 5124 1537 5199 Voluptati
1562 5145 1784 5200 operam
1829 5131 2011 5188 dabo?
2040 5151 2059 5185 ι
2096 5143 2202 5190 etc.

640 5215 830 5288 (Gneo.
856 5215 948 5272 lib.
982 5233 1037 5273 rx
1066 5216 1284 5283 Moral.,
1317 5234 1367 5273 c.
1412 5218 1526 5287 51.)
1556 5220 1695 5275 Cura
1723 5223 1925 5290 carnis,
1956 5233 2086 5291 etc.,
2117 5242 2206 5280 us-

638 5327 736 5383 que
763 5310 831 5365 ad
860 5310 987 5380 quid
1014 5326 1164 5367 mens
1205 5319 1389 5368 nostra
1433 5311 1575 5367 aliud
1620 5328 1782 5384 quam
1827 5316 2081 5386 gaudium
2111 5332 2208 5388 pa-

638 5401 750 5457 rit?

706 5492 869 5549 Vens.
918 5493 1003 5548 l5.
1033 5500 1103 5535 -ι-
1141 5512 1159 5544 ι
1199 5492 1308 5550 Non
1362 5494 1476 5557 risi,
1526 5504 1630 5551 etc.
1674 5495 1894 5570 (Alam)
1947 5498 2039 5557 Vel
2084 5499 2205 5556 ideo

638 5586 852 5656 negavit
878 5599 937 5641 se
964 5585 1168 5651 risisse,
1225 5586 1349 5656 quia
1382 5586 1683 5657 ignoravit;
1731 5588 1852 5646 ideo
1896 5591 2037 5657 risit,
2079 5593 2205 5663 quia

639 5678 995 5749 prophetavit.

707 5767 869 5825 Vnus.
904 5769 1077 5824 l7-l9.
1104 5800 1174 5811 —
1201 5788 1221 5820 ‹
1256 5769 1393 5825 Num
1428 5773 1602 5828 celare
1624 5782 1812 5843 potero
1833 5775 2064 5832 Abraha:
2090 5793 2210 5848 qum

647 5879 667 5915 ι
692 5874 945 5933 gessurus
960 5873 1103 5915 sum.
1137 5879 1155 5913 ι
1182 5860 1322 5916 Bene
1345 5861 1601 5919 Dominus
1624 5861 1855 5921 Abrahae
1876 5875 2085 5923 secreta
2110 5883 2207 5925 sua

2310 4759 2436 4830 quia
2459 4760 2610 4830 prius
2640 4760 2883 4823 nesciat;
2929 4761 3020 4817 sed
3050 4770 3177 4819 tunc
3201 4762 3373 4830 scire,
3406 4762 3530 4833 quia
3572 4771 3787 4834 tempus
3818 4765 3884 4821 ad

2309 4851 2575 4922 agendum
2602 4852 2689 4907 sit.
2741 4851 2965 4909 Nescire
2987 4868 3115 4925 ergo
3148 4854 3337 4921 Deum,
3374 4870 3484 4910 non
3510 4863 3594 4911 est
3620 4854 3884 4927 ignoran-

2311 4941 2398 4996 the
2425 4940 2727 5009 diminutio,
2758 4947 2852 4999 sed
2872 4944 3130 5016 temporis
3154 4944 3451 5017 plenitudo.

2380 5050 2544 5107 Vens.
2573 5051 2758 5108 24-26.
2790 5084 2862 5095 -—
2898 5073 2919 5107 ‹
2947 5053 3006 5111 Si
3030 5054 3235 5111 fuerint
3260 5055 3652 5128 quinquaginta
3670 5028 3880 5128 justi,.i

2308 5152 2415 5200 etc.
2443 5143 2617 5217 (lsm.)
2661 5144 3165 5218 Quinquagenarius
3192 5162 3470 5213 numerus,
3513 5162 3544 5202 a
3571 5162 3682 5217 quo
3713 5162 3884 5217 usque

2310 5235 2379 5290 ad
2408 5234 2591 5290 decem
2641 5236 2937 5302 descendit,
2973 5238 3345 5307 paenitentiam
3398 5237 3685 5309 signiﬁcat.
3732 5237 3885 5294 Unde

2309 5330 2364 5377 et
2424 5322 2898 5395 quinquagesimus
2944 5325 3187 5396 psalmus
3229 5326 3616 5398 pmnitentialis
3663 5334 3769 5381 est.
3825 5324 3882 5380 Si

2310 5428 2440 5484 ergo
2475 5424 2941 5482 converterentur,
2999 5416 3354 5474 salvarentur.
3405 5416 3512 5474 Sed
3560 5432 3685 5472 cum
3735 5415 3883 5474 Deus

2311 5505 2504 5576 aspicit
2526 5505 2896 5577 delinquentes
2919 5507 3062 5564 nolle
3103 5508 3172 5563 ad
3216 5507 3585 5578 ptenitentiam
3610 5505 3880 5572 converti,

2308 5597 2451 5653 illico
2492 5598 2739 5653 ardorem
2800 5597 3167 5653 immoderataa
3195 5597 3419 5653 luxuria:
3454 5598 3578 5667 igne
3623 5597 3881 5668 gehenna’

2308 5691 2619 5760 compescit.
2655 5689 2837 5760 Usque
2855 5692 2922 5746 ad
2953 5691 3134 5746 decem
3155 5690 3332 5760 justos
3368 5705 3471 5744 non
3500 5690 3679 5758 perire
3705 5686 3867 5744 Sodo-

2309 5797 2451 5839 mam
2474 5780 2630 5844 dixit,
2661 5781 2787 5850 quia
2829 5781 2873 5836 si
2906 5782 2960 5836 in
2985 5781 3225 5852 quolibet
3249 5795 3344 5852 per
3371 5780 3556 5836 decem
3582 5788 3870 5851 praecepto-

2307 5886 2430 5928 rum
2456 5869 2755 5927 custodiam
2780 5870 2979 5927 Christi
3012 5886 3207 5927 nomen
3241 5871 3544 5927 inveniatur
3563 5910 3579 5938 ,
3620 5884 3726 5927 non
3754 5885 3858 5943 per
