4074 6334
217 367 325 422 129

1288 361 1554 418 GLOSSA
1594 359 1988 416 ORDINABIA.
2030 392 2099 402 —-
2136 363 2264 418 LIB.
2303 363 2462 420 GEN.

3378 369 3480 426 130

215 476 338 531 ibit.
393 473 610 530 Denarii
641 474 786 530 enim
827 473 1035 529 numeri
1059 473 1227 544 ﬁgura
1267 480 1323 526 et
1358 487 1576 527 crucem
1603 470 1803 526 Christi
1834 478 1884 532 Α
1911 481 1964 525 et
1993 472 2204 539 adorat,
2243 475 2461 545 angelos
2487 454 2700 531 videtur
2735 477 3063 550 intelligere;
3092 479 3220 534 dum
3250 483 3318 536 ad
3348 481 3488 537 refe;

215 567 518 639 signiﬁcat.

291 660 461 716 Vens.
492 659 580 715 27.
611 690 683 703 -
717 677 736 711 ι
762 659 980 729 Loquar
1005 661 1072 714 ad
1094 659 1402 726 Dominum,
1435 680 1452 711 ι
1481 668 1584 716 etc.
1610 661 1802 732 (Gneo.

216 752 314 807 lib.
341 767 476 816 xvm
505 749 722 816 Moral.,
753 765 802 804 c.
833 750 946 822 '55.)
980 751 1216 821 Mystice.
1260 750 1446 806 Sancti
1473 763 1676 821 quanto
1699 768 1808 807 ma-

217 862 306 917 gis
349 843 652 900 divinitatis
688 843 900 898 interna
944 843 1303 914 prospiciunt,
1336 852 1487 899 tanto
1526 843 1706 922 magis
1751 857 1808 899 se

221 935 361 992 nihil
403 951 526 991 esse
579 935 936 1005 conspiciunt.
989 933 1262 1004 Nusquam
1299 934 1494 1007 legitur
1533 936 1807 991 Abraham

221 1046 284 1085 se
317 1030 560 1086 cinerem
607 1036 663 1083 et
703 1027 981 1098 pulverem
1030 1027 1336 1097 professum
1375 1044 1514 1092 esse,
1554 1028 1656 1083 nisi
1685 1044 1808 1083 cum

222 1121 425 1176 meruit
455 1119 551 1175 Dei
578 1118 906 1174 locutionem
935 1120 1156 1174 habere.
1197 1119 1264 1173 Et
1292 1119 1406 1174 ait:
1442 1138 1460 1169 ι
1495 1118 1713 1189 Loquar
1741 1120 1809 1175 ad

225 1211 517 1267 Dominum
566 1225 771 1276 meum,
820 1224 944 1264 eum
971 1209 1070 1265 sim
1100 1209 1296 1280 pulvis,
1337 1230 1354 1262 ι
1399 1221 1505 1265 etc.
1556 1210 1809 1266 Fortasse

225 1301 372 1356 enim
406 1299 607 1370 aliquid
634 1314 694 1354 se
733 1313 854 1354 esse
880 1299 1125 1354 crederet
1145 1339 1161 1364 ,
1210 1300 1256 1355 si
1283 1314 1465 1354 veram
1495 1302 1806 1366 essentiam,

225 1405 348 1460 quae
373 1405 536 1460 super
571 1389 743 1459 ipsum
773 1395 876 1453 est,
922 1403 1026 1444 non
1054 1390 1331 1446 sensisset.
1377 1390 1531 1446 Unde
1557 1399 1613 1446 et
1638 1390 1809 1446 David

227 1482 542 1536 exclamat:
607 1499 625 1531 ι
656 1479 956 1546 Memento,
1011 1480 1275 1547 Domine,
1333 1482 1586 1551 quoniam
1634 1481 1809 1552 pulvis

228 1590 346 1628 sum
372 1571 544 1646 (Psal.
577 1571 658 1643 x),
694 1592 713 1625 ι
757 1581 863 1628 etc.

302 1663 598 1718 Moraliter.
632 1663 906 1730 Quosdam
943 1679 1041 1735 per
1070 1673 1334 1721 tumorem
1362 1679 1552 1720 sensus
1574 1678 1681 1720 non
1703 1664 1810 1720 ele-

228 1763 338 1819 vat,
387 1756 484 1810 sed
528 1769 628 1824 per
675 1755 1060 1811 misericordiae
1085 1771 1288 1826 opera;
1343 1757 1560 1828 quidam
1593 1757 1717 1812 dum
1751 1772 1811 1814 se

1910 566 2144 622 ctionem
2180 569 2422 636 corporis
2469 568 2692 634 invitat,
2739 570 2984 624 homines
3025 572 3237 625 videtur
3274 582 3486 642 putare.

1910 659 2002 716 Sic
2031 662 2098 716 de
2123 662 2208 717 his
2230 671 2284 718 et
2313 664 2378 717 de
2404 663 2508 718 illis
2538 665 2627 733 qui
2666 664 2894 719 Abraha:
2939 673 3303 734 apparuerunt
3340 666 3482 721 idem

1908 751 2314 822 intelligendum
2345 761 2448 807 est.
2483 753 2562 808 Ex
2595 754 2698 808 hoc
2723 763 2904 808 autem
2933 753 3052 808 loco
3099 753 3390 824 Scripturae
3433 764 3487 810 et

1910 845 2095 900 multis
2126 845 2246 900 aliis
2270 847 2680 901 commendatur
2701 847 2872 901 virtus
2903 847 3310 918 hospitalitatis.
3335 847 3485 902 Unde

1909 937 2107 992 Paulus
2132 936 2266 992 Heb.
2296 953 2394 992 xm
2421 954 2434 990 :
2466 955 2484 987 ι
2516 936 2951 1008 Hospitalitatem
2996 937 3161 993 nolite
3195 937 3436 992 oblivisci
3467 953 3480 990 :

1909 1042 2007 1097 per
2029 1028 2168 1082 hanc
2191 1028 2335 1081 enim
2358 1027 2674 1096 placuerunt
2693 1027 2909 1096 quidam
2930 1027 3060 1094 Deo,
3085 1027 3286 1098 angelis
3306 1027 3490 1096 hospi-

1913 1118 1991 1172 tio
2017 1117 2268 1186 receptis.
2311 1135 2328 1166 ι

1984 1205 2194 1274 (Glossa
2229 1206 2461 1279 Graeca.)
2493 1205 2802 1262 Notandum
2833 1206 2926 1262 ubi
2962 1207 3224 1262 benelicia
3259 1207 3354 1262 Dei
3389 1222 3484 1264 ex-

1911 1301 2203 1374 plicantur,
2234 1301 2404 1356 Deum
2435 1300 2656 1366 adesse;
2687 1299 2778 1355 ub‘i
2797 1315 2927 1355 vero
2952 1299 3212 1371 supplicia
3234 1314 3491 1355 exercen-

1913 1401 2032 1460 tur,
2062 1393 2280 1465 angelos
2310 1392 2479 1457 mitti;
2513 1400 2572 1446 ut
2600 1392 2833 1447 sciamus
2875 1392 2987 1447 Deo
3028 1391 3367 1459 benefacere,
3401 1393 3488 1463 ju-

1913 1485 2146 1540 cundum
2191 1493 2245 1538 et
2280 1483 2536 1554 placitum
2572 1483 2682 1538 Deo
2707 1481 2927 1553 proprie
2963 1497 3083 1538 esse
3139 1483 3326 1538 ulcisci
3354 1497 3486 1538 vero

1913 1576 2024 1630 Deo
2052 1575 2321 1646 ingratum
2353 1589 2496 1629 esse.

1983 1666 2147 1746 veris.
2169 1667 2224 1720 2.
2243 1695 2313 1705 —-
2337 1685 2355 1716 ι
2388 1665 2608 1720 Lavate.
2635 1685 2653 1718 ι
2681 1665 2834 1732 Quod
2861 1665 3160 1735 hospitibus
3183 1666 3322 1722 solet
3345 1665 3482 1732 ﬁeri,

1917 1769 1976 1814 ut
2011 1757 2235 1813 affectus
2263 1768 2480 1813 terreno
2513 1758 2735 1829 pulvere
2765 1758 3056 1823 sordidati,
3091 1767 3144 1813 et
3167 1759 3356 1812 aeedia
3378 1799 3391 1823 ,
3433 1767 3488 1813 et

234 1846 465 1900 terrenis
495 1846 772 1902 abundare
818 1847 1158 1917 conspiciunt
1182 1888 1198 1913 ,
1236 1863 1394 1904 veras
1443 1849 1658 1904 divitias
1702 1864 1809 1904 non
1836 1833 1884 1892 Β
1912 1847 2378 1919 pusillanimitate,
2410 1856 2665 1918 tanquam
2693 1848 3080 1918 pulverulentis
3109 1849 3450 1918 squalorihus
3469 1889 3483 1913 ,

231 1937 532 2006 requirunt,
556 1945 611 1990 et
636 1945 894 1992 aeternum
917 1952 1140 2009 regnum
1167 1954 1274 1994 non
1303 1947 1504 2004 amant,
1536 1940 1660 2009 quia
1681 1947 1812 1994 tem-

229 2025 443 2095 poralia
467 2025 710 2082 sufﬁcere
738 2036 948 2098 putant.
991 2027 1106 2084 Non
1143 2037 1226 2085 est
1253 2044 1385 2100 ergo
1413 2045 1604 2086 sensus
1629 2031 1684 2085 in
1706 2031 1812 2085 cri-

232 2116 402 2179 mine,
434 2117 524 2170 sed
550 2115 797 2192 affectus.
840 2117 1045 2174 Cuncta
1073 2121 1218 2174 enim
1245 2137 1366 2190 qua:
1389 2121 1532 2176 Deus
1573 2121 1813 2176 condidit

230 2208 372 2261 bona
403 2217 544 2262 sunt.
576 2208 681 2264 Sed
709 2209 804 2278 qui
827 2211 983 2266 bonis
1007 2211 1148 2266 male
1169 2213 1360 2278 utitur,
1390 2213 1482 2267 hic
1505 2213 1616 2282 agit
1638 2222 1694 2268 ut
1714 2228 1811 2282 per

231 2299 518 2354 edacitatis
555 2300 844 2372 ingluviem
888 2318 973 2366 eo,
1026 2319 1132 2372 quo
1179 2305 1362 2359 vivere
1408 2305 1628 2372 debuit,
1673 2320 1810 2374 pane

235 2391 520 2444 moriatur.
552 2388 766 2462 Pauper
795 2393 860 2447 ad
890 2395 1126 2464 requiem
1155 2394 1393 2450 Lazarus
1431 2405 1671 2460 venerat,
1724 2411 1812 2451 su-

234 2481 459 2552 perbum
518 2482 739 2537 divitem
795 2484 1111 2540 cruciabant
1147 2494 1409 2541 tormenta
1463 2487 1612 2558 (Lu'c.
1654 2487 1808 2558 xw):

235 2573 384 2628 dives
433 2581 608 2627 tanwn
648 2573 922 2628 Abraham
963 2575 1162 2642 fuerat,
1193 2578 1285 2647 qui
1311 2577 1577 2632 Lazarum
1607 2579 1661 2632 in
1690 2566 1818 2633 sinu

238 2664 602 2725 tenebatwAit
632 2673 811 2720 tamen
839 2684 851 2720 :
909 2684 927 2716 ι
963 2667 1178 2738 Loquar
1222 2669 1288 2724 ad
1317 2669 1601 2724 Dominum
1632 2685 1809 2725 meum

235 2769 357 2808 cum
407 2754 510 2808 sim
555 2754 731 2824 pulvis
774 2763 828 2809 et
871 2756 1026 2822 cinis,
1059 2777 1079 2810 ι
1123 2767 1229 2813 etc.
1270 2758 1408 2827 Quid
1441 2760 1658 2816 divitias
1686 2775 1811 2816 suas

237 2847 559 2912 aestimabat,
598 2846 689 2915 qui
739 2847 973 2916 seipsum
1021 2849 1293 2920 pulverem
1339 2850 1683 2922 cineremque
1717 2870 1814 2924 pu-

240 2940 434 2994 tabat?
475 2939 676 3010 Aperte
733 2941 1004 2997 cernimus
1052 2943 1106 2997 in
1158 2959 1265 3013 quo
1293 2944 1412 3000 loco
1442 2961 1499 3000 se
1535 2956 1808 3016 posuerat,

236 3031 330 3100 qui
369 3047 428 3086 se
456 3030 729 3100 pulverem
757 3040 813 3085 et
853 3033 1108 3099 cinerem,
1151 3035 1314 3090 etiam
1341 3051 1462 3090 cum
1493 3037 1604 3093 Deo
1631 3038 1814 3108 loque-

239 3131 410 3187 rctur,
446 3123 768 3177 aestimabat.
802 3123 917 3190 Qua
945 3139 1073 3196 ergo
1103 3141 1260 3196 poma
1290 3127 1514 3184 feriendi
1540 3140 1688 3197 sunt,
1718 3133 1810 3202 qui

239 3216 307 3268 ad
333 3231 542 3270 summa
591 3231 699 3270 non
745 3217 1037 3286 proﬁciunt
1064 3227 1118 3274 et
1166 3220 1233 3275 de
1262 3221 1502 3277 minimis
1546 3236 1605 3278 se
1641 3196 1882 3279 extol-C

241 3310 395 3363 lunt?

315 3401 477 3458 Vnus.
507 3403 686 3459 28-35.
715 3433 784 3444 —
816 3423 834 3454 ι
869 3404 1114 3476 Quinque
1141 3405 1359 3463 fuerint.
1394 3429 1414 3462 ι
1451 3408 1698 3481 Quinque
1739 3413 1817 3468 ci-

243 3493 441 3546 vitates
478 3494 651 3564 igneis
679 3493 940 3549 imbribus
975 3496 1283 3552 combustae.
1313 3498 1509 3556 Omnes
1536 3501 1678 3555 enim
1725 3502 1816 3572 qui

243 3586 482 3654 quinque
507 3587 747 3656 corporis
785 3603 977 3642 sensus
1003 3588 1284 3646 libidinose
1309 3599 1674 3648 tractaverunt
1691 3635 1706 3657 ,
1733 3593 1817 3648 fu-

249 3684 370 3730 turo
400 3677 649 3732 incendio
674 3687 800 3733 sunt
822 3681 1115 3736 cremandi.

323 3789 340 3823 ι
377 3769 514 3838 Quid
555 3773 597 3826 si
628 3771 851 3839 inventi,
882 3793 899 3824 ι
956 3784 1060 3828 etc.
1100 3774 1276 3849 (Δια.)
1308 3776 1424 3833 Non
1469 3794 1693 3836 necesse
1733 3791 1819 3836 est

246 3865 349 3920 hoc
371 3862 438 3918 de
470 3863 618 3917 omni
657 3864 774 3920 loco
810 3866 1073 3935 accipere.
1118 3868 1192 3922 De
1227 3867 1474 3926 Sodomis
1516 3881 1693 3926 autem
1724 3888 1819 3943 po-

247 3956 351 4010 tuit
380 3955 504 4018 dici,
551 3956 676 4024 quia
708 3958 908 4012 sciebat
951 3957 1091 4013 Deus
1136 3975 1235 4014 nec
1263 3961 1448 4016 decem
1479 3978 1599 4018 esse
1648 3964 1740 4028 ibi,
1767 3973 1822 4020 et

247 4047 372 4100 ideo
413 4047 491 4101 sic
521 4048 943 4116 respondebatur
970 4050 1198 4105 Abrahae
1245 4053 1313 4106 ad
1351 4056 1820 4124 exaggerationem

246 4139 548 4208 iniquitatis
577 4138 932 4195 Sodomorum

326 4248 343 4280 ι
383 4231 598 4285 Decem.
634 4251 653 4282 ι
719 4231 979 4286 Denarius
1044 4247 1260 4289 crucem
1314 4234 1512 4290 Christi
1580 4237 1823 4308 designat

245 4321 374 4391 quia
407 4337 440 4374 x
478 4321 678 4388 littera,
728 4338 834 4394 qua
877 4323 1129 4379 denarius
1171 4325 1520 4396 exprimitur.
1564 4328 1618 4382 in
1653 4328 1824 4399 ﬁgura

247 4416 428 4471 crucis
456 4415 739 4471 formatur.

1909 1937 2288 1993 emundentur.
2326 1937 2478 1993 Unde
2523 1938 2579 1992 in
2615 1937 2959 1993 monasteriis
2993 1953 3091 2009 pro
3133 1935 3474 1994 venientibus

1916 2029 1983 2082 de
2011 2028 2094 2081 via
2131 2027 2306 2081 oratio
2333 2027 2658 2082 celebratur.
2985 2021 2988 2023 Α

1985 2118 2141 2172 Vens.
2171 2116 2404 2171 5-7.--‹
2427 2115 2695 2186 Compulit
2715 2117 2852 2172 illos.
2878 2137 2896 2169 ι
2926 2115 3102 2188 (Αιο.)
3115 2117 3301 2188 Angeli
3333 2117 3487 2187 quasi

1910 2210 2082 2264 coacti
2111 2209 2328 2263 domum
2369 2208 2471 2263 Lot
2512 2210 2904 2280 ingrediuntur,
2941 2217 3001 2263 ιιι
3035 2209 3273 2296 οἰκείως
3320 2210 3488 2278 ipsius

1914 2306 2116 2353 tentata
2143 2307 2198 2352 et
2244 2299 2471 2367 probata
2509 2308 2966 2365 remuneraretur,
3005 2308 3058 2354 et
3089 2307 3146 2352 ut
3181 2301 3490 2354 ostendere-

1913 2401 2000 2446 tur
2023 2399 2282 2461 quantum
2309 2398 2453 2446 esset
2477 2391 2858 2460 hospitalitatis
2894 2393 3118 2447 bonum.
3156 2389 3484 2460 Hospitalem

1913 2482 2131 2538 domum
2176 2481 2402 2551 ingressi
2448 2489 2613 2547 sunt,
2661 2490 2715 2536 et
2773 2483 3039 2552 hospitem
3088 2482 3486 2546 liberaverunt;

1911 2574 2122 2629 clausas
2151 2573 2454 2642 hospitibus
2479 2573 2669 2628 domos
2698 2574 2838 2646 ignis
2868 2575 3145 2646 ingressus
3171 2583 3491 2644 peccatores

1911 2664 2169 2734 perdidit.

1981 2757 2146 2812 VERS.
2178 2758 2231 2823 8,
2269 2755 2322 2812 9.
2345 2787 2416 2798 —
2447 2775 2466 2808 ι
2499 2755 2683 2812 Habeo
2718 2757 2852 2812 duas
2881 2756 3038 2813 ﬁlias.
3078 2777 3096 2810 ι
3132 2756 3316 2830 (Acc.,
3344 2757 3409 2824 ρ.
3433 2758 3488 2812 in
3513 2794 3538 2814 .

1913 2849 2070 2918 Gen.)
2111 2849 2304 2905 Utrum
2355 2849 2690 2903 admittenda
2740 2849 2811 2903 sit
2853 2850 3222 2920 compensatio
3262 2847 3491 2918 ﬂagitio-

1915 2955 2077 3004 rum,
2132 2938 2218 2992 vel
2263 2938 2628 3008 quorumlibet
2674 2945 3022 3008 peccatorum
3051 2979 3065 3004 ,
3113 2946 3176 2993 ut
3228 2937 3491 2993 faciamus

1913 3031 2072 3094 mala,
2105 3046 2173 3086 ne
2209 3029 2342 3085 ﬁant
2365 3031 2614 3100 graviora
2642 3049 2656 3083 ;
2685 3047 2752 3084 an
2789 3031 3186 3100 perturbationi
3209 3029 3342 3095 Lot,
3383 3045 3490 3084 non

1915 3121 1988 3176 sit
2022 3120 2250 3176 consilio
2284 3119 2630 3175 tribuendum
2652 3161 2666 3186 ,
2695 3121 2888 3176 merito
2915 3121 3210 3190 quazritur?
3241 3131 3296 3176 et
3329 3120 3490 3175 nimi-

1915 3228 2035 3268 rum
2061 3211 2517 3282 periculosissime
2543 3213 2659 3266 haec
2687 3212 3053 3282 compensatio
3075 3212 3396 3266 admittitur.
3431 3209 3489 3265 Si

1915 3313 2096 3360 autem
2148 3304 2480 3375 perturbatio
2536 3303 2733 3358 mentis
2784 3302 2976 3368 fuerit,
3028 3303 3174 3358 nullo
3217 3303 3374 3357 modo
3408 3308 3491 3356 est

1916 3395 2196 3450 imitanda.

1987 3487 2152 3542 Vens.
2171 3487 2257 3541 10.
2273 3516 2343 3525 -
2361 3505 2378 3538 ‹
2402 3485 2470 3540 Ει
2490 3486 2987 3540 introduxeruntad
3001 3501 3060 3541 se
3079 3486 3199 3541 Lot.
3230 3506 3247 3537 ι
3269 3484 3488 3556 (Cana,

1915 3578 1954 3631 l.
1981 3593 2034 3632 vr
2059 3576 2278 3642 Moral.,
2312 3591 2432 3646 cap.
2463 3578 2575 3647 ib.)
2603 3575 2756 3632 Malis
2782 3577 3194 3632 adversantibus
3221 3577 3361 3630 intra
3397 3577 3492 3631 do-

1916 3684 2064 3723 mum
2089 3668 2191 3722 Lot
2215 3666 2491 3723 reducitur
2519 3676 2574 3722 et
2603 3668 2843 3722 munitur
2867 3682 2881 3722 :
2907 3669 3032 3739 quia
3061 3668 3287 3738 quisque
3310 3666 3494 3736 justus

1915 3777 2206 3834 pravorum
2235 3761 2457 3816 insidias
2485 3761 2785 3826 sustinens,
2812 3761 2880 3815 ad
2909 3770 3145 3816 mentem
3182 3761 3492 3828 revertitur,

1920 3864 1976 3910 et
2007 3862 2189 3908 manet
2219 3853 2516 3906 interritus.
2547 3851 2839 3914 Sodomitae
2884 3853 2938 3907 in
2978 3854 3137 3908 domo
3167 3853 3268 3908 Lot
3291 3854 3491 3907 ostium

1920 3945 2165 4016 invenire
2191 3953 2500 4014 nequeunt:
2527 3945 2651 4014 quia
2678 3955 3023 4015 corruptores
3066 3946 3324 4000 mentium
3365 3960 3494 4000 con-

1923 4047 2005 4093 tra
2033 4036 2201 4090 vitam
2238 4033 2372 4103 justi
2410 4035 2615 4090 nullum
2641 4037 3078 4106 reprehensionis
3103 4037 3308 4092 aditum
3349 4037 3496 4090 inve-

1923 4130 2097 4183 niunt.
2129 4127 2375 4182 Percussi
2407 4129 2652 4182 etecitate
2683 4129 2837 4198 quasi
2874 4129 3091 4182 domum
3125 4128 3493 4192 circumeunt,

1924 4220 2048 4290 quia
2071 4219 2372 4274 invidentes
2391 4217 2533 4273 facta
2548 4227 2603 4274 et
2627 4219 2768 4273 dicta
2791 4225 3216 4290 perscrutantur.
3245 4217 3348 4271 Sed
3370 4217 3494 4286 quia

1924 4314 1992 4369 de
2021 4313 2131 4367 vita
2163 4311 2333 4382 justi,
2382 4310 2536 4366 fortis
2576 4319 2631 4365 et
2675 4310 2959 4366 laudabilis
2997 4309 3138 4363 actio
3179 4307 3376 4377 ubique
3405 4307 3501 4362 ob-

1924 4405 2054 4468 viat,
2080 4412 2324 4459 errantes
2355 4403 2612 4473 parietem
2647 4403 2882 4473 palpant.

326 4527 344 4558 (
383 4508 545 4563 Dixit.
583 4529 603 4562 ι
647 4507 863 4564 Sciebat
897 4509 1040 4564 cnim
1084 4522 1186 4564 nec
1213 4525 1381 4563 unum
1425 4509 1496 4564 ibi
1533 4523 1651 4565 esse
1687 4526 1823 4580 prae-
1848 4544 1902 4604 Β
1972 4490 3278 4604 .YERS-“"15"—“Per09539l‘:1"“l“ecfﬁCi‘ﬁ‘e-
3302 4488 3496 4593 “AUG-

247 4609 335 4655 ter
372 4598 512 4665 Lot;
544 4599 612 4654 ad
641 4598 1070 4670 exaggerandam
1100 4599 1438 4668 iniquitatem
1474 4600 1575 4654 hoc
1604 4601 1818 4667 dicitur,

246 4695 388 4749 sicut
432 4691 570 4762 apud
600 4689 884 4746 Jeremiam
913 4709 925 4743 :
974 4708 992 4740 ι
1023 4691 1212 4746 Videte
1250 4691 1296 4745 si
1344 4691 1628 4746 inveniatis
1652 4692 1824 4747 homi-

247 4798 372 4836 nem
415 4781 701 4836 facientem
725 4780 986 4849 justitiam
1018 4780 1152 4852 (Jer.
1186 4781 1276 4852 v);
1331 4781 1487 4852 quasi
1518 4801 1530 4836 :
1582 4781 1824 4838 Iuvenile

247 4873 333 4929 vel
361 4889 549 4938 unum,
581 4882 638 4929 et
667 4889 828 4943 parco
859 4873 956 4928 cis.

840 5005 1066 5064 CAPUT
1101 5006 1242 5063 XIX.

321 5139 485 5194 Vens.
521 5139 572 5192 1.
598 5168 668 5179 --
695 5156 712 5191 ι
746 5137 1130 5211 Veneruntque
1153 5139 1258 5196 duo
1287 5141 1492 5212 angeli,
1529 5162 1547 5194 ι
1577 5153 1684 5198 etc.
1721 5143 1828 5200 No-

247 5230 476 5286 tandum
525 5231 670 5300 quod
707 5239 816 5286 tres
863 5231 1042 5302 angeli
1089 5246 1315 5287 numero
1359 5231 1826 5303 impari'Abrahaa

249 5331 542 5393 apparent,
583 5323 705 5392 quia
755 5338 980 5377 numero
1016 5323 1206 5393 impari
1239 5323 1380 5378 Deus
1413 5323 1625 5396 gaudet.
1657 5322 1826 5380 Sodo-

247 5428 395 5467 niam
419 5422 686 5468 venerunt
707 5415 822 5482 pari
849 5429 1092 5479 numero,
1119 5414 1170 5467 id
1192 5422 1276 5470 est
1299 5414 1424 5478 duo,
1451 5415 1540 5484 qui
1569 5432 1824 5471 numerus

249 5505 459 5574 primus
480 5506 548 5559 ab
571 5505 776 5559 unitate
801 5505 1025 5568 recedit,
1055 5513 1109 5560 et
1135 5506 1384 5574 princeps
1406 5514 1490 5562 est
1515 5505 1820 5572 alteritatis,

248 5597 407 5667 quasi
467 5595 752 5652 femineam
806 5599 1043 5668 ﬁgurans
1085 5598 1382 5653 mollitiem.
1441 5599 1717 5653 Venerunt
1769 5599 1825 5652 in

255 5710 273 5742 ι
314 5705 574 5760 vespere,
630 5711 646 5740 ι
702 5692 825 5760 quia
865 5691 978 5761 jam
1024 5691 1316 5747 Sodomitis
1371 5692 1698 5748 occubuerat
1747 5691 1826 5747 sol

249 5779 489 5845 iustitiae.
527 5799 544 5831 ‹
576 5779 676 5846 Qui
703 5795 826 5835 cum
851 5779 1094 5845 vidisset,
1128 5799 1146 5832 ι
1177 5788 1282 5835 etc.
1306 5780 1442 5835 Dum
1465 5781 1702 5835 occurrit
1728 5781 1826 5835 Lot
1855 5857 1858 5859 Δ

1929 4586 2016 4640 ubi
2042 4584 2250 4656 supra.)
2273 4583 2460 4639 Grmce
2481 4587 2701 4658 ἀορασία
2719 4623 2732 4647 ,
2761 4583 2814 4637 id
2839 4590 2950 4646 est,
2981 4582 3241 4636 avidentia
3261 4622 3276 4648 ,
3303 4581 3348 4636 si
3377 4596 3502 4651 pos-

1931 4676 2000 4731 sit
2025 4675 2152 4739 dici,
2178 4689 2296 4743 quae
2325 4673 2488 4728 faciat
2515 4689 2622 4727 non
2648 4673 2837 4738 videri,
2873 4689 2978 4726 non
3000 4673 3203 4737 omnia,
3232 4672 3326 4727 sed
3359 4669 3501 4740 quod

1931 4781 2038 4820 non
2067 4773 2152 4820 est
2179 4780 2333 4835 opus.
2372 4765 2652 4831 Quomodo
2693 4765 2838 4820 enim
2884 4764 3179 4820 deﬁcerent
3218 4765 3504 4834 quaerendo

1929 4861 2155 4924 ostium,
2190 4861 2235 4916 si
2257 4861 2502 4916 caecitate
2548 4861 2788 4930 percussi
2835 4869 3050 4922 essent,
3093 4869 3152 4914 ut
3187 4859 3320 4914 nihil
3357 4858 3506 4912 vide-

1929 4953 2086 5008 rent?
2113 4967 2208 5007 sua
2237 4952 2379 5008 enim
2410 4951 2716 5008 calamitate
2740 4953 2973 5018 turbati,
2998 4952 3132 5008 nihil
3161 4951 3388 5008 ulterius
3422 4964 3506 5006 re-

1929 5043 2226 5113 quirerent.
2257 5040 2369 5097 Hac
2404 5044 2626 5115 ἀορασια
2649 5045 2892 5113 percussi
2921 5053 3108 5107 erant,
3141 5043 3231 5113 qui
3269 5041 3505 5097 Eliseum

1931 5135 2264 5204 quaerebant,
2280 5141 2334 5187 et
2356 5133 2447 5203 qui
2461 5131 2732 5189 Christum
2757 5141 2880 5204 post
2907 5134 3358 5189 resurrectionem
3382 5148 3504 5190 cum

1931 5229 2048 5299 ipso
2075 5226 2414 5282 ambulantes
2442 5242 2550 5282 non
2581 5227 2998 5298 cognoscebant.

2003 5321 2164 5375 Vnus.
2187 5319 2360 5374 lli.——-
2389 5339 2406 5371 ‹
2435 5321 2717 5392 Egressus,
2740 5342 2758 5374 ι
2786 5329 2891 5376 etc.
2919 5321 3127 5392 (HIEB.,
3154 5321 3207 5374 in
3232 5321 3294 5386 ρ.
3317 5317 3503 5387 Hebr.)

1929 5413 1986 5467 In
2009 5412 2361 5481 sequentibus
2389 5413 2510 5468 ﬁlia:
2543 5414 2644 5468 Lot
2671 5415 2909 5484 virgines
2935 5413 3098 5468 fuisse
3134 5413 3410 5484 leguntur;
3451 5420 3504 5465 et

1933 5505 2046 5572 ipse
2065 5503 2132 5558 ad
2161 5503 2468 5560 Sodomitas
2494 5506 2631 5560 dixit
2657 5525 2669 5560 :
2709 5526 2726 5554 ‹
2767 5506 2905 5561 Ecce
2929 5507 3046 5561 duae
3072 5507 3194 5561 ﬁliae
3222 5521 3355 5559 mea:
3386 5519 3504 5572 qua:

1932 5612 2038 5653 non
2069 5607 2437 5670 cognoverunt
2462 5601 2634 5653 virum
2660 5641 2673 5663 ,
2714 5620 2730 5651 ι
2764 5609 2871 5656 etc.
2910 5600 3063 5656 Nunc
3093 5607 3272 5654 autem
3307 5598 3505 5652 dicitur

1932 5691 2186 5746 habuisse
2217 5705 2466 5762 generos.
2495 5691 2599 5747 Sed
2632 5693 2849 5762 quidam
2893 5693 3226 5746 arbitrantur
3253 5705 3346 5744 cas
3386 5707 3506 5760 quae

1932 5779 2080 5836 viros
2109 5782 2411 5839 habuerunt
2436 5783 2489 5838 in
2518 5782 2768 5839 Sodomis
2793 5783 3020 5854 perisse,
3053 5789 3106 5836 et
3132 5795 3250 5851 quac
3276 5782 3507 5852 virgiaet
