4074 6334
547 374 647 434 tu

1047 362 1445 423 WALAFRIDI
1481 360 1731 420 STRABI
1766 356 1970 417 FULD.
2012 350 2182 409 MON.
2222 350 2374 409 OPP.
2413 351 2591 410 PARS
2629 353 2671 409 Ι.
2708 384 2778 397 -
2812 350 3270 410 THEOLOGICA.

3722 350 3828 409 152

547 494 707 547 erant
735 498 861 541 cum
885 490 1039 554 patre
1065 479 1264 535 exisse.
1288 476 1399 534 Sed
1426 475 1690 532 Hebraica
1716 472 1923 528 veritas
1946 469 2128 525 habet.
2160 468 2211 531 Α
2236 464 2362 522 liter
2384 465 2717 537 peccabant;
2749 466 2842 522 isti
2868 473 3207 523 vero'contra
3233 468 3486 520 naturam
3511 477 3527 518 ι
3552 460 3684 520 ideo
3702 478 3830 537 gra-

556 601 576 634 (
608 580 875 652 Egressus
902 583 988 631 est
1025 573 1159 639 Lot,
1207 581 1263 629 et
1305 572 1517 626 locutus
1551 576 1637 624 est
1680 568 1748 622 ad
1786 581 2016 638 sponsos
2044 563 2137 635 qui

553 670 834 744 accepturi
862 675 1020 724 erant
1044 666 1183 722 ﬁlias
1212 664 1329 736 ejus
1353 682 1365 718 :
1401 684 1419 717 υ
1445 662 1682 734 virgines
1702 676 1833 733 ergo
1854 660 1978 716 ﬁlias
2002 675 2127 716 nec-

553 740 704 824 dum—
720 740 937 819 fuerant
962 755 1311 812 matrimonio
1334 752 1619 825 copulatze.

625 853 794 913 Vsus.
844 850 946 917 l5,
976 849 1155 905 l6.—
1183 866 1203 898 ι
1237 844 1480 915 Cumque
1532 851 1677 900 esset
1722 856 1913 909 mane,
1964 862 1984 895 ι
2030 850 2136 898 etc.

559 946 736 1018 (ιδιιι.)
764 944 1002 1019 Mystice.
1028 938 1131 997 Lot
1164 938 1333 993 frater
1357 935 1654 997 Abraham,
1688 933 1869 1005 justus
1889 940 1945 988 et
1968 931 2143 1001 hospi-

560 1038 685 1095 talis
709 1037 764 1092 in
802 1032 1052 1092 Sodomis
1078 1071 1094 1095 ,
1122 1027 1393 1101 signiﬁcat
1427 1041 1624 1097 corpus
1648 1024 1885 1089 Christi,
1910 1024 2056 1094 quod
2086 1023 2141 1078 in

558 1126 812 1186 omnibus
839 1121 1047 1180 sanctis
1076 1121 1221 1176 inter
1248 1118 1443 1188 impios
1470 1115 1671 1189 gemit,
1713 1129 1943 1185 quorum
1984 1112 2143 1169 factis

560 1237 669 1279 non
696 1217 996 1281 consentit,
1028 1222 1083 1269 et
1115 1228 1145 1268 a
1172 1226 1405 1282 quorum
1440 1209 1800 1280 permixtione
1827 1206 2147 1263 liberabitur

561 1312 618 1369 in
646 1311 752 1366 ﬁne
770 1306 951 1365 saeculi
971 1345 986 1371 ,
1011 1303 1118 1359 illis
1152 1302 1426 1360 damnatis
1460 1300 1720 1371 supplicio
1735 1299 1896 1370 ignis
1929 1298 2121 1354 aeterni

634 1404 797 1461 Vsus.
822 1400 1103 1458 l7-l9.—
1133 1416 1153 1449 ι
1188 1398 1245 1453 Ιιι
1270 1406 1471 1452 monte.
1504 1416 1523 1449 ι
1554 1391 1806 1466 (Suum)
1844 1392 2142 1447 Moraliter.

566 1493 721 1551 Mons
750 1490 1092 1548 altitudinem
1122 1489 1385 1545 virtutum
1414 1486 1711 1558 signiﬁcat,
1747 1485 1815 1540 ad
1852 1500 2017 1555 quam
2053 1499 2148 1538 an-

565 1587 716 1659 gelus
750 1586 1021 1648 hortatur,
1066 1582 1365 1639 secundum
1400 1580 1530 1635 illud
1559 1578 1723 1635 Marci
1768 1594 1880 1635 nx.
1914 1598 1932 1629 ι
1973 1576 2031 1633 Si
2069 1576 2151 1633 vis

565 1674 839 1748 perfectus
858 1688 1003 1737 esse,
1020 1673 1163 1729 vade
1178 1681 1237 1728 et
1252 1671 1428 1728 vende
1450 1671 1634 1726 omnia
1651 1686 1772 1740 qua:
1792 1670 1981 1735 habes,
2002 1689 2021 1720 ι
2040 1675 2147 1723 etc.

2240 563 2449 621 vissimi
2480 564 2728 634 supplicii
2756 563 3004 634 exemplo
3030 560 3272 618 damnati
3300 568 3446 616 sunt.

2312 659 2476 716 Vsus.
2506 659 2598 715 25.
2622 686 2690 699 -
2717 676 2738 711 ι
2776 658 3069 715 Universos
3089 656 3440 711 habitatores.
3481 674 3501 708 ι
3532 652 3721 727 (Δια.)
3748 653 3835 709 ln-

2240 753 2422 810 fantes
2446 766 2570 808 cum
2594 751 2907 823 parentibus
2936 751 2990 806 in
3020 748 3273 806 Sodomis
3307 749 3533 805 cremati
3570 754 3736 813 sunt,
3767 762 3835 802 ne

2238 856 2426 920 posset
2451 846 2659 902 adverti
2690 844 3070 916 impiissimum
3096 844 3307 899 facinus
3330 840 3764 906 Sodomitarum,
3788 841 3833 896 si

2240 940 2312 996 de
2349 938 2561 1010 origine
2597 953 2786 993 eorum
2828 935 3044 1006 aliquod
3084 943 3393 990 remaneret
3418 935 3735 1006 vestigium.
3768 932 3837 987 Et

2242 1031 2520 1102 provisum
2539 1038 2624 1086 est
2645 1030 2769 1095 illis,
2785 1044 2854 1084 ne
2879 1028 2971 1084 diu
2988 1028 3235 1083 viventes
3257 1035 3623 1097 sequerentur
3640 1040 3833 1081 exent-

2242 1122 2334 1193 pla
2358 1130 2574 1193 patrum
2604 1129 2660 1176 et
2698 1120 2916 1193 gravius
2942 1119 3286 1190 punirentur.
3319 1116 3582 1172 Parentes
3616 1130 3836 1188 quoque

2246 1220 2359 1268 tam
2382 1228 2482 1284 pro
2506 1226 2565 1267 se
2593 1226 2757 1282 quam
2782 1225 2882 1282 pro
2909 1210 2990 1266 eis
3029 1209 3107 1265 rei
3146 1219 3294 1264 sunt.
3326 1207 3473 1263 Mors
3511 1208 3662 1263 enim
3696 1206 3840 1262 lilio-

2248 1319 2367 1363 rum
2398 1305 2607 1360 crimen
2629 1311 2715 1358 est
2747 1310 3055 1373 parentum.
3096 1301 3221 1356 Ideo
3256 1299 3421 1355 futuri
3450 1308 3577 1355 sunt
3610 1313 3841 1355 accusa-

2246 1406 2396 1452 tores
2420 1410 2628 1451 earum.
2648 1394 2745 1449 Est
2771 1394 2935 1448 etiam
2958 1386 3333 1463 qualecunque
3354 1389 3702 1455 beneﬁcium,
3724 1404 3838 1444 non

2248 1504 2403 1545 reum
2433 1503 2575 1553 esse,
2606 1488 2697 1556 qui
2728 1486 2994 1557 gloriosus
3023 1500 3131 1540 non
3156 1491 3272 1549 est;
3294 1484 3519 1554 prodest
3534 1482 3683 1538 enim
3703 1497 3842 1553 pau-

2251 1595 2435 1651 perem
2463 1594 2568 1633 non
2596 1593 2738 1643 esse,
2770 1577 2865 1649 qui
2889 1590 3134 1633 rex.esse
3160 1588 3267 1631 non
3296 1580 3493 1646 potest.

2324 1670 2489 1725 Vsus.
2512 1669 2797 1725 96-28.—
2814 1686 2834 1721 ι
2864 1668 3289 1739 Respiciensque
3302 1680 3440 1722 uxor
3453 1665 3590 1735 ejus.
3620 1684 3639 1717 ι
3661 1665 3842 1738 (Ιδω.)

568 1765 670 1835 Qui
703 1779 833 1821 vero
856 1762 1058 1820 viderit
1092 1776 1153 1819 se
1182 1778 1292 1819 non
1326 1776 1487 1833 posse
1526 1759 1922 1823 conscendere,
1958 1757 2152 1814 melius
2256 1762 2687 1835 Hygice.Uxor,
2708 1776 2899 1817 eorum
2922 1772 3091 1833 genus
3128 1759 3326 1830 ﬁgurat
3348 1759 3442 1829 qui
3465 1758 3640 1830 gratia
3660 1758 3845 1814 vocati

567 1863 654 1912 est
682 1854 816 1909 utin
839 1853 1029 1924 Segor,
1063 1852 1118 1907 id
1142 1851 1301 1908 estin
1333 1849 1557 1921 parvula
1598 1857 1898 1915 remaneat,
1926 1856 2151 1904 contem-
2177 1836 2226 1899 Β
2252 1867 2403 1914 τοινο
2465 1857 2766 1927 aspiciunt,
2808 1864 2866 1911 ει
2903 1855 2972 1909 ad
3014 1868 3080 1909 ea
3118 1868 3241 1924 qum
3290 1852 3623 1923 reliqueram
3664 1852 3848 1908 redire

569 1954 658 2003 tus
685 1945 863 2003 laicali
890 1952 949 2001 et
976 1943 1255 2000 communi
1289 1942 1430 2009 vita,
1462 1956 1629 2012 quam
1666 1948 1902 1996 montem
1932 1939 2151 1995 virtutis

569 2037 796 2108 arripiat
810 2044 866 2092 et
890 2036 959 2091 ad
985 2034 1266 2091 saecularia
1289 2033 1494 2090 redeat.
1512 2031 1811 2104 Virginitas
1835 2031 1976 2087 altus
1998 2047 2152 2086 mons

570 2136 656 2186 est
679 2129 749 2184 ad
776 2142 943 2199 quam
984 2126 1208 2199 angelus
1246 2126 1498 2182 hortatur
1526 2142 1540 2179 :
1570 2125 1616 2180 si
1640 2124 1762 2194 quis
1786 2123 1932 2179 videt
1961 2138 2020 2178 se
2046 2138 2153 2179 non

572 2234 733 2293 posse
754 2217 1153 2284 conscendere,
1182 2226 1398 2275 maneat
1426 2217 1482 2273 in
1510 2218 1700 2289 Segor,
1726 2216 1781 2272 id
1813 2224 1898 2271 est
1936 2217 1990 2271 in
2016 2216 2152 2286 legi-

572 2314 706 2371 timo
749 2299 1031 2383 coniugio,
1067 2311 1196 2383 quia
1232 2312 1428 2368 melius
1457 2319 1543 2366 est
1580 2309 1837 2367 mediocri
1866 2310 2009 2366 bono
2038 2313 2114 2363 uti
2135 2349 2151 2374 ,

572 2418 738 2476 quam
763 2417 862 2475 per
885 2401 1113 2474 abrupta
1138 2401 1383 2457 libidinis
1415 2398 1764 2472 praecipitari.
1810 2398 2004 2459 Undel
2027 2396 2152 2455 Cor.

573 2511 651 2551 vn
689 2513 703 2550 :
736 2513 757 2547 ι
790 2493 1023 2565 Propter
1069 2492 1480 2551 fornicationem
1521 2491 1891 2561 unusquisque
1932 2503 2158 2545 uxorem

574 2588 794 2645 habeat.
828 2606 849 2640 ι
882 2604 901 2638 ι
932 2585 1045 2642 Nec
1076 2600 1293 2657 possum
1328 2584 1382 2639 in
1406 2593 1633 2639 monte:
1665 2604 1683 2635 ι
1711 2582 1917 2639 scilicet
1950 2591 2160 2653 pertur-

574 2679 737 2736 batus
760 2693 867 2735 non
898 2679 1154 2734 credebat
1175 2677 1423 2741 Domino,
1464 2692 1626 2747 quem
1655 2677 1709 2731 in
1754 2675 1957 2747 angelis
1998 2691 2139 2749 agno

534 2832 563 2855 ο
577 2770 783 2837 scebat,
812 2769 956 2827 sicut
974 2769 1321 2840 perturbatus
1350 2768 1490 2824 ﬁlias
1510 2766 1890 2838 prostituebat.

651 2857 815 2917 Vsus.
841 2861 1021 2917 20.-—
1046 2879 1065 2913 ι
1101 2860 1197 2917 Est
1223 2859 1436 2925 civitas,
1469 2878 1488 2912 ι
1522 2867 1627 2914 etc.
1661 2856 2158 2930 (lsm.)Allegorice.

580 2949 814 3009 Sodoma
842 2949 1229 3021 interpretatur
1258 2948 1486 3018 omitas,
1518 2957 1575 3004 et
1604 2946 1863 3018 exprimit
1887 2947 2162 3005 mundana

579 3041 848 3100 desideria
894 3059 906 3095 :
948 3040 1174 3099 altitudo
1219 3040 1512 3103 montium,
1560 3039 1856 3111 speculatio
1890 3038 2164 3110 perfecto-

2248 1949 2618 2013 eontendunt;
2650 1946 2720 2002 de
2753 1945 2952 2016 quibus
2979 1944 3179 2000 dicitur
3210 1943 3343 1999 Luc.
3366 1958 3424 1999 ιιι
3449 1960 3463 1996 :
3494 1960 3515 1993 ι
3547 1940 3720 1998 Nemo
3746 1956 3847 2012 po-

2250 2056 2387 2097 tiens
2408 2055 2631 2096 manum
2661 2040 2716 2094 in
2743 2047 2945 2101 aratro,
2975 2045 3033 2093 et
3062 2036 3359 2107 respiciens
3380 2044 3551 2101 retro,
3572 2043 3735 2106 aptus
3758 2044 3851 2089 est

2253 2148 2423 2205 regno
2450 2132 2569 2187 Dei.
2602 2150 2620 2183 ι
2645 2129 2774 2186 ideo
2799 2128 3119 2200 prohibetur
3156 2126 3265 2183 illis
3295 2132 3446 2183 retro
3483 2124 3751 2195 aspicere.
3786 2121 3849 2177 In

2254 2242 2364 2298 quo
2392 2223 2701 2281 ostenditur
2728 2237 2837 2278 non
2862 2235 2985 2277 esse
3020 2220 3353 2275 redeundum
3388 2217 3455 2273 ad
3484 2226 3725 2274 veterem
3765 2216 3849 2271 vi-

2254 2330 2388 2383 tam,
2412 2318 2498 2374 his
2520 2316 2612 2387 qui
2641 2330 2739 2385 per
2758 2313 2989 2386 gratiam
3018 2319 3147 2367 sunt
3174 2311 3500 2382 regenerati,
3525 2309 3571 2366 si
3594 2308 3851 2364 ultimum

2257 2413 2488 2482 cupiunt
2513 2410 2749 2466 evadere
2788 2407 3136 2473 incendium;
3176 2422 3317 2463 uxor
3363 2404 3752 2477 retrospiciens
3792 2404 3853 2458 in

2257 2502 2428 2559 salem
2456 2514 2614 2557 versa
2641 2508 2746 2566 est,
2768 2495 3076 2569 exemplum
3112 2494 3254 2552 facta
3282 2494 3518 2561 scilicet,
3556 2501 3613 2550 et
3653 2491 3852 2550 condi-

2256 2601 2501 2650 mentum
2558 2590 2702 2645 unde
2762 2588 2853 2645 alii
2911 2589 3195 2644 saliantur.
3260 2586 3414 2643 Unde
3468 2584 3719 2642 Christus
3774 2585 3857 2639 ait

2257 2686 2391 2742 Luc.
2423 2699 2537 2739 xvu
2567 2701 2581 2737 :
2620 2703 2639 2735 ι
2673 2681 2996 2738 Mementote
3017 2681 3204 2736 uxoris
3224 2680 3347 2745 Lot,
3378 2698 3397 2732 ι
3424 2686 3485 2734 ut
3508 2692 3608 2734 nos
3639 2677 3856 2734 scilicet

2261 2784 2521 2849 tanquam
2551 2775 2665 2831 sale
2694 2772 2958 2837 condiret,
2987 2784 3057 2828 ne
3085 2771 3419 2844 negligentes
3449 2784 3697 2826 essemus
3715 2809 3731 2834 ,
3754 2768 3853 2824 sed

2260 2873 2559 2946 prudenter
2583 2880 2922 2925 caveremus.

2336 2964 2499 3019 Vsus.
2528 2962 2621 3017 29.
2647 2991 2719 3001 —
2741 2977 2761 3011 ς
2797 2958 2931 3014 Cum
2974 2959 3121 3013 enim
3167 2956 3532 3017 subverteret,
3566 2970 3589 3005 ι
3616 2961 3725 3008 etc.
3768 2950 3859 3007 ln-

2265 3052 2383 3108 nnit
2428 3049 2710 3121 Scriptura
2760 3048 2932 3120 magis
2978 3045 3189 3102 meritis
3236 3044 3465 3102 Abrahae
3514 3044 3684 3099 Deum
3722 3042 3858 3098 libe-

579 3150 723 3191 rum.
754 3133 861 3189 Sed
882 3135 1007 3204 quia
1032 3133 1185 3189 multi
1208 3134 1394 3190 mundi
1420 3134 1705 3191 illecebras
1728 3132 1960 3206 fugiunt,
1980 3142 2165 3190 tamen
2195 3194 2237 3212 η
2272 3158 2420 3199 rasse
2447 3142 2570 3209 Lot,
2605 3148 2664 3196 ut
2692 3140 3061 3212 intelligamus
3080 3139 3286 3210 justum
3314 3152 3436 3193 esse
3466 3136 3706 3201 dictum,
3728 3151 3860 3205 quo—

581 3224 637 3280 in
673 3224 889 3282 actione
916 3225 1078 3298 positi
1113 3226 1586 3296 contemplationis
1612 3227 1822 3297 apicem
1856 3227 2038 3283 subire
2072 3242 2166 3283 ne-
2192 3194 2239 3259 ϐ
2271 3194 2601 3299 ἀεωωσιῑέ,
2649 3194 2899 3286 maxim;
2927 3231 3053 3301 quia
3080 3194 3308 3285 'colebat
3348 3244 3513 3284 unum
3553 3194 3860 3298 verumque

580 3324 831 3389 queunt,
880 3317 1050 3373 exivit
1094 3316 1196 3373 Lot
1245 3333 1277 3371 a
1332 3316 1612 3385 Sodomis,
1660 3318 1755 3373 sed
1812 3318 1879 3373 ad
1914 3328 2170 3373 montana

582 3420 692 3462 non
748 3408 1014 3479 pervenit.
1074 3406 1224 3464 Unde
1271 3405 1375 3463 Lot
1419 3409 1495 3463 ait
1538 3425 1551 3462 :
1604 3428 1623 3461 ι
1678 3409 1772 3464 Est
1819 3409 2010 3465 civitas
2055 3410 2171 3465 haec

575 3497 753 3571 juxta,
784 3518 807 3552 ο
833 3508 941 3555 etc.
975 3516 997 3551 ι
1027 3497 1192 3555 Juxta
1225 3518 1248 3552 ι
1280 3500 1500 3568 dicitur,
1526 3509 1584 3557 et
1619 3509 1797 3556 tamen
1835 3502 1903 3557 ad
1938 3501 2171 3557 salutem

583 3599 721 3658 tuta,
750 3586 876 3663 qdia
903 3590 1083 3647 activa
1105 3591 1217 3646 vita
1240 3606 1344 3648 nec
1367 3607 1397 3647 a
1427 3593 1614 3649 mundi
1646 3592 1793 3649 curis
1825 3608 1892 3647 ex
1916 3600 2031 3648 toto
2060 3593 2172 3649 dis-

582 3691 756 3748 creta,
787 3696 888 3738 nec
920 3698 952 3736 a
992 3682 1194 3754 gaudio
1214 3692 1438 3740 teternae
1464 3684 1657 3741 salutis
1682 3697 1768 3741 est
1797 3686 1992 3743 aliena.

663 3788 682 3823 ι
718 3770 801 3827 Ad
823 3785 987 3841 quam
1007 3786 1252 3842 possum,
1290 3792 1309 3824 ›
1340 3784 1449 3829 etc.
1475 3776 1576 3840 Qui
1606 3777 1673 3831 ad
1698 3777 2172 3848 contemplativam

588 3861 883 3917 ascendere
896 3877 1004 3917 non
1019 3861 1310 3930 sulliciunt,
1327 3865 1395 3920 ad
1411 3868 1645 3922 activam
1658 3869 1822 3923 vitam
1835 3869 2170 3941 confugiunt,

594 3952 652 4009 iu
675 3968 780 4024 qua
803 3953 1107 4010 salvantur.

665 4061 889 4135 (Gesta,
910 4060 1063 4120 Part.
1092 4080 1178 4134 ιιι,
1199 4064 1316 4139 28.)
1338 4065 1534 4123 Horat.
1564 4069 1859 4127 Ardentem
1881 4069 2173 4129 Sodomam

591 4152 800 4227 fugere,
825 4166 961 4223 ete.,
990 4172 1127 4228 atque
1144 4157 1216 4212 ad
1241 4158 1384 4214 unde
1414 4159 1482 4214 ad
1511 4158 1614 4215 Lot
1642 4161 1840 4217 dicitur
1865 4177 1879 4216 :

664 4265 829 4323 Vsus.
859 4266 1045 4323 2i-25.
1072 4297 1145 4309 —-
1168 4287 1188 4321 ι
1220 4268 1361 4325 Ecce
1387 4270 1550 4325 etiam
1579 4272 1633 4326 in
1664 4271 1768 4328 hoc
1807 4275 2018 4346 suscepi
2049 4290 2174 4346 pre-

592 4374 689 4416 ces
720 4368 863 4428 tuas,
894 4378 916 4414 ι
943 4360 1070 4432 quia
1097 4376 1222 4417 cum
1251 4360 1361 4418 Dec
1394 4364 1572 4418 oratio
1600 4362 1861 4433 funditur,
1899 4365 2024 4422 talis
2060 4367 2173 4424 vita

594 4451 834 4525 coniugii
886 4470 994 4510 non
1041 4453 1360 4523 damnatur;
1404 4454 1548 4511 unde
1574 4453 1597 4510 l
1627 4453 1751 4511 Cor.
1798 4471 1913 4512 vu:
1946 4475 1965 4509 ι
1998 4457 2173 4516 Nolite

595 4547 848 4605 fraudare
873 4547 1124 4616 invicem,
1162 4569 1184 4603 ι
1220 4559 1324 4606 etc.

665 4662 831 4720 Vsus.
855 4662 949 4718 24.
974 4692 1047 4703 -
1078 4682 1097 4714 ι
1133 4662 1304 4734 Igitur
1330 4663 1594 4723 Dominus
1631 4664 1769 4737 pluit
1804 4681 1969 4738 super
2006 4665 2178 4723 Sodo-

602 4772 621 4806 ι
650 4768 833 4821 mam,
861 4772 881 4805 ι
910 4762 1020 4809 etc.
1054 4750 1274 4827 (Cum)
1304 4754 1567 4827 Sulphur,
1603 4757 1744 4814 fetor
1767 4759 1970 4823 carnis,
2002 4759 2175 4830 ignis,

598 4845 766 4900 ardor
792 4845 1031 4901 carnalis
1065 4844 1355 4913 desiderii;
1385 4862 1509 4905 cum
1539 4851 1798 4907 Dominus
1841 4851 2021 4907 carnis
2061 4867 2180 4909 sce-

597 4934 712 4993 lera
739 4936 937 5009 punire
978 4934 1345 5005 decrevisset,
1391 4941 1655 5011 qualitate
1695 4942 1917 4999 ultionis
1948 4944 2182 5000 innotuit

600 5028 814 5085 macula
859 5029 1131 5087 criminis.
1167 5030 1409 5103 Sulphur
1436 5036 1580 5090 enim
1620 5035 1784 5102 fetet,
1814 5036 1955 5108 ignis
1990 5036 2175 5104 ardet;

600 5123 694 5197 qui
713 5138 844 5197 ergo
869 5124 940 5181 ad
973 5141 1233 5198 perversa
1275 5128 1543 5186 desideria
1590 5130 1771 5185 carnis
1810 5129 1983 5187 fetore
2029 5146 2180 5187 arse-

602 5223 758 5282 rant,
779 5212 903 5285 jure
928 5208 1187 5289 sulphure
1215 5230 1271 5278 et
1311 5222 1435 5294 igne
1464 5222 1777 5293 perierunt,
1824 5232 1885 5278 ut
1925 5238 1993 5279 ex
2029 5223 2179 5294 justa

601 5324 763 5384 poena
790 5310 1059 5370 discerent
1077 5300 1225 5385 quod
1251 5315 1453 5386 injuste
1479 5314 1749 5372 desiderio
1779 5314 2060 5372 fecissent.

676 5424 928 5498 (Suum)
958 5424 1265 5484 Notandum
1303 5428 1429 5499 quia
1470 5427 1673 5498 primos
1703 5437 2015 5498 peccatores
2043 5444 2185 5499 aqua

605 5520 789 5577 diluvii
815 5521 1222 5587 exterminavit,
1253 5521 1346 5591 qui
1377 5521 1630 5576 similiter
1648 5520 1987 5578 oﬁenderant
2016 5524 2184 5580 Deum

606 5614 1041 5685 concupiscentia
1077 5615 1277 5670 carnis.
1310 5612 1603 5669 Sodomitas
1642 5628 1773 5669 vero
1805 5617 2037 5686 graviori
2061 5632 2189 5689 sup-

606 5705 787 5776 plicio,
822 5707 961 5776 ignis
1001 5705 1211 5762 scilicet
1238 5714 1294 5760 et
1320 5706 1596 5775 sulphuris
1616 5707 1838 5773 diluvio,
1884 5710 2183 5778 perierunt.

606 5793 757 5860 Licet
781 5796 925 5852 enim
954 5796 1031 5853 illi
1060 5812 1371 5853 mensuram
1392 5798 1746 5865 excederent,
1776 5802 1928 5869 quasi
1964 5810 2187 5858 natura-

2271 3323 2463 3389 Deum,
2488 3331 2543 3378 et
2566 3321 2973 3391 comparatione
2999 3319 3390 3383 Sodomorum,
3423 3318 3568 3375 inter
3603 3334 3742 3389 quos
3777 3317 3860 3373 vi-

2268 3428 2403 3469 vens
2426 3412 2495 3468 ad
2525 3411 2703 3468 simile
2730 3409 2908 3466 scelus
2936 3408 3079 3465 ﬁ'ecti
3109 3424 3214 3465 non
3247 3409 3442 3481 potuit.
3471 3428 3492 3460 ‹
3518 3408 3860 3465 Recordatus

2270 3513 2358 3561 est
2385 3502 2634 3559 Abrahae.
2670 3521 2690 3555 ι
2724 3500 2883 3557 Patet
2902 3501 3111 3557 meritis
3145 3500 3377 3555 Abrahae
3394 3498 3500 3556 Lot
3519 3498 3687 3556 fuisse
3716 3499 3857 3556 libe-

2272 3603 2473 3659 ratum,
2493 3608 2654 3663 quem
2676 3591 2959 3663 Scriptura
2980 3591 3215 3664 appellat
3232 3589 3464 3661 justum.
3486 3590 3555 3646 Et
3570 3591 3859 3646 sciendum

2271 3684 2399 3755 quia
2422 3677 2603 3753 justus
2626 3692 2763 3750 erat,
2788 3698 2895 3739 non
2927 3683 3072 3739 sicut
3098 3681 3377 3738 Abraham
3395 3721 3412 3749 ,
3440 3680 3538 3738 sed
3569 3692 3861 3751 compara-

2274 3777 2422 3833 tione
2447 3775 2869 3832 Sodomitarum.

2346 3868 2514 3923 Vsus.
2544 3866 2634 3921 30.
2655 3897 2725 3907 —
2753 3885 2772 3918 ι
2804 3865 3205 3936 Ascenditque,
3236 3884 3257 3919 ι
3285 3872 3396 3921 etc.
3440 3864 3534 3921 Sic
3581 3862 3860 3937 coniugati

2277 3961 2344 4018 de
2359 3959 2665 4017 humilitate
2692 3959 2880 4015 activae
2904 3959 3030 4015 vitae
3056 3958 3346 4030 aliquando
3363 3959 3662 4016 ascendunt
3684 3958 3754 4014 ad
3780 3958 3861 4013 al-

2275 4052 2560 4111 titudinem
2587 4050 3041 4121 contemplativa.

2351 4162 2371 4195 ‹
2404 4143 2771 4214 Ascenditque
2801 4142 2903 4199 Lot
2945 4143 3014 4199 de
3056 4140 3249 4215 Segor,
3287 4161 3308 4195 ι
3339 4152 3445 4200 etc.
3486 4142 3669 4217 (Ηιειι.
3700 4145 3760 4198 in
3785 4141 3857 4210 ρ.

2275 4233 2466 4302 Hebr.,
2490 4243 2623 4289 tom.
2651 4232 2763 4306 Ill.)
2793 4233 3065 4302 Quaaritur
3093 4248 3193 4289 cur
3220 4248 3346 4289 cum
3380 4233 3615 4305 primum
3655 4234 3862 4289 montis

2274 4327 2416 4400 fugae
2446 4326 2619 4398 Segor
2638 4326 2956 4398 prtetulerit,
2978 4334 3111 4394 etc.,
3139 4342 3303 4399 usque
3330 4327 3402 4382 ad
3436 4326 3713 4399 ambigere
3749 4342 3861 4384 non

2275 4419 2480 4476 debuit.

2194 4545 2252 4611 Β
2290 4604 2315 4611 Δ
2347 4511 2511 4569 Vsus.
2543 4512 2634 4568 51.
2658 4543 2727 4554 -σ
2760 4531 2781 4565 ι
2815 4512 3069 4585 Dixitque
3090 4513 3261 4582 major
3283 4513 3352 4569 ad
3374 4513 3662 4580 minorem,
3695 4532 3715 4567 ι
3748 4522 3858 4571 etc.

2279 4604 2434 4674 Quod
2474 4620 2575 4677 pro
2608 4605 2959 4662 excusatione
2995 4606 3196 4662 dicitur
3230 4606 3496 4672 ﬁliarum,
3521 4604 3647 4677 quia
3687 4618 3862 4676 genus

2280 4696 2581 4752 humanum
2607 4695 2873 4752 defecisse
2900 4705 3255 4768 putaverunt,
3292 4697 3522 4769 ideoque
3550 4712 3675 4753 cum
3702 4706 3862 4769 patre

2281 4791 2678 4846 accubuerunt.
2722 4788 2839 4844 Non
2885 4797 3070 4844 autem
3104 4799 3328 4844 excusat
3368 4796 3578 4861 patrem
3610 4788 3754 4858 quod
3780 4803 3866 4845 se-

2279 4881 2488 4951 quitur,
2519 4898 2538 4931 ‹
2570 4887 2626 4935 et
2647 4879 2874 4935 nescivit
2899 4879 3045 4950 quod
3072 4879 3399 4935 dormissent
3425 4894 3550 4936 cum
3579 4894 3681 4945 eo;
3713 4898 3732 4931 ι
3765 4894 3863 4951 ap-

2281 4981 2530 5045 pungunt
2556 4973 2702 5028 enim
2738 4971 2971 5042 desuper
3009 4972 3220 5029 Hebraei
3256 4973 3443 5040 obelo,
3475 4974 3630 5045 quasi
3665 4989 3865 5044 super-

2277 5061 2469 5129 ﬂuum,
2496 5062 2652 5132 quasi
2682 5061 2997 5118 incredibile
3019 5063 3107 5129 sit,
3130 5063 3256 5133 quia
3312 5077 3491 5119 rerum
3529 5072 3724 5119 natura
3751 5080 3866 5121 non

2266 5155 2464 5230 capiat
2486 5154 2633 5210 coire
2652 5153 2959 5223 quempiam
2988 5153 3340 5209 nescientem.

2354 5246 2607 5319 (Suum)
2638 5245 2740 5301 Lot
2766 5243 3148 5301 inexcusabilis
3169 5252 3277 5311 est,
3308 5247 3487 5317 primo
3511 5245 3639 5317 quia
3669 5244 3864 5317 angelo

2284 5355 2393 5396 non
2414 5338 2672 5402 credidit;
2701 5335 2898 5393 deinde
2926 5338 3051 5408 quia
3073 5336 3375 5393 inebriatus
3396 5344 3511 5405 est,
3533 5346 3589 5393 et
3612 5336 3716 5394 fuit
3738 5353 3865 5410 pec-

2287 5444 2466 5493 catum
2487 5449 2654 5491 causa
2684 5434 2912 5505 peccati.

2361 5527 2638 5601 (HIEBON.)
2673 5525 2764 5582 Sic
2791 5540 2959 5597 prava
2992 5526 3266 5597 suggestio
3293 5533 3348 5581 et
3367 5524 3673 5592 delectatio,
3697 5532 3757 5579 ut
3782 5524 3868 5580 in-

2289 5627 2453 5673 cestu:
2479 5617 2750 5681 mulieres,
2773 5616 3100 5671 insidiantur
3116 5614 3537 5681 continentibus,
3562 5624 3621 5669 ut
3643 5622 3868 5685 accepta

2291 5710 2607 5773 occasione,
2660 5714 2936 5776 torpentes
2969 5705 3097 5759 vino
3142 5703 3368 5759 fallacia:
3414 5705 3691 5769 imbuant,
3737 5711 3794 5759 et
3837 5714 3870 5758 a

2292 5811 2436 5859 statu
2468 5797 2808 5856 rectitudinis
2836 5798 2991 5866 quasi
3030 5796 3341 5866 ignorantes
3376 5795 3648 5866 dejiciant.
