4074 6334
489 323 587 384 155

975 313 1375 372 WALAFRIDI
1415 310 1663 368 S’I‘HABI
1701 307 1904 365 FULD.
1947 302 2111 360 MON.
2153 301 2303 357 Ol’P.
2347 301 2530 357 PARS
2565 300 2605 355 I.
2645 329 2715 340 --—
2756 293 3213 352 THEOLOCICA.

3647 294 3751 352 156

554 439 718 494 Vens.
751 432 806 489 4.
847 461 918 474 -
953 450 971 481 ι
1010 429 1362 486 Circumcidit
1407 446 1426 478 ι
1481 435 1587 480 etc.
1653 420 1902 494 (Suum)
1947 419 2069 474 Cir-
2096 426 2142 480 Α
2172 417 2294 486 quia
2325 417 2543 487 quidam
2588 417 2655 470 de
2681 414 2877 485 pOpulo
2904 413 3003 468 sub
3032 412 3221 466 umbra
3247 409 3376 482 ligni
3399 411 3581 466 crucis
3609 411 3758 466 refu-

483 527 746 586 cumcisio
797 540 918 580 cum
954 523 1024 577 ob
1052 519 1251 576 multas
1276 533 1468 573 causas
1506 523 1770 587 praecepta
1801 513 1892 577 sit,
1943 525 2067 580 spe-

483 621 694 679 cialiter
729 619 955 690 ﬁguram
984 612 1186 669 Christi
1220 608 1526 680 przetendil,
1574 606 1664 676 qui
1713 619 1809 658 nos
1853 618 1949 673 per
1974 601 2070 654 ba-

485 715 743 786 ptismum
771 707 941 764 veteri
973 705 1190 761 homine
1219 703 1388 767 exuit,
1435 710 1491 755 et
1521 699 1576 754 in
1609 698 1790 752 futuro
1832 703 1954 766 post
1982 709 2068 747 re.-

487 807 880 865 surrectionem
931 798 1284 856 circumcidet
1339 809 1557 850 omnem
1605 789 1993 846 mortalitatem
2018 794 2075 841 et

489 896 914 968 corruptionem.
959 891 1112 960 Quod
1151 897 1330 944 autem
1361 894 1555 942 octavo
1579 883 1667 938 die
1716 878 2074 936 circumcisus

489 998 574 1046 est
618 988 794 1052 Isaac,
837 984 1155 1054 designatur
1197 989 1389 1036 octava
1424 977 1605 1033 smculi
1649 984 1802 1038 mtas,
1859 971 2076 1044 quando

491 1075 817 1149 generaliter
861 1070 1189 1128 resurrectio
1215 1077 1523 1124 sanctorum
1553 1063 1934 1121 celebrabitur.

563 1167 728 1223 Vens.
759 1167 814 1222 8.
841 1194 913 1206 -
947 1183 965 1215 ι
1012 1162 1196 1218 Crevit
1233 1161 1394 1232 igitur
1437 1172 1590 1230 puer,
1634 1175 1652 1208 ι
1696 1164 1802 1210 etc.
1849 1151 2076 1216 Crescit,

491 1261 585 1333 qui
638 1258 991 1316 ascensiones
1033 1254 1087 1309 in
1125 1253 1287 1308 corde
1343 1251 1655 1320 disponens,
1729 1245 1797 1300 ad
1847 1243 2082 1300 solidum

497 1353 763 1410 doctrinae
792 1349 974 1407 cibum
1014 1344 1279 1418 pervenit.
1341 1341 1494 1398 Unde
1516 1353 1722 1404 cresce,
1775 1344 1831 1392 et
1853 1333 2083 1390 mandu-

491 1444 641 1500 cabis
694 1457 802 1498 me.

568 1571 588 1606 ι
633 1552 833 1618 Crevit,
875 1570 894 1604 ι
929 1557 1033 1606 etc.
1067 1545 1250 1621 (Auc.)
1278 1544 1388 1601 Nec
1411 1545 1465 1599 in
1496 1542 1584 1598 die
1611 1538 1939 1602 nativitatis,
1975 1552 2081 1593 nec

493 1647 549 1702 in
578 1646 664 1701 die
693 1640 1126 1700 circnmcisionis
1161 1637 1258 1693 filii
1289 1637 1392 1700 sui,
1449 1633 1544 1690 sed
1573 1634 1626 1688 in
1650 1633 1737 1688 die
1773 1629 2087 1685 ablactatio-

491 1739 578 1794 nis
600 1737 907 1794 convivium
931 1734 1102 1790 fecit:
1153 1732 1280 1804 quia
1314 1731 1474 1786 debet
1501 1743 1756 1799 magnum
1802 1740 1924 1781 esse
1959 1738 2086 1793 gau-

2172 509 2321 580 gium
2350 507 2568 578 petituri
2605 515 2750 562 sunt.

2249 621 2264 650 ι
2297 599 2537 671 Sumpsit
2557 613 2749 669 panem
2771 606 2826 653 et
2851 604 3022 651 utrem
3041 611 3212 667 aqnze.
3240 614 3256 644 ι
3280 594 3436 666 (Anc.
3460 595 3526 662 Ω.
3553 595 3604 649 in
3623 595 3759 654 Ceu.

2172 702 2304 747 tom.
2351 691 2462 765 Ill.)
2503 691 2776 760 Qumritur
2814 689 3082 762 quomodo
3130 689 3384 759 imposuit
3423 689 3475 744 in
3517 689 3765 748 humeris

2172 797 2400 855 puerum
2443 792 2550 838 tam
2597 780 2908 854 grandem?
2957 779 3090 834 Nam
3133 779 3223 849 qui
3257 778 3433 833 fuerat
3468 788 3761 850 antequam

2175 882 2320 930 esset
2355 883 2513 928 natus
2557 873 2727 938 Isaac,
2782 871 3042 926 tredecim
3075 886 3338 926 annorum
3382 869 3761 937 circumcisus,

2177 983 2298 1023 cum
2336 975 2482 1023 esset
2511 967 2787 1022 Abraham
2816 966 3107 1037 nonaginta
3147 980 3338 1020 novem
3359 1005 3373 1029 ,
3421 972 3476 1020 et
3505 975 3667 1022 natus
3693 967 3772 1023 sit

2175 1058 2326 1114 Isaac
2365 1059 2677 1114 centenario
2713 1067 2903 1128 patre;
2938 1057 3156 1112 ludebat
3184 1065 3362 1112 autem
3412 1055 3608 1112 lsmael
3639 1073 3771 1114 cum

2176 1150 2326 1204 Isaac
2360 1149 2576 1219 quando
2615 1147 2750 1204 Sara
2777 1158 3045 1206 commota
3078 1156 3182 1213 est,
3226 1149 3412 1220 utique
3449 1153 3572 1204 cum
3596 1165 3772 1221 puero

2180 1241 2582 1312 grandiusculo,
2599 1240 2688 1312 qui
2701 1239 2814 1308 jam
2837 1239 3015 1295 fuerat
3033 1238 3361 1304 ablactatus;
3387 1237 3632 1310 profecto
3651 1241 3775 1311 plus

2182 1348 2347 1402 quam
2369 1331 2602 1387 sedecim
2619 1345 2883 1386 annorum
2898 1329 2999 1384 fuit
3019 1328 3236 1400 quando
3247 1345 3370 1385 cum
3387 1339 3563 1385 matre
3580 1331 3777 1401 expul-

2183 1439 2276 1479 sus
2300 1431 2404 1478 est.
2425 1422 2530 1479 Sed
2547 1432 2606 1478 ut
2634 1423 2736 1478 boc
2761 1424 2904 1494 quod
2927 1438 3048 1478 cum
3071 1421 3299 1494 parvulo
3327 1421 3473 1490 lusit,
3499 1439 3598 1494 per
3621 1437 3778 1479 reca-

2183 1513 2554 1586 pitulationem
2599 1514 2803 1570 dictum
2854 1513 3214 1584 accipiamus,
3279 1524 3570 1585 antequam
3620 1515 3778 1572 abla-

2183 1613 2425 1660 ctaretur
2477 1606 2662 1670 Isaac;
2704 1607 2868 1660 etiam
2913 1605 2992 1660 sic
3034 1605 3264 1676 amplius
3297 1621 3460 1677 quam
3510 1607 3776 1663 tredecim

2185 1710 2452 1751 annorum
2490 1711 2624 1766 puer
2662 1695 2903 1751 humeris
2931 1696 3122 1751 matris
3168 1711 3273 1752 non
3299 1699 3475 1768 potuit
3522 1699 3725 1770 imponi
3755 1715 3773 1767 ;

495 1789 1011 1898 diurni—rspiritualis
1059 1789 1257 1889 aetaiis,
1325 1821 1542 1893 quando
1594 1789 1722 1874 talis
1771 1789 2085 1873 factus'est
2109 1791 2159 1852 Β
2187 1793 2280 1848 sed
2310 1790 2736 1898 {ubaudiﬁndum
2764 1798 2868 1898 cf“,
2900 1789 3046 1892 df‘di"
3069 1807 3296 1898 pu‘ffym
3322 1808 3509 1898 “omni:
3529 1801 3636 1898 mf:

497 1923 661 1978 homo
711 1922 802 1991 qui
849 1929 1107 1991 pascatur
1160 1917 1332 1975 solido
1371 1917 1514 1982 cibo,
1565 1915 1646 1970 eis
1675 1913 1854 1968 simile
1888 1911 2086 1982 quibus

497 2013 698 2069 dicitur
744 2011 921 2068 lCor.
977 2027 1083 2066 m:
1140 2030 1158 2061 ‹
1212 2009 1318 2064 Lac
1357 2007 1510 2062 vobis
1551 2014 1734 2078 potum
1778 2003 1924 2067 dedi,
1979 2019 2086 2058 non

497 2122 702 2163 escam.
740 2125 757 2158 ι

579 2217 740 2273 Vens.
765 2217 819 2272 9.
846 2247 918 2257 —
944 2236 962 2268 ι
999 2214 1242 2285 Cumque
1260 2213 1489 2268 vidisset
1513 2210 1667 2266 Sara.
1701 2231 1719 2264 ι
1749 2219 1852 2265 etc.
1881 2208 2088 2281 (HIER.)

500 2308 803 2378 Dupliciter
852 2309 956 2364 hoc
1010 2305 1300 2378 exponitur
1342 2321 1355 2358 :
1403 2302 1489 2357 vel
1548 2301 1694 2372 quod
1731 2300 1888 2356 idolis
1937 2298 2092 2355 ludos

502 2398 714 2466 fecerit,
754 2399 911 2469 juxta
955 2398 1086 2454 illud
1122 2397 1293 2453 Exod.
1332 2411 1484 2450 xxm
1521 2411 1534 2448 :
1585 2412 1604 2446 ι
1662 2394 1813 2450 Sedit
1862 2392 2094 2464 populus

503 2499 828 2555 manducare
864 2501 920 2547 et
951 2492 1160 2555 bibere,
1203 2497 1258 2542 et
1282 2498 1637 2543 surrexerunt
1679 2487 1885 2542 ludere.
1931 2507 1950 2538 ι
1997 2484 2094 2541 Vel

505 2591 650 2663 quod
693 2589 980 2644 adversum
1011 2584 1186 2649 Isaac,
1244 2585 1398 2650 quasi
1438 2580 1663 2650 majoris
1717 2580 1895 2635 aetatis
1954 2579 2094 2646 loco,

506 2687 608 2744 sibi
663 2680 1021 2756 primogenita
1065 2677 1460 2741 vindicaverit;
1503 2674 1647 2745 quod
1684 2672 1821 2730 Sara
1873 2673 2098 2729 audiens

515 2795 625 2835 non
676 2776 819 2832 tulit.
1041 2831 1048 2834 _

579 2878 744 2933 Vens.
773 2874 860 2929 10.
891 2903 961 2913 -
993 2891 1010 2923 ι
1046 2870 1196 2942 Ejice
1237 2867 1484 2924 ancillam
1516 2869 1674 2933 hanc,
1714 2887 1734 2920 ι
1771 2875 1880 2922 etc.
1916 2865 2098 2938 (Dem,

509 2987 560 3027 c.
587 2969 650 3024 21
682 2985 696 3034 ;
731 2967 886 3026 lsm.,
914 2980 963 3019 c.
996 2961 1082 3026 17,
1105 2961 1162 3015 in
1185 2959 1341 3030 Gen.)
1375 2958 1646 3026 Quaeritur
1667 2973 1765 3014 cur
1785 2971 1942 3013 antea
1965 2957 2100 3012 Sara

509 3059 683 3116 voluit
703 3059 770 3114 de
797 3053 992 3110 ancilla
1019 3051 1187 3107 ﬁlium
1211 3050 1507 3119 suscipere,
1532 3056 1625 3103 aut
1651 3064 1749 3103 cur
1775 3064 1898 3104 cum
1924 3055 2101 3102 matre

2265 1903 2282 1934 ι
2327 1883 2584 1953 imposuit
2632 1882 2864 1952 scapula:
2902 1880 3038 1951 ejus.
3075 1901 3093 1934 ι
3148 1882 3327 1955 (linea.
3363 1885 3416 1940 in
3467 1884 3534 1954 Q.
3579 1885 3777 1959 Hebr.)

2188 1976 2416 2044 Quando
2467 1975 2620 2030 Isaac
2666 1983 2827 2029 natus
2879 1983 2984 2041 est,
3039 1975 3298 2030 tredecim
3345 1992 3614 2033 annorum
3655 1987 3782 2034 erat

2190 2066 2405 2130 lsmael,
2437 2073 2492 2121 et
2523 2074 2644 2137 post
2665 2065 3085 2142 ablactationem
3113 2065 3232 2136 ejus
3254 2083 3378 2124 cum
3401 2077 3574 2123 matre
3596 2069 3782 2141 expel-

2190 2158 2336 2213 litur.
2390 2158 2543 2228 Apud
2574 2158 2829 2214 Hebraeos
2853 2158 3002 2213 varia
3029 2158 3211 2230 opinio
3228 2168 3334 2224 est,
3381 2159 3504 2220 aliis
3528 2176 3782 2216 asseren-

2193 2249 2338 2304 tibns
2372 2249 2562 2318 quinto
2591 2264 2731 2303 anno
2763 2248 3142 2305 ablactationis
3188 2259 3399 2320 tempus
3446 2252 3563 2322 ejus
3607 2261 3786 2308 statu-

2195 2350 2330 2408 tum,
2367 2342 2486 2398 aliis
2513 2342 2850 2399 duodecimo.
2900 2342 3009 2400 Nos
3039 2344 3222 2417 igitur,
3263 2353 3323 2400 ut
3346 2344 3654 2402 breviorem
3677 2345 3782 2400 eli-

2197 2449 2386 2505 gamus
2427 2443 2666 2502 :etatem,
2707 2445 2829 2506 post
2855 2435 3041 2492 decem
3087 2444 3142 2492 et
3167 2445 3292 2493 octo
3317 2451 3487 2491 annos
3526 2445 3786 2508 supputa-

2197 2541 2318 2582 mus
2366 2526 2650 2582 lsmaelem
2689 2525 2921 2595 ejectum
2957 2543 3077 2583 cum
3114 2537 3308 2596 matre,
3349 2544 3449 2585 nec
3485 2531 3786 2586 convenire

2191 2619 2307 2689 jam
2337 2620 2732 2676 adolescentem
2765 2621 2955 2678 matris
2989 2622 3195 2679 sedisse
3224 2623 3544 2680 cervicibus.
3584 2621 3786 2681 Verum

2199 2724 2284 2772 est
2308 2724 2487 2771 autem
2511 2715 2638 2770 illud
2665 2713 2904 2770 Hebraeae
2927 2715 3122 2788 linguae
3160 2717 3381 2782 idioma,
3429 2716 3574 2786 quod
3607 2718 3788 2773 omnis

2201 2806 2346 2861 ﬁlius
2367 2806 2437 2861 ad
2465 2805 2922 2876 comparationem
2947 2815 3230 2875 parentum
3257 2805 3438 2862 infans
3464 2816 3689 2863 vocetur
3734 2815 3794 2863 et

2199 2895 2476 2968 parvulus.
2526 2895 2712 2950 Romae
2761 2909 2977 2965 quoque
3019 2910 3190 2966 usque
3243 2895 3404 2952 hodie
3454 2911 3647 2953 omnes
3695 2896 3790 2952 ﬁlii

2202 2986 2437 3044 infantes
2464 2994 2748 3042 vocantur.

2276 3078 2442 3136 Vens.
2468 3078 2744 3134 15-21.-
2769 3100 2786 3132 ι
2822 3077 3037 3148 Abiecit
3077 3095 3324 3152 puerum.
3362 3099 3381 3133 ι
3431 3089 3538 3136 etc.
3582 3079 3792 3154 (Brem)

511 3169 633 3210 eum
661 3165 802 3245 nunc
820 3147 974 3245 jubet
999 3143 1228 3245 expelli?
1255 3141 1409 3210 Quod
1427 3158 1535 3245 non
1559 3142 1687 3245 facit
1707 3141 1824 3198 zelo
1849 3156 2098 3245 accensa,
2130 3157 2178 3222 ο
2209 3171 2361 3240 Quod
2390 3173 2635 3244 sequitur
2664 3193 2676 3226 ε
2716 3191 2734 3225 ε
2778 3173 2846 3228 Et
2871 3141 3099 3244 βλωθρή
3126 3188 3353 3245 puerum
3398 3141 3600 3230 subter‘
3623 3141 3792 3229 una“;

513 3245 608 3302 sed
637 3242 934 3316 prophetia:
971 3238 1230 3311 mysterio
1258 3236 1554 3308 compulsa.
1611 3237 1756 3307 Agar
1800 3235 1967 3300 enim,
2016 3249 2104 3312 se—

515 3338 753 3394 cundum
781 3333 1123 3407 Apostolum,
1181 3332 1234 3386 in
1262 3330 1578 3386 servitutem
1619 3329 1803 3400 genuit
1831 3327 2106 3384 carnalem

513 3430 814 3504 populum;
859 3427 995 3482 Sara
1043 3440 1173 3480 vero
1221 3423 1558 3495 spiritualem
1606 3431 1662 3478 et
1709 3421 1960 3487 liberum,
2002 3437 2107 3491 qua

517 3523 768 3578 libertate
813 3518 1067 3575 Christus
1097 3532 1197 3572 nos
1217 3515 1487 3571 liberavit.
1522 3513 1944 3586 Signiﬁcabatur
1978 3527 2110 3584 ergo

515 3617 621 3673 hoc
667 3614 945 3687 mysterio,
995 3611 1230 3682 priorem
1261 3609 1515 3681 populum
1569 3609 1622 3662 in
1648 3610 1907 3663 servitute
1943 3622 2108 3679 gene-

419 3718 424 3744 ί
520 3717 700 3763 ratum
730 3721 840 3761 non
863 3717 1086 3759 manere
1133 3702 1190 3756 in
1219 3703 1377 3756 domo
1405 3701 1579 3766 Sarae,
1629 3699 1683 3754 id
1704 3709 1789 3754 est
1835 3699 2108 3765 Ecclesiae,

521 3797 578 3852 in
608 3804 892 3860 aeternum,
938 3807 1040 3847 nec
1063 3805 1184 3847 esse
1205 3791 1475 3856 lueredem
1507 3789 1595 3845 vel
1622 3798 1933 3845 consortem
1956 3789 2114 3845 Chri-

521 3888 846 3950 stianorum,
885 3899 985 3939 nec
1005 3897 1129 3937 cum
1153 3881 1262 3937 ﬁlio
1285 3881 1470 3948 nobili,
1519 3881 1574 3937 id
1600 3889 1685 3937 est
1723 3880 1921 3952 populo
1946 3880 2112 3947 ﬁdeli,

525 3995 752 4052 regnum
783 3977 968 4050 gloriae
992 3976 1294 4047 possidere.

598 4091 764 4148 Vens.
801 4091 890 4156 11,
925 4089 1014 4144 12.
1049 4118 1122 4128 -
1161 4108 1179 4140 ι
1225 4089 1370 4144 Dure
1414 4088 1645 4160 accepit,
1703 4109 1722 4142 ι
1774 4097 1878 4144 etc.
1932 4088 2116 4161 (Auc.)

530 4183 802 4252 Quaeritur
826 4196 998 4252 quare
1025 4180 1378 4237 contristatus
1404 4181 1476 4236 sit
1499 4180 1796 4246 Abraham,
1849 4196 1971 4236 cum
2000 4181 2119 4237 haec

528 4274 811 4348 prophetia
846 4271 1031 4339 fuerit,
1083 4287 1249 4342 quam
1279 4271 1394 4342 ipse
1439 4273 1612 4345 magis
1637 4287 1799 4343 quam
1841 4270 1977 4328 Sara
2021 4287 2114 4328 no-

531 4382 684 4423 scere
708 4364 930 4420 debuit:
955 4362 1050 4419 sed
1069 4378 1137 4418 ex
1168 4361 1494 4418 revelatione
1512 4363 1614 4418 hoc
1637 4363 1772 4418 dixit
1791 4362 1950 4428 Sara,
1976 4362 2119 4434 quod

533 4460 637 4515 sibi
667 4459 818 4530 prius
871 4457 1050 4512 fuerat
1096 4457 1417 4512 revelatum.
1470 4456 1561 4512 llle
1599 4472 1727 4512 vero
1764 4465 1992 4527 paterno
2040 4455 2121 4510 af-

2207 3263 2462 3329 abietem,
2487 3274 2542 3318 et
2563 3263 2752 3318 abiens
2778 3263 2916 3319 sedit
2943 3273 3131 3320 contra
3154 3263 3311 3336 longe
3332 3265 3486 3336 quasi
3507 3264 3688 3335 jactus
3713 3281 3796 3320 sa-

2207 3353 2376 3426 gittae.
2419 3373 2438 3405 ›
2485 3353 2630 3408 Dixit
2678 3353 2861 3408 enim:
2906 3352 3023 3408 Non
3071 3354 3264 3410 videbo
3305 3363 3535 3410 mortem
3580 3356 3797 3426 parvuli

2210 3444 2340 3504 mei,
2382 3451 2438 3498 et
2462 3443 2603 3498 sedit
2651 3451 2840 3498 contra
2875 3458 3037 3509 eum;
3077 3453 3132 3499 et
3172 3445 3356 3500 statim
3376 3443 3638 3517 jungitur.
3689 3446 3800 3502 Ex—

2210 3533 2566 3604 clamavitque
2588 3549 2722 3605 puer
2743 3542 2798 3588 et
2817 3532 2992 3601 ﬂevit;
3017 3542 3072 3590 et
3088 3536 3296 3590 audivit
3322 3537 3584 3593 Dominus
3606 3553 3798 3595 vocem

2211 3627 2364 3696 pueri
2395 3626 2462 3682 de
2487 3626 2647 3693 coelo,
2689 3627 2782 3682 ubi
2809 3634 2948 3692 erat,
2987 3634 3044 3682 et
3081 3627 3218 3682 dixit
3254 3627 3478 3701 angelus
3512 3631 3581 3685 ad
3606 3633 3797 3702 Agar:

2213 3716 2428 3772 Nullum
2459 3725 2692 3773 moveat.
2732 3717 2790 3772 ln
2815 3716 3040 3773 ﬂebmo
3068 3719 3210 3774 enim
3242 3721 3392 3790 prius
3414 3722 3518 3778 hoc
3537 3723 3803 3793 scriptum

2214 3817 2299 3866 est
2330 3828 2343 3863 :
2378 3827 2397 3860 ‹
2440 3807 2557 3864 Νοιι
2584 3808 2776 3864 videbo
2804 3817 3036 3865 mortem
3071 3810 3224 3881 pueri
3260 3812 3384 3867 mei.
3435 3831 3454 3864 ι
3506 3813 3583 3869 Ita
3610 3828 3806 3870 conse-

2215 3912 2448 3974 quenter
2473 3903 2688 3975 legitur,
2725 3902 2868 3972 quod
2910 3903 3057 3974 Agar
3084 3905 3287 3960 sederit
3336 3915 3522 3962 contra
3551 3923 3803 3978 puerum,

2216 4003 2272 4050 et
2323 3994 2584 4050 levaverit
2624 4008 2830 4060 vocem,
2869 4001 2926 4049 et
2966 3992 3192 4062 ﬂeverit,
3232 4004 3289 4051 et
3324 3996 3628 4052 exaudierit
3659 3999 3808 4053 Deus

2217 4101 2407 4144 vocem
2429 4085 2659 4158 parvuli.
2717 4084 2908 4141 Flente
2937 4086 3084 4141 enim
3123 4095 3297 4144 matre
3339 4097 3395 4143 et
3424 4097 3652 4143 mortem
3704 4089 3808 4144 ﬁlii

2218 4177 2582 4252 praestolante,
2613 4177 2755 4234 Deus
2781 4178 3054 4234 exaudivit
3073 4194 3320 4248 puerum,
3351 4195 3509 4250 quem
3534 4180 3813 4251 pollicitus

2221 4280 2339 4326 erat
2385 4270 2625 4326 futurum
2655 4270 2709 4325 in
2735 4278 2950 4341 gentem
2989 4284 3260 4341 magnam.
3308 4269 3480 4326 Mater
3498 4271 3645 4325 enim
3697 4288 3811 4328 non

2222 4381 2376 4420 suam
2408 4373 2658 4429 mortem,
2687 4363 2782 4419 sed
2801 4362 2897 4417 ﬁlii
2924 4362 3186 4434 deplorat.

2297 4454 2454 4526 (Anc.
2499 4453 2566 4519 ρ.
2594 4454 2648 4507 in
2689 4451 2844 4519 Gem,
2897 4460 3026 4508 tom.
3071 4452 3180 4526 111.)
3221 4452 3346 4521 Qua
3409 4464 3495 4509 tur
3538 4459 3816 4526 quomodo

535 4525 684 4606 fectu
721 4557 1028 4604 commotus
1056 4556 1160 4613 est,
1203 4548 1288 4604 cui
1317 4546 1577 4602 Dominus
1621 4525 1807 4618 postea
1839 4546 2117 4602 revelavit.
2143 4525 2200 4588 Ῐ)
2226 4525 2421 4612 mater,
2473 4553 2604 4612 etc.,
2645 4561 2806 4616 usque
2834 4544 2903 4599 ad
2939 4545 3080 4601 sicut
3121 4525 3265 4617 saepe
3302 4545 3508 4601 faciunt
3528 4525 3819 4616 cujuslibet

536 4642 635 4697 Vel
661 4641 798 4697 forte
845 4642 1004 4696 ambo
1031 4641 1181 4710 prius
1223 4639 1534 4695 nescierunt
1579 4640 1708 4709 quid
1739 4649 1907 4706 esset,
1952 4649 2006 4696 et
2026 4655 2124 4712 per

540 4736 732 4790 Saram
781 4733 1109 4802 nescientem
1157 4733 1589 4804 prophetizatum
1638 4742 1720 4789 est
1767 4749 1890 4788 cum
1934 4733 2123 4790 mulie-

537 4811 842 4882 bri‘animo
883 4833 1029 4881 mota
1054 4834 1136 4881 est
1158 4834 1380 4896 propter
1420 4825 1627 4882 ancillae
1665 4827 1994 4896 superbiam.

612 4917 780 4972 Vens.
816 4915 904 4970 1⁸5.
932 4947 1001 4956 -
1036 4935 1054 4967 ι
1093 4915 1230 4983 Quia
1267 4932 1452 4972 semen
1489 4926 1661 4972 tuum.
1713 4938 1731 4971 ι
1791 4917 1972 4989 (Aoo.)
2021 4917 2127 4974 No-

545 5007 768 5064 tandum
791 5007 935 5078 quod
976 5015 1031 5062 et
1055 5007 1246 5062 lsmael
1273 5023 1303 5062 a
1331 5007 1441 5064 Deo
1482 5023 1667 5064 semen
1689 5007 1921 5064 Abrahae
1949 5009 2125 5066 dictus

543 5107 648 5164 est,
690 5099 832 5168 quod
857 5098 1143 5169 Apostolus
1169 5099 1244 5153 ait
1264 5099 1418 5154 Rom.
1447 5115 1503 5153 Ix
1534 5117 1548 5154 :
1593 5119 1611 5150 ι
1648 5098 1763 5154 Non
1792 5099 1886 5154 ﬁlii
1924 5099 2124 5165 carnis,

546 5190 640 5245 sed
663 5188 758 5243 ﬁlii
784 5189 1155 5259 promissionis
1180 5189 1593 5246 aestimabuntur
1623 5190 1679 5243 in
1708 5190 1932 5246 semine.
1966 5209 1984 5243 ι
2018 5189 2127 5246 Sed

549 5283 653 5337 hoc
673 5281 891 5351 pr0prie
934 5281 1003 5336 ad
1031 5281 1184 5336 lsaac
1201 5282 1456 5352 pertinet,
1508 5280 1600 5351 qui
1621 5296 1727 5336 non
1758 5281 1902 5336 ﬁlius
1923 5282 2126 5348 carnis,

549 5375 642 5431 sed
671 5374 1066 5448 promissionis,
1093 5383 1146 5431 et
1169 5389 1354 5430 semen
1377 5374 1661 5445 spirituale
1683 5390 1748 5429 ex
1771 5375 2132 5444 promissione

551 5475 653 5531 est,
686 5482 790 5521 non
811 5481 878 5522 ex
901 5482 1085 5522 carne.

625 5563 789 5618 Vens.
825 5561 913 5618 M.
963 5594 1033 5604 —
1068 5583 1086 5615 ι
1133 5561 1349 5618 Tollens
1398 5577 1614 5632 panem.
1655 5583 1671 5614 ι
1709 5575 1813 5620 clc.
1869 5565 2019 5636 (Are.
2066 5584 2130 5624 ex

553 5651 720 5718 Bena.
751 5670 801 5709 c.
827 5654 942 5724 ει.)
969 5654 1104 5710 Cum
1124 5669 1253 5724 ergo
1295 5653 1570 5709 Abraham
1597 5656 1818 5726 ejicerct
1841 5658 1999 5730 Agar,
2039 5657 2121 5713 tol.

557 5743 674 5799 lens
719 5761 937 5815 panem,
981 5745 1101 5804 ideo
1129 5745 1369 5801 humeris
1419 5747 1691 5818 imposuit,
1724 5757 1827 5804 etc.
1883 5767 2043 5820 usque
2068 5752 2136 5805 ad

2227 4637 2404 4694 aetatis
2424 4637 2778 4693 ambulantes.

2301 4732 2465 4790 Vens.
2500 4733 2586 4787 l7.
2615 4765 2685 4775 —
2712 4751 2730 4786 ι
2765 4733 3054 4790 Exaudivit
3095 4741 3296 4790 autem.
3341 4753 3360 4787 ι
3407 4734 3560 4807 (Ben.
3599 4742 3656 4790 et
3683 4735 3812 4792 Isin.

2231 4825 2321 4879 ubi
2368 4823 2574 4898 supra.)
2620 4823 2760 4880 Puer
2780 4824 3049 4880 exclamat
3096 4825 3335 4897 plorans,
3375 4835 3430 4882 et
3460 4825 3603 4883 Deus
3641 4842 3814 4882 exau-

2233 4915 2402 4982 divit;
2443 4925 2499 4971 et
2521 4923 2857 4971 monstrante
2885 4915 3093 4987 angelo,
3142 4915 3232 4972 illa
3275 4916 3480 4973 fontem
3513 4919 3726 4988 aspicit,
3761 4928 3822 4975 et

2229 5023 2326 5079 pro
2358 5007 2463 5062 illis
2527 5007 2727 5063 dicitur
2774 5007 2867 5079 qui
2892 5009 2959 5064 ad
2985 5007 3263 5065 Christum
3311 5020 3726 5078 convertuntur,
3761 5021 3821 5069 et

2229 5097 2485 5155 deﬁentes
2532 5107 2754 5168 peccata
2797 5098 3176 5168 exaudiuntur,
3227 5102 3431 5172 apertis
3479 5103 3651 5159 oculis
3688 5120 3817 5160 cor-

2230 5190 2314 5246 dis
2334 5190 2522 5245 vident
2567 5188 2772 5245 fontem
2819 5205 2990 5260 aquae,
3036 5189 3218 5259 idest,
3261 5192 3563 5260 Christum,
3598 5195 3691 5264 qui
3739 5196 3820 5250 ait

2231 5281 2388 5337 Joan.
2415 5296 2490 5336 vn
2525 5299 2535 5335 τ
2571 5298 2590 5333 ι
2640 5280 2741 5348 Qui
2766 5280 2901 5345 sitit,
2946 5282 3130 5338 veniat
3150 5283 3217 5338 ad
3240 5300 3328 5341 me
3357 5294 3412 5340 et
3430 5286 3598 5342 bibat.
3635 5308 3654 5340 ι
3698 5288 3816 5342 An-

2234 5374 2384 5446 gelus
2412 5373 2584 5430 Eliam
2613 5373 2898 5444 signiﬁcat,
2951 5391 3050 5445 per
3071 5391 3233 5446 quem
3258 5376 3484 5447 populus
3514 5378 3820 5435 crediturus

2237 5476 2338 5522 est.
2400 5468 2548 5524 Unde
2595 5467 2823 5522 Malach.
2860 5485 2955 5522 IV:
3003 5490 3021 5520 ‹
3079 5469 3217 5525 Ecce
3273 5485 3370 5541 ngo
3417 5472 3630 5527 mittam
3665 5472 3823 5528 vobis

2239 5564 2432 5626 Eli-am,
2483 5562 2572 5632 qui
2603 5571 2886 5616 convertat
2905 5563 3066 5616 corda
3095 5574 3308 5634 patrum
3349 5565 3402 5619 in
3436 5565 3592 5619 ﬁlios.
3631 5584 3649 5617 ι

2317 5677 2334 5704 α
2381 5657 2615 5727 Angelus
2635 5657 2870 5714 Domini.
2913 5676 2930 5708 ι
2982 5657 3155 5728 (1811).)
3193 5657 3346 5724 Quod
3371 5675 3494 5714 cum
3522 5659 3611 5730 qui
3642 5657 3824 5729 loqui-

2241 5761 2328 5812 tur
2350 5752 2414 5810 ad
2441 5752 2606 5823 Agar,
2641 5751 2795 5823 prius
2816 5751 3088 5830 angelu‘m,
3130 5762 3317 5824 postea
3355 5755 3639 5810 Dominum
3672 5752 3822 5810 Scri-
