4074 6334
253 484 358 542 157

1317 472 1584 533 GLOSSA
1619 472 2017 532 ORDINARIA.
2056 499 2127 517 --
2161 473 2293 529 LIB.
2332 471 2492 528 GEN.

3409 452 3511 527 158

250 600 413 665 ptura
436 587 773 661 pronuntiat,
832 587 1026 644 Filium
1053 587 1150 645 Dei
1175 587 1342 645 fuisse
1374 583 1698 646 credendum
1729 595 1831 654 εει,
1862 591 1915 652 Α
1939 586 2266 652 cumulatur,
2290 596 2344 642 et
2369 595 2629 658 paternus
2657 583 2880 642 allectus
2899 595 3147 642 movetur
3172 587 3226 642 in
3253 587 3514 642 memoria

250 685 348 756 qui
380 698 481 755 per
518 681 690 754 legem
707 691 765 739 ει
781 683 1070 754 prophetas
1098 682 1307 739 locutus
1331 691 1435 749 εει,
1478 683 1570 754 qui
1597 696 1693 753 per
1707 681 1835 736 obe-

251 774 516 831 dientiam
535 780 778 844 paterna:
804 771 1095 830 voluntatis
1111 772 1334 845 angelus
1357 782 1606 840 vocatur,
1642 787 1836 830 secun-

253 865 387 921 dum
413 877 661 920 naturam
683 863 845 920 Deus.

330 961 492 1016 Vens.
520 957 696 1014 22.—
724 978 743 1011 ι
777 958 977 1014 Eodem
1000 966 1262 1028 tempore.
1287 977 1306 1010 ι
1334 957 1490 1029 (Anc.
1517 957 1606 1011 ubi
1627 957 1835 1028 supra.)

252 1049 435 1118 Quaeri
480 1059 663 1121 potest
697 1049 914 1121 quando
959 1065 1082 1104 cum
1110 1049 1420 1104 Abimelech
1462 1057 1678 1120 pactum
1713 1047 1842 1104 fecit

254 1141 557 1208 Abraham,
577 1151 708 1206 etc.,
740 1157 901 1213 usque
921 1141 991 1195 ad
1012 1156 1170 1212 quem
1193 1140 1280 1196 illa
1304 1140 1556 1196 nesciret.

333 1229 495 1284 Vens.
545 1227 738 1284 25ο50.
787 1259 857 1268 -
899 1246 918 1278 ‹
969 1225 1098 1282 .Iura
1139 1242 1286 1299 ergo,
1335 1246 1354 1280 ι
1408 1235 1514 1282 etc.
1556 1224 1708 1296 Saepe
1748 1227 1839 1296 qui

254 1321 396 1378 foris
435 1329 585 1386 sunt,
632 1319 870 1375 ﬁdelium
919 1321 1331 1376 conversatione
1387 1319 1588 1374 inducti
1637 1319 1841 1375 eisdem

256 1413 573 1470 desiderant
634 1412 854 1477 sociari,
911 1421 967 1466 et
1025 1426 1216 1466 eorum
1287 1409 1550 1480 exemplis
1620 1410 1688 1464 ad
1732 1425 1841 1465 mc-

256 1505 366 1560 lius
405 1503 713 1571 informari,
754 1511 888 1560 utet
924 1503 1025 1559 sibi
1056 1502 1342 1560 consulant
1391 1512 1448 1558 et
1467 1502 1840 1573 proximorum

257 1598 445 1653 saluti.

331 1685 496 1742 Vsus.
521 1686 610 1750 51,
632 1685 721 1740 52.
757 1715 829 1725 -
863 1702 884 1738 ι
919 1683 1126 1740 Idcirco
1154 1692 1377 1740 vocatus
1397 1691 1500 1750 est,
1535 1702 1554 1734 ι
1597 1691 1702 1738 ειε.
1735 1683 1843 1738 Du-

258 1778 382 1850 plex
403 1793 567 1834 causa
587 1784 672 1833 est
685 1792 783 1833 cur
804 1776 1102 1846 appellatus
1123 1775 1194 1832 sit
1222 1776 1274 1831 in
1303 1775 1531 1831 Hebraeo
1551 1774 1808 1828 Bersabee
1823 1791 1843 1829 :

258 1870 343 1926 vel
372 1870 496 1940 quia
538 1878 745 1938 septem
771 1883 937 1939 agnas
972 1867 1177 1938 accepit
1212 1867 1526 1924 Abimelech
1578 1867 1644 1922 de
1680 1881 1842 1920 manu

1937 679 2337 754 promissionis,
2368 680 2494 750 quia
2523 679 2725 734 dictum
2756 688 2875 735 est:
2917 697 2935 730 ι
2965 679 3023 734 In
3054 679 3205 736 Isaac
3233 679 3517 734 vocabitur

1937 771 2034 826 tibi
2065 786 2282 837 semen,
2315 791 2332 823 ι
2377 781 2630 841 tanquam
2664 772 2711 826 si
2744 770 2832 826 ille
2862 771 3222 838 occideretur,
3255 780 3366 828 tota
3394 785 3520 842 spes

1935 864 2313 936 promissionis
2340 863 2537 919 frustra
2547 872 2710 919 retur.

2015 975 2034 1008 ι
2065 954 2212 1010 Vade
2263 955 2316 1010 in
2367 964 2587 1010 terram.
2624 975 2642 1008 ι
2697 954 2876 1028 (Ηιειι.
2911 955 2976 1022 Ω.
3009 955 3197 1022 llebr.,
3247 965 3379 1011 tom.
3409 953 3519 1028 Ill.)

1939 1049 2107 1103 Aiunt
2132 1047 2343 1104 Hebraei
2375 1050 2520 1104 hunc
2548 1059 2783 1104 montem
2809 1065 2930 1106 esse
2960 1051 3013 1105 in
3044 1067 3151 1121 quo
3174 1062 3358 1122 postea
3386 1062 3524 1106 tem-

1939 1141 2088 1211 plum
2137 1140 2458 1195 aediﬁcatum
2501 1149 2585 1195 est
2616 1141 2670 1195 in
2703 1156 2828 1195 area
2873 1157 3021 1197 orna:
3062 1141 3314 1198 Jebusmi.
3370 1141 3524 1199 Unde

1941 1230 2004 1295 ll,
2039 1229 2164 1286 Par.
2197 1247 2258 1286 ιιι
2294 1249 2307 1285 :
2343 1251 2361 1283 ι
2395 1229 2691 1302 Cmperunt
2738 1233 3008 1288 aediﬁcare
3043 1233 3299 1304 templum
3340 1250 3526 1289 mense

1943 1323 2199 1385 secundo,
2229 1323 2464 1377 secunda
2495 1323 2581 1378 dic
2604 1323 2830 1386 mensis,
2865 1325 2918 1378 iu
2946 1323 3127 1379 monte
3156 1324 3320 1378 Moria
3339 1365 3352 1389 ,
3387 1346 3405 1376 )
3433 1327 3525 1395 qui

1944 1414 2148 1470 idcirco
2184 1414 2490 1468 illuminans
2528 1415 2916 1484 interpretatur
2961 1423 3016 1470 et
3055 1415 3255 1478 lucens,
3291 1416 3416 1485 quia
3454 1416 3526 1468 ibi

1943 1514 2025 1559 est
2054 1504 2202 1558 debir
2226 1505 2428 1578 (-1131),
2456 1506 2508 1559 id
2535 1515 2622 1560 est
2649 1506 2924 1560 oraculum
2959 1505 3074 1570 Dei,
3109 1517 3162 1560 ει.
3188 1506 3409 1576 spiritus
3434 1505 3528 1575 qui

1944 1598 2191 1653 homines
2218 1599 2376 1654 docet
2403 1599 2692 1654 veritatem
2724 1607 2778 1653 et
2806 1601 3122 1669 prophetias
3151 1601 3398 1670 inspirat.

2017 1687 2180 1742 Vens.
2212 1688 2264 1742 5.
2290 1719 2358 1726 ——
2380 1706 2397 1739 ι
2423 1686 2646 1745 Asinum
2677 1702 2832 1741 suum
2863 1676 3132 1754 ducens,»
3165 1697 3269 1742 etc.
3301 1688 3448 1760 (Ιειυ.
3478 1692 3533 1743 in

1947 1777 2105 1844 Gen.,
2131 1795 2179 1834 c.
2207 1779 2318 1850 l8.)
2368 1778 2567 1834 Asinus
2616 1779 2950 1834 insensatain
2997 1779 3278 1833 stultitiam
3319 1779 3532 1835 Jud:eo-

1948 1883 2070 1922 rum
2098 1868 2406 1938 signiﬁcat,
2459 1884 2578 1939 quae
2607 1868 2860 1940 portabat
2887 1870 3068 1924 omnia
3112 1880 3450 1928 sacramenta
3479 1879 3536 1926 et

259 1962 513 2015 Abrahae.
563 1958 780 2029 Septem
805 1959 948 2014 enim
979 1958 1232 2013 dicuntur
1279 1958 1449 2024 sabee,
1500 1957 1585 2013 vel
1615 1958 1743 2029 quia
1765 1957 1837 2012 ibi
1866 1955 1917 2016 B
1943 1959 2241 2015 nesciebat.

259 2053 606 2124 iuraverunt,
653 2052 816 2106 sabaa
844 2059 973 2115 11:27
999 2050 1143 2104 enim
1175 2050 1444 2121 significat
1459 2050 1840 2120 juramentum.

265 2143 326 2198 Si
358 2152 540 2198 autem
583 2143 727 2198 hanc
771 2157 989 2198 causam
1028 2157 1190 2212 supra
1237 2143 1337 2198 hoc
1375 2158 1570 2198 nomen
1597 2141 1844 2212 legimus,

257 2251 362 2308 per
387 2235 674 2314 prolepsim
704 2233 906 2289 dictum
936 2242 1053 2298 est;
1085 2233 1226 2288 sicut
1255 2232 1464 2298 Bethel,
1523 2241 1577 2287 et
1601 2230 1846 2302 Galgala,

260 2343 407 2400 quae,
434 2337 722 2396 antequam
756 2327 1017 2381 haberent
1051 2327 1166 2381 haec
1187 2323 1474 2390 vocabula,
1505 2323 1664 2377 aliter
1689 2315 1850 2377 voca-

260 2422 482 2478 bantur.
571 2421 875 2477 Notandum
920 2435 987 2475 ex
1025 2420 1297 2490 prioribus
1341 2428 1394 2472 et
1426 2416 1680 2487 praesenti
1732 2415 1852 2470 loco

261 2515 407 2585 quod
429 2514 579 2569 Isaac
614 2529 721 2568 non
749 2513 820 2567 sit
843 2521 1000 2567 natus
1028 2512 1095 2566 ad
1121 2525 1376 2581 quercum
1406 2508 1663 2562 Mambre.
1695 2505 1854 2581 (ΑΙοη

261 2603 529 2660 Hebraice
565 2588 707 2668 1158,
743 2603 932 2658 Latine
960 2603 1202 2675 quercus)
1251 2609 1310 2656 ut
1349 2601 1400 2654 in
1428 2598 1653 2654 Hebraeo
1686 2598 1853 2653 habe-

265 2704 374 2759 tur,
418 2697 512 2752 sed
536 2697 589 2753 in
614 2695 858 2762 Geraris,
909 2697 996 2752 ubi
1034 2696 1299 2751 Bersabee
1326 2709 1497 2764 usque
1523 2692 1682 2748 hodie
1703 2690 1854 2762 oppi-

263 2787 396 2843 dum
424 2798 528 2853 est,
573 2804 693 2859 qua:
720 2791 996 2861 provincia
1031 2799 1156 2844 ante
1178 2804 1283 2843 non
1312 2786 1514 2858 grande
1537 2794 1744 2854 tempus
1785 2798 1854 2838 ex

265 2879 537 2936 divisione
587 2882 875 2951 praesidum
917 2881 1218 2936 Palaestina:
1264 2877 1526 2934 Sa!utaris
1567 2875 1710 2931 dicta
1749 2882 1850 2929 est.

267 2970 434 3027 Unde
463 2972 726 3026 habitavit
748 2971 1021 3028 Abraham
1049 2972 1104 3026 in
1138 2979 1284 3028 terra
1308 2967 1720 3025 Palmstinorum
1740 2967 1856 3021 die-

266 3063 372 3117 bus
413 3062 614 3118 multis.

343 3155 512 3212 Vsus.
542 3157 634 3223 55,
665 3157 755 3213 54.
791 3187 860 3197 --
894 3177 913 3208 ‹
955 3157 1231 3213 Abraham
1284 3169 1438 3221 vero,
1474 3175 1494 3208 ι
1530 3164 1637 3210 etc.
1675 3152 1855 3226 (Auc.)

265 3249 545 3304 Abraham
569 3251 732 3321 (sicut
761 3247 1074 3320 Stephanus
1092 3247 1244 3321 dicit)
1285 3264 1390 3303 non
1420 3254 1702 3318 acceperat
1743 3245 1856 3300 hae—

267 3342 557 3398 reditatem
581 3343 676 3408 ibi,
725 3357 829 3398 nec
869 3341 1102 3412 spatium
1147 3340 1319 3411 pedis.
1368 3338 1474 3394 Sed
1511 3337 1855 3408 intelligenda
1883 3321 1930 3385 C

267 3444 356 3490 est
384 3434 690 3501 haereditas,
739 3450 902 3504 quam
937 3434 1079 3489 Deus
1106 3433 1275 3504 gratis
1324 3432 1550 3488 daturus
1571 3438 1710 3496 erat,
1751 3444 1857 3484 non

267 3529 448 3596 pretio
473 3535 673 3595 empta.
727 3523 1047 3594 Intelligitur
1079 3535 1280 3592 autem
1307 3523 1543 3594 spatium
1594 3521 1740 3576 circa
1765 3535 1860 3590 pu-

275 3631 429 3674 teum
448 3618 515 3674 ad
539 3619 669 3674 illud
695 3618 986 3689 emptionis
1009 3616 1242 3687 spatium
1269 3631 1376 3686 quo
1405 3614 1623 3669 fuerant
1653 3623 1858 3683 septem

271 3725 430 3778 agna:
461 3710 618 3776 datae,
659 3711 875 3782 quando
908 3707 1224 3766 Abimelech
1245 3716 1300 3765 et
1334 3707 1608 3761 Abraham
1635 3705 1739 3760 sibi
1773 3704 1862 3774 ju-

275 3813 555 3860 raverunt.

847 3955 1077 4014 CAPUT
1115 3954 1284 4013 XXII.

351 4094 513 4150 Vens.
543 4093 596 4149 I.
619 4122 686 4134 -—
719 4111 739 4144 ι
766 4091 896 4160 Quae
924 4099 1231 4162 postquam,
1263 4110 1282 4142 ι
1309 4096 1417 4146 etc.
1451 4087 1635 4162 (Auc.,
1659 4086 1860 4153 Quaest.

273 4188 334 4241 in
363 4183 517 4251 Gem,
547 4194 677 4241 tom.
707 4184 818 4256 Ill.)
858 4182 1093 4239 Iacobus
1120 4182 1251 4238 dicit
1277 4183 1421 4252 quod
1451 4179 1721 4236 neminem
1751 4186 1864 4233 ten-

275 4289 360 4336 tat
394 4281 574 4347 Deus;
611 4277 707 4335 sed
743 4277 1030 4343 usualiter,
1081 4285 1324 4343 tentare,
1375 4289 1474 4345 pro
1505 4289 1570 4329 eo
1605 4272 1749 4343 quod
1781 4279 1866 4327 est

274 4372 532 4440 probare,
564 4369 812 4424 dicimus.
861 4366 1094 4422 Iacobus
1125 4373 1307 4420 autem
1336 4363 1466 4419 dicit
1495 4363 1561 4417 de
1588 4377 1652 4416 ea
1686 4369 1862 4414 tenta-

277 4465 450 4526 tione,
471 4479 576 4532 qua
599 4461 829 4532 quisque
849 4468 1072 4531 peccato
1091 4457 1223 4532 [Αι.,
1240 4453 1514 4530 peccator]
1535 4453 1859 4523 implicatur.

273 4537 438 4618 Unde
469 4559 491 4615 ι
521 4559 713 4615 Thess.
747 4575 803 4612 ιε
839 4575 859 4609 ι
890 4555 968 4610 Νε
1017 4555 1156 4611 forte
1201 4550 1489 4608 tentaverit
1527 4565 1623 4605 vos
1673 4549 1720 4603 is
1770 4548 1863 4618 qui

276 4662 471 4709 tentat.
499 4673 517 4705 ι
555 4651 698 4706 Alibi
721 4650 865 4706 enim
894 4648 1150 4718 scriptum
1175 4654 1258 4702 est
1283 4645 1438 4699 Deut.
1457 4657 1554 4696 xm
1578 4655 1592 4694 :
1622 4658 1640 4691 ‹
1669 4633 1864 4693 Tentat

275 4760 377 4799 vos
407 4745 548 4798 Deus
569 4751 770 4807 vester,
799 4751 858 4796 ut
886 4743 1022 4796 sciat
1049 4741 1094 4795 si
1123 4738 1356 4811 diligatis
1380 4751 1524 4800 eum,
1559 4734 1610 4788 id
1640 4741 1742 4798 est,
1766 4746 1863 4786 vos

277 4837 424 4892 scire
455 4836 637 4891 faciat.
663 4857 680 4888 ι
715 4835 870 4890 Vires
895 4836 1040 4888 enim
1070 4829 1374 4887 dilectionis
1394 4844 1505 4884 suae
1527 4829 1688 4883 homo
1712 4825 1866 4896 igno-

279 4935 389 4990 rat,
417 4925 525 4979 nisi
552 4924 924 4995 experimento
950 4929 1262 4991 cognoscat.

354 5013 520 5069 Vens.
566 5014 621 5068 2.
645 5043 714 5054 —-
754 5033 773 5065 ‹
815 5012 964 5068 Tolle
1017 5011 1219 5075 ﬁlium,
1252 5029 1270 5062 ι
1305 5017 1410 5064 etc.
1446 5007 1599 5079 (Anc.
1628 5005 1683 5058 in
1706 5002 1862 5069 Gen.,
1903 5051 1910 5092 ‘.

281 5114 415 5160 tom.
439 5103 510 5178 ι.)
561 5103 677 5160 Non
709 5103 891 5160 statim
915 5104 1100 5174 jussus
1145 5109 1228 5156 est
1268 5097 1541 5154 Abraham
1573 5094 1740 5149 ﬁlium
1767 5107 1861 5148 oc-

280 5196 486 5260 cidere,
518 5194 612 5251 sed
644 5195 820 5250 triduo
847 5196 913 5249 ad
945 5189 1328 5248 immolandum
1359 5189 1576 5249 ducere,
1609 5196 1668 5240 ut
1695 5185 1867 5256 longi-

284 5290 474 5345 tudine
526 5287 782 5358 temporis
829 5286 1054 5342 tentatio
1103 5292 1411 5354 augeretur.
1479 5280 1583 5335 Per
1629 5278 1865 5333 triduum

282 5381 451 5444 enim,
471 5379 844 5436 crescentibus
869 5379 1037 5441 curis,
1058 5386 1278 5446 paterna
1301 5375 1508 5428 viscera
1532 5369 1862 5434 cruciantur,

283 5484 338 5529 et
371 5473 585 5544 prolixo
622 5470 799 5542 spatio
835 5477 990 5540 pater
1018 5467 1186 5521 ﬁlium
1222 5465 1480 5529 intuetur,
1523 5462 1704 5516 cibum
1742 5474 1865 5515 eum

284 5579 354 5620 eo
385 5563 585 5628 sumit,
629 5569 710 5616 tot
747 5560 996 5615 noctibus
1022 5557 1221 5628 pendet
1245 5570 1382 5626 puer
1411 5554 1464 5608 in
1495 5552 1742 5622 amplexu
1773 5566 1865 5622 pa-

286 5657 422 5724 tris,
465 5655 631 5712 cubat
674 5655 728 5708 in
767 5653 1000 5724 gremio,
1041 5661 1097 5707 et
1134 5665 1231 5723 per
1258 5648 1469 5718 singula
1504 5651 1776 5701 momenta
1815 5644 1869 5696 in

286 5759 518 5822 paterno
546 5746 742 5802 aﬁ‘ectu
772 5745 928 5800 dolor
955 5743 1238 5799 occidendi
1273 5740 1370 5795 ﬁlii
1399 5737 1724 5796 cumulatur.

366 5865 384 5897 ‹
407 5845 581 5914 Quem
609 5841 808 5913 diligis,
830 5859 848 5892 ι
866 5848 972 5894 ete.
1000 5839 1167 5910 (Βεωι
1193 5836 1246 5890 in
1268 5833 1422 5900 Gcn.,
1447 5830 1624 5904 (κῇ.)
1651 5830 1726 5885 De
1743 5830 1871 5885 cha-

291 5942 474 5997 ritatis
502 5935 870 5992 admonitione
901 5943 955 5988 et
987 5931 1218 5986 nominis
1249 5927 1617 5984 recordatione
1647 5924 1872 5978 tcu‘atio

617 6029 889 6088 I’nno'L.
936 6023 1160 6084 CXIII.

1893 4696 1943 4756 ι)

2021 2054 2184 2109 Vnus.
2203 2051 2258 2106 4.
2282 2082 2351 2091 -
2375 2072 2392 2102 ι
2418 2050 2514 2106 Die
2540 2060 2720 2107 autem
2748 2053 2926 2107 tertio.
2958 2072 2975 2104 ι
2999 2052 3180 2125 (Hine.
3211 2053 3299 2106 ubi
3326 2053 3533 2126 supra.)

1950 2142 2254 2198 Notandum
2281 2143 2407 2212 quia
2440 2143 2506 2196 de
2535 2142 2754 2196 Geraris
2785 2159 2954 2214 usque
2980 2144 3048 2198 ad
3075 2153 3312 2198 montem
3344 2143 3559 2210 Maria;

1951 2238 2006 2293 id
2053 2246 2138 2290 est
2184 2236 2367 2291 sedem
2422 2235 2647 2304 templi,
2702 2236 2804 2290 iler
2847 2237 3008 2290 trium
3057 2236 3265 2290 dierum
3316 2237 3430 2290 sit:
3484 2245 3540 2289 et

1950 2326 2229 2382 Abraham
2281 2325 2408 2380 illuc
2450 2327 2538 2380 die
2587 2326 2749 2380 tertio
2780 2327 3088 2395 pervenisse
3129 2327 3347 2381 dicitur.
3403 2327 3538 2382 Male

1953 2434 2083 2491 ergo
2113 2426 2308 2490 putant
2334 2417 2607 2473 Abraham
2654 2417 2742 2471 illo
2785 2428 3026 2488 tempore
3075 2418 3350 2474 habitasse
3397 2420 3538 2488 apud

1955 2533 2215 2588 quercum
2247 2515 2509 2579 Mambre,
2541 2530 2664 2569 cum
2692 2515 2758 2568 ad
2787 2527 3025 2569 montem
3060 2513 3225 2568 Moria
3259 2514 3346 2567 vix
3381 2515 3540 2568 unius

1956 2613 2062 2668 diei
2105 2615 2323 2682 pienum
2366 2610 2468 2664 iter
2506 2609 2596 2664 sit.
2647 2607 2906 2662 Triduum
2939 2624 3046 2678 qua
3074 2616 3339 2663 venerunt
3367 2606 3432 2660 ad
3463 2608 3540 2660 lu-

1955 2718 2078 2758 cum
2109 2700 2382 2764 sacri.icii,
2412 2707 2521 2754 tres
2549 2705 2738 2752 aetates
2766 2697 3062 2768 signiﬁcat,
3097 2705 3222 2750 ante
3248 2696 3438 2766 legem,
3472 2695 3539 2748 ab

1955 2795 2234 2850 Abraham
2266 2807 2437 2862 usque
2465 2791 2534 2846 ad
2565 2789 2780 2856 Mosen;
2817 2791 2916 2844 sub
2944 2790 3093 2858 lege,
3131 2804 3161 2842 a
3193 2787 3336 2842 Mose
3369 2804 3538 2857 usque

1958 2888 2026 2943 ad
2054 2886 2346 2950 Joannem;
2384 2885 2508 2940 inde
2536 2898 2707 2954 usque
2736 2884 2802 2938 ad
2833 2883 3149 2948 Dominum;
3196 2892 3250 2935 et
3278 2882 3541 2951 quidquid

1957 2987 2149 3044 restat,
2172 2978 2362 3034 tertius
2389 2978 2503 3032 dies
2530 2986 2614 3032 est
2640 2975 2850 3047 gratias,
2874 2975 2927 3028 iu
2957 2991 3062 3045 qua
3089 2976 3245 3031 tertia
3267 2983 3428 3030 aetate
3458 2993 3542 3030 sa-

1958 3074 2222 3128 crilicium
2253 3071 2581 3142 completum
2610 3078 2693 3126 est
2719 3067 2943 3124 Christi.

2032 3165 2194 3220 Vens.
2226 3163 2346 3218 5-8.
2375 3193 2444 3203 —
2487 3182 2504 3213 ι
2540 3163 2864 3231 Exspectate
2906 3161 3016 3226 hic,
3050 3181 3069 3213 ι
3112 3170 3216 3216 etc.
3266 3162 3410 3232 (Ism.
3449 3163 3542 3216 ιιὸι

1960 3255 2168 3326 supra.)
2219 3254 2354 3308 Audi
2385 3253 2740 3324 Apostoluni:
2779 3272 2796 3303 ‹
2829 3251 3055 3308 Caecitas
3101 3267 3164 3307 ex
3217 3263 3373 3322 parte
3415 3269 3543 3307 con-

1963 3347 2120 3419 tingit
2149 3348 2201 3401 in
2231 3344 2417 3409 Israel,
2449 3364 2468 3395 ι
2515 3345 2619 3400 hoc
2645 3352 2731 3400 εει
2763 3364 2782 3394 ι
2817 3359 2940 3398 cum
2971 3343 3144 3406 asino,
3178 3363 3197 3395 ι
3233 3354 3291 3396 ιιι
3323 3361 3342 3394 ι
3372 3344 3545 3413 pleni-

1962 3441 2092 3518 tudo
2112 3437 2350 3510 gentium
2381 3437 2630 3498 intraret,
2655 3456 2672 3486 ι
2711 3436 2814 3489 hoc
2842 3442 2954 3497 est,
2991 3452 3010 3484 ι
3040 3442 3321 3503 postquam
3351 3433 3544 3488 adora-

1963 3532 2218 3586 verimus.
2252 3549 2270 3583 ι
2328 3527 2428 3583 Ubi
2465 3526 2790 3583 sacriﬁcium
2828 3525 3007 3580 crucis
3042 3539 3139 3594 per
3165 3535 3354 3596 gentes
3383 3525 3545 3580 fuerit

1962 3623 2335 3694 praedicatum,
2367 3620 2468 3674 hoc
2495 3628 2606 3683 est,
2638 3637 2656 3669 ι
2689 3617 2779 3672 tibi
2810 3616 3083 3686 plenitudo
3110 3616 3346 3686 gentium
3379 3617 3546 3671 intra-

1963 3716 2131 3780 verit,
2176 3721 2513 3768 revertemur
2542 3712 2608 3765 ad
2638 3726 2756 3776 vos,
2787 3730 2804 3761 ι
2841 3711 2942 3764 hoc
2979 3719 3094 3774 est,
3127 3729 3146 3761 ι
3179 3719 3233 3764 ει
3262 3711 3341 3765 sic
3367 3713 3547 3766 omnis

1963 3809 2130 3865 Israel
2158 3807 2339 3864 salvus
2365 3805 2477 3861 ﬁet.
2513 3825 2531 3858 ι
2578 3805 2694 3859 Duo
2721 3803 2862 3858 servi
2896 3803 3136 3868 dimissi,
3168 3819 3270 3858 nec
3297 3804 3543 3873 perducti

1965 3901 2032 3956 ad
2062 3899 2240 3954 locum
2269 3895 2548 3960 sacriﬁcii,
2576 3893 2743 3950 Judmi
2775 3903 2896 3948 sunt
2923 3893 3036 3963 qui,
3066 3893 3334 3948 serviliter
3365 3894 3545 3949 viven-

1965 4003 2046 4047 tes
2075 4000 2129 4046 et
2156 3989 2446 4046 carnaliter
2472 3987 2742 4058 sapientes
2760 4027 2774 4051 ,
2810 3992 2914 4040 non
2946 3985 3330 4041 intellexerunt
3359 3987 3542 4041 humi-

1965 4083 2171 4139 litatem
2199 4092 2252 4136 et
2281 4081 2589 4152 passionem
2615 4077 2840 4133 Christi.
2893 4077 3006 4132 Duo
3037 4078 3290 4148 quidem,
3328 4078 3452 4147 quia
3490 4078 3545 4132 iu

1966 4176 2100 4229 duas
2146 4163 2328 4243 partes
2374 4171 2687 4234 dividendi,
2741 4169 2882 4240 quod
2932 4169 3134 4224 factum
3169 4177 3255 4224 est
3284 4178 3547 4238 peccante

1967 4265 2283 4330 Salomone,
2326 4263 2543 4335 quando
2571 4262 2777 4318 divisus
2825 4268 2910 4315 est
2955 4259 3183 4330 populus
3209 4259 3326 4313 loco
3355 4261 3540 4330 regni,

1967 4375 2074 4414 non
2100 4373 2287 4414 errore
2316 4355 2630 4425 impietatis,
2655 4354 2851 4424 quibus
2881 4352 3079 4405 dicitur
3121 4348 3232 4403 Jer.
3261 4365 3320 4404 ιιι
3349 4369 3360 4403 :
3397 4370 3413 4402 ι
3447 4352 3538 4404 ad-

1965 4449 2230 4507 versatrix
2263 4446 2460 4512 Israel,
2493 4454 2548 4500 et
2573 4441 2980 4515 prmvaricatrix
3007 4439 3164 4494 Juda.
3199 4458 3217 4490 ι

2041 4561 2058 4592 ‹
2103 4540 2214 4611 Ego
2256 4547 2312 4593 et
2357 4553 2511 4608 puer,
2546 4556 2564 4588 ι
2611 4544 2714 4589 etc.
2763 4532 2940 4611 (Αιο.)
2993 4530 3315 4585 Indubitanti
3362 4529 3541 4584 animo

1967 4644 2208 4692 mactare
2259 4631 2426 4685 ﬁlium
2471 4629 2720 4684 volebat-
2760 4605 3082 4680 Laudandus
3132 4623 3186 4677 in
3236 4625 3532 4678 constantis

1967 4723 2226 4782 ollerendi
2260 4732 2314 4778 et
2344 4722 2397 4776 in
2427 4720 2531 4774 ﬁde
2563 4716 2874 4773 suscitandi.
2927 4715 3146 4770 Sciebat
3177 4714 3320 4768 enim
3353 4716 3516 4782 certis

1967 4818 2105 4872 sime
2136 4813 2314 4869 Deum.
2333 4811 2520 4866 fallere
2549 4825 2654 4864 non
2691 4823 2879 4878 posse,
2927 4816 2982 4859 ct
3013 4805 3152 4861 licet.
3166 4819 3298 4876 puer
3326 4779 3535 4858 ot-ciik-

1969 4918 2142 4972 retur,
2173 4905 2588 4978 promissionem
2621 4911 2796 4956 tamen
2827 4899 2920 4955 Dei
2957 4899 3158 4953 salvam
3199 4913 3539 4966 permanere.

1969 5001 2124 5058 Unde
2151 4997 2440 5070 Apostolus
2471 4995 2633 5052 Hebr.
2667 5011 2717 5048 xu
2746 5012 2757 5048 :
2791 5014 2806 5044 ι
2841 4991 2974 5046 Fide
3000 4991 3275 5046 Abraham
3307 5007 3412 5044 non
3461 4992 3542 5045 ba:

1970 5094 2185 5157 sitavit,
2223 5108 2345 5147 cum
2377 5090 2593 5145 unicum
2623 5086 2872 5150 oll'erret,
2913 5085 2966 5139 in
2995 5099 3102 5154 quo
3132 5094 3415 5152 acceperat
3456 5098 3541 5138 re-

1967 5184 2402 5259 promissionem,
2436 5177 2660 5237 credens
2687 5179 2814 5251 quia
2842 5185 2898 5232 et
2927 5193 2960 5231 a
2988 5175 3215 5230 mortuis
3243 5183 3434 5244 potens
3461 5184 3545 5230 est

1969 5276 2230 5331 suscitare
2261 5273 2422 5327 Deus.
2453 5290 2471 5323 ι

2045 5388 2062 5419 ‹
2093 5367 2240 5420 Dixit
2276 5364 2572 5420 Abraham.
2606 5381 2624 5415 ι
2673 5359 2824 5432 (Ιειι).
2873 5357 2960 5411 ubi
3010 5358 3215 5428 supra.)
3246 5357 3540 5416 Abraham,

1969 5462 2187 5518 unicum
2219 5459 2386 5514 ﬁlium
2420 5461 2622 5513 ducens
2659 5455 2726 5509 ad
2774 5451 3188 5513 immolandum,
3238 5450 3405 5504 Deum
3436 5445 3537 5499 Pa-

1973 5563 2109 5608 trem
2161 5550 2450 5623 siguiﬁcat.
2504 5547 2778 5604 Abraham
2826 5559 2991 5599 senex
3043 5542 3212 5596 ﬁlium
3267 5536 3542 5605 suscepit,

1973 5645 2116 5700 Deus
2141 5651 2319 5698 autem
2353 5657 2460 5696 non
2491 5638 2755 5701 senescit,
2801 5635 2896 5690 sed
2921 5632 3208 5704 promissio
3235 5629 3302 5684 de
3330 5627 3546 5682 Christo

1974 5733 2368 5805 quodammodo
2398 5736 2670 5793 seuuerat,
2700 5726 2914 5796 quando
2941 5731 3102 5778 natus
3126 5727 3230 5776 est.
3267 5717 3549 5773 Inchoavit

1975 5828 2043 5882 ab
2067 5825 2263 5890 Adam,
2289 5823 2505 5893 quando
2533 5821 2734 5873 dictum
2764 5825 2846 5871 est
2873 5835 2885 5869 :
2923 5835 2938 5865 ‹
2972 5814 3143 5868 Erunt
3168 5811 3275 5867 duo
3301 5810 3355 5866 in
3386 5824 3548 5864 carne

1977 5936 2076 5973 lllll
2119 5939 2134 5968 ι
2168 5915 2320 5988 (Gen.
2347 5919 2441 5977 ul;
2473 5922 2526 5966 et
2557 5910 2823 5978 completa
2857 5917 2934 5962 est
2966 5915 3115 5961 sexta
3148 5912 3302 5958 :rtate
3344 5899 3544 5956 saeculi.

3011 5999 3048 6056 5
