4074 6334
545 406 650 465 139

545 523 811 581 Senectus
833 522 985 578 Sarae
1010 520 1068 576 in
1092 520 1251 592 plebe
1280 518 1398 584 Dei,
1427 518 1533 572 hoc
1563 523 1663 577 est,
1698 513 1753 569 in
1784 508 2130 567 multitudine
2156 506 2210 570 Α

542 614 954 688 prophetarum,
980 613 1087 667 hoc
1112 609 1258 666 idem
1288 605 1560 681 signiﬁcat
1613 604 1740 675 quia
1770 602 1825 658 in
1852 600 1962 656 ﬁne
1994 607 2130 655 tem-

547 720 739 779 porum
787 719 857 761 ex
910 701 1069 775 plebe
1123 708 1435 757 sanctarum
1486 696 1790 751 animarum
1842 700 2002 747 natus
2050 698 2135 746 est

549 802 816 857 Christus.
850 792 1124 855 Steriiitas
1144 793 1262 864 ejus
1283 789 1553 865 signiﬁcat
1572 788 1717 860 quod
1741 788 1796 842 in
1818 787 1923 842 hoc
1941 781 2137 840 saacuio

549 907 645 964 spe
679 890 814 947 salvi
858 888 990 944 facti
1018 901 1230 952 sumus,
1279 890 1334 939 et
1379 882 1435 937 in
1486 880 1727 946 Christo,
1778 887 2037 949 tanquam
2080 874 2138 930 in

549 984 737 1050 Isaac,
783 994 977 1038 omnes
1014 978 1125 1034 nati
1154 991 1371 1039 sumus,
1420 988 1582 1043 quem
1624 978 1841 1044 partum
1884 966 2141 1025 Ecclesia:

552 1074 686 1150 [Al.,
714 1070 985 1143 Ecclesia]
1023 1070 1078 1125 in
1122 1068 1228 1124 ﬁne
1262 1075 1569 1138 temporum
1612 1078 1720 1121 non
1765 1071 1957 1118 natura
1984 1102 1998 1126 ,
2046 1058 2143 1115 sed

550 1169 725 1239 gratia
755 1165 1097 1237 procreavit:
1138 1162 1418 1218 Abraham
1451 1172 1583 1231 ergo
1596 1159 1781 1241 'Deum
1813 1156 2031 1211 Patrem
2064 1153 2140 1209 si—

554 1259 807 1332 gniﬁcat,
835 1257 986 1313 Isaae
1010 1254 1313 1311 Christum.
1352 1251 1508 1307 Sicut
1535 1250 1681 1305 enim
1710 1246 1985 1303 Abraham
2017 1243 2144 1299 uni-

555 1367 683 1408 cum
721 1360 779 1407 et
818 1350 1075 1407 dilectum
1106 1346 1279 1402 ﬁlium
1310 1343 1588 1400 victimam
1634 1341 1743 1397 Deo
1783 1339 2021 1404 obtulit,
2069 1337 2147 1393 sic

553 1444 698 1498 Deus
723 1441 886 1497 Pater
910 1440 1253 1512 unigenitum
1300 1436 1503 1493 Filium
1551 1448 1650 1506 pro
1700 1430 1856 1490 nobis
1902 1428 2144 1488 tradidit.

554 1537 622 1593 Et
667 1535 810 1592 sicut
854 1534 1009 1588 lsaac
1054 1532 1202 1603 ligna
1232 1530 1519 1602 portabat,
1556 1518 1756 1599 quibus
1792 1518 2150 1596 imponendos

554 1634 694 1690 erat,
726 1626 807 1681 sic
834 1624 1086 1682 Christus
1109 1634 1352 1686 crucem,
1388 1621 1443 1676 in
1475 1636 1581 1690 qua
1611 1617 1857 1691 ﬁgendas
1886 1610 2025 1671 erat.

628 1719 793 1776 Vens.
823 1717 980 1774 9-H.
1013 1742 1084 1759 -ι
1115 1737 1134 1769 ι
1163 1715 1407 1785 Cumque
1454 1714 1761 1786 alligasset,
1793 1732 1811 1765 ι
1844 1721 1951 1768 etc.
1998 1710 2147 1784 (lsm.

558 1811 646 1866 ubi
672 1807 880 1881 supra.)
912 1809 1063 1866 lsaac
1089 1809 1269 1881 ligatis
1297 1807 1525 1879 pedibus
1550 1806 1709 1862 altari
1740 1804 2147 1877 superponitur,

561 1911 616 1959 et
638 1901 891 1958 Christus
929 1901 1082 1957 cruci
1113 1900 1375 1972 afﬁgitur.
1428 1897 1536 1955 Sed
1565 1898 1710 1970 quod
1743 1896 2037 1968 ﬁguratum
2067 1903 2153 1951 est

563 2011 659 2067 per
686 1994 857 2059 Isaac,
886 1992 1208 2048 translatum
1237 1999 1321 2046 est
1351 1990 1417 2046 ad
1446 1990 1674 2045 arietem
1694 2034 1707 2056 ,
1746 1989 1873 2059 quia
1904 1984 2154 2043 Christus

561 2085 699 2140 ovis.
752 2083 872 2155 Ipse
899 2082 1043 2137 enim
1076 2080 1236 2147 ﬁlius,
1277 2082 1405 2151 quia
1438 2089 1631 2145 natus;
1677 2078 1841 2142 aries,
1883 2075 2008 2147 Quia
2048 2076 2153 2130 im-

492 2192 499 2197 ·
562 2174 816 2232 molatus.
849 2172 907 2229 in
928 2171 1182 2244 vepribus
1202 2171 1369 2228 haeret
1391 2172 1558 2237 aries,
1580 2186 1714 2227 crux
1737 2184 1945 2225 cornua
1970 2166 2153 2222 habet.

563 2265 624 2324 Si
673 2266 820 2321 enim
876 2264 983 2320 duo
1031 2263 1176 2335 ligna
1233 2263 1673 2334 compingantur,
1723 2259 1905 2315 crucis
1950 2257 2159 2328 species

564 2357 830 2415 redditur.
889 2355 1042 2413 Unde
1087 2355 1291 2411 Habac.
1340 2369 1439 2411 tu:
1477 2372 1496 2406 ι
1530 2354 1749 2409 Cornua
1800 2351 1854 2407 in
1906 2350 2159 2406 manibus

564 2447 703 2518 ejus.
735 2466 756 2500 ι
798 2446 1071 2502 Cornibus
1098 2458 1230 2515 ergo
1257 2443 1471 2498 haerens
1499 2442 1665 2506 aries,
1694 2440 1947 2497 Christus
1975 2439 2156 2494 cruci-

568 2541 710 2596 fixus
734 2548 836 2596 cst.
871 2538 1079 2609 Vepres
1107 2546 1286 2591 autem
1316 2536 1521 2606 spinae:
1563 2536 1732 2606 spina:
1770 2534 1999 2605 iniquae,
2040 2546 2161 2603 quae

570 2634 862 2688 Dominum
892 2630 1313 2701 suspenderunt.
1346 2627 1496 2682 Inter
1522 2629 1709 2699 Spinas
1739 2625 1882 2681 enim
1910 2633 2183 2695 peccato--

571 2740 690 2781 rum
719 2738 1014 2795 suspensus
1042 2733 1143 2777 est.
1181 2720 1338 2778 Unde
1364 2719 1477 2776 Jer.
1501 2735 1514 2772 ε
1547 2739 1565 2772 ι
1600 2718 1783 2790 Spinis
1811 2726 2162 2788 peccatorum

571 2832 795 2874 suorum
824 2815 1186 2872 circumdedit
1222 2829 1307 2868 me
1334 2812 1564 2884 populus
1594 2812 1681 2868 hic
1705 2808 2112 2884 (Jer.xxxvm.)
2136 2826 2156 2861 ι

571 2911 677 2966 Alii
701 2911 845 2966 hunc
867 2908 1093 2964 arietem
1118 2908 1171 2961 in
1192 2907 1451 2977 vepribus
1471 2905 1718 2977 ligatum,
1736 2903 2013 2959 Christum
2037 2910 2164 2957 ante

576 3002 1004 3059 immolationem
1031 2999 1203 3069 spinis
1233 3007 1554 3053 coronatum
1586 2995 1907 3065 intelligunt.

648 3096 808 3153 Vsus.
845 3096 934 3151 l2.
957 3126 1031 3137 —
1070 3114 1089 3146 ι
1126 3093 1241 3149 Non
1288 3093 1625 3165 peperceris,
1654 3112 1673 3145 ι
1723 3102 1828 3148 etc.
1882 3090 2041 3164 (Ave.
2073 3089 2165 3144 ubi

574 3191 783 3262 supra.)
820 3188 1095 3259 .Nunquid
1143 3202 1251 3243 non
1301 3186 1547 3257 pepercit
1592 3185 1869 3240 Abraham
1916 3183 2026 3238 ﬁlio
2065 3196 2165 3239 suo

576 3235 796 3357 prgptelr
825 3235 1122 3353 angeltum?
1173 3278 1283 3335 Sed
1304 3235 1401 3333 Ιίιῖ
1425 3277 1619 3349 angelo
1650 3276 1909 3348 ﬁguratus
1945 3283 2028 3330 est
2061 3272 2168 3330 Do-
2193 3235 2238 3299 Ο

576 3376 776 3437 minus,
805 3372 899 3444 qui
930 3373 1078 3428 Deus
1106 3380 1189 3429 est
1216 3378 1273 3427 et
1296 3369 1479 3441 magni
1511 3369 1722 3426 consilii
1757 3368 2001 3441 angelus.
2036 3368 2171 3424 Erat

577 3468 724 3524 enim
754 3466 810 3521 in
842 3464 1036 3538 angelo
1061 3466 1225 3530 Deus,
1248 3472 1304 3521 et
1327 3478 1391 3518 ex
1424 3461 1544 3532 ejus
1569 3476 1798 3534 persona
1824 3462 2164 3532 loquebatur.

577 3560 693 3616 Hoc
734 3559 907 3631 magis
938 3559 994 3613 in
1041 3556 1396 3629 sequentibus
1431 3554 1733 3628 apparebit,
1772 3566 1895 3611 cum
1922 3554 2165 3610 dicitur:

585 3672 602 3704 ι
632 3652 701 3708 Et
727 3652 945 3709 vocavit
987 3650 1213 3722 angelus
1252 3648 1469 3706 Domini
1507 3648 1785 3705 Abraham
1828 3648 2067 3704 secundo
2103 3646 2173 3703 de

583 3744 742 3811 etelo,
777 3744 965 3799 dicens
992 3762 1005 3795 :
1040 3740 1147 3797 Per
1178 3742 1556 3812 memetipsum
1579 3736 1793 3810 juravi,
1824 3734 1957 3795 di'cit
1986 3739 2173 3794 Domi-

587 3853 705 3893 nus.
743 3855 762 3891 ι
817 3835 935 3891 Non
961 3836 1107 3891 enim
1137 3834 1296 3890 facile
1342 3832 1617 3889 invenitur
1645 3830 1922 3890 Christum
1954 3832 2173 3888 Patrem

582 3930 764 3987 dicere
791 3937 1050 3999 tanquam
1080 3926 1366 3983 Dominum
1384 3965 1398 3991 ,
1430 3924 1736 3996 praesertim
1765 3932 1891 3980 ante
1920 3918 2174 3980 incarna-

586 4022 812 4077 tionem.
866 4018 1003 4075 Nam
1033 4019 1329 4076 secundum
1356 4031 1578 4072 carnem
1624 4015 1730 4072 hoc
1770 4029 2007 4087 congrue
2039 4015 2175 4072 dici-

589 4120 698 4178 tur,
727 4110 1023 4167 secundum
1049 4124 1211 4181 quam
1240 4109 1292 4163 in
1322 4109 1529 4179 psalmo
1556 4123 1596 4162 ιι
1622 4106 1849 4164 dicitur:
1875 4127 1892 4160 ι
1920 4107 2177 4163 Dominus

587 4202 725 4259 dixit
752 4201 821 4258 ad
848 4216 957 4266 me,
988 4220 1007 4254 ι
1040 4208 1145 4255 etc.
1194 4198 1349 4267 Quod
1379 4208 1558 4253 autem
1587 4196 1792 4254 dictum
1830 4206 1915 4255 est
1951 4197 2173 4264 ibidem,

1042 398 1441 461 WALAFRIDI
1482 392 1734 455 STRABI
1770 394 1977 452 FULD.
2021 386 2187 449 MON.
2228 388 2380 447 OPP.
2421 388 2602 448 PARS
2639 390 2680 447 ι.
2719 422 2783 433 ›--
2827 386 3285 451 THEOLOGICA.

3714 376 3828 440 ιω

2803 505 3031 565 CAPUT
3064 504 3251 563 XXIII.

2307 646 2470 702 Vsus.
2501 644 2726 707 1-6.ζ--
2767 661 2787 695 ι
2818 642 2967 698 Vixit
3013 646 3195 697 autem
3243 636 3379 694 Sara
3410 676 3426 702 ,
3459 653 3481 688 ι
3530 645 3639 689 etc.
3690 644 3710 682 ι
3754 630 3836 687 Et

2238 745 2446 795 mortua
2478 744 2563 791 est
2588 735 2645 791 in
2669 735 2890 790 civitate
2915 733 3114 799 Arbee,
3145 750 3165 785 ι
3200 738 3308 785 etc.
3333 726 3515 800 (illum
3542 726 3599 780 in
3620 721 3833 790 Quarti.

2240 829 2430 901 Hebr.)
2446 827 2576 896 Quae
2601 837 2685 884 est
2709 827 2763 881 in
2788 826 2956 881 valle:
2980 824 3085 880 hoc
3111 824 3165 878 in
3186 818 3512 877 audiemus
3538 815 3692 871 libris
3720 812 3840 869 non

2242 922 2493 987 habetur,
2521 928 2650 986 etc.,
2682 934 2850 990 usque
2878 916 2949 972 ad
2992 917 3136 973 sicut
3174 915 3231 970 in
3271 912 3412 968 libro
3447 908 3613 967 insue
3643 906 3841 978 aperte

2243 1014 2668 1070 demonstratur.

2314 1103 2477 1161 Vens.
2508 1102 2664 1161 7-i5.
2689 1132 2760 1144 ——
2790 1110 2809 1155 t
2843 1099 3094 1157 Surrexit
3121 1097 3420 1162 Abraham,
3450 1113 3470 1147 ι
3498 1101 3606 1151 etc.
3648 1091 3842 1165 (Ama,

2246 1200 2447 1271 Quaest.
2474 1202 2530 1255 in
2549 1196 2707 1271 Cen.)
2740 1198 3014 1266 Quaeritur
3039 1194 3311 1266 quomodo
3338 1182 3614 1248 Abraham
3641 1189 3848 1244 adora-

2244 1291 2323 1347 vit
2364 1291 2620 1363 populum
2652 1300 2831 1358 terrae,
2860 1297 2994 1357 etc.,
3025 1298 3188 1361 usque
3215 1282 3286 1342 ad
3331 1290 3388 1342 et
3427 1280 3550 1341 ideo
3581 1282 3850 1339 adorator

2246 1382 2602 1453 corrigendos
2628 1391 2764 1437 erat.

2319 1477 2483 1533 Vsus.
2516 1475 2604 1533 l6.
2640 1506 2712 1517 —-
2752 1495 2770 1528 ι
2801 1473 2957 1543 Quod
2987 1486 3111 1529 cum
3145 1468 3410 1536 audisset,
3440 1478 3461 1521 ι
3488 1468 3595 1523 etc.
3632 1462 3851 1537 (illum,

2249 1571 2314 1625 de
2357 1568 2483 1625 locis
2525 1568 2716 1641 Hebr.)
2767 1568 2826 1623 In
2871 1566 3122 1630 llebrmo,
3171 1563 3318 1619 sicut
3360 1560 3662 1632 posuimus,
3708 1564 3854 1621 etc.,

2250 1679 2414 1735 usque
2440 1668 2509 1717 ad
2535 1676 2661 1720 eum
2686 1662 2851 1717 etiam
2882 1655 3335 1731 reprehendatur;
3376 1650 3469 1726 Qui
3510 1650 3717 1707 invitos
3759 1663 3859 1704 ac-

2251 1755 2477 1826 ceperit.

2176 1870 2228 1934 B
2326 1845 2488 1901 Vens.
2521 1842 2710 1899 “~20.
2734 1873 2806 1884 -—
2837 1861 2856 1895 ι
2885 1840 3358 1907 Conﬁrmatusque
3387 1834 3471 1890 est
3501 1847 3653 1904 ager,
3685 1851 3705 1883 ι
3738 1840 3854 1934 etc.

2256 1939 2449 2012 (Gneo.
2469 1979 2485 2004 ,
2516 1938 2610 1994 lib.
2646 1950 2701 1993 vr
2732 1934 2957 2001 MotaL,
2987 1949 3035 1991 c.
3065 1932 3184 2003 25.)
3215 1930 3394 1987 innuit
3419 1930 3726 1999 sepulcrum
3751 1925 3859 1980 du-

2254 2031 2401 2103 plex,
2414 2040 2547 2097 etc.,
2561 2046 2725 2103 usque
2742 2028 2812 2084 ad
2835 2028 2917 2084 vel
2941 2030 3161 2099 propter
3179 2018 3513 2097 operationis
3532 2020 3859 2078 instantiam

2257 2122 2673 2194 contemplanda
2699 2119 2998 2193 postponit.

2335 2234 2353 2268 ι
2388 2214 2727 2285 ερρωμαι.»
2792 2211 2861 2267 Et
2911 2211 3059 2267 circa
3105 2214 3225 2265 eam
3272 2208 3404 2281 ager
3444 2202 3741 2262 aibbroﬁus
3786 2204 3861 2261 ad

2260 2292 2629 2379 sepeliendam
2659 2306 2850 2362 Saram
2881 2303 3294 2377 quadringentis
3330 2292 3481 2358 siclis'
3514 2296 3726 2373 argenti
3753 2314 3863 2371 per

2260 2399 2628 2471 patriarcham
2678 2413 2710 2454 a
2755 2397 2992 2453 dominis
3030 2404 3194 2452 terrae
3232 2394 3470 2451 emitur:
3504 2394 3629 2466 quia
3663 2388 3732 2448 ad
3760 2407 3864 2447 va-

2262 2493 2493 2548 candum
2524 2490 2807 2561 sapientiae
2844 2496 2902 2546 et
2932 2488 3260 2545 studendum
3291 2486 3489 2544 actioni
3512 2528 3527 2551 ,
3578 2478 3678 2542 sub
3709 2484 3866 2541 foliis

2263 2584 2616 2656 mysticorum
2650 2582 2971 2647 verborum,
3013 2591 3270 2651 tanquam
3307 2578 3408 2636 sub
3439 2570 3733 2634 fructuosis
3768 2594 3865 2632 ar-

2262 2678 2502 2739 boribus,
2534 2688 2640 2730 non
2670 2676 2832 2730 aliter
2860 2673 3311 2746 przedicatorihus
3338 2673 3555 2744 quietus
3584 2670 3736 2727 locus
3763 2686 3868 2727 ac—

2264 2771 2524 2842 quiritur,
2575 2770 2682 2825 nisi
2732 2785 2830 2841 per
2862 2766 3230 2840 evangelicum
3261 2764 3596 2833 doctrinam,
3646 2768 3866 2840 argenti

2265 2862 2444 2917 nitore
2488 2861 2829 2933 fulgentem,
2896 2861 3132 2916 terrenis
3185 2856 3548 2930 potestatibus
3610 2850 3678 2912 ah
3726 2856 3869 2928 ipsis

2265 2964 2468 3010 aeterna
2511 2952 2794 3010 beatitudo
2828 2953 3139 3007 suadentur.
3192 2954 3326 3019 Quae
3366 2954 3505 3006 bene
3543 2951 3871 3007 centenario

2266 3055 2463 3117 quater
2484 3046 2647 3103 ducto
2670 3045 2957 3117 ﬁguratur,
2978 3045 3105 3115 quia
3126 3060 3157 3099 a
3179 3044 3307 3099 laeva
3333 3044 3389 3100 in
3412 3045 3657 3100 dextram
3682 3052 3871 3101 trans-

2266 3134 2459 3193 fertur.

2833 3228 3064 3287 CAPU'I‘
3100 3226 3287 3287 XXIV.

2343 3352 2509 3419 Veiis.
2546 3360 2600 3431 i,
2641 3358 2697 3417 2.
2724 3392 2790 3404 —
2833 3382 2854 3415 ι
2887 3362 3019 3418 Erat
3051 3371 3232 3418 autem
3261 3362 3539 3419 Abraham
3577 3378 3871 3419 senex.....

2278 3474 2296 3507 ι
2324 3448 2662 3537 ῡίἑιίιᾲιιθιιά
2680 3470 2900 3512 servum
2918 3455 3219 3512 seniorem:
3251 3444 3400 3513 Pone
3429 3473 3672 3524 manum,
3705 3475 3727 3510 ι
3756 3464 3871 3513 etc.

2275 3546 2495 3623 (ῧιιεο.)
2552 3546 2771 3605 Manum
2803 3550 2905 3607 sub
2934 3548 3142 3606 femore
3181 3549 3340 3621 jubet
3378 3565 3619 3622 ponere,
3670 3557 3731 3605 et
3773 3566 3877 3621 per

2274 3640 2445 3698 Deum
2476 3641 2599 3698 caeli
2632 3638 2854 3712 jurar'e,
2896 3642 3026 3713 quia
3063 3643 3209 3699 illius
3241 3658 3372 3699 caro
3408 3658 3508 3717 per
3536 3642 3668 3700 illud
3696 3658 3876 3700 mem-

2274 3734 2433 3790 brum
2464 3734 2801 3793 descensura
2827 3743 2947 3792 erat
2974 3776 2990 3802 ,
3038 3736 3133 3806 qui
3174 3734 3319 3791 ﬁlius
3357 3720 3591 3793 Abrahae
3617 3744 3765 3792 esset
3800 3750 3874 3792 ex

2277 3827 2614 3884 humanitate
2635 3867 2650 3893 ,
2695 3836 2753 3884 et
2790 3828 3009 3884 divinus
3036 3843 3106 3884 ex
3136 3827 3451 3894 divinitate;
3495 3827 3653 3900 quasi
3681 3827 3872 3885 dicat:

2277 3919 2462 3991 Tange
2490 3918 2688 3976 Filium
2719 3926 2933 3987 meum,
2962 3922 3024 3977 et
3043 3919 3169 3991 jura
3196 3928 3298 3993 per
3324 3920 3493 3977 Deum
3526 3934 3729 3977 meum.
3770 3920 3878 3978 Ve-

2277 4021 2582 4070 rumtamen
2609 4029 2719 4071 non
2744 4028 2910 4088 super
2936 4014 3134 4083 femur,
3161 4015 3259 4073 sed
3288 4016 3387 4073 sub
3413 4013 3622 4073 femore
3649 4030 3875 4073 manum

2276 4116 2477 4176 ponere
2496 4102 2672 4175 jubet,
2700 4102 2830 4178 quia
2860 4098 3374 4189 indedescensurus
3398 4117 3538 4176 erat,
3566 4106 3657 4179 qui
3686 4107 3878 4177 homo,

2279 4200 2373 4257 sed
2403 4216 2567 4271 super
2593 4200 2845 4257 homines
2872 4210 3054 4269 esset;
3107 4202 3250 4259 unde
3287 4202 3507 4274 dignum
3542 4217 3649 4258 non
3680 4201 3785 4257 fuit
3817 4211 3879 4259 ut

584 4310 634 4350 c.
667 4294 741 4349 9:
777 4312 795 4346 ι
828 4292 975 4348 Dixit
1002 4282 1266 4347 Dominus
1300 4290 1531 4345 Domino
1560 4306 1702 4357 meo,
1735 4311 1755 4344 ι
1789 4299 1919 4354 etc.,
1960 4290 2028 4346 ad
2054 4304 2181 4362 pro-
2279 4307 2500 4346 manum
2531 4308 2696 4363 super
2724 4293 2904 4350 femur
2930 4303 3188 4365 poneret,
3224 4295 3355 4367 quia
3379 4293 3528 4350 nulla
3554 4310 3685 4351 caro
3711 4309 3880 4366 super

583 4387 803 4457 phetam
828 4385 931 4441 hoc
954 4382 1192 4439 refertur
1212 4382 1303 4454 qui
1328 4381 1599 4453 loquitur;
1634 4383 1776 4439 sicut
1806 4382 1971 4440 illud:
1999 4403 2015 4434 ι
2036 4382 2181 4439 Pluit

588 4476 849 4532 Dominus
872 4492 903 4530 a
929 4474 1177 4538 Domino,
1205 4492 1223 4526 ι
1252 4473 1306 4529 id
1324 4483 1432 4539 est,
1458 4474 1721 4530 Dominus
1744 4484 1950 4542 noster,
1973 4475 2183 4532 scilicet

588 4569 780 4631 Filius,
811 4583 841 4621 a
868 4566 1101 4623 Domi'no
1129 4574 1340 4627 nostro,
1370 4566 1531 4623 Patre
1558 4564 1785 4623 scilicet.

2282 4380 2667 4531 ‘ll‘iVl’lsnzsfS-S.
2691 4505 2764 4515 —
2802 4494 2821 4527 ι
2857 4448 2929 4532 Ut
2973 4492 3084 4532 non
3129 4476 3387 4548 accipias.
3423 4498 3443 4531 ι
3478 4476 3700 4551 (ῧιιεθ.)
3733 4474 3882 4534 Am-

2201 4599 2259 4663 Β
2278 4568 2476 4663 porice.
2507 4564 2658 4663 Isaac
2681 4562 2765 4663 ﬁde
2788 4560 3482 4663 AﬁiiabusﬂChananaaorutn
3526 4586 3666 4628 uxor
3694 4572 3882 4643 prohi—

664 4661 829 4716 Vsns.
862 4659 950 4715 i3.
974 4690 1043 4699 —
1092 4678 1112 4710 ί
1144 4658 1402 4715 Arietem.
1434 4679 1452 4712 ι
1489 4658 1668 4733 (Δις.)
1702 4660 1985 4718 Historice.
2022 4662 2179 4720 Aries
2201 4654 2249 4663 '
2284 4659 2467 4725 betur,
2512 4656 2639 4729 Quia
2670 4658 2893 4715 Christo
2934 4654 3094 4718 nulla:
3136 4663 3489 4734 reproborum
3523 4664 3719 4720 animae
3747 4680 3883 4721 con-

591 4753 685 4851 (ψὶ
730 4765 831 4822 pro
858 4749 1009 4805 Isaac
1040 4750 1352 4806 immolatus
1382 4759 1495 4818 est,
1540 4768 1649 4807 non
1694 4754 2035 4822 putavimus,
2085 4753 2181 4810 sed

594 4840 758 4897 v'erus
784 4853 889 4897 est.
923 4840 1049 4897 Ideo
1076 4842 1250 4913 magis
1278 4850 1502 4913 putatur
1533 4844 1780 4916 angelu’m
1811 4860 1932 4901 eum
1964 4845 2182 4902 aliunde

596 4931 872 4997 attulisse,
913 4946 1074 5001 quam
1107 4932 1179 4986 ibi
1210 4932 1277 4988 de
1308 4942 1453 4988 terra
1482 4945 1605 5005 post
1647 4948 1741 4991 sex
1773 4936 1981 4991 dierum
1998 4934 2180 5007 ‘opera

598 5024 882 5079 Dominum
907 5037 1244 5095 procreasse.

677 5135 695 5169 ι
728 5116 968 5172 Arietem
1012 5115 1158 5173 inter
1187 5132 1398 5189 vepres,
1440 5138 1459 5173 ι
1513 5128 1619 5175 etc.
1673 5118 1855 5191 (lima.
1892 5122 1946 5176 in
1978 5116 2178 5188 Qua'st.

604 5204 813 5277 Hebr.)
863 5205 1055 5277 Aquila
1103 5224 1304 5280 veprem
1343 5209 1428 5264 vel
1465 5210 1756 5280 spinetum,
1801 5210 2011 5282 posuit,
2049 5221 2181 5270 εις..

602 5313 766 5368 usque
792 5296 861 5350 ad
887 5299 1031 5368 quod
1062 5299 1135 5354 ita
1164 5298 1428 5355 Hebraice
1456 5300 1673 5355 dicitur.

673 5387 837 5444 Vnus.
870 5386 1155 5445 ιι-ι9.-
1200 5410 1219 5441 ‹
1266 5390 1677 5461 Appellavitque
1728 5408 1953 5461 nomen,
2001 5416 2019 5447 ι
2073 5406 2181 5451 etc.

603 5479 786 5552 (lima.
831 5478 920 5535 ubi
965 5480 1174 5553 supra.)
1224 5480 1332 5536 Pro
1361 5496 1426 5537 eo
1454 5483 1594 5553 quod
1630 5486 1717 5539 hic
1748 5485 1998 5553 habetur,
2050 5490 2181 5555 etc.,

603 5590 764 5644 usque
792 5573 862 5627 ad
890 5588 987 5645 per
1012 5573 1446 5630 incarnationem
1474 5570 1702 5633 scilicet.

672 5663 836 5722 Vens.
858 5666 1055 5722 20m.
1080 5695 1153 5707 —
1181 5688 1199 5719 ι
1230 5666 1456 5723 Melcba.
1493 5690 1511 5721 ι
1551 5668 1730 5743 (lima.
1760 5675 1845 5729 ubi
1872 5676 2076 5749 supra.)
2108 5678 2185 5736 De

602 5757 809 5815 Mclcha
838 5776 1010 5816 uxore
1040 5759 1274 5827 Nachor,
1307 5770 1435 5825 etc.,
1468 5780 1631 5836 usque
1659 5766 1728 5820 ad
1765 5778 1818 5823 et
1858 5769 1909 5824 in
1944 5769 2059 5841 ip~o
2090 5790 2184 5829 no-

602 5852 747 5907 mine
778 5852 972 5923 legitur
999 5854 1050 5907 in
1078 5852 1233 5909 Isaia.

2277 4750 2601 4824 junguntur.
2632 4742 2709 4809 De
2733 4742 3057 4826 cognatione
3084 4771 3223 4811 uxor
3242 4754 3364 4813 duci
3390 4757 3726 4835 praecipitur,
3749 4759 3881 4830 quia

2284 4841 2399 4899 sola
2459 4842 2756 4900 electorum
2810 4844 3052 4903 Ecclesia
3099 4846 3320 4903 Christo
3367 4849 3668 4920 copulauda
3720 4860 3880 4915 erat,

2284 4949 2448 5005 quam
2486 4934 2601 5006 ipse
2632 4934 2956 5008 Unigeuitus
3003 4953 3068 4993 ex
3117 4940 3594 5010 praedestinatione
3639 4948 3697 4996 et
3740 4958 3884 5013 pne-

2286 5024 2514 5080 scientia
2537 5024 2651 5095 jam
2680 5036 3000 5083 extraneum
3035 5044 3143 5085 non
3180 5028 3433 5085 habebat.
3490 5030 3633 5086 Puer
3670 5032 3763 5101 qui
3814 5032 3884 5087 ad

2288 5136 2516 5177 uxorem
2549 5122 2920 5181 deducendam
2953 5127 3209 5193 mittitur,
3242 5129 3631 5199 prophetarum
3665 5138 3721 5185 et
3753 5145 3885 5202 apo-

2289 5210 2572 5280 stolorum,
2602 5217 2958 5289 omniumque
2989 5220 3274 5276 doctorum
3304 5223 3441 5278 ordo
3466 5231 3585 5287 est;
3626 5222 3719 5292 qui
3752 5222 3885 5279 dum

2296 5308 2512 5361 verbum
2541 5310 2945 5379 praedicationis
2970 5311 3197 5379 faciunt,
3222 5312 3484 5386 cujusque
3509 5315 3705 5372 animae
3723 5314 3886 5386 quasi

2289 5396 2679 5483 conjungenda:
2708 5403 2988 5474 unigenito
3016 5405 3152 5460 Filio
3180 5407 3494 5477 provisores
3519 5406 3675 5464 ﬁunt.

2359 5491 2526 5547 Vens.
2555 5493 2610 5549 9.
2640 5523 2711 5535 -
2743 5512 2761 5546 ι
2795 5495 2984 5575 Posuit
3008 5512 3159 5569 ergo,
3191 5517 3209 5550 ι
3241 5505 3347 5555 etc.
3380 5498 3564 5571 (linea.
3591 5500 3649 5555 in
3673 5498 3880 5567 amt.

2293 5583 2481 5659 Hebr.)
2520 5585 2762 5643 Tradunt
2790 5586 3003 5644 Hebraei
3033 5590 3159 5663 quia
3188 5590 3244 5645 in
3272 5590 3704 5649 sanctiﬁcatione
3729 5592 3881 5662 ejus,

2288 5688 2418 5745 etc.,
2442 5696 2605 5752 usque
2634 5679 2702 5734 ad
2727 5689 2784 5737 et
2806 5682 3019 5751 pondus
3044 5682 3414 5740 tribulationis
3438 5683 3657 5741 fortiter
3676 5684 3879 5753 ferant,

2288 5772 2431 5847 quod
2461 5772 2655 5830 cameli
2685 5774 3015 5846 signiﬁcant.

2364 5866 2526 5925 Vens.
2562 5868 2641 5924 io.
2660 5898 2724 5909 --
2746 5894 2762 5919 ι
2785 5867 2866 5925 Ex
2886 5868 3137 5931 omnibus
3158 5869 3317 5955 bouis
3336 5868 3477 5944 ejus,
3496 5889 3516 5927 ι
3533 5880 3641 5955 etc.
3658 5866 3880 5941 (Gnaeo)
