4074 6334
263 439 364 501 Ml

1295 435 1563 494 GLOSSA
1601 433 1998 492 ORDINABIA.
2041 464 2110 473 —-—
2146 433 2274 488 ΜΒ.
2316 431 2472 488 GEN.

3415 429 3520 487 ιη

253 559 397 627 Qttia
430 557 516 610 his
560 570 680 625 qnze
719 553 784 608 de
830 553 1056 608 Domino
1101 543 1414 620 loquuntur,
1451 551 1503 605 in
1535 549 1843 619 semetipsis
1870 550 1921 612 Α
1951 546 2088 601 tiosa
2119 547 2330 600 mansio
2359 555 2442 600 est
2462 586 2475 605 ,
2519 545 2570 598 in
2603 545 2763 598 corde
2796 543 3060 598 auditoris
3088 543 3315 599 latitudo
3341 545 3519 602 chari-

255 651 524 704 virtntum
557 647 770 702 divitias
804 643 1134 710 ostendunt,
1185 653 1243 698 ιιι
1280 651 1431 699 tanto
1461 644 1620 698 cilius
1660 643 1728 698 ad
1757 657 1843 697 se-

256 741 535 812 quendum
569 739 733 792 Deum
765 737 1022 802 invitent,
1054 745 1258 806 quanto
1288 736 1401 791 sitis
1425 735 1762 793 auditoribus
1789 735 1842 790 in

255 835 458 908 seipsis
488 839 791 908 monstrant
815 847 932 902 quae
960 837 1202 884 narrant.

333 907 502 982 Vens.
534 907 724 980 il-l3.
761 955 830 965 —
869 942 888 974 ι
919 921 1078 978 J‘uxta
1104 930 1344 992 puteum.
1379 941 1396 972 ι
1432 919 1647 992 (Germ)
1681 917 1842 975 Juxta

257 1023 469 1076 fontem
500 1018 669 1080 stetit,
697 1025 753 1071 et
776 1032 846 1071 ex
874 1015 1092 1085 praeﬁxa
1122 1007 1410 1077 sententia,
1437 1027 1554 1082 quae
1578 1011 1722 1067 esset
1749 1009 1845 1066 cli-

263 1113 439 1184 genda
488 1109 801 1182 proposuit,
856 1107 981 1178 quia
1030 1107 1198 1162 sancti
1251 1105 1634 1175 praedicatores
1676 1102 1842 1158 verba

261 1201 489 1258 liuentia
516 1189 878 1254 considerant.
914 1191 1064 1253 Unde
1088 1191 1341 1266 col'ligtitlt
1366 1209 1524 1266 quem
1545 1189 1628 1248 vel
1649 1193 1843 1264 quibus

265 1293 607 1350 auditoribus
639 1290 888 1345 ﬁduciam
919 1287 1264 1343 certitudinis
1292 1295 1588 1342 assumant.

337 1381 504 1437 Vens.
539 1375 728 1435 H-lii.
756 1410 828 1420 --
867 1397 886 1431 ι
914 1373 1081 1448 Igitur
1120 1371 1316 1448 puella,
1349 1395 1367 1428 ι
1402 1383 1505 1432 etc.
1550 1374 1732 1447 (Auu.,
1772 1373 1839 1440 ρ.

262 1476 316 1529 in
349 1474 508 1543 Gen.)
540 1469 897 1540 Quaerendum
926 1479 1010 1525 est
1035 1469 1162 1541 quid
1185 1467 1434 1524 differant
1453 1467 1654 1523 illicita:
1679 1481 1844 1538 augu-

267 1567 511 1621 rationes
540 1580 570 1618 a
601 1563 858 1634 "petitione
888 1559 1010 1628 hac,
1041 1569 1172 1628 etc.,
1208 1575 1370 1631 usque
1395 1559 1466 1614 ad
1495 1575 1604 1630 quo
1632 1567 1844 1615 tentare

266 1657 437 1710 Deum
466 1654 801 1724 prohibetttr.

343 1769 360 1800 ι
396 1747 598 1803 inclina
633 1743 878 1819 hydriam
911 1755 1078 1800 tuam.
1106 1765 1124 1798 ι
1159 1745 1391 1800 Humilia
1417 1744 1732 1819 saecularem
1763 1741 1844 1799 fa-

267 1841 521 1895 cundiam
551 1837 618 1894 ad
645 1835 1001 1893 hauriendum
1026 1837 1398 1908 propheticum
1427 1843 1752 1901 sermonem,
1782 1842 1841 1889 ut

268 1932 600 1986 voluntatem
632 1942 777 1985 tuam
807 1929 1142 2000 persuasioni
1173 1943 1305 1983 mea:
1331 1927 1606 1986 inclinem.

342 2021 508 2076 Vens.
542 2014 730 2076 l'l-2-l.
759 2052 830 2061 —
861 2040 878 2072 ι
911 2019 1266 2089 Occurritqite
1297 2019 1346 2074 ei
1383 2031 1596 2083 servus;
1640 2026 1696 2072 et
1724 2017 1800 2072 ait
1828 2035 1841 2071 :

277 2133 295 2166 ι
326 2111 657 2176 Pauxillu'm,
689 2131 708 2165 ι
737 2117 844 2168 etc.
870 2110 1087 2184 (Casu)
1117 2110 1422 2181 Attegon’ce.
1441 2107 1627 2164 Omnis
1655 2109 1850 2178 praedi-

268 2217 434 2262 cator
473 2205 708 2260 animam
754 2203 1018 2259 auditoris
1059 2203 1214 2260 sitit.
1265 2203 1388 2256 ideo
1437 2213 1626 2255 servus
1671 2199 1846 2269 petit,

267 2300 518 2354 Rebecca
548 2307 733 2368 potum
767 2299 950 2354 tribuit
975 2315 990 2352 :
1019 2297 1143 2366 quia
1171 2296 1462 2351 electorum
1489 2293 1728 2348 Euxiesia
1753 2293 1850 2348 de—

268 2394 472 2448 siderio
503 2392 913 2462 praedicatorum
944 2391 1008 2443 ex
1043 2389 1240 2442 virtute
1273 2403 1383 2441 suae
1410 2386 1530 2440 ﬁdei
1563 2383 1846 2441 satisfacit.

268 2485 403 2552 Quae
426 2485 571 2538 enim
597 2484 782 2546 Deum,
806 2496 964 2550 quem
991 2481 1159 2542 audit,
1182 2479 1488 2539 conﬁtetur,
1513 2475 1852 2546 prtedicatori

269 2591 467 2646 aquam
512 2573 818 2629 refectionis
845 2581 900 2626 et
930 2566 1194 2642 refrigerii
1223 2567 1400 2624 'otlcrt.
1448 2563 1516 2622 Et
1554 2557 1852 2621 notandum

271 2665 420 2736 quod
449 2663 698 2736 hydriam
730 2651 796 2717 ab
826 2663 1047 2716 humero
1075 2660 1342 2715 inclinans
1366 2657 1572 2730 posuit,
1607 2657 1731 2726 quia
1763 2655 1854 2710 illa

271 2757 546 2812 confessio
587 2753 791 2825 placida
831 2763 913 2810 cst
957 2753 1077 2824 quae
1127 2769 1158 2807 a
1211 2753 1354 2808 bono
1389 2761 1552 2822 opere
1585 2749 1850 2821 procedit.

273 2849 372 2904 Vel
406 2855 602 2919 aquam
631 2847 879 2917 praebuit,
907 2845 1032 2914 quia
1063 2844 1116 2898 in
1149 2858 1212 2898 eo
1237 2843 1380 2912 quod
1408 2841 1656 2904 credidit,
1687 2851 1855 2895 vacua

275 2957 384 2994 non
419 2932 699 2994 remansit.
755 2937 875 2992 Mori
907 2937 1047 2991 enim
1079 2929 1389 3005 praedicavit
1429 2932 1570 3002 quod
1617 2931 1851 2996 audivit,

273 3039 332 3087 et
358 3029 587 3086 dicendo
616 3028 811 3084 multos
843 3043 905 3082 ex
939 3041 995 3084 se
1021 3026 1402 3097 praedicatores
1428 3023 1671 3094 protulit.
1701 3023 1855 3092 Aqua

274 3126 424 3180 enim
458 3125 510 3178 in
544 3123 767 3195 hydria,
809 3121 1032 3178 scientia
1065 3117 1463 3190 prmdicatiouis
1493 3119 1544 3172 in
1577 3131 1850 3173 mensura.

277 3213 472 3270 Studet
501 3214 644 3268 enim
675 3229 779 3268 non
817 3213 936 3284 plus
973 3226 1163 3280 sapere
1198 3225 1358 3280 quam
1391 3215 1606 3280 oportet
1641 3222 1850 3278 sapere.

275 3304 482 3377 Hydria
532 3307 585 3360 in
634 3304 796 3369 ulna,
847 3313 1096 3358 mensura
1137 3301 1535 3373 praedicationis
1577 3301 1628 3355 iu
1668 3314 1850 3369 opere.

277 3397 394 3456 Nec
425 3396 596 3452 Solum
630 3395 878 3451 omnibus
907 3395 1192 3450 comitibus
1219 3394 1364 3462 ejus,
1407 3395 1498 3448 sed
1539 3397 1592 3448 et
1637 3391 1860 3448 camelis

277 3498 468 3562 potum
495 3489 718 3559 praebet,
741 3488 868 3558 quia
894 3487 1115 3542 verbum
1145 3488 1266 3540 vitte
1297 3501 1402 3540 non
1431 3484 1601 3538 solum
1631 3486 1862 3554 pruden-

281 3583 466 3648 tibus,
512 3581 605 3637 sed
648 3581 810 3636 etiam
843 3578 1024 3635 stultis
1055 3577 1397 3649 praedicatur.
1441 3575 1597 3630 Rem.
1631 3589 1685 3630 ιε
1717 3595 1735 3627 ι
1765 3575 1862 3631 Sa-

279 3671 555 3742 pientibus
582 3669 654 3727 'et
687 3667 1066 3741 insipientibus
1108 3670 1319 3725 debitor
1361 3673 1501 3724 Sunt;
1533 3682 1552 3720 ›
1593 3666 1690 3722 Vel
1721 3679 1863 3738 aqua

282 3765 449 3820 etiam
474 3765 735 3835 jutnentis
763 3763 940 3828 datur,
975 3773 1096 3819 cum
1127 3777 1256 3817 cura
1285 3761 1468 3817 carnis
1496 3761 1765 3831 quomodo
1791 3759 1863 3815 sit

281 3855 535 3914 habenda
557 3857 882 3928 disponitur,
905 3863 962 3919 ut
985 3871 1051 3911 ex
1071 3854 1344 3924 voluptate
1367 3869 1471 3908 non
1499 3854 1861 3924 impendatur,

284 3957 341 4000 et
389 3963 455 4002 ex
509 3945 830 4003 nec'éssitate
877 3963 982 4002 non
1029 3955 1295 4017 negetur;
1349 3945 1491 4000 unde
1530 3943 1688 3999 item.
1718 3953 1858 4000 xui:

292 4063 310 4094 ι
353 4040 546 4098 Carnis
598 4057 780 4097 curam
838 4057 904 4096 ne
952 4039 1191 4096 feceritis
1245 4040 1302 4094 iu
1355 4039 1679 4104 desideriis;
1731 4057 1752 4092 θ
1809 4047 1865 4093 et

283 4133 486 4202 Ephes.
515 4148 546 4187 v
574 4150 588 4187 :
624 4151 643 4185 ι
678 4129 843 4188 Nemo
867 4131 1013 4189 enim
1046 4145 1280 4201 unquam
1309 4141 1529 4187 carnem
1558 4139 1710 4186 suam
1737 4128 1862 4185 odio

281 4224 496 4280 habuit.
527 4241 547 4277 ι
1128 4224 1145 4236 ⁸

361 4315 525 4370 Vens.
572 4315 764 4371 22-24.
809 4345 879 4357 —
925 4332 944 4368 ι
996 4313 1226 4370 Protulit
1271 4317 1374 4381 vir,
1425 4335 1442 4366 ι
1497 4321 1602 4370 etc.
1655 4311 1863 4386 (Ηιειι.)

287 4407 429 4462 Bcka
458 4409 638 4496 (πρε),
673 4407 815 4478 quod
850 4408 937 4463 blc
973 4419 1073 4477 pro
1104 4408 1474 4496 didrachmate
1505 4407 1739 4477 ponitur,
1781 4421 1864 4460 se-

259 4482 531 4560 aniuncia
568 4507 688 4555 est:
723 4499 938 4556 Schekel
966 4511 1096 4556 veto
1125 4482 1335 4587 (ἥξειν),
1371 4500 1462 4570 qui
1505 4499 1726 4563 Latine,
1769 4497 1865 4553 sed

1948 639 2108 701 tatis;
2168 637 2307 690 unde
2353 636 2601 690 secundae
2647 634 2892 690 Corinth.
2925 644 3118 689 sexto:
3151 653 3170 685 ι
3207 634 3322 690 Non
3353 651 3522 710 angu-

1943 729 2184 785 stiamini
2217 730 2270 783 in
2301 730 2478 793 nobis,
2509 730 2604 783 sed
2638 729 2692 782 in
2723 729 3022 782 visceribus
3049 729 3280 794 vestris;
3311 748 3329 781 ι
3365 731 3521 799 quasi

1947 821 2301 890 suscipiendae
2327 819 2590 874 doctrinm
2619 819 2797 874 locum
2827 820 3025 876 mentis
3055 819 3301 887 dilatato,
3337 821 3406 878 ad
3432 836 3522 876 co-

1945 915 2162 986 gitanda
2191 914 2428 970 carnalia
2453 919 2746 970 coarctate.

2016 1006 2182 1063 Vsus.
2216 1007 2402 1061 29-32.
2433 1037 2504 1046 —
2544 1027 2562 1059 ι
2592 1008 2852 1072 Habebat,
2883 1027 2902 1060 ι
2950 1018 3053 1063 etc.
3104 1007 3240 1075 Quia
3277 1012 3524 1067 carnales

1945 1099 2191 1154 ﬁdelibus
2211 1098 2503 1168 conjuncti,
2527 1099 2654 1154 dum
2679 1097 2976 1168 spiritualia
3007 1102 3144 1155 dona
3165 1103 3521 1173 conspiciunt,

1945 1191 2301 1247 admiratione
2329 1192 2604 1261 suspensi,
2635 1191 2679 1246 si
2705 1207 2811 1246 non
2840 1198 3010 1259 usque
3039 1192 3105 1246 ad
3131 1205 3315 1262 opera,
3346 1203 3525 1250 tamen

1943 1297 2114 1352 uSque
2147 1282 2214 1337 ad
2246 1281 2403 1336 ﬁdem
2435 1282 2829 1352 suscipiendam
2857 1283 3288 1352 pnedlcationem
3327 1287 3525 1341 admit-

1946 1384 2064 1431 tunt
2094 1391 2109 1430 :
2138 1377 2267 1430 dum
2313 1376 2458 1430 enim
2500 1377 2671 1430 bonus
2713 1375 2989 1432 miraculis
3032 1375 3238 1448 fulgere
3277 1379 3525 1434 conside-

1944 1477 2087 1530 rant,
2113 1481 2232 1536 qua:
2256 1465 2322 1521 de
2341 1466 2647 1522 :eternitate
2671 1467 2897 1521 audiunt
2920 1481 3027 1522 non
3051 1469 3323 1534 recusant,
3340 1485 3529 1538 quam-

1944 1558 2026 1613 vis
2065 1558 2359 1613 Ecclesiam
2413 1559 2652 1615 moribus
2697 1574 2804 1615 non
2851 1567 3172 1630 settuentes,
3217 1561 3274 1616 in
3323 1563 3528 1618 carnali

1944 1653 2258 1722 operatione
2291 1663 2622 1707 remaneant.

2021 1765 2039 1797 ‹
2078 1745 2322 1800 Habebat
2347 1749 2543 1800 autem.
2587 1763 2606 1796 ›
2653 1743 2786 1812 Quia
2832 1753 2959 1801 sunt
3001 1746 3247 1802 carnales
3285 1747 3532 1803 ﬁdelibus

1943 1834 2238 1903 conjuncti,
2263 1849 2490 1904 quorum
2517 1835 2881 1891 familiaritate
2901 1838 3190 1907 aliquando
3219 1838 3285 1893 ad
3310 1838 3534 1894 audien-

1871 1903 1920 1970 Β
1948 1927 2073 1981 dum
2107 1903 2330 1980 verbum
2359 1928 2644 1996 prodeunt,
2677 1935 2732 1981 ct
2769 1903 3011 1983 videntes
3038 1929 3172 1982 dona
3203 1925 3298 1983 Dei
3338 1927 3533 1983 collata

1949 2017 2195 2073 ﬁdelibus
2220 2019 2508 2082 mirantur,
2535 2028 2590 2072 et
2613 2018 2836 2072 verbum
2857 2017 3022 2074 cortie
3041 2017 3370 2090 percipiunt,
3389 2019 3535 2090 quod

1946 2111 2104 2167 bouis
2133 2111 2373 2166 moribus
2405 2110 2630 2180 implere
2660 2125 2764 2165 non
2790 2120 3060 2181 satagunt.

2022 2203 2184 2259 Vens.
2212 2202 2396 2258 35-36.
2425 2232 2495 2242 —
2524 2219 2542 2254 ς
2573 2202 2688 2257 Non
2709 2205 3015 2258 comedam.
3049 2217 3068 2254 ι
3099 2202 3238 2269 Quia
3279 2211 3406 2258 sunt
3440 2203 3534 2273 qui

1951 2293 2197 2347 doctores
2241 2307 2305 2346 ex
2354 2291 2736 2360 temporalibus
2765 2292 3045 2360 stipendiis
3088 2293 3320 2347 retinere
3357 2295 3534 2362 parati

1951 2392 2074 2439 sunt
2107 2401 2120 2436 :
2152 2383 2248 2438 sed
2293 2382 2369 2436 illi
2402 2382 2503 2436 nisi
2543 2381 2694 2450 prius
2722 2382 3004 2437 obtineant
3037 2393 3262 2446 αξιοι-ηε,
3293 2386 3532 2450 recipere

1953 2475 2158 2529 nolunt.
2190 2473 2246 2528 Si
2277 2474 2418 2529 enim
2448 2474 2501 2527 in
2533 2473 2816 2528 animabus
2841 2474 3075 2529 fructum
3105 2489 3208 2528 non
3235 2474 3530 2540 inveniunt,

1953 2579 2166 2622 sumere
2196 2565 2457 2635 stipendia
2487 2566 2805 2636 corporibus
2827 2573 3211 2631 coliteunmnt;
3235 2569 3399 2635 pedes
3428 2583 3536 2622 non

1953 2657 2150 2721 lavant,
2180 2658 2310 2728 quia
2343 2655 2543 2713 labon's
2568 2656 2835 2713 desideria
2871 2657 3018 2712 nulla
3057 2657 3428 2714 consolatione
3453 2673 3538 2713 re-

1955 2750 2152 2806 levant.

2026 2841 2189 2896 Vsus.
2218 2839 2404 2896 574i.
2433 2867 2506 2882 --
2549 2857 2571 2892 ι
2611 2841 2679 2895 Ει
2710 2841 3010 2912 adjuravit,
3048 2861 3066 2894 ι
3107 2849 3217 2897 etc.
3259 2841 3417 2914 (Acs.
3447 2843 3538 2898 ubi

1955 2931 2158 3004 supra.)
2202 2932 2477 2988 Sententia
2507 2940 2592 2988 est
2617 2934 2828 2998 eadem,
2863 2934 3027 2989 verba
3071 2949 3175 2990 non
3219 2936 3420 2999 omnia,
3455 2936 3539 2989 vel

1955 3023 2090 3093 ipsa,
2107 3023 2190 3077 vel
2204 3024 2277 3078 ita
2298 3025 2440 3079 dicta
2454 3034 2611 3091 sunt;
2635 3026 2776 3094 quod
2791 3033 3010 3096 propter
3021 3041 3116 3081 eos
3126 3027 3430 3090 dicendum,
3447 3028 3540 3095 qui

1955 3115 2314 3188 evangelistas
2339 3118 2741 3173 calumniantur
2771 3119 2912 3188 quod
2951 3119 3005 3174 in
3051 3119 3319 3188 aliquibus
3359 3119 3541 3173 verbis

1959 3221 2061 3262 non
2085 3209 2306 3264 omnino
2327 3209 2676 3274 conveniunt,
2693 3225 2814 3264 cum
2837 3223 2925 3265 res
2952 3215 3008 3265 et
3026 3211 3293 3266 sententia
3313 3210 3535 3274 eadem;

1959 3299 2103 3356 hunc
2127 3301 2271 3355 enim
2302 3301 2497 3355 librum
2527 3317 2666 3358 unus
2703 3303 2955 3372 scripsit,
3001 3303 3091 3372 qui
3139 3318 3202 3356 ea
3231 3317 3351 3372 qua:
3378 3317 3540 3371 supra

1961 3392 2119 3458 dixit,
2149 3407 2272 3448 cum
2311 3394 2595 3450 mandaret
2638 3396 2912 3450 Abraham
2933 3435 2948 3460 ,
2993 3395 3075 3450 vel
3109 3395 3313 3464 reliqua
3339 3405 3542 3464 petiere

1960 3488 2154 3556 potuit,
2199 3487 2244 3542 si
2294 3489 2361 3542 ad
2408 3503 2520 3542 rem
2551 3485 3112 3558 pertinerejudicaret
3141 3503 3157 3541 :
3185 3502 3308 3542 cum
3341 3487 3540 3543 veritas

1961 3580 2290 3634 narrationis
2323 3593 2429 3634 non
2459 3580 2654 3647 exigit,
2696 3581 2800 3634 nisi
2827 3591 2884 3634 ut
2911 3595 3089 3636 rerum
3119 3581 3541 3636 sententiarum-

1961 3683 2066 3738 que
2097 3670 2299 3724 veritas
2335 3667 2430 3735 sit,
2461 3670 2655 3738 quibus
2680 3670 2926 3726 voluntas
2951 3677 3196 3741 (propter
3221 3685 3384 3741 quam
3409 3672 3542 3727 intl-

1961 3762 2213 3815 mandam
2242 3762 2408 3816 verba
2438 3762 2593 3833 ﬁunt)
2624 3765 2759 3818 satis
2781 3772 3058 3834 appareat.

2032 3853 2193 3909 Vsus.
2219 3855 2404 3910 42-53.
2429 3886 2500 3896 —
2527 3875 2549 3908 ‹
2575 3857 2706 3912 Veni
2731 3871 2860 3929 ergo
2881 3858 3059 3923 hodie,
3089 3876 3107 3910 ι
3135 3867 3240 3913 etc.
3266 3856 3540 3930 (Ηιειιοιι.)

1962 3947 2020 4000 ln
2066 3946 2290 4002 Hebraeo
2335 3948 2591 4018 scriptum
2625 3955 2732 4012 est,
2763 3959 2868 4005 etc.
2895 3990 2908 4014 ,
2953 3963 3117 4022 usque
3140 3949 3210 4004 ad
3259 3951 3544 4006 ostendant

1965 4036 2129 4108 igitur
2147 4035 2313 4093 Judaei
2337 4039 2530 4095 alicubi
2546 4040 2778 4109 positum
2800 4039 2961 4108 aluta,
2985 4041 3074 4098 ubi
3091 4040 3543 4098 adolescentulam

1961 4137 2016 4185 et
2036 4143 2143 4184 non
2171 4130 2430 4202 virginem
2459 4141 2631 4188 sonet.

2035 4221 2197 4276 Vens.
2233 4221 2416 4278 55-58.
2443 4253 2514 4264 —
2558 4237 2576 4274 ι
2612 4221 2972 4294 Prolatisque,
3009 4237 3028 4276 ο
3069 4234 3176 4279 etc.
3225 4222 3420 4294 (Gneo.
3458 4225 3546 4279 ubi

1964 4313 2166 4384 supra.)
2188 4312 2478 4384 Postquam
2503 4315 2733 4386 coniugii
2756 4330 2972 4370 causam
2999 4329 3131 4385 puer
3148 4315 3397 4378 obtinuit,
3414 4324 3542 4379 etc.,

1967 4421 2127 4477 usque
2152 4406 2221 4459 ad
2253 4427 2270 4459 ι
2293 4407 2450 4461 Dedit
2471 4423 2534 4462 ea
2565 4407 2841 4463 Rebecca.
2874 4415 2892 4460 ι
2927 4405 3168 4462 Rebecca
3189 4419 3295 4461 non
3323 4415 3546 4462 ematur

1968 4510 2100 4550 auro
2127 4494 2422 4558 Bathuelis,
2453 4497 2576 4566 quia
2610 4512 2712 4552 non
2745 4505 2870 4551 sunt
2895 4499 3053 4564 digna
3081 4507 3396 4552 ornamenta
3421 4497 3546 4553 bar-
3595 4495 3613 4550 ξ’

286 4600 574 4662 corrupte,
605 4592 765 4646 sit/us
795 4593 1010 4656 dicitur,
1045 4566 1222 4646 uncia.
1261 4566 1478 4663 (Gutta)
1509 4591 1643 4658 Quia
1675 4589 1866 4660 [ιι-ειεάί-
1889 4626 1943 4685 D
1968 4589 2084 4642 bari
2129 4597 2183 4644 et
2228 4590 2480 4659 imperiti.
2552 4591 2628 4645 De
2666 4591 2824 4645 domo
2870 4591 3099 4647 Abrahae
3141 4593 3336 4662 accipit
3381 4608 3544 4648 orna-
3595 4566 3609 4623 ί

287 4694 433 4742 cato:
471 4687 712 4740 audituln
741 4684 994 4740 Ecclesiae
1021 4699 1119 4753 per
1146 4683 1540 4746 obedientiam,
1583 4689 1635 4738 et
1673 4694 1865 4736 manus

288 4795 387 4847 pi)?
431 4778 802 4848 operationem
833 4764 1077 4832 exornat.
1111 4776 1330 4832 lnaurcs
1355 4777 1579 4832 duorum
1609 4774 1867 4829 sielorum

288 4879 416 4924 sunt
435 4911 450 4933 ,
481 4868 706 4924 armillae
732 4868 948 4934 decem,
983 4870 1107 4938 quia
1142 4869 1316 4937 prima
1346 4867 1519 4922 virtus
1547 4865 1868 4922 obedientiac

293 4963 346 5015 in
377 4960 646 5015 charitate
671 4966 777 5021 est,
805 4971 925 5029 quae
953 4957 1171 5014 dilectio
1201 4957 1294 5012 Dei
1323 4966 1379 5012 et
1406 4955 1636 5026 proximi
1666 4966 1780 5014 est;
1813 4963 1870 5010 et

291 5053 490 5105 bonum
519 5059 656 5121 opus
683 5049 923 5121 decalogi
950 5049 1308 5119 completione
1335 5046 1631 5118 perﬁcitur,
1658 5053 1717 5101 ut
1742 5060 1866 5101 cum

289 5141 428 5196 bona
459 5142 544 5212 agi
573 5139 858 5210 caper-int,
885 5141 1025 5195 mala
1053 5139 1196 5194 nulla
1225 5150 1472 5210 agantur.

365 5233 530 5290 Vsus.
569 5234 761 5290 25—28.
787 5265 855 5275 -—
883 5253 901 5285 ι
936 5233 1214 5288 Palearu‘m
1262 5247 1495 5304 quoque.
1527 5251 1546 5284 ι
1598 5230 1733 5297 Quia
1766 5228 1868 5284 Ec-

290 5326 458 5382 clesia
501 5327 771 5397 recipiens
809 5325 1108 5396 spiritualia
1135 5366 1150 5388 ,
1204 5325 1381 5380 reddit
1424 5321 1869 5395 przedicatoribus

294 5425 510 5471 terrena
546 5417 843 5485 Stipendia;
885 5417 1026 5470 unde
1059 5415 1078 5470 l
1106 5415 1232 5471 Cor.
1263 5432 1353 5469 ix:
1385 5433 1405 5466 ς
1438 5414 1494 5470 Si
1525 5415 1678 5469 vobis
1711 5412 1870 5482 spiri-

294 5507 460 5562 tualia
489 5508 898 5572 seminavimus,
927 5519 1182 5578 magnum
1205 5513 1293 5561 est
1325 5505 1484 5560 sinos
1513 5503 1750 5560 carnalia
1784 5517 1873 5556 ve-

293 5608 406 5654 stra
433 5607 720 5654 metamus.

370 5711 386 5742 ι
411 5691 587 5746 Locus
613 5691 902 5763 Spatiosus.
924 5709 942 5744 ι
975 5691 1018 5745 A
1045 5692 1222 5762 priore
1246 5691 1441 5762 populo
1467 5701 1674 5746 natura:
1699 5690 1872 5760 legem

295 5797 352 5837 se
390 5782 633 5838 Ecclesra
671 5781 885 5838 novisse
923 5783 1281 5848 monstravit,
1332 5793 1385 5837 et
1435 5785 1870 5853 praedicationem

297 5875 476 5946 amplo
507 5875 784 5932 cbaritatls
814 5876 1018 5948 gremio
1046 5876 1278 5946 suscepit
1303 5896 1315 5930 :
1349 5877 1554 5931 doctori
1585 5876 1726 5932 enim
1755 5891 1882 5951 spa-_

1969 4688 2168 4740 menta,
2187 4680 2312 4748 quia
2336 4679 2590 4750 patientia
2623 4681 2687 4735 de
2715 4681 2875 4737 domo
2911 4683 3188 4754 sapientia:
3231 4685 3482 4750 urna-tui;
3515 4701 3547 4739 a

1967 4783 2135 4838 puero
2160 4768 2390 4824 Abralue
2417 4770 2638 4840 suscipit
2667 4771 2913 4836 inaures,
2953 4773 3006 4828 id
3037 4777 3142 4838 est,
3175 4789 3339 4828 aurea
3367 4774 3420 4828 in
3454 4789 3550 4830 au—

1968 4867 2116 4922 ribus
2142 4867 2337 4931 verba;
2385 4875 2440 4922 et
2469 4866 2750 4931 brachilia,
2798 4869 2849 4923 id
2879 4877 2980 4933 est,
3017 4883 3179 4922 aurea
3215 4869 3268 4923 in
3301 4871 3548 4925 manibus

1969 4973 2152 5028 opera,
2186 4967 2240 5013 et
2265 4957 2368 5012 alia
2406 4968 2754 5026 ornamenta;
2783 4961 2977 5030 quibus
3007 4963 3308 5034 ﬁgurantur
3333 4961 3549 5016 diversa

1970 5051 2226 5105 virtutum
2258 5065 2472 5119 genera.

2048 5139 2215 5194 Vens.
2248 5141 2438 5196 59-60.
2469 5173 2534 5182 —
2569 5161 2586 5194 ι
2617 5142 2682 5197 Ει
2707 5145 2973 5199 nutricem
3013 5145 3173 5200 illius.
3203 5166 3222 5200 ι
3255 5145 3549 5202 Honestum

1971 5237 2090 5286 erat
2129 5239 2190 5285 ut
2230 5231 2296 5284 ad
2332 5237 2542 5301 nuptias
2566 5234 2768 5302 absque
2811 5237 3122 5302 parentibus
3153 5236 3306 5307 virgo
3333 5237 3549 5307 proﬁci-

1973 5333 2150 5384 scens,
2184 5323 2408 5378 nutricis
2434 5323 2624 5378 solatio
2649 5316 2942 5378 (oreretur.

2049 5416 2209 5470 Vsus.
2243 5415 2328 5469 61.
2353 5447 2423 5455 -—
2457 5435 2474 5466 ι
2501 5415 2668 5485 Igitur
2695 5417 2962 5478 Rebecca,
2990 5435 3008 5468 ι
3041 5426 3145 5472 etc.
3171 5416 3385 5487 (Gal-to.)
3416 5417 3550 5482 Quia

1974 5504 2212 5559 Ecclesia
2251 5505 2409 5560 habet
2449 5523 2636 5560 secum
2679 5507 2904 5562 minoris
2939 5509 3114 5562 meriti
3157 5509 3384 5570 animas,
3433 5521 3552 5574 quae

1978 5597 2149 5666 ipsam
2193 5598 2431 5652 moribus
2480 5607 2778 5665 sequuntur
2805 5614 2819 5651 :
2849 5600 2942 5653 sed
2979 5601 3045 5654 ad
3085 5598 3553 5666 contemplationis

1979 5688 2191 5742 tberum
2223 5705 2328 5744 non
2361 5691 2750 5759 provehuntur.
2802 5689 3004 5744 Pueros
3043 5703 3254 5757 quoque
3293 5687 3556 5756 quosdam

1981 5782 2164 5836 habuit
2195 5783 2246 5835 in
2286 5783 2567 5846 comitatu,
2597 5783 2717 5851 quia
2752 5798 2872 5836 cum
2905 5782 3183 5850 prophetis
3213 5781 3426 5835 fuerunt
3463 5779 3557 5847 qui

1979 5873 2113 5926 bene
2141 5870 2398 5930 viverent,
2423 5874 2522 5924 etsi
2545 5875 2838 5942 prophetiae
2860 5873 3104 5942 spiritum
3129 5890 3232 5930 non
3257 5875 3554 5940 haberent_:

2082 6013 2124 6031 Α
2141 6017 2146 6022 ⁸
2212 6025 2214 6028 .
