4074 6334
596 357 698 412 N5

1085 354 1480 412 WALAFRlDl
1521 353 1769 412 STRABI
1810 352 2016 412 FULD.
2057 353 2222 411 MON.
2265 353 2418 412 OPP.
2459 354 2639 412 PARS
2677 354 2719 412 l.
2760 384 2830 397 -
2867 350 3331 410 THEOLOGICA.

3689 393 3703 404 .
3761 351 3868 407 lu

589 479 644 526 et
670 485 794 526 cum
825 468 1081 541 apostolis
1099 478 1156 526 et
1180 468 1496 527 doctoribus
1520 513 1534 536 ,
1557 472 1651 542 qui
1678 471 1841 526 vitam
1870 486 2058 527 eorum
2090 478 2173 525 te-
2199 471 2256 534 Α
2349 471 2513 527 Vens.
2553 471 2641 527 67.
2667 503 2737 512 —
2771 490 2789 522 ι
2827 469 2928 537 Qui
2969 467 3270 526 introduxit
3291 481 3434 529 eam,
3473 484 3491 518 ι
3518 471 3624 522 etc.
3672 465 3867 537 (Gneo.

586 571 800 627 nerent,
825 570 880 616 et
906 572 1086 617 tamen
1112 577 1218 617 non
1242 563 1618 633 prtedicarent.

663 676 682 708 ε
723 656 826 724 Qui
853 655 1120 721 festinus,
1143 675 1162 709 ι
1203 664 1310 712 etc.
1333 656 1606 719 Festinus
1635 671 1769 727 puer
1797 656 1865 712 ad
1895 656 2173 710 dominum

585 748 746 813 redit,
785 746 910 817 quia
934 747 1320 818 praedicatores
1358 763 1485 802 cum
1512 747 1820 802 auditorum
1848 748 2016 802 vitam
2043 747 2176 802 obti-

586 850 734 906 nent,
767 840 897 906 Deo,
937 841 1006 896 de
1053 841 1208 913 cujus
1261 855 1486 896 munere
1515 841 1620 896 hoc
1664 840 1888 908 habent,
1928 856 2038 896 non
2071 841 2176 896 sibi

583 935 858 1002 praebent.
920 968 922 970 -
993 1007 1000 1012 ξ

653 1027 818 1083 Vens.
863 1027 952 1083 62.
993 1060 1062 1068 -
1104 1047 1122 1079 ¢
1151 1028 1229 1082 Eo
1256 1035 1497 1098 tempore
1525 1025 1694 1091 Isaac,
1753 1043 1772 1076 ι
1815 1034 1920 1081 etc.
1979 1019 2171 1096 (Gneo.

583 1118 671 1172 ubi
696 1103 901 1188 supra.)
929 1117 1130 1174 Vivens
1150 1129 1205 1172 et
1227 1117 1414 1172 videns
1443 1116 1700 1170 Dominus
1724 1123 1828 1181 est,
1853 1127 1982 1179 etc.,
2012 1132 2175 1185 usque

581 1213 650 1265 ad
678 1213 837 1268 modo
869 1213 1108 1282 spineam
1134 1226 1413 1276 coronam,
1453 1210 1612 1266 modo
1642 1225 1858 1266 crucem
1895 1209 2170 1264 sustinuit.

655 1325 674 1357 ‹
717 1305 1027 1370 Habitabat,
1069 1323 1087 1356 ι
1130 1313 1234 1360 etc.
1288 1303 1585 1375 (Pnamns
1622 1304 1678 1356 in
1720 1301 1849 1358 Gen.
1899 1317 1967 1358 ex
2014 1302 2174 1357 dictis

578 1398 766 1467 Greg.)
799 1397 967 1462 Isaac,
1005 1395 1250 1452 Rebecca
1295 1395 1579 1460 veniente,
1623 1392 1903 1448 habitabat
1931 1392 1984 1446 in
2027 1400 2173 1446 terra

577 1489 827 1551 australi,
857 1488 982 1557 quia
1012 1487 1282 1552 Christus,
1306 1486 1555 1540 veniente
1589 1485 1659 1539 ad
1701 1499 1760 1539 se
1796 1483 2034 1538 Ecclesia
2055 1525 2070 1550 ,
2117 1483 2171 1538 in

577 1579 788 1632 illorum
818 1580 1088 1635 mentibus
1129 1579 1328 1634 mansit
1364 1595 1500 1646 quos
1543 1593 1649 1633 non
1685 1578 1931 1647 corporis
1979 1577 2168 1649 frigus,

573 1673 668 1728 sed
711 1673 893 1729 fervor
936 1673 1226 1749 charitatis
1257 1673 1429 1728 tenuit
1462 1691 1474 1726 :
1507 1671 1682 1743 qualis
1723 1679 1841 1727 erat
1873 1671 2053 1737 Anna,
2087 1669 2171 1726 Si-

575 1781 757 1830 meon,
787 1774 840 1821 et
874 1765 1042 1837 aliqui
1066 1767 1130 1822 de
1154 1766 1350 1837 populo
1372 1765 1702 1820 Judzeorum.

2282 572 2339 617 ut
2364 561 2570 634 supra.)
2602 562 2752 617 Hanc
2780 563 2929 618 Isaac
2953 562 3006 616 in
3037 558 3390 617 tabernaculo
3422 559 3615 615 matris
3640 575 3753 616 sure
3787 560 3873 616 in-

2278 657 2534 720 troduxit,
2565 663 2620 712 et
2638 671 2864 710 uxorem
2896 655 3125 724 accepit,
3159 653 3286 724 quia
3314 652 3370 706 in
3401 649 3522 708 loco
3546 650 3866 724 Synagogae,

2278 750 2344 804 de
2371 764 2475 819 qua
2499 757 2658 804 natus
2686 757 2770 804 est
2794 747 3066 813 Christus,
3091 745 3388 802 Ecclesiam
3419 743 3594 816 diligit
3620 763 3632 797 :
3666 753 3728 799 ut
3752 761 3873 817 quae

2277 842 2617 914 cognatione,
2663 841 2714 897 id
2747 850 2831 897 est
2865 840 3366 912 praadestinatione,
3393 839 3643 910 proxima
3671 837 3866 908 fuerat,

2278 951 2464 991 amore
2493 933 2782 1004 conjuncta
2809 950 2949 990 uxor
2973 933 3086 989 ﬁat.

2353 1046 2372 1079 ‹
2408 1028 2476 1082 Ει
2506 1029 2772 1083 intantum
2821 1027 3012 1082 dilexit
3058 1040 3201 1090 eam,
3252 1043 3270 1077 ι
3321 1031 3428 1079 etc.
3460 1021 3655 1096 (Gneo.
3687 1034 3748 1079 ut
3783 1042 3872 1080 su-

2275 1119 2418 1192 pra.)
2447 1119 2583 1188 Quia
2630 1135 2700 1174 ex
2731 1118 2882 1174 lucro
2925 1117 3181 1173 Ecclesia:
3209 1115 3462 1172 Christus
3497 1115 3778 1172 tristitiam
3805 1133 3870 1172 ex

2275 1213 2578 1284 perditione
2624 1209 2922 1282 Synagogte
2975 1207 3232 1274 detersit,
3278 1209 3404 1276 quia
3447 1207 3576 1262 dum
3627 1207 3868 1264 Ecclesia

2276 1320 2344 1360 ex
2370 1304 2669 1378 gentilitate
2703 1302 2926 1357 veniens
2961 1315 3131 1370 usque
3159 1299 3228 1353 ad
3262 1297 3480 1354 thorum
3525 1298 3867 1368 contempla~

2275 1396 2442 1452 tionis
2485 1395 2820 1466 perducitur,
2853 1393 3036 1448 Iudaea
3078 1408 3177 1462 pro
3217 1390 3386 1446 nihilo
3419 1391 3668 1446 habetur.
3717 1391 3870 1447 Isaac

2273 1506 2490 1562 quoque
2520 1490 2678 1555 risus,
2712 1488 2957 1544 Rebecca
2991 1502 3118 1542 vero
3146 1485 3402 1556 patientia
3427 1485 3633 1540 dicitur
3663 1503 3678 1539 :
3724 1485 3868 1542 risus

2273 1605 2404 1645 vero
2429 1604 2496 1644 ex
2521 1586 2729 1653 laetitia,
2758 1585 3019 1656 patientia
3049 1598 3117 1638 ex
3147 1581 3514 1636 tribulatione.
3568 1581 3634 1636 Et
3669 1596 3866 1652 quam-

2274 1681 2357 1736 vis
2384 1679 2624 1735 Ecclesia
2645 1677 2760 1747 jam
2801 1687 2871 1732 snt
2901 1676 3138 1732 caelestis
3185 1674 3362 1746 gaudii
3410 1673 3868 1744 contemplatione

2274 1789 2554 1845 suspensa,
2581 1771 2744 1827 habet
2773 1779 2951 1826 tamen
2984 1770 3039 1824 in
3069 1784 3129 1824 se
3154 1767 3296 1838 quod
3322 1767 3388 1823 de
3419 1766 3600 1822 carnis
3622 1766 3869 1836 pondere

645 1859 811 1914 VERS-
843 1859 930 1915 63-
973 1891 1044 1900 —
1091 1879 1110 1911 κ
1137 1859 1204 1914 El
1241 1874 1492 1930 egressus
1529 1857 1724 1924 fuerat,
1755 1877 1772 1909 ⁸
1813 1866 1919 1914 ειο·
1955 1857 2162 1930 (HN-31L)
2196 1837 2243 1898 Β
2272 1837 2469 1923 doleat.
2495 1865 2646 1919 Isaac
2667 1879 2796 1919 vero
2816 1870 2872 1916 et
2891 1860 3134 1916 Rebecca
3162 1837 3484 1931 junguntur,
3509 1857 3562 1913 id
3584 1865 3688 1922 est,
3724 1857 3867 1912 risus

576 1955 678 2009 Per
714 1963 910 2009 terram
944 1953 1258 2018 australem,
1295 1951 1558 2008 Geraram
1595 1951 1887 2023 signiﬁcat,
1927 1953 2070 2006 unde
2098 1952 2166 2006 ad

575 2045 958 2100 immolandum
985 2045 1246 2099 adductus
1274 2043 1467 2097 fuerat.
1494 2042 1757 2112 Egressus
1787 2050 1895 2107 est,
1921 2052 1980 2096 ut
2011 2058 2166 2097 exer-

573 2145 787 2192 ceretur
815 2137 867 2190 in
895 2151 1104 2206 campo.
1131 2135 1187 2189 In
1215 2134 1440 2189 Hebraeo
1467 2133 1659 2204 legitur
1692 2153 1702 2187 :
1743 2153 1761 2184 ε
1791 2133 2055 2204 Egressus
2081 2143 2165 2189 est

572 2227 760 2294 Isaac,
807 2239 867 2282 ut
905 2228 1220 2296 loqueretur
1266 2227 1318 2280 in
1367 2241 1593 2297 agrum,
1633 2225 1889 2280 inclinata
1923 2225 2034 2296 jam‘
2073 2241 2166 2281 ve-

572 2339 764 2393 spera;
807 2343 824 2374 ι
863 2322 950 2378 tibi
979 2323 1317 2394 signiﬁcatur
1337 2320 1482 2389 quod
1516 2319 1776 2373 Dominus
1807 2318 1951 2374 solus
1971 2319 2164 2373 orabat

571 2417 625 2472 in
650 2415 850 2482 monte,
880 2425 937 2472 et
963 2416 1136 2481 Isaac,
1160 2415 1251 2485 qui
1281 2421 1439 2486 typus
1468 2411 1681 2467 Domini
1717 2411 1840 2474 fuit,
1863 2411 1931 2466 ad
1961 2412 2158 2466 oratio-

569 2523 695 2562 nem
735 2506 892 2576 quasi
931 2507 1105 2561 virum
1147 2505 1352 2575 justum
1400 2519 1431 2558 a
1483 2504 1642 2558 domo
1700 2517 1974 2571 egressum
2022 2518 2160 2558 nona

570 2597 724 2662 hora,
773 2597 859 2652 vel
907 2605 1032 2652 ante
1079 2595 1209 2651 solis
1253 2609 1528 2662 occasum,
1561 2593 1871 2666 Spirituales
1913 2592 2160 2650 victimas

568 2688 682 2744 Deo
707 2688 986 2744 obtulisse.

639 2779 832 2849 (Gneo.
864 2779 952 2832 ubi
983 2778 1188 2850 supra.)
1214 2780 1358 2850 Ager
1378 2776 1614 2835 mundus
1635 2786 1739 2844 est,
1777 2793 1885 2849 quo
1911 2777 2156 2834 Christus

513 2871 519 2879 ’
569 2886 822 2942 egressus
847 2879 947 2933 est,
981 2872 1108 2942 quia
1134 2871 1423 2926 visibiliter
1450 2886 1712 2942 apparere
1737 2871 1991 2942 dignatus
2013 2879 2113 2927 est.

641 2966 792 3023 Unde
815 2964 1016 3020 Habac.
1044 2981 1142 3021 ut:
1181 2985 1199 3018 ι
1233 2965 1500 3039 Egressus
1539 2979 1598 3022 es
1632 2966 1686 3020 in
1719 2966 1946 3022 salutem
1971 2969 2153 3039 populi

565 3058 665 3113 tui.
696 3077 714 3108 ι
749 3057 899 3113 Isaac
927 3058 994 3114 ad
1025 3059 1392 3114 meditandum
1413 3058 1467 3112 in
1498 3073 1629 3129 agro
1653 3058 1809 3122 exiit.
1836 3060 1964 3129 quia
1991 3059 2151 3115 Chri-

565 3160 682 3206 stus
707 3149 935 3206 l'ormam
976 3149 1292 3206 humilitatis
1321 3150 1590 3221 praebens,
1622 3151 1938 3206 exercitium
1970 3151 2150 3222 longa-

2268 1969 2324 2015 et
2349 1957 2630 2031 patientia,
2659 1955 2954 2010 secundum
2985 1953 3114 2006 illud
3163 1950 3321 2004 Rom.
3360 1965 3434 2005 xu
3471 1967 3484 2004 :
3523 1967 3541 2000 ι
3593 1948 3702 2019 Spe
3731 1963 3868 2019 gau-

2265 2054 2472 2112 dentes.
2502 2051 2557 2106 in
2589 2047 2934 2105 tribulatione
2973 2045 3269 2116 patientes,
3303 2063 3322 2096 i
3371 2051 3431 2098 ut
3475 2057 3738 2116 prospera
3781 2041 3868 2096 lte-

2267 2144 2472 2201 tiﬁcent
2505 2145 2572 2198 de
2607 2138 3086 2211 contemplatione,
3133 2137 3360 2192 adversa
3405 2135 3470 2191 de
3514 2133 3865 2190 tribulatione

2264 2236 2596 2309 perturbent.

2837 2341 3065 2400 CAPUT
3101 2341 3276 2398 XXV.

2332 2499 2498 2557 Vens.
2531 2501 2583 2565 1,
2615 2499 2671 2554 2.
2697 2527 2765 2538 —
2792 2515 2812 2551 ι
2839 2496 3116 2552 Abraham
3157 2511 3288 2550 vero
3337 2493 3498 2550 aliam
3530 2493 3686 2549 duxit
3714 2511 3860 2553 uxo-

2265 2611 2284 2644 t
2320 2608 2458 2657 rem,
2492 2611 2509 2642 ι
2564 2599 2671 2647 etc.
2713 2587 2887 2662 ([51]).)
2920 2588 3228 2658 Allegorice.
3280 2587 3488 2642 Mortua
3527 2586 3662 2642 Sara
3702 2588 3866 2643 duxit

2256 2683 2530 2738 Abraham
2581 2681 2858 2737 Ceturam.
2929 2677 3045 2733 Non
3105 2687 3328 2750 propter
3380 2679 3858 2743 incontinentiam,

2256 2774 2380 2843 quia
2413 2771 2527 2843 jam
2560 2772 2911 2843 grandzevus:
2943 2785 3044 2825 nec
3072 2778 3296 2840 propter
3325 2767 3556 2823 ﬁliorum
3588 2785 3861 2840 procura-

2258 2865 2480 2928 tionem,
2514 2862 2642 2933 quia
2685 2861 2762 2917 illi
2802 2877 2987 2917 semeu
3015 2861 3169 2929 quasi
3213 2859 3386 2915 stella:
3431 2859 3556 2915 cteh'
3598 2875 3667 2914 ex
3701 2860 3862 2917 Isaac

2253 2958 2581 3030 promissum
2621 2966 2759 3011 erat.
2823 2954 2930 3010 Sed
2965 2954 3110 3010 sicut
3135 2953 3280 3025 Agar
3319 2961 3374 3009 et
3408 2953 3602 3009 lsmael
3646 2954 3858 3026 ﬁgura-

2254 3059 2449 3105 verunt
2487 3048 2737 3106 carnales
2777 3048 2990 3104 Veteris
3022 3047 3357 3102 Testamenti
3380 3088 3395 3112 ,
3440 3047 3520 3102 sic
3559 3046 3760 3103 Cetura
3802 3060 3859 3105 ct

2253 3143 2348 3198 ﬁlii
2391 3141 2510 3213 ejus
2538 3143 2846 3206 haereticos,
2881 3140 2972 3211 qui
3007 3156 3065 3197 se
3100 3143 3168 3195 ad
3193 3141 3603 3197 Testamentum
3637 3141 3856 3198 Novum

563 3245 846 3311 nimitatis,
888 3243 1174 3314 passionis,
1205 3252 1259 3298 et
1299 3213 1584 3313 patientiae
1601 3243 1845 3313 exempla
1873 3213 2147 3298 monstra-
2175 3213 2222 3277 θ
2251 3235 2569 3291 existimant
2610 3237 2904 3304 pertinere.
2954 3231 3062 3287 Sed
3101 3240 3332 3302 utraque
3374 3232 3703 3299 concubina,
3735 3233 3856 3289 sola

562 3339 662 3404 vit,
688 3338 829 3395 sicut
849 3337 1021 3394 solent
1039 3337 1267 3408 juvenes
1295 3333 1573 3390 exercitati
1599 3348 1875 3389 armorum
1908 3351 2007 3390 usu
2034 3351 2146 3390 me-

561 3430 742 3486 ditari.
775 3430 1062 3485 Armorum
1093 3427 1373 3483 meditatio
1412 3433 1496 3482 est
1535 3427 1804 3496 passionis
1829 3426 2140 3498 frequenta-

560 3523 657 3577 tio.
702 3521 802 3588 Qni
850 3521 993 3576 enim
1027 3519 1274 3583 verbera,
1323 3527 1507 3588 sputa,
1547 3516 1788 3572 lanceam
1819 3533 2144 3588 crucemque

561 3611 804 3684 pertulit,
834 3611 1142 3681 passionem
1173 3623 1345 3678 usque
1376 3608 1445 3662 ad
1467 3615 1700 3663 mortem
1730 3607 1783 3662 in
1807 3623 1866 3664 se
1893 3607 2145 3678 frequen-

562 3703 669 3758 tari
704 3702 967 3771 permisit.
996 3699 1282 3755 Passiones
1315 3714 1465 3754 arma
1495 3699 1742 3762 dicimus,
1774 3700 1898 3768 quia
1928 3715 2026 3772 per
2058 3699 2138 3771 ip-

562 3809 652 3850 sas
673 3795 740 3848 ab
767 3792 1090 3848 adversariis
1119 3791 1442 3856 liberamur;
1491 3790 1633 3844 unde
1668 3789 1800 3845 Luc.
1839 3785 1939 3846 ’χχι
1975 3809 1988 3845 :
2022 3811 2041 3844 ι
2081 3791 2140 3847 In

561 3882 823 3953 patientia
854 3889 1034 3937 vestra
1068 3879 1412 3952 possidebitis
1448 3879 1656 3934 animas
1683 3888 1911 3935 vestras.
1949 3899 1968 3934 ι

637 3994 655 4026 ε
712 3974 1004 4040 lnclinata,
1063 3992 1084 4024 ›
1142 3981 1245 4027 etc.
1308 3971 1444 4038 Quia
1502 3971 1814 4042 passionum
1881 3973 2141 4029 exercitia

551 4066 705 4138 juxta
728 4066 890 4121 ﬁnem
917 4065 1100 4120 mundi
1123 4063 1393 4134 suscepit;
1418 4063 1558 4118 unde
1579 4063 1716 4134 psal.
1738 4079 1840 4119 cu.
1865 4079 1880 4119 :
1911 4086 1930 4118 ι
1957 4065 2142 4120 Eleva-

559 4160 636 4216 tio
664 4174 918 4214 manuum
957 4171 1200 4212 mearum
1233 4155 1560 4212 sacriﬁcium
1589 4159 1972 4227 vespertinum.
2011 4179 2030 4210 ›

537 4281 540 4284 ·
627 4247 792 4307 Vens.
823 4249 912 4306 64.
941 4280 1012 4292 --
1042 4268 1061 4302 ι
1091 4249 1378 4304 Descendit
1399 4249 1466 4303 de
1490 4248 1751 4313 camelo,»
1787 4259 1894 4304 etc.
1921 4249 2136 4323 (Gaza,

554 4343 649 4400 lib.
682 4360 724 4411 ι,
767 4342 987 4410 Μοναὶ..
1011 4357 1060 4398 c.
1096 4341 1208 4416 14.)
1274 4341 1520 4397 Rebecca
1558 4342 1624 4395 ad
1660 4340 1810 4396 Isaac
1852 4343 1905 4396 in
1934 4344 2139 4400 camelo

555 4437 858 4503 deducitur,
889 4447 1023 4503 etc.,
1052 4452 1213 4507 usque
1239 4435 1307 4490 ad
1349 4449 1512 4506 super
1534 4442 1776 4490 tortuosa
1805 4437 2136 4494 camelorum

552 4527 713 4584 dorsa
743 4527 958 4583 divitias
984 4536 1222 4598 portant.

624 4617 788 4672 Vens.
833 4617 924 4683 65,
975 4617 1063 4672 66.
1099 4648 1171 4658 --
1203 4637 1222 4671 ι
1276 4619 1408 4686 Quis
1464 4628 1547 4676 est
1599 4620 1688 4676 ille
1745 4623 1926 4686 homo,
1963 4642 1980 4674 ι
2021 4631 2127 4678 etc.

553 4709 746 4778 (Gneo.
780 4710 920 4780 apud
953 4707 1268 4782 Paterium.)
1296 4711 1536 4767 Rebecca
1566 4713 1682 4768 viso
1701 4712 1870 4780 Isaac,
1890 4715 2012 4784 quis
2037 4716 2126 4780 sit,

552 4802 812 4870 requisita
846 4816 1034 4872 puero,
1079 4803 1391 4873 cognoscit:
1425 4805 1549 4874 quia
1585 4805 1828 4860 Ecclesia
1873 4821 1968 4874 per
2006 4821 2130 4876 pro-

548 4894 833 4964 phetarum
863 4901 919 4948 et
946 4893 1310 4964 apostolorum
1337 4895 1500 4960 dicta,
1525 4897 1651 4966 quid
1677 4898 1742 4952 de
1771 4897 1986 4952 Chriszo
2009 4915 2128 4954 cre-

547 4983 678 5039 dere
707 4984 919 5050 debeat,
953 4983 1221 5056 intelligit.
1249 4984 1378 5052 Quae
1396 4994 1454 5042 se
1480 5003 1603 5040 mox
1640 4988 1801 5058 pallio
1826 4990 2126 5058 cooperuit,

546 5077 670 5146 quia
701 5088 901 5146 quanto
926 5076 1130 5133 Christi
1170 5080 1424 5148 mysteria
1453 5088 1718 5149 penetrat,
1749 5089 1898 5134 tanto
1932 5081 1997 5135 de
2028 5097 2128 5134 an-

546 5179 720 5226 teacta
746 5171 852 5226 vita
881 5170 1245 5226 confunditur.
1267 5171 1416 5226 Unde
1443 5172 1808 5227 inﬁrmitatem
1834 5189 1985 5228 suam
2009 5173 2124 5243 pal-

449 5325 453 5330 ,
545 5263 617 5318 lio
645 5262 858 5332 operire
887 5263 1107 5329 nititur;
1153 5270 1209 5318 et
1252 5277 1370 5332 quae
1415 5264 1564 5332 prius
1601 5263 1651 5316 in
1705 5263 1910 5318 camelo
1956 5263 2125 5318 libere

543 5365 808 5426 gestatur,
855 5357 1188 5412 descendens
1225 5355 1548 5410 verecundia
1597 5357 1815 5426 tegitur,
1847 5358 1932 5412 cui
1969 5359 2122 5428 quasi

541 5448 900 5505 verecundius
945 5449 1180 5504 dicitur:
1232 5448 1401 5514 Quem
1431 5448 1575 5504 enim
1616 5446 1850 5505 fructum
1886 5451 2123 5506 habuisti

542 5546 669 5595 tunc
696 5541 750 5596 in
777 5539 882 5595 illis
909 5540 964 5594 in
993 5539 1188 5612 quibus
1213 5556 1356 5595 nunc
1381 5539 1694 5596 erubescis?

616 5653 633 5680 ι
691 5630 759 5687 At
813 5633 925 5699 illa,
962 5651 981 5684 ι
1017 5641 1122 5688 etc.
1175 5631 1452 5706 alienos.)
1504 5634 1623 5689 Alia
1668 5634 1869 5702 editio,
1918 5653 1938 5688 ε
1991 5637 2120 5694 teri-

541 5734 734 5789 strum,
767 5745 782 5774 ι
826 5725 968 5795 quod
1003 5725 1169 5780 etiam
1195 5739 1339 5779 nunc
1369 5739 1538 5794 genus
1571 5735 1655 5781 est
1699 5727 1916 5783 Arabici
1954 5729 2117 5782 vestio

541 5816 705 5872 menti
743 5832 850 5887 quo
887 5815 1139 5871 mulieres
1175 5816 1464 5887 provinciae
1496 5817 1636 5875 illius
1669 5819 1934 5874 velantur.

2252 3327 2388 3383 Sara
2441 3342 2614 3392 uxor;
2676 3325 2818 3381 unde
2864 3324 3018 3380 Cant.
3052 3339 3105 3378 vr
3152 3341 3165 3378 :
3215 3343 3236 3376 ι
3289 3323 3406 3380 Una
3455 3332 3542 3380 est
3593 3324 3855 3382 columba

2249 3436 2388 3485 mea,
2423 3437 2442 3472 ι
2476 3428 2583 3476 etc.

2319 3509 2625 3582 Allegorice.
2680 3508 2812 3566 Post
2859 3507 3282 3580 assumptionem
3313 3505 3570 3563 Ecclesiae
3600 3509 3853 3565 atliaase-

2248 3609 2376 3657 runt
2401 3601 2620 3658 Christo
2646 3601 2829 3657 multae
2869 3601 3065 3656 animae
3097 3600 3350 3656 haeretica
3379 3600 3655 3670 pravitate
3685 3601 3851 3657 dece-

2246 3704 2372 3767 ptae,
2403 3710 2524 3766 quae
2560 3710 2666 3750 non
2716 3695 3033 3754 catholicos.
3084 3694 3179 3750 sed
3221 3693 3600 3750 schismaticos
3643 3710 3848 3766 genue-

2247 3795 2392 3851 runt,
2418 3785 2510 3856 qui
2539 3789 2805 3842 unitatem
2838 3787 3094 3842 Ecclesia:
3123 3786 3427 3842 diviserunt
3455 3803 3630 3858 :quos
3668 3789 3846 3861 signi-

2246 3878 2414 3932 ﬁcant
2443 3877 2536 3930 ﬁlii
2564 3878 2795 3943 Ceturtr,
2825 3880 2917 3948 qui
2945 3879 3173 3934 inferius
3213 3889 3592 3934 numerantur.

2317 3969 2524 4041 (Hilam,
2567 3968 2909 4037 inQJIebr.)
2959 3969 3177 4036 Cetura,
3226 3971 3511 4039 Hebraice,
3564 3973 3839 4044 capulata,

2243 4071 2378 4127 etc.,
2409 4078 2571 4133 usque
2611 4061 2682 4114 ad
2731 4073 2933 4131 quanto
2972 4063 3116 4117 enim
3143 4063 3265 4133 quis
3307 4072 3391 4118 est
3428 4077 3590 4118 carne
3635 4063 3840 4128 fessus,

2245 4165 2398 4213 tanto
2413 4156 2605 4228 spiritu
2621 4155 2874 4211 robustus
2893 4165 2948 4210 et
2964 4155 3242 4225 sapientia:
3261 4155 3632 4227 complexibus
3655 4166 3837 4227 aptus.

2315 4252 2480 4307 Vsus.
2515 4250 2569 4316 5,
2599 4249 2652 4304 4.
2677 4280 2747 4290 --
2775 4271 2792 4301 ι
2821 4249 2944 4304 Filii
2975 4249 3160 4305 Dadan
3213 4249 3436 4304 fuerunt
3478 4250 3755 4318 Assurim,
3784 4261 3842 4306 et

2248 4366 2265 4398 ι
2295 4346 2597 4410 Lathusim,
2623 4352 2677 4399 et
2706 4342 2970 4398 Laomim.
2997 4341 3212 4398 Atvero
3232 4358 3300 4396 ex
3329 4341 3543 4398 Madiau
3570 4354 3729 4398 ortus
3753 4353 3838 4398 cst

2247 4457 2266 4490 ‹
2297 4439 2450 4510 Epha
2482 4448 2538 4493 et
2563 4437 2750 4512 Qpher
2771 4445 2826 4491 et
2853 4435 3037 4492 Henoc
3062 4447 3117 4490 et
3140 4435 3332 4492 Abida.
3370 4455 3390 4488 ι
3429 4435 3639 4508 (illam)
3665 4438 3837 4518 Assu-

2163 4571 2216 4631 Β
2243 4534 2342 4602 rim
2381 4533 2433 4588 in
2467 4532 2813 4603 negotiatores
2849 4527 3130 4584 transferri
3159 4535 3373 4598 putant,
3405 4535 3538 4594 etc.,
3570 4545 3736 4600 usque
3763 4531 3833 4583 ad

2241 4637 2298 4684 et
2337 4643 2364 4681 a
2405 4626 2678 4697 plerisque
2715 4625 2840 4679 ﬁliis
2878 4623 3112 4678 Abrahae
3173 4636 3242 4676 ex
3277 4621 3476 4678 Cetura
3533 4631 3833 4692 occupatas

2237 4717 2402 4773 Indiae
2434 4720 2700 4789 regiones.

2297 4809 2472 4866 Vsus.
2510 4809 2630 4864 5—7.
2654 4839 2725 4849 —
2764 4826 2783 4858 ε
2823 4807 3087 4878 Deditque
3112 4806 3412 4872 Abraham,
3445 4825 3464 4859 ι
3499 4814 3607 4862 etc.
3649 4806 3826 4878 (lsm.)

2235 4902 2372 4970 Quia
2429 4901 2628 4957 dantur
2673 4915 2898 4954 munera
2946 4899 3072 4954 ﬁliis
3117 4898 3584 4964 concubinarum,
3635 4899 3690 4953 id
3743 4909 3829 4954 est

2233 4992 2562 5057 carnalium;
2603 4991 2697 5046 sed
2731 5005 2836 5044 non
2867 4989 3195 5058 perveniunt
3221 4989 3288 5044 ad
3321 5004 3547 5061 regnum
3583 4990 3824 5059 promis-

2232 5099 2350 5139 sum
2397 5083 2661 5147 haeretici,
2710 5084 2794 5138 vel
2841 5082 3032 5147 Judaei,
3087 5083 3212 5152 quia
3257 5083 3502 5138 carnalia
3547 5081 3700 5138 lucra
3731 5098 3824 5138 se-

2229 5186 2498 5247 quuntur;
2537 5176 2685 5232 solus
2712 5175 2863 5230 Isaac
2886 5183 2972 5230 est
2998 5176 3192 5240 haeres,
3220 5176 3346 5245 quia
3370 5191 3476 5230 non
3505 5173 3601 5231 ﬁlii
3633 5175 3823 5231 carnis

2232 5270 2613 5324 existimantur
2645 5269 2699 5322 in
2735 5268 2963 5333 semine,
2993 5268 3086 5323 sed
3112 5268 3508 5337 promissionis.

2302 5365 2464 5420 Vens.
2497 5364 2646 5419 8o“.
2673 5394 2746 5406 —
2777 5383 2790 5418 ε
2820 5363 2887 5418 Ει
2915 5362 3173 5418 deﬁciens
3216 5372 3459 5416 mortuus
3507 5370 3593 5416 est
3643 5361 3696 5416 in
3732 5378 3820 5417 se-

2237 5475 2255 5508 ι
2282 5465 2499 5511 nectute
2513 5458 2672 5523 bona,
2693 5465 3070 5525 provecueque
3084 5453 3283 5518 aetatis,
3298 5461 3354 5508 et
3374 5453 3566 5523 plenus
3580 5453 3814 5517 dierum,

2237 5568 2256 5601 ι
2288 5561 2759 5620 congregatusque
2779 5556 2866 5606 est
2895 5547 2961 5602 ad
2992 5545 3245 5617 pOpqum
3271 5559 3451 5600 suum.
3485 5544 3553 5599 Et
3582 5543 3813 5615 sepelie-

2233 5659 2250 5692 ι
2285 5650 2410 5696 runt
2441 5655 2588 5706 eum,
2626 5659 2644 5693 ι
2681 5648 2787 5695 etc.
2820 5637 3096 5710 (HIEBON.)
3129 5636 3272 5693 male
3307 5637 3361 5692 in
3389 5634 3536 5693 LXX
3563 5637 3812 5692 additum

2224 5741 2346 5788 est:
2379 5752 2397 5782 ι
2431 5731 2698 5787 Deﬁciens
2734 5738 2980 5785 mortuus
3014 5737 3099 5784 est
3124 5728 3421 5794 Abraham,
3461 5745 3479 5780 ι
3541 5727 3671 5798 quia
3701 5743 3810 5782 non

2225 5821 2736 5880 convcnitAbrahac
2767 5823 2998 5878 deﬁcere
3032 5819 3114 5876 vel
3162 5819 3354 5875 minui.
3405 5817 3542 5876 Illud
3589 5831 3810 5890 quoque
