4074 6334
244 427 356 483 MS

1282 389 1549 487 GLOSSA
1587 430 1982 488 ORDINARIA.
2023 463 2094 475 -
2133 435 2257 490 LIB.
2301 433 2456 490 ceu.

3397 431 3501 494 M6

237 542 388 613 quod
417 539 698 610 posuimus
758 559 777 590 ι
813 557 866 594 in
903 552 1181 598 senectute
1205 545 1346 599 bona
1372 561 1537 600 senex
1571 567 1589 599 ι
1631 556 1686 602 et
1711 547 1823 617 ple-
1851 550 1900 607 Α
1929 547 2000 601 eti
2028 547 2234 602 orando
2260 546 2514 612 efﬁciunt,
2543 555 2674 608 etc.,
2713 564 2872 617 usque
2913 547 2981 600 ad
3020 547 3068 601 is
3091 546 3254 611 enim,
3307 547 3362 602 in
3392 562 3499 616 quo

235 635 370 692 nius
393 633 448 688 in
467 629 674 687 Graecis
699 631 971 686 codicibus
997 635 1232 703 ponitur,
1270 656 1286 688 ‹
1317 636 1506 706 plenus
1534 637 1770 702 dierum;
1795 659 1812 692 ι

237 723 393 794 quod
422 738 548 779 cum
579 738 793 778 sensum
821 722 1070 779 videatur
1107 740 1398 797 exponere,
1429 744 1494 782 eo
1521 729 1664 799 quod
1703 729 1822 785 luce

233 823 293 870 et
331 814 439 868 diei
478 813 730 885 operibus
771 814 961 884 plenus
1007 817 1360 882 occubuerit,
1413 822 1581 890 magis
1641 833 1822 878 tamen

235 904 307 958 ad
339 920 618 975 anagogen
651 903 797 966 facit,
827 905 869 958 si
907 905 1223 976 simpliciter
1249 919 1480 978 ponatur
1512 931 1529 961 ι
1567 913 1773 980 plenus.
1797 935 1814 966 ι

313 997 332 1066 (
360 995 547 1050 Glossa
587 993 794 1050 Greca.
822 997 840 1067 )
879 997 1016 1052 Ecce
1048 997 1222 1054 Moses
1265 1000 1430 1055 vitam
1463 1005 1672 1058 venturi
1726 1021 1824 1059 sae-

235 1091 350 1146 culi
402 1093 571 1156 novit,
621 1107 780 1148 nemo
813 1094 960 1148 enim
1007 1095 1092 1149 his
1137 1095 1228 1164 qui
1281 1112 1386 1151 non
1431 1108 1574 1163 sunt,
1625 1099 1820 1170 apponi

234 1194 440 1256 potest.

313 1278 479 1335 Vens.
513 1280 598 1336 12.
622 1311 694 1322 -
719 1300 739 1332 ‹
769 1279 864 1335 Hm:
903 1290 1028 1336 sunt
1071 1283 1477 1353 generationes,
1529 1305 1548 1337 ›
1599 1295 1703 1342 etc.
1757 1286 1820 1341 Hi

239 1373 429 1444 populi
471 1384 595 1428 ante
634 1374 771 1429 ﬁlios
806 1374 955 1429 Isaac
997 1384 1398 1445 computantur,
1426 1378 1518 1447 qui
1559 1393 1680 1432 cum
1713 1378 1822 1433 sint

236 1464 308 1517 de
346 1465 554 1519 semine
581 1465 834 1529 Abrahae,
869 1480 974 1518 non
1015 1474 1192 1519 tamen
1238 1475 1616 1536 computantur
1647 1467 1697 1521 in
1738 1483 1823 1523 se

236 1555 412 1616 mine,
449 1555 572 1624 quia
605 1556 753 1624 prius
782 1564 865 1609 est
894 1555 1036 1624 quod
1063 1555 1297 1610 animafe
1326 1567 1426 1621 est,
1457 1556 1650 1611 deinde
1677 1555 1820 1626 quod

235 1646 540 1716 spirintale.
607 1646 755 1702 Unde
805 1655 925 1716 post
975 1648 1434 1715 computationem
1495 1647 1820 1712 carnalium,

234 1739 462 1808 ponitur
509 1739 816 1810 genealogia
870 1741 1040 1804 Isaac,
1090 1740 1156 1794 tle
1211 1754 1317 1810 quo
1369 1739 1509 1794 facta
1559 1749 1645 1795 est
1692 1755 1823 1811 pro-

237 1832 456 1896 missio,
490 1843 546 1887 et
576 1832 869 1888 electorum
901 1834 1245 1904 propaganda
1281 1834 1572 1888 successio.

1925 640 2067 696 Deus
2107 641 2464 711 multiplicare
2507 655 2690 695 semen
2726 639 2958 694 Abrahae
2996 639 3495 710 praedestinaverat,

1923 734 2168 789 oratione
2198 733 2428 788 obtinuit
2461 741 2515 786 ut
2550 731 2688 786 ﬁlios
2712 733 2957 787 haberet.

1998 847 2016 879 ‹
2047 827 2144 894 Qui
2177 827 2452 882 exaudivit
2474 841 2612 880 eam.
2649 845 2666 876 ι
2693 826 3036 899 ((ὶιιιιγεοετ.)
3065 826 3142 882 Ne
3166 835 3325 898 putes
3349 841 3381 882 e
3405 841 3500 883 ve-

1923 919 2081 989 stigio
2131 927 2185 973 ct
2227 919 2470 987 protinus
2524 930 2829 973 assecutum
2875 933 2994 974 esse
3040 920 3181 989 quod
3243 919 3495 990 optabat:

1923 1027 2048 1064 nam
2075 1010 2259 1079 viginti
2287 1010 2442 1064 annis
2473 1009 2671 1063 mansit
2697 1025 2859 1064 orans
2887 1019 2941 1064 et
2975 1011 3273 1080 deprecans
3305 1009 3496 1066 Deum.

1922 1099 2058 1154 Nam
2106 1101 2245 1154 sicut
2287 1101 2467 1156 docuit
2516 1116 2615 1154 nos
2663 1110 2794 1169 quot
2835 1117 3006 1157 annos
3049 1102 3237 1156 habuit
3283 1103 3500 1172 quando

1922 1193 2073 1246 duxit
2107 1193 2402 1248 Rebeccam
2434 1193 2649 1263 (nempe
2691 1192 3092 1264 quadraginta),
3137 1194 3208 1247 ita
3258 1194 3501 1264 assigna-

1922 1286 2000 1340 vit
2035 1285 2192 1341 nobis
2241 1293 2373 1354 quot
2418 1301 2684 1340 annorum
2730 1284 2889 1340 fuerit
2937 1285 3106 1349 Isaac,
3146 1286 3361 1354 quando
3386 1284 3502 1339 nati

1924 1387 2050 1432 sunt
2085 1378 2132 1432 ei
2163 1378 2275 1431 lilii.
2337 1397 2354 1429 ‹
2397 1376 2813 1448 Scxagcnarius,
2872 1377 3067 1447 inquit,
3117 1386 3237 1431 erat
3285 1375 3503 1447 quando

1924 1470 2035 1524 nati
2076 1479 2201 1525 sunt
2230 1469 2456 1537 parvuli.
2491 1491 2508 1521 ι

2000 1581 2018 1612 ι
2053 1561 2424 1631 Perrexitque,
2453 1580 2468 1611 δ
2501 1568 2631 1625 etc.,
2657 1559 2840 1630 (Auc.,
2873 1559 3154 1625 Qumst.'in
3186 1555 3338 1621 Gem,
3369 1565 3498 1614 tom.

1923 1654 2035 1725 ΙΙΙ.)
2080 1653 2351 1722 Quaeritur
2378 1669 2486 1722 quo
2515 1653 2656 1716 ierit,
2699 1667 2822 1706 cum
2877 1651 3112 1706 nondum
3166 1659 3350 1706 essent
3379 1665 3506 1721 pro-

1923 1747 2102 1815 pheta:
2145 1745 2228 1799 vel
2277 1745 2588 1798 sacerdotes
2638 1743 2972 1797 tabernaculi
3019 1751 3112 1796 aut
3161 1741 3343 1811 templi
3394 1741 3503 1796 D0-

1926 1837 2096 1891 mini?
2126 1836 2378 1892 Forsitan
2410 1835 2476 1889 ad
2514 1835 2691 1889 locum
2720 1834 2807 1888 ubi
2841 1849 2991 1887 aram
3025 1833 3308 1888 constituit
3332 1832 3506 1886 Abra-

317 1921 481 1978 Vnns.
514 1923 600 1977 l3-
618 1923 700 1978 l5.
727 1956 796 1965 —
825 1945 843 1976 Ι
875 1925 940 1979 Ει
968 1927 1081 1981 haec
1108 1926 1323 1980 nomina
1355 1925 1585 1980 ﬁliorum
1620 1923 1737 1994 ejus
1767 1926 1822 1981 in
1849 1911 1899 1972 Β
1927 1931 2071 1986 ham.
2091 1929 2196 1985 Sed
2218 1932 2489 2000 quomodo
2515 1929 2583 1983 ibi
2610 1943 2863 1999 responsa
2893 1929 3169 1991 darentur,
3191 1936 3332 1982 tacet
3353 1925 3504 1982 Scri-

243 2034 263 2067 c
312 2017 595 2073 vocabulis
631 2030 685 2074 et
743 2019 1186 2087 generationibus
1249 2019 1380 2074 suis.
1422 2018 1823 2090 Primogenitus

241 2127 262 2159 ‹
311 2106 559 2163 lsmaelis
587 2108 868 2178 Nabajoth,
915 2110 1108 2165 deinde
1139 2109 1332 2174 Ccdar,
1363 2119 1417 2164 et
1457 2109 1613 2176 Abel,
1653 2131 1672 2163 ι
1713 2119 1818 2166 etc.

236 2199 524 2270 (HIEBON.)
576 2200 866 2255 Duodecim
899 2201 992 2256 ﬁlii
1024 2212 1320 2256 nascuntur
1358 2202 1594 2268 lsmaeli,
1621 2204 1823 2274 primo-

234 2290 458 2359 genitus
490 2289 777 2361 Nabajoth,
830 2306 993 2360 aquo
1024 2291 1200 2345 omnis
1249 2293 1398 2361 regio
1440 2293 1510 2347 ab
1553 2292 1824 2363 Euphrate

237 2379 414 2451 usque
444 2386 512 2439 ad
542 2401 691 2440 mare
721 2386 957 2440 Rubrum
989 2385 1268 2440 Nahathea
1304 2387 1524 2452 dicitur,
1554 2401 1673 2456 qum
1699 2403 1825 2458 pars

234 2476 456 2532 Arabiae
501 2487 601 2532 est.
653 2477 784 2531 Nam
836 2477 1052 2532 familiae
1099 2479 1338 2548 ipsorum
1368 2481 1587 2551 oppida,
1619 2482 1742 2552 pagi
1771 2490 1825 2537 et

239 2571 439 2634 tribus,
474 2572 666 2626 horum
707 2572 1064 2642 appellatione
1101 2573 1463 2628 celebrantur.
1503 2573 1584 2628 Ab
1615 2590 1722 2630 uno
1757 2591 1823 2630 ex

240 2661 348 2724 his,
379 2661 555 2716 Cedar
586 2663 636 2717 in
667 2666 900 2727 deserto,
928 2673 983 2718 et
1011 2664 1175 2718 Duma
1206 2664 1310 2719 alia
1340 2665 1506 2736 regio,
1539 2674 1594 2721 et
1617 2665 1823 2722 Thema

240 2752 311 2807 ad
338 2760 610 2818 austrum,
637 2765 693 2809 et
721 2753 983 2819 Chedma,
1021 2754 1154 2809 alias
1178 2755 1460 2818 Chetbma,
1495 2756 1560 2810 ad
1587 2757 1826 2812 orienta-

242 2845 348 2900 lem
379 2847 592 2919 plagam
620 2849 835 2904 dicitur.
877 2848 1030 2916 Quod
1072 2849 1124 2903 in
1151 2860 1395 2903 extremo
1422 2849 1640 2918 capituli
1665 2847 1821 2917 juxta

238 2927 388 2992 LXX
437 2939 686 3010 legimus,
751 2960 769 2993 ι
818 2950 1006 2996 contra
1059 2940 1249 2995 faciem
1297 2939 1538 2994 omnium
1591 2939 1825 2996 fratrum

239 3045 465 3085 suorum
513 3032 811 3098 habitabat,
863 3053 882 3084 ι
954 3034 1132 3088 verius
1194 3042 1278 3088 est
1323 3034 1465 3104 quod
1526 3035 1822 3104 posuimus,

248 3139 270 3174 ι
296 3136 481 3176 coram
512 3124 763 3178 omnibus
788 3123 1050 3178 fratribus
1079 3123 1193 3179 suis
1223 3123 1525 3188 occubuit,»
1561 3124 1613 3179 id
1635 3134 1738 3190 est,
1771 3123 1827 3180 in

239 3216 495 3271 manibus
521 3215 756 3272 ﬁliorum
793 3232 1013 3272 suorum
1039 3225 1283 3271 mortuus
1310 3224 1412 3281 est,
1445 3216 1826 3286 superstitibus

243 3308 423 3364 adhuc
459 3309 664 3365 liberis.
699 3309 920 3365 Fratres
964 3309 1108 3365 enim
1138 3309 1231 3364 ﬁlii
1259 3308 1633 3380 appellantur;
1679 3313 1825 3368 unde

241 3396 453 3454 Jacob:
483 3417 502 3450 ‹
530 3398 766 3454 Ponatur
796 3416 980 3455 coram
1013 3398 1272 3454 fratribus
1296 3401 1451 3466 meis,
1483 3409 1538 3456 et
1565 3400 1824 3459 fratribus

242 3492 374 3556 tuis,
415 3499 471 3545 et
494 3491 788 3562 dijudicent
817 3492 959 3546 inter
982 3507 1099 3546 nos.
1122 3511 1140 3542 ι
1176 3490 1290 3547 Non
1317 3492 1462 3548 enim
1496 3494 1824 3550 credendum

242 3591 332 3637 est
359 3583 500 3651 quod
529 3581 714 3648 Iacob,
744 3584 984 3654 exceptis
1014 3583 1200 3639 liberis
1226 3584 1358 3650 suis,
1391 3583 1599 3656 aliquos
1629 3586 1826 3642 fratres

242 3689 431 3729 secum
459 3673 726 3730 habuerit.
1571 3681 1586 3696 '

319 3767 484 3821 Vens.
533 3767 733 3831 16,17.
767 3799 836 3809 -
885 3787 904 3822 ι
932 3769 1224 3826 Duodecim
1265 3770 1539 3842 principes
1584 3773 1823 3829 tribuum

251 3877 270 3908 ι
317 3874 554 3914 suarum.
590 3860 657 3915 Et
698 3863 822 3917 facti
858 3871 982 3917 sunt
1015 3863 1140 3917 anni
1197 3863 1320 3919 vita:
1369 3865 1600 3930 lsmael,
1641 3885 1659 3918 ι
1714 3875 1822 3923 etc.

245 3949 646 4016 Duodenarius,
692 3951 831 4008 sicut
875 3963 1119 4008 sacratus
1173 3963 1258 4009 est
1298 3954 1352 4010 in
1389 3955 1648 4025 apostolis
1687 3965 1743 4012 et
1769 3958 1825 4013 in

245 4041 559 4111 apostolicis
608 4043 774 4108 viris,
838 4045 916 4102 sic
957 4046 1304 4102 exsecrabilis
1351 4056 1436 4104 est
1479 4049 1535 4103 in
1581 4051 1827 4120 reprobis

246 4142 446 4190 contra
491 4136 650 4192 ﬁdem
681 4137 962 4195 Trinitatis
999 4149 1054 4195 et
1079 4139 1428 4211 Evangelium
1464 4155 1562 4211 per
1595 4150 1828 4213 quatuor

244 4227 436 4282 mundi
460 4237 646 4300 partes
669 4229 928 4286 dilatatis.

319 4317 484 4375 Vnus.
519 4322 605 4387 18,
635 4321 722 4376 19.
744 4351 815 4363 -
851 4341 871 4374 ‹
907 4322 1185 4378 Habitavit
1212 4330 1391 4379 autem
1433 4323 1502 4379 ab
1526 4322 1711 4380 Hevila
1739 4340 1828 4380 us-

249 4431 268 4463 t
297 4426 404 4480 que
425 4409 548 4478 Sur,
572 4427 693 4482 quae
715 4413 936 4483 respicit
961 4413 1278 4486 Egyptum,
1306 4433 1326 4466 ›
1345 4422 1451 4470 etc.
1473 4413 1645 4484 Regio
1664 4431 1828 4486 quam

244 4503 556 4559 circumivit
583 4503 785 4560 Phison
817 4505 884 4559 ab
908 4504 1116 4570 llevila,
1148 4513 1344 4574 nepote
1370 4503 1502 4567 Noe.
1531 4505 1608 4559 sic
1636 4513 1826 4560 vocata

243 4601 351 4658 est,
379 4602 437 4649 et
463 4602 546 4649 est
573 4594 806 4651 solitudo
840 4605 1026 4652 contra
1056 4595 1247 4652 faciem
1276 4595 1519 4668 Egypti.
1560 4595 1667 4652 Sur
1695 4611 1828 4668 quo-

1925 2032 2123 2094 ptura;
2172 2037 2238 2074 an
2282 2038 2379 2092 per
2419 2022 2650 2090 aliquem
2691 2020 3064 2075 sacerdotem?
3105 2035 3264 2090 quem
3308 2021 3506 2074 mirum

1925 2121 2030 2176 est,
2064 2113 2109 2168 si
2137 2123 2275 2175 erat,
2318 2128 2422 2167 non
2459 2111 2626 2166 fuisse
2670 2111 3029 2178 nominatum,
3075 2121 3131 2167 et
3171 2111 3370 2165 nullam
3413 2127 3500 2165 sa-

1925 2204 2203 2262 cerdotum
2265 2203 2462 2259 factam
2518 2204 2845 2260 mentionem
2897 2219 3036 2260 esse.
3113 2203 3360 2259 Forsitan
3411 2204 3504 2265 ibi,

1925 2313 2049 2354 cum
2092 2299 2300 2352 orando
2338 2297 2662 2367 allegasscnt
2689 2295 2958 2351 desideria
2990 2310 3113 2360 sua,
3141 2296 3506 2358 dormiebant,

1928 2401 1987 2445 ut
2007 2404 2106 2460 per
2127 2404 2372 2445 somnum
2403 2395 2752 2443 monerentur
2777 2404 2789 2440 :
2814 2387 2900 2442 vel
2930 2387 3106 2441 adhuc
3131 2387 3346 2440 vivebat
3373 2384 3504 2439 Mel-

1927 2483 2235 2544 chisedech,
2281 2483 2433 2552 cujus
2480 2489 2631 2536 tanta
2675 2479 2776 2534 fuit
2820 2480 3159 2543 excellentia,
3194 2487 3252 2533 ut
3278 2478 3496 2534 dubita-

1926 2580 2078 2626 retur
2101 2581 2280 2625 ntrum
2310 2571 2472 2626 homo
2499 2586 2565 2625 an
2593 2569 2816 2640 angelus
2848 2569 3025 2624 fuerit.
3055 2567 3148 2623 Vel
3177 2568 3316 2623 forte
3345 2569 3508 2622 etiam

1927 2662 2018 2718 illo
2067 2671 2309 2734 tempore
2364 2672 2520 2718 erant
2565 2663 2810 2718 homines
2861 2662 2976 2728 Dei,
3034 2662 3086 2717 in
3137 2663 3334 2732 quibus
3366 2662 3506 2716 Deus

1927 2766 2109 2826 posset
2141 2756 2483 2827 interrogari.
2515 2753 2784 2824 Quidquid
2826 2755 3039 2818 horum,
3077 2753 3160 2808 vel
3194 2753 3333 2809 forte
3362 2752 3508 2806 aliud

1926 2848 2108 2912 fuerit,
2141 2847 2385 2904 Rebecca
2411 2857 2590 2903 tamen
2618 2848 2912 2905 secundum
2949 2848 3286 2919 Scripturam
3321 2847 3507 2902 Domi-

1930 2955 2060 2993 num
2087 2939 2461 3009 interrogavit,
2489 2948 2542 2994 et
2571 2955 2891 3010 responsum
2923 2938 3041 3008 ejus
3071 2938 3290 2994 meruit.

2001 3030 2166 3086 Vens.
2200 3032 2292 3087 25.
2313 3062 2383 3072 -
2414 3051 2432 3083 ι
2463 3031 2562 3098 Qui
2593 3033 2926 3109 respondens
2955 3033 3030 3086 ait
3057 3049 3068 3085 :
3094 3033 3222 3086 Duae
3251 3037 3457 3100 gentes,
3488 3048 3506 3080 ›

1931 3131 2036 3178 etc.
2075 3120 2257 3194 (Αυσ.)
2288 3121 2556 3177 Historica
2585 3123 2918 3193 proprietate
2949 3138 3268 3193 responsum
3301 3122 3511 3176 invenir

1933 3221 2022 3268 tur
2056 3214 2406 3284 completum,
2438 3230 2560 3268 cum
2591 3223 2812 3286 propter
2859 3215 3046 3280 Israel,
3088 3215 3141 3268 id
3184 3226 3290 3277 est,
3323 3213 3511 3277 Jacob,

1850 3275 1900 3340 θ
1934 3307 2111 3362 minor
2135 3307 2276 3362 ﬁlius
2299 3294 2574 3378 superavit
2601 3307 2886 3374 Idumaeos,
2916 3308 2967 3362 id
2998 3317 3082 3363 est
3102 3320 3316 3377 gentem
3348 3322 3509 3377 quam

1930 3401 2246 3471 propagavit
2268 3399 2432 3466 Esau,
2459 3414 2658 3471 eosque
2683 3415 2781 3470 per
2809 3400 2975 3455 David
3007 3402 3322 3455 tributarios
3352 3401 3510 3465 fecit;

1930 3491 2074 3560 q"od
2113 3489 2204 3544 diu
2236 3489 2453 3546 fuerunt
2497 3506 2670 3561 usque
2717 3490 2784 3546 ad
2830 3507 3010 3561 regem
3040 3490 3223 3547 Joram
3253 3491 3360 3563 (IV
3386 3491 3507 3561 Reg.

1929 3582 2074 3653 vnt).
2129 3581 2280 3638 Tunc
2327 3582 2470 3638 enim
2519 3583 2735 3639 ldumr-i
2785 3583 3198 3649 rebellaverunt,
3232 3593 3283 3638 et
3322 3583 3510 3656 jag-im

1932 3675 1999 3730 de
2039 3675 2252 3730 cervice
2292 3683 2664 3740 excusserunt,
2713 3675 2855 3731 sicut
2891 3677 3291 3748 prophetizavit
3340 3676 3507 3742 Isaac,

1931 3765 2146 3836 quando
2183 3765 2447 3822 minorem
2472 3782 2568 3837 pro
2601 3768 2804 3838 majore
2830 3768 3126 3830 benedixit,
3155 3776 3210 3822 et
3240 3769 3340 3823 hoc
3371 3767 3511 3822 idem

1935 3858 2070 3914 dixit
2100 3857 2316 3928 majori,
2345 3874 2466 3914 cum
2512 3860 2684 3929 ipsum
2714 3868 2899 3931 postea
2930 3860 3223 3916 benedixit.

2003 3951 2170 4007 Vens.
2203 3951 2396 4007 24-26.
2418 3981 2491 3994 --
2516 3971 2534 4004 ι
2563 3950 2680 4007 Jam
2714 3964 2943 4022 tempus,
2978 3971 2998 4006 ι
3033 3962 3136 4008 etc.
3172 3951 3378 4026 (litum)
3410 3952 3511 4009 Ubi

1931 4059 2032 4100 nos
2070 4065 2088 4098 ι
2119 4046 2347 4116 pilosum
2377 4066 2395 4099 ›
2447 4046 2750 4116 posuimus,
2783 4045 2836 4099 in
2863 4043 3090 4100 Hebraeo
3140 4044 3369 4100 habetur
3393 4063 3513 4116 δεῖμ’

1933 4139 2139 4212 (nam);
2171 4139 2313 4194 unde
2341 4139 2508 4204 Esau,
2545 4139 2687 4194 sicut
2722 4138 2849 4194 alibi
2896 4138 3146 4209 legimus,
3173 4155 3312 4210 seyr,
3351 4139 3402 4193 id
3429 4148 3514 4194 est

1928 4230 2134 4302 pilosus
2162 4230 2339 4286 dictus
2368 4239 2470 4286 est.

2007 4341 2024 4375 ι
2054 4321 2308 4378 Protinus
2337 4323 2495 4387 alter,
2533 4342 2552 4376 ι
2586 4330 2694 4378 etc.
2744 4319 2917 4392 (lsrn.)
2950 4319 3064 4375 Hoc
3093 4318 3392 4390 ﬁguraliter
3421 4319 3506 4374 fa-

1931 4424 2076 4472 ctum
2124 4417 2288 4472 etiam
2330 4414 2531 4471 Iudaeis
2580 4430 2687 4470 non
2740 4414 3084 4470 credentibus
3147 4421 3335 4467 notum
3381 4420 3503 4468 est:

1931 4505 2162 4578 qualiter
2190 4507 2418 4577 populus
2450 4505 2704 4561 Ecclesia:
2734 4504 2987 4576 paparium
3020 4503 3322 4576 Synagogae
3349 4519 3508 4575 supe-

1932 4596 2096 4662 ravit,
2134 4604 2188 4650 et
2212 4596 2363 4666 plebs
2391 4579 2720 4659 Iudaeorum,
2768 4603 3010 4666 tempore
3060 4594 3252 4664 major,
3285 4597 3509 4652 servivit

245 4698 353 4755 que
397 4691 480 4739 est
520 4683 752 4742 solitudo
799 4687 942 4743 inter
980 4686 1153 4744 Cades
1201 4697 1256 4743 et
1282 4687 1479 4752 Barad,
1528 4691 1826 4747 extendens
1852 4677 1906 4738 D
1931 4687 2128 4744 minori
2162 4687 2362 4757 populo
2387 4685 2841 4742 Christianorum.

247 4779 526 4834 desertum
558 4793 730 4850 usque
775 4781 842 4836 ad
881 4795 1032 4836 mare
1061 4780 1305 4836 Rubrum
1349 4790 1405 4837 et
1430 4780 1649 4853 Egypti
1695 4799 1825 4839 con-

245 4869 396 4924 ﬁnia.

328 4960 486 5016 Vens.
523 4960 613 5016 20.
636 4992 709 5002 -
734 4981 753 5016 t
781 4962 858 5017 De
881 4961 1265 5033 Mesopotamia
1291 4978 1531 5019 sororem
1560 4963 1766 5020 Laban.
1799 4986 1819 5018 ι

245 5053 420 5125 Regio
467 5054 689 5120 sterilis,
733 5070 854 5126 quae
898 5057 978 5111 sic
1005 5055 1194 5111 Graece
1216 5063 1444 5110 vocatur
1486 5057 1611 5127 quia
1645 5057 1824 5114 media

247 5149 392 5203 inter
421 5145 528 5201 duo
552 5146 771 5201 ﬂumina
799 5145 1001 5218 Tigrim
1027 5155 1083 5202 et
1106 5146 1454 5216 Euphratem.
1497 5145 1631 5202 Nam
1665 5152 1824 5220 μέσος

249 5241 474 5306 medius,
501 5241 731 5308 ποταμὸς
758 5241 950 5310 ﬂuvius
979 5240 1206 5307 dicitur;
1250 5240 1379 5296 hinc
1411 5240 1823 5312 hippopotamus

249 5332 306 5388 id
331 5341 434 5398 est,
459 5330 689 5388 ﬂuvialis
723 5345 914 5402 equus.

323 5422 487 5478 Vens.
515 5421 605 5487 21,
632 5421 724 5477 22.
746 5452 814 5463 -
852 5439 870 5474 t
925 5420 1431 5491 Deprecatusqne...
1470 5422 1564 5478 sed
1605 5421 1826 5477 collide—

255 5531 276 5564 ε
310 5515 505 5568 bantur
535 5512 589 5568 in
618 5519 776 5568 utero
795 5512 1025 5583 parvuli,
1067 5532 1085 5564 ι
1119 5522 1222 5566 etc.
1250 5511 1458 5584 (Ηιειι.)
1477 5511 1824 5569 Promotione

248 5606 337 5662 vel
388 5605 664 5663 collisione
720 5606 865 5662 LXX
908 5615 1234 5684 posuerunt,
1301 5627 1319 5658 ‹
1379 5606 1632 5663 ludebant
1665 5628 1683 5660 ι
1738 5607 1824 5662 vel

256 5717 276 5751 ι
312 5697 767 5754 recalcitrabant:
807 5717 825 5751 ο
869 5696 1097 5768 Aquila,
1147 5717 1165 5749 ‹
1213 5695 1572 5768 conﬂigebant
1622 5697 1716 5752 ﬁlii
1766 5698 1822 5751 in

253 5800 410 5847 utero
439 5791 575 5862 ejus.
610 5811 629 5844 ι
666 5789 1042 5863 Symmachus,
1081 5807 1100 5841 ι
1136 5789 1189 5844 in
1212 5789 1562 5845 similitudine
1590 5789 1744 5844 navis
1770 5789 1824 5843 in

256 5881 540 5954 superﬁcie
570 5881 929 5939 ferebantur.»
960 5881 1172 5951 (Gut-3e,
1203 5881 1341 5936 Dial.
1373 5898 1414 5948 ι,
1438 5880 1517 5950 8.)
1548 5881 1678 5950 Quae
1701 5897 1824 5938 san-

2003 4777 2154 4852 (Ben.
2181 4779 2235 4833 in
2258 4779 2353 4832 hoc
2375 4795 2516 4847 cap.,
2546 4786 2675 4832 tom.
2705 4776 2789 4849 II.)
2811 4777 2880 4833 in
2908 4777 3133 4851 singulis
3162 4795 3378 4850 quoque
3401 4779 3504 4836 hoc
3527 4791 3530 4796 '

1934 4871 2037 4928 dici
2063 4879 2258 4942 potest.
2297 4887 2314 4919 ι
2353 4869 2481 4922 Duae
2502 4876 2688 4938 gentes
2712 4879 2768 4924 et
2795 4869 2901 4925 duo
2931 4869 3111 4940 populi
3144 4889 3162 4922 ι
3198 4871 3340 4925 intra
3375 4885 3494 4934 nos,

1932 4971 2075 5026 sunt,
2106 4961 2312 5017 scilicet
2338 4960 2590 5015 vitiorum
2618 4970 2672 5016 et
2712 4963 3004 5027 virtutum;
3043 4963 3146 5018 iste
3171 4963 3370 5028 minor,
3413 4962 3505 5020 ille

1932 5051 2144 5121 major:
2174 5051 2355 5121 plures
2392 5049 2536 5106 enim
2574 5059 2698 5106 sunt
2736 5051 2865 5106 mali
2905 5067 3068 5123 quam
3099 5053 3247 5118 boni,
3280 5062 3335 5109 et
3369 5055 3500 5111 vitia

1929 5145 2083 5214 plura
2108 5142 2416 5198 virtutibus.
2451 5141 2558 5198 Sed
2588 5151 2766 5198 tamen
2791 5143 3020 5215 populus
3061 5144 3317 5214 populum
3347 5162 3508 5218 supe-

1925 5245 2028 5300 rat,
2083 5253 2103 5287 c
2135 5244 2188 5290 et
2216 5237 2388 5306 major
2423 5235 2622 5292 serviet
2650 5236 2862 5298 minori,
2895 5255 2912 5287 ι
2968 5251 3094 5291 caro
3141 5237 3351 5294 scilicet
3391 5240 3503 5310 spi-

1926 5327 2077 5393 ritui,
2113 5335 2169 5383 et
2203 5327 2331 5382 vitia
2349 5327 2656 5382 virtutibus.
2709 5325 2974 5382 Praecedit
3018 5326 3183 5391 Esau,
3224 5328 3395 5392 rufus,
3448 5341 3504 5384 et

1926 5426 2070 5473 totus
2103 5425 2162 5471 ut
2205 5417 2360 5488 pellis
2394 5417 2640 5488 hispidus
2678 5435 2690 5470 :
2733 5415 2924 5471 deinde
2965 5417 3076 5471 exit
3103 5414 3270 5472 Jacob
3312 5427 3502 5472 tenens

1925 5507 2162 5578 plantam
2209 5506 2421 5573 fratris;
2469 5506 2618 5577 prior
2656 5506 2800 5561 enim
2841 5505 3088 5577 populus,
3117 5506 3502 5577 pr0phetarum

1928 5609 1984 5655 et
2029 5599 2227 5655 Christi
2275 5600 2537 5670 sanguine
2584 5597 2839 5669 pollutus,
2887 5597 3091 5668 peccati
3143 5604 3197 5650 et
3247 5595 3501 5665 nequitia:

1909 5693 2179 5763 squalore
2203 5692 2571 5746 circumdatus
2598 5704 2613 5744 :
2647 5689 2798 5760 cujus
2825 5689 3004 5743 minor
3029 5688 3274 5758 plantam
3300 5687 3494 5752 tenuit,

1929 5787 2054 5857 quia
2081 5783 2338 5854 majorem
2363 5783 2616 5855 populum
2645 5782 2824 5838 minor
2850 5779 3139 5850 superavit.

2002 5878 2165 5933 Vens.
2201 5877 2288 5938 27,
2321 5875 2488 5930 28.--‹
2513 5893 2532 5925 ι
2563 5874 2759 5929 Factus
2787 5882 2872 5929 est
2897 5872 3060 5940 Esau,
3097 5891 3115 5924 ι
3143 5879 3248 5930 etc.
3281 5871 3500 5946 (οης.)
