  <div class='ocr_page' id='page_1' title='image "/cluster/home/n/w/nwhite01/storage/ocr_20150623/113/hvd.32044018909572/080.png"; bbox 0 0 4074 6334; ppageno 0'>
   <div class='ocr_carea' id='block_1_1' title="bbox 283 368 392 428">
    <p class='ocr_par' dir='ltr' id='par_1_1' title="bbox 283 368 392 428">
     <span class='ocr_line' id='line_1_1' title="bbox 283 368 392 428; baseline 0.018 -2"><span class='ocrx_word' id='word_1_1' title='bbox 283 368 392 428; x_wconf 74' lang='lat' dir='ltr'><strong>MO</strong></span> 
     </span>
    </p>
   </div>
   <div class='ocr_carea' id='block_1_2' title="bbox 1316 366 2487 428">
    <p class='ocr_par' dir='ltr' id='par_1_2' title="bbox 1316 366 2487 428">
     <span class='ocr_line' id='line_1_2' title="bbox 1316 366 2487 428; baseline 0.001 -3"><span class='ocrx_word' id='word_1_2' title='bbox 1316 366 1579 425; x_wconf 81' lang='lat' dir='ltr'><strong>GLOSSA</strong></span> <span class='ocrx_word' id='word_1_3' title='bbox 1617 366 2015 426; x_wconf 76' lang='lat' dir='ltr'><strong>ORDINARIA.</strong></span> <span class='ocrx_word' id='word_1_4' title='bbox 2052 398 2121 412; x_wconf 75' lang='grc' dir='ltr'><strong>ι·-</strong></span> <span class='ocrx_word' id='word_1_5' title='bbox 2160 368 2288 428; x_wconf 72' lang='lat' dir='ltr'><strong>LIB.</strong></span> <span class='ocrx_word' id='word_1_6' title='bbox 2329 368 2487 428; x_wconf 83' lang='lat' dir='ltr'><strong>GEN.</strong></span> 
     </span>
    </p>
   </div>
   <div class='ocr_carea' id='block_1_3' title="bbox 356 462 3564 562">
    <p class='ocr_par' dir='ltr' id='par_1_3' title="bbox 356 462 3564 562">
     <span class='ocr_line' id='line_1_3' title="bbox 356 462 3564 562; baseline 0 -15"><span class='ocrx_word' id='word_1_7' title='bbox 356 490 469 547; x_wconf 85' lang='lat' dir='ltr'><strong>Pro</strong></span> <span class='ocrx_word' id='word_1_8' title='bbox 510 507 531 541; x_wconf 74' lang='grc' dir='ltr'><strong>ι</strong></span> <span class='ocrx_word' id='word_1_9' title='bbox 563 484 878 554; x_wconf 85' lang='lat' dir='ltr'><strong>chozath,</strong></span> <span class='ocrx_word' id='word_1_10' title='bbox 913 506 931 540; x_wconf 78' lang='grc' dir='ltr'><strong>ι</strong></span> <span class='ocrx_word' id='word_1_11' title='bbox 967 484 1202 558; x_wconf 77' lang='lat' dir='ltr'><strong>pronubo</strong></span> <span class='ocrx_word' id='word_1_12' title='bbox 1225 527 1238 550; x_wconf 95' lang='lat'><strong>,</strong></span> <span class='ocrx_word' id='word_1_13' title='bbox 1286 484 1344 541; x_wconf 82' lang='lat' dir='ltr'><strong>in</strong></span> <span class='ocrx_word' id='word_1_14' title='bbox 1380 483 1608 543; x_wconf 81' lang='lat' dir='ltr'><strong>Hebraeo</strong></span> <span class='ocrx_word' id='word_1_15' title='bbox 1640 486 1873 543; x_wconf 87' lang='lat' dir='ltr'><strong>habetur</strong></span> <span class='ocrx_word' id='word_1_16' title='bbox 1899 489 1948 551; x_wconf 80' lang='grc' dir='ltr'><strong>Α</strong></span> <span class='ocrx_word' id='word_1_17' title='bbox 1974 462 2340 542; x_wconf 70' lang='lat' dir='ltr'><strong>custodieritis</strong></span> <span class='ocrx_word' id='word_1_18' title='bbox 2402 484 2656 540; x_wconf 83' lang='lat' dir='ltr'><strong>mandata</strong></span> <span class='ocrx_word' id='word_1_19' title='bbox 2716 498 2837 541; x_wconf 86' lang='lat' dir='ltr'><strong>mea</strong></span> <span class='ocrx_word' id='word_1_20' title='bbox 2865 526 2879 554; x_wconf 93' lang='lat'><strong>,</strong></span> <span class='ocrx_word' id='word_1_21' title='bbox 2931 484 3073 543; x_wconf 98' lang='lat' dir='ltr'><strong>dabo</strong></span> <span class='ocrx_word' id='word_1_22' title='bbox 3134 487 3289 546; x_wconf 84' lang='lat' dir='ltr'><strong>vobis</strong></span> <span class='ocrx_word' id='word_1_23' title='bbox 3351 490 3564 562; x_wconf 86' lang='lat' dir='ltr'><strong>pluvias</strong></span> 
     </span>
    </p>
   </div>
   <div class='ocr_carea' id='block_1_4' title="bbox 287 581 1880 659">
    <p class='ocr_par' dir='ltr' id='par_1_4' title="bbox 287 581 1880 659">
     <span class='ocr_line' id='line_1_4' title="bbox 287 581 1880 659; baseline -0.003 -17"><span class='ocrx_word' id='word_1_24' title='bbox 287 606 309 642; x_wconf 78' lang='grc' dir='ltr'><strong>ι</strong></span> <span class='ocrx_word' id='word_1_25' title='bbox 349 586 640 659; x_wconf 77' lang='lat' dir='ltr'><strong>collegium</strong></span> <span class='ocrx_word' id='word_1_26' title='bbox 676 584 972 640; x_wconf 90' lang='lat' dir='ltr'><strong>amicorum</strong></span> <span class='ocrx_word' id='word_1_27' title='bbox 1008 581 1155 651; x_wconf 82' lang='lat' dir='ltr'><strong>ejus,</strong></span> <span class='ocrx_word' id='word_1_28' title='bbox 1192 602 1212 636; x_wconf 71' lang='grc' dir='ltr'><strong>ι</strong></span> <span class='ocrx_word' id='word_1_29' title='bbox 1250 590 1307 637; x_wconf 92' lang='lat' dir='ltr'><strong>ut</strong></span> <span class='ocrx_word' id='word_1_30' title='bbox 1344 590 1452 637; x_wconf 90' lang='lat' dir='ltr'><strong>tam</strong></span> <span class='ocrx_word' id='word_1_31' title='bbox 1496 583 1770 639; x_wconf 82' lang='lat' dir='ltr'><strong>hominem</strong></span> <span class='ocrx_word' id='word_1_32' title='bbox 1805 583 1880 638; x_wconf 90' lang='lat' dir='ltr'><strong>si-</strong></span> 
     </span>
    </p>
   </div>
   <div class='ocr_carea' id='block_1_5' title="bbox 278 676 1880 753">
    <p class='ocr_par' dir='ltr' id='par_1_5' title="bbox 278 676 1880 753">
     <span class='ocr_line' id='line_1_5' title="bbox 278 676 1880 753; baseline -0.002 -17"><span class='ocrx_word' id='word_1_33' title='bbox 278 678 514 753; x_wconf 80' lang='lat' dir='ltr'><strong>gniticet</strong></span> <span class='ocrx_word' id='word_1_34' title='bbox 544 692 707 749; x_wconf 88' lang='lat' dir='ltr'><strong>quam</strong></span> <span class='ocrx_word' id='word_1_35' title='bbox 740 676 1041 732; x_wconf 86' lang='lat' dir='ltr'><strong>amicorum</strong></span> <span class='ocrx_word' id='word_1_36' title='bbox 1072 676 1307 737; x_wconf 89' lang='lat' dir='ltr'><strong>turbam,</strong></span> <span class='ocrx_word' id='word_1_37' title='bbox 1337 690 1459 746; x_wconf 78' lang='lat' dir='ltr'><strong>quae</strong></span> <span class='ocrx_word' id='word_1_38' title='bbox 1487 690 1612 732; x_wconf 92' lang='lat' dir='ltr'><strong>cum</strong></span> <span class='ocrx_word' id='word_1_39' title='bbox 1642 690 1768 748; x_wconf 83' lang='lat' dir='ltr'><strong>rege</strong></span> <span class='ocrx_word' id='word_1_40' title='bbox 1790 692 1880 734; x_wconf 91' lang='lat' dir='ltr'><strong>ve-</strong></span> 
     </span>
    </p>
   </div>
   <div class='ocr_carea' id='block_1_6' title="bbox 279 764 1880 839">
    <p class='ocr_par' dir='ltr' id='par_1_6' title="bbox 279 764 1880 839">
     <span class='ocr_line' id='line_1_6' title="bbox 279 764 1880 839; baseline 0 -14"><span class='ocrx_word' id='word_1_41' title='bbox 279 777 451 825; x_wconf 97' lang='lat' dir='ltr'><strong>nerat</strong></span> <span class='ocrx_word' id='word_1_42' title='bbox 506 786 521 823; x_wconf 89' lang='lat'><strong>:</strong></span> <span class='ocrx_word' id='word_1_43' title='bbox 570 769 625 824; x_wconf 91' lang='lat' dir='ltr'><strong>in</strong></span> <span class='ocrx_word' id='word_1_44' title='bbox 683 767 882 839; x_wconf 84' lang='lat' dir='ltr'><strong>quibus</strong></span> <span class='ocrx_word' id='word_1_45' title='bbox 930 764 1035 821; x_wconf 75' lang='lat' dir='ltr'><strong>fuit</strong></span> <span class='ocrx_word' id='word_1_46' title='bbox 1068 765 1279 831; x_wconf 89' lang='lat' dir='ltr'><strong>Phicol,</strong></span> <span class='ocrx_word' id='word_1_47' title='bbox 1319 766 1577 838; x_wconf 80' lang='lat' dir='ltr'><strong>princeps</strong></span> <span class='ocrx_word' id='word_1_48' title='bbox 1608 768 1880 825; x_wconf 80' lang='lat' dir='ltr'><strong>exercitus</strong></span> 
     </span>
    </p>
   </div>
   <div class='ocr_carea' id='block_1_7' title="bbox 279 860 456 917">
    <p class='ocr_par' dir='ltr' id='par_1_7' title="bbox 279 860 456 917">
     <span class='ocr_line' id='line_1_7' title="bbox 279 860 456 917; baseline -0.006 0"><span class='ocrx_word' id='word_1_49' title='bbox 279 860 456 917; x_wconf 80' lang='lat' dir='ltr'><strong>illius.</strong></span> 
     </span>
    </p>
   </div>
   <div class='ocr_carea' id='block_1_8' title="bbox 362 946 1877 1019">
    <p class='ocr_par' dir='ltr' id='par_1_8' title="bbox 362 946 1877 1019">
     <span class='ocr_line' id='line_1_8' title="bbox 362 946 1877 1019; baseline -0.001 -15"><span class='ocrx_word' id='word_1_50' title='bbox 362 970 383 1004; x_wconf 72' lang='grc' dir='ltr'><strong>ι</strong></span> <span class='ocrx_word' id='word_1_51' title='bbox 419 949 757 1013; x_wconf 76' lang='lat' dir='ltr'><strong>Abimelecb,</strong></span> <span class='ocrx_word' id='word_1_52' title='bbox 781 956 838 1005; x_wconf 83' lang='lat' dir='ltr'><strong>et</strong></span> <span class='ocrx_word' id='word_1_53' title='bbox 865 946 1145 1005; x_wconf 86' lang='lat' dir='ltr'><strong>chozath</strong></span> <span class='ocrx_word' id='word_1_54' title='bbox 1168 988 1182 1013; x_wconf 94' lang='lat'><strong>,</strong></span> <span class='ocrx_word' id='word_1_55' title='bbox 1221 966 1241 1001; x_wconf 75' lang='grc' dir='ltr'><strong>ι</strong></span> <span class='ocrx_word' id='word_1_56' title='bbox 1280 956 1387 1003; x_wconf 89' lang='lat' dir='ltr'><strong>etc.</strong></span> <span class='ocrx_word' id='word_1_57' title='bbox 1418 947 1438 1019; x_wconf 92' lang='lat'>(</span> <span class='ocrx_word' id='word_1_58' title='bbox 1458 947 1584 1004; x_wconf 82' lang='lat' dir='ltr'><strong>lsm.</strong></span> <span class='ocrx_word' id='word_1_59' title='bbox 1620 949 1677 1003; x_wconf 80' lang='lat' dir='ltr'><strong>in</strong></span> <span class='ocrx_word' id='word_1_60' title='bbox 1717 947 1877 1015; x_wconf 66' lang='lat' dir='ltr'><strong>Gem,</strong></span> 
     </span>
    </p>
   </div>
   <div class='ocr_carea' id='block_1_9' title="bbox 281 1039 1874 1110">
    <p class='ocr_par' dir='ltr' id='par_1_9' title="bbox 281 1039 1874 1110">
     <span class='ocr_line' id='line_1_9' title="bbox 281 1039 1874 1110; baseline -0.001 -10"><span class='ocrx_word' id='word_1_61' title='bbox 281 1052 421 1100; x_wconf 88' lang='lat' dir='ltr'><strong>tom.</strong></span> <span class='ocrx_word' id='word_1_62' title='bbox 464 1042 556 1110; x_wconf 64' lang='grc' dir='ltr'><strong>Υ.)</strong></span> <span class='ocrx_word' id='word_1_63' title='bbox 591 1043 706 1097; x_wconf 93' lang='lat' dir='ltr'><strong>Duo</strong></span> <span class='ocrx_word' id='word_1_64' title='bbox 734 1056 859 1097; x_wconf 88' lang='lat' dir='ltr'><strong>cum</strong></span> <span class='ocrx_word' id='word_1_65' title='bbox 883 1039 1202 1096; x_wconf 80' lang='lat' dir='ltr'><strong>Abimelech</strong></span> <span class='ocrx_word' id='word_1_66' title='bbox 1231 1048 1502 1096; x_wconf 89' lang='lat' dir='ltr'><strong>venerunt</strong></span> <span class='ocrx_word' id='word_1_67' title='bbox 1532 1057 1546 1096; x_wconf 89' lang='lat'><strong>:</strong></span> <span class='ocrx_word' id='word_1_68' title='bbox 1572 1039 1874 1110; x_wconf 82' lang='lat' dir='ltr'><strong>Ochozath,</strong></span> 
     </span>
    </p>
   </div>
   <div class='ocr_carea' id='block_1_10' title="bbox 282 1135 1878 1210">
    <p class='ocr_par' dir='ltr' id='par_1_10' title="bbox 282 1135 1878 1210">
     <span class='ocr_line' id='line_1_10' title="bbox 282 1135 1878 1210; baseline -0.001 -17"><span class='ocrx_word' id='word_1_69' title='bbox 282 1152 457 1210; x_wconf 90' lang='lat' dir='ltr'><strong>gener</strong></span> <span class='ocrx_word' id='word_1_70' title='bbox 488 1137 608 1207; x_wconf 82' lang='lat' dir='ltr'><strong>ejus</strong></span> <span class='ocrx_word' id='word_1_71' title='bbox 630 1177 646 1203; x_wconf 89' lang='lat'><strong>,</strong></span> <span class='ocrx_word' id='word_1_72' title='bbox 692 1144 825 1201; x_wconf 88' lang='lat' dir='ltr'><strong>etc.,</strong></span> <span class='ocrx_word' id='word_1_73' title='bbox 862 1151 1025 1206; x_wconf 74' lang='lat' dir='ltr'><strong>usque</strong></span> <span class='ocrx_word' id='word_1_74' title='bbox 1054 1135 1126 1189; x_wconf 84' lang='lat' dir='ltr'><strong>ad</strong></span> <span class='ocrx_word' id='word_1_75' title='bbox 1156 1135 1494 1205; x_wconf 76' lang='lat' dir='ltr'><strong>sapientibus</strong></span> <span class='ocrx_word' id='word_1_76' title='bbox 1529 1144 1586 1192; x_wconf 88' lang='lat' dir='ltr'><strong>et</strong></span> <span class='ocrx_word' id='word_1_77' title='bbox 1618 1136 1878 1209; x_wconf 90' lang='lat' dir='ltr'><strong>insipien-</strong></span> 
     </span>
    </p>
   </div>
   <div class='ocr_carea' id='block_1_11' title="bbox 283 1228 824 1285">
    <p class='ocr_par' dir='ltr' id='par_1_11' title="bbox 283 1228 824 1285">
     <span class='ocr_line' id='line_1_11' title="bbox 283 1228 824 1285; baseline -0.006 -1"><span class='ocrx_word' id='word_1_78' title='bbox 283 1230 434 1285; x_wconf 82' lang='lat' dir='ltr'><strong>tibus</strong></span> <span class='ocrx_word' id='word_1_79' title='bbox 475 1228 692 1285; x_wconf 81' lang='lat' dir='ltr'><strong>debitor</strong></span> <span class='ocrx_word' id='word_1_80' title='bbox 719 1235 824 1283; x_wconf 86' lang='lat' dir='ltr'><strong>est.</strong></span> 
     </span>
    </p>
   </div>
   <div class='ocr_carea' id='block_1_12' title="bbox 356 1316 1874 1393">
    <p class='ocr_par' dir='ltr' id='par_1_12' title="bbox 356 1316 1874 1393">
     <span class='ocr_line' id='line_1_12' title="bbox 356 1316 1874 1393; baseline -0.004 -16"><span class='ocrx_word' id='word_1_81' title='bbox 356 1322 526 1378; x_wconf 75' lang='lat' dir='ltr'><strong>Vitas.</strong></span> <span class='ocrx_word' id='word_1_82' title='bbox 550 1318 743 1376; x_wconf 69' lang='lat'><strong>32—35.</strong></span> <span class='ocrx_word' id='word_1_83' title='bbox 770 1349 843 1360; x_wconf 88' lang='lat'><strong>-</strong></span> <span class='ocrx_word' id='word_1_84' title='bbox 868 1335 888 1370; x_wconf 80' lang='grc' dir='ltr'><strong>ι</strong></span> <span class='ocrx_word' id='word_1_85' title='bbox 924 1317 1065 1374; x_wconf 75' lang='lat' dir='ltr'><strong>Ecce</strong></span> <span class='ocrx_word' id='word_1_86' title='bbox 1091 1325 1271 1375; x_wconf 91' lang='lat' dir='ltr'><strong>autem</strong></span> <span class='ocrx_word' id='word_1_87' title='bbox 1306 1324 1589 1374; x_wconf 83' lang='lat' dir='ltr'><strong>venerunt.</strong></span> <span class='ocrx_word' id='word_1_88' title='bbox 1615 1336 1634 1371; x_wconf 71' lang='grc' dir='ltr'><strong>ι</strong></span> <span class='ocrx_word' id='word_1_89' title='bbox 1665 1316 1874 1393; x_wconf 58' lang='lat' dir='ltr'><strong>(liram)</strong></span> 
     </span>
    </p>
   </div>
   <div class='ocr_carea' id='block_1_13' title="bbox 283 1404 1877 1481">
    <p class='ocr_par' dir='ltr' id='par_1_13' title="bbox 283 1404 1877 1481">
     <span class='ocr_line' id='line_1_13' title="bbox 283 1404 1877 1481; baseline -0.001 -13"><span class='ocrx_word' id='word_1_90' title='bbox 283 1411 483 1468; x_wconf 83' lang='lat' dir='ltr'><strong>Nescio</strong></span> <span class='ocrx_word' id='word_1_91' title='bbox 509 1410 781 1481; x_wconf 86' lang='lat' dir='ltr'><strong>quomodo</strong></span> <span class='ocrx_word' id='word_1_92' title='bbox 818 1409 875 1465; x_wconf 89' lang='lat' dir='ltr'><strong>in</strong></span> <span class='ocrx_word' id='word_1_93' title='bbox 920 1404 1065 1464; x_wconf 80' lang='lat' dir='ltr'><strong>LXX</strong></span> <span class='ocrx_word' id='word_1_94' title='bbox 1093 1427 1113 1462; x_wconf 76' lang='grc' dir='ltr'><strong>ι</strong></span> <span class='ocrx_word' id='word_1_95' title='bbox 1145 1418 1202 1465; x_wconf 90' lang='lat' dir='ltr'><strong>et</strong></span> <span class='ocrx_word' id='word_1_96' title='bbox 1236 1417 1502 1465; x_wconf 88' lang='lat' dir='ltr'><strong>venerunt</strong></span> <span class='ocrx_word' id='word_1_97' title='bbox 1532 1411 1685 1481; x_wconf 89' lang='lat' dir='ltr'><strong>pueri</strong></span> <span class='ocrx_word' id='word_1_98' title='bbox 1723 1410 1877 1468; x_wconf 82' lang='lat' dir='ltr'><strong>Isaac</strong></span> 
     </span>
    </p>
   </div>
   <div class='ocr_carea' id='block_1_14' title="bbox 282 1502 1875 1575">
    <p class='ocr_par' dir='ltr' id='par_1_14' title="bbox 282 1502 1875 1575">
     <span class='ocr_line' id='line_1_14' title="bbox 282 1502 1875 1575; baseline -0.002 -13"><span class='ocrx_word' id='word_1_99' title='bbox 282 1507 604 1563; x_wconf 76' lang='lat' dir='ltr'><strong>nuntiantes</strong></span> <span class='ocrx_word' id='word_1_100' title='bbox 659 1504 710 1559; x_wconf 91' lang='lat' dir='ltr'><strong>ei</strong></span> <span class='ocrx_word' id='word_1_101' title='bbox 770 1504 838 1560; x_wconf 91' lang='lat' dir='ltr'><strong>de</strong></span> <span class='ocrx_word' id='word_1_102' title='bbox 876 1513 1042 1575; x_wconf 84' lang='lat' dir='ltr'><strong>puteo</strong></span> <span class='ocrx_word' id='word_1_103' title='bbox 1085 1518 1248 1573; x_wconf 89' lang='lat' dir='ltr'><strong>quem</strong></span> <span class='ocrx_word' id='word_1_104' title='bbox 1294 1502 1583 1569; x_wconf 81' lang='lat' dir='ltr'><strong>foderunt,</strong></span> <span class='ocrx_word' id='word_1_105' title='bbox 1626 1513 1683 1560; x_wconf 90' lang='lat' dir='ltr'><strong>et</strong></span> <span class='ocrx_word' id='word_1_106' title='bbox 1715 1505 1875 1560; x_wconf 61' lang='lat' dir='ltr'><strong>dixe-</strong></span> 
     </span>
    </p>
   </div>
   <div class='ocr_carea' id='block_1_15' title="bbox 284 1595 1871 1666">
    <p class='ocr_par' dir='ltr' id='par_1_15' title="bbox 284 1595 1871 1666">
     <span class='ocr_line' id='line_1_15' title="bbox 284 1595 1871 1666; baseline 0 -11"><span class='ocrx_word' id='word_1_107' title='bbox 284 1608 417 1655; x_wconf 90' lang='lat' dir='ltr'><strong>runt</strong></span> <span class='ocrx_word' id='word_1_108' title='bbox 450 1599 499 1657; x_wconf 89' lang='lat' dir='ltr'><strong>ei</strong></span> <span class='ocrx_word' id='word_1_109' title='bbox 539 1617 553 1652; x_wconf 89' lang='lat'><strong>:</strong></span> <span class='ocrx_word' id='word_1_110' title='bbox 596 1595 712 1653; x_wconf 84' lang='lat' dir='ltr'><strong>Non</strong></span> <span class='ocrx_word' id='word_1_111' title='bbox 742 1597 1047 1653; x_wconf 82' lang='lat' dir='ltr'><strong>invenimus</strong></span> <span class='ocrx_word' id='word_1_112' title='bbox 1070 1612 1287 1666; x_wconf 88' lang='lat' dir='ltr'><strong>aquam.</strong></span> <span class='ocrx_word' id='word_1_113' title='bbox 1326 1597 1394 1652; x_wconf 91' lang='lat' dir='ltr'><strong>Et</strong></span> <span class='ocrx_word' id='word_1_114' title='bbox 1429 1598 1642 1654; x_wconf 85' lang='lat' dir='ltr'><strong>vocavit</strong></span> <span class='ocrx_word' id='word_1_115' title='bbox 1668 1614 1871 1655; x_wconf 81' lang='lat' dir='ltr'><strong>nomen</strong></span> 
     </span>
    </p>
   </div>
   <div class='ocr_carea' id='block_1_16' title="bbox 282 1685 1877 1760">
    <p class='ocr_par' dir='ltr' id='par_1_16' title="bbox 282 1685 1877 1760">
     <span class='ocr_line' id='line_1_16' title="bbox 282 1685 1877 1760; baseline 0.001 -17"><span class='ocrx_word' id='word_1_116' title='bbox 282 1687 405 1757; x_wconf 86' lang='lat' dir='ltr'><strong>ejus</strong></span> <span class='ocrx_word' id='word_1_117' title='bbox 438 1685 839 1743; x_wconf 75' lang='lat' dir='ltr'><strong>luramentum.</strong></span> <span class='ocrx_word' id='word_1_118' title='bbox 881 1705 900 1739; x_wconf 70' lang='grc' dir='ltr'><strong>ι</strong></span> <span class='ocrx_word' id='word_1_119' title='bbox 942 1685 1075 1754; x_wconf 69' lang='lat' dir='ltr'><strong>Quae</strong></span> <span class='ocrx_word' id='word_1_120' title='bbox 1109 1687 1254 1741; x_wconf 89' lang='lat' dir='ltr'><strong>enim</strong></span> <span class='ocrx_word' id='word_1_121' title='bbox 1286 1687 1610 1760; x_wconf 80' lang='lat' dir='ltr'><strong>etymologia</strong></span> <span class='ocrx_word' id='word_1_122' title='bbox 1638 1700 1723 1743; x_wconf 89' lang='lat' dir='ltr'><strong>est</strong></span> <span class='ocrx_word' id='word_1_123' title='bbox 1750 1704 1877 1759; x_wconf 89' lang='lat' dir='ltr'><strong>pro-</strong></span> 
     </span>
    </p>
   </div>
   <div class='ocr_carea' id='block_1_17' title="bbox 279 1776 1875 1851">
    <p class='ocr_par' dir='ltr' id='par_1_17' title="bbox 279 1776 1875 1851">
     <span class='ocr_line' id='line_1_17' title="bbox 279 1776 1875 1851; baseline 0 -15"><span class='ocrx_word' id='word_1_124' title='bbox 279 1792 471 1851; x_wconf 82' lang='lat' dir='ltr'><strong>pterea</strong></span> <span class='ocrx_word' id='word_1_125' title='bbox 500 1778 685 1835; x_wconf 88' lang='lat' dir='ltr'><strong>vocari</strong></span> <span class='ocrx_word' id='word_1_126' title='bbox 712 1776 1112 1844; x_wconf 76' lang='lat' dir='ltr'><strong>Juramentum,</strong></span> <span class='ocrx_word' id='word_1_127' title='bbox 1140 1788 1273 1844; x_wconf 88' lang='lat' dir='ltr'><strong>etc.,</strong></span> <span class='ocrx_word' id='word_1_128' title='bbox 1302 1795 1468 1850; x_wconf 79' lang='lat' dir='ltr'><strong>usque</strong></span> <span class='ocrx_word' id='word_1_129' title='bbox 1502 1779 1572 1834; x_wconf 83' lang='lat' dir='ltr'><strong>ad</strong></span> <span class='ocrx_word' id='word_1_130' title='bbox 1610 1794 1716 1836; x_wconf 89' lang='lat' dir='ltr'><strong>non</strong></span> <span class='ocrx_word' id='word_1_131' title='bbox 1745 1794 1875 1836; x_wconf 86' lang='lat' dir='ltr'><strong>con-</strong></span> 
     </span>
    </p>
   </div>
   <div class='ocr_carea' id='block_1_18' title="bbox 282 1872 1408 1946">
    <p class='ocr_par' dir='ltr' id='par_1_18' title="bbox 282 1872 1408 1946">
     <span class='ocr_line' id='line_1_18' title="bbox 282 1872 1408 1946; baseline -0.002 -17"><span class='ocrx_word' id='word_1_132' title='bbox 282 1872 435 1946; x_wconf 90' lang='lat' dir='ltr'><strong>gruit</strong></span> <span class='ocrx_word' id='word_1_133' title='bbox 459 1882 521 1928; x_wconf 92' lang='lat' dir='ltr'><strong>ut</strong></span> <span class='ocrx_word' id='word_1_134' title='bbox 546 1872 701 1929; x_wconf 83' lang='lat' dir='ltr'><strong>Isaac</strong></span> <span class='ocrx_word' id='word_1_135' title='bbox 737 1886 938 1943; x_wconf 86' lang='lat' dir='ltr'><strong>aquam</strong></span> <span class='ocrx_word' id='word_1_136' title='bbox 970 1887 1075 1928; x_wconf 91' lang='lat' dir='ltr'><strong>non</strong></span> <span class='ocrx_word' id='word_1_137' title='bbox 1115 1872 1408 1929; x_wconf 84' lang='lat' dir='ltr'><strong>inveniret.</strong></span> 
     </span>
    </p>
   </div>
   <div class='ocr_carea' id='block_1_19' title="bbox 822 2006 1311 2091">
    <p class='ocr_par' dir='ltr' id='par_1_19' title="bbox 822 2006 1311 2091">
     <span class='ocr_line' id='line_1_19' title="bbox 822 2006 1311 2091; baseline -0.004 -26"><span class='ocrx_word' id='word_1_138' title='bbox 822 2006 1060 2091; x_wconf 67' lang='lat' dir='ltr'><strong>,csrur</strong></span> <span class='ocrx_word' id='word_1_139' title='bbox 1096 2008 1311 2067; x_wconf 85' lang='lat' dir='ltr'><strong>xxvn.</strong></span> 
     </span>
    </p>
   </div>
   <div class='ocr_carea' id='block_1_20' title="bbox 358 2142 1870 2218">
    <p class='ocr_par' dir='ltr' id='par_1_20' title="bbox 358 2142 1870 2218">
     <span class='ocr_line' id='line_1_20' title="bbox 358 2142 1870 2218; baseline 0.002 -19"><span class='ocrx_word' id='word_1_140' title='bbox 358 2144 524 2201; x_wconf 73' lang='lat' dir='ltr'><strong>Vsus.</strong></span> <span class='ocrx_word' id='word_1_141' title='bbox 550 2145 603 2208; x_wconf 79' lang='lat' dir='ltr'><strong>i,</strong></span> <span class='ocrx_word' id='word_1_142' title='bbox 633 2143 688 2199; x_wconf 71' lang='grc'><strong>2.</strong></span> <span class='ocrx_word' id='word_1_143' title='bbox 719 2173 791 2185; x_wconf 90' lang='lat'><strong>--</strong></span> <span class='ocrx_word' id='word_1_144' title='bbox 815 2160 835 2194; x_wconf 76' lang='grc' dir='ltr'><strong>ι</strong></span> <span class='ocrx_word' id='word_1_145' title='bbox 869 2143 1063 2199; x_wconf 75' lang='lat' dir='ltr'><strong>Senuit</strong></span> <span class='ocrx_word' id='word_1_146' title='bbox 1087 2153 1266 2200; x_wconf 89' lang='lat' dir='ltr'><strong>autem</strong></span> <span class='ocrx_word' id='word_1_147' title='bbox 1300 2142 1483 2211; x_wconf 84' lang='lat' dir='ltr'><strong>Isaac,</strong></span> <span class='ocrx_word' id='word_1_148' title='bbox 1514 2162 1532 2196; x_wconf 83' lang='lat'><strong>)</strong></span> <span class='ocrx_word' id='word_1_149' title='bbox 1558 2152 1665 2202; x_wconf 87' lang='lat' dir='ltr'><strong>etc.</strong></span> <span class='ocrx_word' id='word_1_150' title='bbox 1695 2144 1870 2218; x_wconf 76' lang='lat' dir='ltr'><strong>(Hipp.</strong></span> 
     </span>
    </p>
   </div>
   <div class='ocr_carea' id='block_1_21' title="bbox 278 2234 1872 2311">
    <p class='ocr_par' dir='ltr' id='par_1_21' title="bbox 278 2234 1872 2311">
     <span class='ocr_line' id='line_1_21' title="bbox 278 2234 1872 2311; baseline 0 -18"><span class='ocrx_word' id='word_1_151' title='bbox 278 2246 472 2302; x_wconf 79' lang='lat' dir='ltr'><strong>mart.,</strong></span> <span class='ocrx_word' id='word_1_152' title='bbox 519 2251 587 2291; x_wconf 79' lang='lat' dir='ltr'><strong>ex</strong></span> <span class='ocrx_word' id='word_1_153' title='bbox 622 2234 846 2291; x_wconf 82' lang='lat' dir='ltr'><strong>Hieron.</strong></span> <span class='ocrx_word' id='word_1_154' title='bbox 877 2275 893 2300; x_wconf 97' lang='lat'><strong>,</strong></span> <span class='ocrx_word' id='word_1_155' title='bbox 947 2236 1099 2304; x_wconf 80' lang='lat' dir='ltr'><strong>epist.</strong></span> <span class='ocrx_word' id='word_1_156' title='bbox 1146 2236 1215 2289; x_wconf 82' lang='lat' dir='ltr'><strong>ad</strong></span> <span class='ocrx_word' id='word_1_157' title='bbox 1267 2236 1559 2291; x_wconf 77' lang='lat' dir='ltr'><strong>Damasum</strong></span> <span class='ocrx_word' id='word_1_158' title='bbox 1586 2277 1602 2303; x_wconf 93' lang='lat'><strong>,</strong></span> <span class='ocrx_word' id='word_1_159' title='bbox 1636 2247 1775 2311; x_wconf 67' lang='lat' dir='ltr'><strong>tom.</strong></span> <span class='ocrx_word' id='word_1_160' title='bbox 1804 2238 1872 2311; x_wconf 75' lang='grc' dir='ltr'><strong>Ι.)</strong></span> 
     </span>
    </p>
   </div>
   <div class='ocr_carea' id='block_1_22' title="bbox 280 2327 1873 2399">
    <p class='ocr_par' dir='ltr' id='par_1_22' title="bbox 280 2327 1873 2399">
     <span class='ocr_line' id='line_1_22' title="bbox 280 2327 1873 2399; baseline 0.002 -15"><span class='ocrx_word' id='word_1_161' title='bbox 280 2327 529 2399; x_wconf 70' lang='lat' dir='ltr'><strong>Hystice.</strong></span> <span class='ocrx_word' id='word_1_162' title='bbox 560 2327 710 2383; x_wconf 89' lang='lat' dir='ltr'><strong>Isaac</strong></span> <span class='ocrx_word' id='word_1_163' title='bbox 736 2334 917 2398; x_wconf 85' lang='lat' dir='ltr'><strong>portat</strong></span> <span class='ocrx_word' id='word_1_164' title='bbox 954 2327 1241 2398; x_wconf 82' lang='lat' dir='ltr'><strong>imaginem</strong></span> <span class='ocrx_word' id='word_1_165' title='bbox 1270 2327 1366 2383; x_wconf 92' lang='lat' dir='ltr'><strong>Dei</strong></span> <span class='ocrx_word' id='word_1_166' title='bbox 1390 2328 1592 2395; x_wconf 83' lang='lat' dir='ltr'><strong>Patris,</strong></span> <span class='ocrx_word' id='word_1_167' title='bbox 1628 2329 1873 2387; x_wconf 80' lang='lat' dir='ltr'><strong>Rebecca</strong></span> 
     </span>
    </p>
   </div>
   <div class='ocr_carea' id='block_1_23' title="bbox 282 2418 1873 2491">
    <p class='ocr_par' dir='ltr' id='par_1_23' title="bbox 282 2418 1873 2491">
     <span class='ocr_line' id='line_1_23' title="bbox 282 2418 1873 2491; baseline 0.002 -15"><span class='ocrx_word' id='word_1_168' title='bbox 282 2418 523 2491; x_wconf 84' lang='lat' dir='ltr'><strong>Spiritus</strong></span> <span class='ocrx_word' id='word_1_169' title='bbox 549 2420 749 2485; x_wconf 85' lang='lat' dir='ltr'><strong>sancti,</strong></span> <span class='ocrx_word' id='word_1_170' title='bbox 783 2420 924 2475; x_wconf 83' lang='lat' dir='ltr'><strong>Esau</strong></span> <span class='ocrx_word' id='word_1_171' title='bbox 963 2420 1142 2491; x_wconf 91' lang='lat' dir='ltr'><strong>p0puli</strong></span> <span class='ocrx_word' id='word_1_172' title='bbox 1167 2421 1368 2490; x_wconf 85' lang='lat' dir='ltr'><strong>prioris</strong></span> <span class='ocrx_word' id='word_1_173' title='bbox 1396 2430 1452 2476; x_wconf 90' lang='lat' dir='ltr'><strong>et</strong></span> <span class='ocrx_word' id='word_1_174' title='bbox 1479 2422 1678 2487; x_wconf 85' lang='lat' dir='ltr'><strong>zabuli,</strong></span> <span class='ocrx_word' id='word_1_175' title='bbox 1705 2422 1873 2479; x_wconf 78' lang='lat' dir='ltr'><strong>Jacob</strong></span> 
     </span>
    </p>
   </div>
   <div class='ocr_carea' id='block_1_24' title="bbox 279 2511 1874 2581">
    <p class='ocr_par' dir='ltr' id='par_1_24' title="bbox 279 2511 1874 2581">
     <span class='ocr_line' id='line_1_24' title="bbox 279 2511 1874 2581; baseline 0.002 -11"><span class='ocrx_word' id='word_1_176' title='bbox 279 2512 545 2570; x_wconf 68' lang='lat' dir='ltr'><strong>Ecclesiae</strong></span> <span class='ocrx_word' id='word_1_177' title='bbox 582 2522 637 2567; x_wconf 89' lang='lat' dir='ltr'><strong>et</strong></span> <span class='ocrx_word' id='word_1_178' title='bbox 674 2511 894 2568; x_wconf 83' lang='lat' dir='ltr'><strong>Christi.</strong></span> <span class='ocrx_word' id='word_1_179' title='bbox 929 2511 1195 2568; x_wconf 87' lang='lat' dir='ltr'><strong>Senectus</strong></span> <span class='ocrx_word' id='word_1_180' title='bbox 1229 2513 1404 2581; x_wconf 82' lang='lat' dir='ltr'><strong>Isaac,</strong></span> <span class='ocrx_word' id='word_1_181' title='bbox 1456 2519 1874 2573; x_wconf 83' lang='lat' dir='ltr'><strong>consummatio-</strong></span> 
     </span>
    </p>
   </div>
   <div class='ocr_carea' id='block_1_25' title="bbox 276 2603 1873 2675">
    <p class='ocr_par' dir='ltr' id='par_1_25' title="bbox 276 2603 1873 2675">
     <span class='ocr_line' id='line_1_25' title="bbox 276 2603 1873 2675; baseline 0.004 -15"><span class='ocrx_word' id='word_1_182' title='bbox 276 2620 410 2660; x_wconf 88' lang='lat' dir='ltr'><strong>nem</strong></span> <span class='ocrx_word' id='word_1_183' title='bbox 438 2604 657 2669; x_wconf 89' lang='lat' dir='ltr'><strong>mundi;</strong></span> <span class='ocrx_word' id='word_1_184' title='bbox 687 2604 825 2659; x_wconf 86' lang='lat' dir='ltr'><strong>oculi</strong></span> <span class='ocrx_word' id='word_1_185' title='bbox 851 2603 1148 2674; x_wconf 82' lang='lat' dir='ltr'><strong>caligantes</strong></span> <span class='ocrx_word' id='word_1_186' title='bbox 1180 2607 1409 2675; x_wconf 86' lang='lat' dir='ltr'><strong>periisse</strong></span> <span class='ocrx_word' id='word_1_187' title='bbox 1433 2607 1596 2664; x_wconf 79' lang='lat' dir='ltr'><strong>ﬁdem</strong></span> <span class='ocrx_word' id='word_1_188' title='bbox 1623 2610 1689 2666; x_wconf 83' lang='lat' dir='ltr'><strong>de</strong></span> <span class='ocrx_word' id='word_1_189' title='bbox 1716 2626 1873 2667; x_wconf 90' lang='lat' dir='ltr'><strong>mun-</strong></span> 
     </span>
    </p>
   </div>
   <div class='ocr_carea' id='block_1_26' title="bbox 278 2693 1867 2774">
    <p class='ocr_par' dir='ltr' id='par_1_26' title="bbox 278 2693 1867 2774">
     <span class='ocr_line' id='line_1_26' title="bbox 278 2693 1867 2774; baseline 0.004 -22"><span class='ocrx_word' id='word_1_190' title='bbox 278 2697 370 2763; x_wconf 89' lang='lat' dir='ltr'><strong>do,</strong></span> <span class='ocrx_word' id='word_1_191' title='bbox 403 2705 459 2752; x_wconf 92' lang='lat' dir='ltr'><strong>et</strong></span> <span class='ocrx_word' id='word_1_192' title='bbox 495 2695 773 2771; x_wconf 85' lang='lat' dir='ltr'><strong>religionis</strong></span> <span class='ocrx_word' id='word_1_193' title='bbox 795 2693 975 2751; x_wconf 89' lang='lat' dir='ltr'><strong>lumen</strong></span> <span class='ocrx_word' id='word_1_194' title='bbox 1007 2697 1313 2769; x_wconf 88' lang='lat' dir='ltr'><strong>neglectum</strong></span> <span class='ocrx_word' id='word_1_195' title='bbox 1356 2713 1498 2761; x_wconf 89' lang='lat' dir='ltr'><strong>esse,</strong></span> <span class='ocrx_word' id='word_1_196' title='bbox 1540 2701 1867 2774; x_wconf 79' lang='lat' dir='ltr'><strong>signiﬁcant.</strong></span> 
     </span>
    </p>
   </div>
   <div class='ocr_carea' id='block_1_27' title="bbox 278 2785 1869 2862">
    <p class='ocr_par' dir='ltr' id='par_1_27' title="bbox 278 2785 1869 2862">
     <span class='ocr_line' id='line_1_27' title="bbox 278 2785 1869 2862; baseline 0.004 -17"><span class='ocrx_word' id='word_1_197' title='bbox 278 2788 421 2858; x_wconf 90' lang='lat' dir='ltr'><strong>Quia</strong></span> <span class='ocrx_word' id='word_1_198' title='bbox 458 2786 601 2843; x_wconf 83' lang='lat' dir='ltr'><strong>ﬁlius</strong></span> <span class='ocrx_word' id='word_1_199' title='bbox 627 2785 801 2856; x_wconf 88' lang='lat' dir='ltr'><strong>major</strong></span> <span class='ocrx_word' id='word_1_200' title='bbox 826 2797 1075 2855; x_wconf 78' lang='lat' dir='ltr'><strong>vocatur,</strong></span> <span class='ocrx_word' id='word_1_201' title='bbox 1105 2790 1350 2859; x_wconf 85' lang='lat' dir='ltr'><strong>acceptio</strong></span> <span class='ocrx_word' id='word_1_202' title='bbox 1380 2799 1467 2846; x_wconf 89' lang='lat' dir='ltr'><strong>est</strong></span> <span class='ocrx_word' id='word_1_203' title='bbox 1494 2790 1630 2862; x_wconf 81' lang='lat' dir='ltr'><strong>legis</strong></span> <span class='ocrx_word' id='word_1_204' title='bbox 1653 2790 1869 2851; x_wconf 64' lang='lat' dir='ltr'><strong>Iudaeo-</strong></span> 
     </span>
    </p>
   </div>
   <div class='ocr_carea' id='block_1_28' title="bbox 277 2876 1865 2954">
    <p class='ocr_par' dir='ltr' id='par_1_28' title="bbox 277 2876 1865 2954">
     <span class='ocr_line' id='line_1_28' title="bbox 277 2876 1865 2954; baseline 0.005 -20"><span class='ocrx_word' id='word_1_205' title='bbox 277 2894 427 2934; x_wconf 88' lang='lat' dir='ltr'><strong>rum.</strong></span> <span class='ocrx_word' id='word_1_206' title='bbox 476 2878 613 2946; x_wconf 83' lang='lat' dir='ltr'><strong>Quia</strong></span> <span class='ocrx_word' id='word_1_207' title='bbox 649 2892 805 2933; x_wconf 87' lang='lat' dir='ltr'><strong>escas</strong></span> <span class='ocrx_word' id='word_1_208' title='bbox 857 2876 974 2947; x_wconf 82' lang='lat' dir='ltr'><strong>ejus</strong></span> <span class='ocrx_word' id='word_1_209' title='bbox 1019 2888 1077 2933; x_wconf 89' lang='lat' dir='ltr'><strong>et</strong></span> <span class='ocrx_word' id='word_1_210' title='bbox 1112 2889 1392 2951; x_wconf 88' lang='lat' dir='ltr'><strong>capturam</strong></span> <span class='ocrx_word' id='word_1_211' title='bbox 1439 2883 1630 2939; x_wconf 78' lang='lat' dir='ltr'><strong>dilexit</strong></span> <span class='ocrx_word' id='word_1_212' title='bbox 1666 2894 1865 2954; x_wconf 88' lang='lat' dir='ltr'><strong>pater:</strong></span> 
     </span>
    </p>
   </div>
   <div class='ocr_carea' id='block_1_29' title="bbox 275 2972 1869 3049">
    <p class='ocr_par' dir='ltr' id='par_1_29' title="bbox 275 2972 1869 3049">
     <span class='ocr_line' id='line_1_29' title="bbox 275 2972 1869 3049; baseline 0.006 -20"><span class='ocrx_word' id='word_1_213' title='bbox 275 2972 533 3029; x_wconf 84' lang='lat' dir='ltr'><strong>homines</strong></span> <span class='ocrx_word' id='word_1_214' title='bbox 558 2981 686 3029; x_wconf 90' lang='lat' dir='ltr'><strong>sunt</strong></span> <span class='ocrx_word' id='word_1_215' title='bbox 711 2973 781 3028; x_wconf 90' lang='lat' dir='ltr'><strong>ab</strong></span> <span class='ocrx_word' id='word_1_216' title='bbox 815 2986 1002 3029; x_wconf 89' lang='lat' dir='ltr'><strong>errore</strong></span> <span class='ocrx_word' id='word_1_217' title='bbox 1041 2974 1259 3041; x_wconf 88' lang='lat' dir='ltr'><strong>salvati,</strong></span> <span class='ocrx_word' id='word_1_218' title='bbox 1289 2992 1424 3047; x_wconf 90' lang='lat' dir='ltr'><strong>quos</strong></span> <span class='ocrx_word' id='word_1_219' title='bbox 1447 2993 1546 3049; x_wconf 86' lang='lat' dir='ltr'><strong>per</strong></span> <span class='ocrx_word' id='word_1_220' title='bbox 1566 2980 1869 3038; x_wconf 79' lang='lat' dir='ltr'><strong>doctrinam</strong></span> 
     </span>
    </p>
   </div>
   <div class='ocr_carea' id='block_1_30' title="bbox 273 3061 1869 3140">
    <p class='ocr_par' dir='ltr' id='par_1_30' title="bbox 273 3061 1869 3140">
     <span class='ocr_line' id='line_1_30' title="bbox 273 3061 1869 3140; baseline 0.005 -20"><span class='ocrx_word' id='word_1_221' title='bbox 273 3061 459 3135; x_wconf 86' lang='lat' dir='ltr'><strong>justus</strong></span> <span class='ocrx_word' id='word_1_222' title='bbox 486 3063 718 3135; x_wconf 87' lang='lat' dir='ltr'><strong>quisque</strong></span> <span class='ocrx_word' id='word_1_223' title='bbox 751 3073 1000 3120; x_wconf 85' lang='lat' dir='ltr'><strong>venatur.</strong></span> <span class='ocrx_word' id='word_1_224' title='bbox 1043 3063 1236 3121; x_wconf 89' lang='lat' dir='ltr'><strong>Sermo</strong></span> <span class='ocrx_word' id='word_1_225' title='bbox 1275 3066 1391 3134; x_wconf 89' lang='lat' dir='ltr'><strong>Dei,</strong></span> <span class='ocrx_word' id='word_1_226' title='bbox 1430 3071 1869 3140; x_wconf 86' lang='lat' dir='ltr'><strong>repromissionis</strong></span> 
     </span>
    </p>
   </div>
   <div class='ocr_carea' id='block_1_31' title="bbox 278 3155 1868 3232">
    <p class='ocr_par' dir='ltr' id='par_1_31' title="bbox 278 3155 1868 3232">
     <span class='ocr_line' id='line_1_31' title="bbox 278 3155 1868 3232; baseline 0.004 -19"><span class='ocrx_word' id='word_1_227' title='bbox 278 3155 589 3213; x_wconf 85' lang='lat' dir='ltr'><strong>benedictio</strong></span> <span class='ocrx_word' id='word_1_228' title='bbox 607 3195 623 3221; x_wconf 93' lang='lat'><strong>,</strong></span> <span class='ocrx_word' id='word_1_229' title='bbox 651 3163 707 3213; x_wconf 83' lang='lat' dir='ltr'><strong>et</strong></span> <span class='ocrx_word' id='word_1_230' title='bbox 727 3170 853 3228; x_wconf 88' lang='lat' dir='ltr'><strong>spes</strong></span> <span class='ocrx_word' id='word_1_231' title='bbox 883 3157 1033 3229; x_wconf 86' lang='lat' dir='ltr'><strong>regni</strong></span> <span class='ocrx_word' id='word_1_232' title='bbox 1070 3157 1259 3225; x_wconf 80' lang='lat' dir='ltr'><strong>futuri,</strong></span> <span class='ocrx_word' id='word_1_233' title='bbox 1290 3159 1344 3213; x_wconf 92' lang='lat' dir='ltr'><strong>in</strong></span> <span class='ocrx_word' id='word_1_234' title='bbox 1377 3176 1485 3232; x_wconf 91' lang='lat' dir='ltr'><strong>quo</strong></span> <span class='ocrx_word' id='word_1_235' title='bbox 1504 3176 1627 3217; x_wconf 90' lang='lat' dir='ltr'><strong>cum</strong></span> <span class='ocrx_word' id='word_1_236' title='bbox 1649 3161 1868 3221; x_wconf 83' lang='lat' dir='ltr'><strong>Christo</strong></span> 
     </span>
    </p>
   </div>
   <div class='ocr_carea' id='block_1_32' title="bbox 277 3248 1865 3320">
    <p class='ocr_par' dir='ltr' id='par_1_32' title="bbox 277 3248 1865 3320">
     <span class='ocr_line' id='line_1_32' title="bbox 277 3248 1865 3320; baseline 0.005 -16"><span class='ocrx_word' id='word_1_237' title='bbox 277 3255 414 3304; x_wconf 88' lang='lat' dir='ltr'><strong>sunt</strong></span> <span class='ocrx_word' id='word_1_238' title='bbox 449 3248 729 3320; x_wconf 89' lang='lat' dir='ltr'><strong>regnaturi</strong></span> <span class='ocrx_word' id='word_1_239' title='bbox 752 3248 776 3313; x_wconf 78' lang='lat'><strong>&#39;,</strong></span> <span class='ocrx_word' id='word_1_240' title='bbox 826 3255 881 3303; x_wconf 93' lang='lat' dir='ltr'><strong>et</strong></span> <span class='ocrx_word' id='word_1_241' title='bbox 942 3262 1131 3304; x_wconf 90' lang='lat' dir='ltr'><strong>verum</strong></span> <span class='ocrx_word' id='word_1_242' title='bbox 1190 3250 1477 3309; x_wconf 84' lang='lat' dir='ltr'><strong>sabbatum</strong></span> <span class='ocrx_word' id='word_1_243' title='bbox 1517 3254 1865 3312; x_wconf 86' lang='lat' dir='ltr'><strong>celebraturi.</strong></span> 
     </span>
    </p>
   </div>
   <div class='ocr_carea' id='block_1_33' title="bbox 276 3336 1872 3419">
    <p class='ocr_par' dir='ltr' id='par_1_33' title="bbox 276 3336 1872 3419">
     <span class='ocr_line' id='line_1_33' title="bbox 276 3336 1872 3419; baseline 0.006 -22"><span class='ocrx_word' id='word_1_244' title='bbox 276 3340 528 3398; x_wconf 69' lang='lat' dir='ltr'><strong>Rebecca</strong></span> <span class='ocrx_word' id='word_1_245' title='bbox 562 3336 723 3412; x_wconf 76' lang='lat' dir='ltr'><strong>plena</strong></span> <span class='ocrx_word' id='word_1_246' title='bbox 763 3341 967 3414; x_wconf 84' lang='lat' dir='ltr'><strong>Spiritu</strong></span> <span class='ocrx_word' id='word_1_247' title='bbox 1007 3352 1216 3411; x_wconf 88' lang='lat' dir='ltr'><strong>sancto,</strong></span> <span class='ocrx_word' id='word_1_248' title='bbox 1257 3346 1437 3403; x_wconf 90' lang='lat' dir='ltr'><strong>sciens</strong></span> <span class='ocrx_word' id='word_1_249' title='bbox 1461 3348 1606 3419; x_wconf 91' lang='lat' dir='ltr'><strong>quod</strong></span> <span class='ocrx_word' id='word_1_250' title='bbox 1630 3350 1872 3407; x_wconf 81' lang='lat' dir='ltr'><strong>audisset</strong></span> 
     </span>
    </p>
   </div>
   <div class='ocr_carea' id='block_1_34' title="bbox 278 3434 1864 3506">
    <p class='ocr_par' dir='ltr' id='par_1_34' title="bbox 278 3434 1864 3506">
     <span class='ocr_line' id='line_1_34' title="bbox 278 3434 1864 3506; baseline 0.003 -16"><span class='ocrx_word' id='word_1_251' title='bbox 278 3444 577 3504; x_wconf 80' lang='lat' dir='ltr'><strong>antequam</strong></span> <span class='ocrx_word' id='word_1_252' title='bbox 612 3441 864 3504; x_wconf 89' lang='lat' dir='ltr'><strong>pareret,</strong></span> <span class='ocrx_word' id='word_1_253' title='bbox 903 3434 1029 3505; x_wconf 90' lang='lat' dir='ltr'><strong>quia</strong></span> <span class='ocrx_word' id='word_1_254' title='bbox 1060 3452 1080 3486; x_wconf 74' lang='grc' dir='ltr'><strong>ι</strong></span> <span class='ocrx_word' id='word_1_255' title='bbox 1118 3435 1293 3506; x_wconf 87' lang='lat' dir='ltr'><strong>major</strong></span> <span class='ocrx_word' id='word_1_256' title='bbox 1340 3438 1541 3494; x_wconf 86' lang='lat' dir='ltr'><strong>serviet</strong></span> <span class='ocrx_word' id='word_1_257' title='bbox 1572 3439 1809 3497; x_wconf 88' lang='lat' dir='ltr'><strong>minori:</strong></span> <span class='ocrx_word' id='word_1_258' title='bbox 1846 3463 1864 3495; x_wconf 71' lang='grc' dir='ltr'><strong>ι</strong></span> 
     </span>
    </p>
   </div>
   <div class='ocr_carea' id='block_1_35' title="bbox 279 3520 1868 3603">
    <p class='ocr_par' dir='ltr' id='par_1_35' title="bbox 279 3520 1868 3603">
     <span class='ocr_line' id='line_1_35' title="bbox 279 3520 1868 3603; baseline 0.004 -20"><span class='ocrx_word' id='word_1_259' title='bbox 279 3526 402 3583; x_wconf 66' lang='lat' dir='ltr'><strong>haec</strong></span> <span class='ocrx_word' id='word_1_260' title='bbox 436 3524 668 3581; x_wconf 77' lang='lat' dir='ltr'><strong>formam</strong></span> <span class='ocrx_word' id='word_1_261' title='bbox 716 3520 859 3596; x_wconf 77' lang='lat' dir='ltr'><strong>gerit</strong></span> <span class='ocrx_word' id='word_1_262' title='bbox 896 3522 1134 3595; x_wconf 83' lang='lat' dir='ltr'><strong>Spiritus</strong></span> <span class='ocrx_word' id='word_1_263' title='bbox 1163 3529 1335 3583; x_wconf 87' lang='lat' dir='ltr'><strong>sancti</strong></span> <span class='ocrx_word' id='word_1_264' title='bbox 1361 3569 1377 3596; x_wconf 94' lang='lat'><strong>,</strong></span> <span class='ocrx_word' id='word_1_265' title='bbox 1407 3544 1528 3599; x_wconf 71' lang='lat' dir='ltr'><strong>quae</strong></span> <span class='ocrx_word' id='word_1_266' title='bbox 1551 3533 1695 3603; x_wconf 90' lang='lat' dir='ltr'><strong>quod</strong></span> <span class='ocrx_word' id='word_1_267' title='bbox 1722 3532 1868 3589; x_wconf 77' lang='lat' dir='ltr'><strong>futu-</strong></span> 
     </span>
    </p>
   </div>
   <div class='ocr_carea' id='block_1_36' title="bbox 279 3611 1871 3686">
    <p class='ocr_par' dir='ltr' id='par_1_36' title="bbox 279 3618 1871 3686">
     <span class='ocr_line' id='line_1_36' title="bbox 279 3618 1871 3686; baseline 0.003 -10"><span class='ocrx_word' id='word_1_268' title='bbox 279 3636 406 3677; x_wconf 86' lang='lat' dir='ltr'><strong>rum</strong></span> <span class='ocrx_word' id='word_1_269' title='bbox 435 3626 807 3676; x_wconf 86' lang='lat' dir='ltr'><strong>essenoverat</strong></span> <span class='ocrx_word' id='word_1_270' title='bbox 841 3618 896 3674; x_wconf 92' lang='lat' dir='ltr'><strong>in</strong></span> <span class='ocrx_word' id='word_1_271' title='bbox 923 3619 1178 3686; x_wconf 90' lang='lat' dir='ltr'><strong>Christo,</strong></span> <span class='ocrx_word' id='word_1_272' title='bbox 1227 3630 1355 3678; x_wconf 89' lang='lat' dir='ltr'><strong>ante</strong></span> <span class='ocrx_word' id='word_1_273' title='bbox 1406 3623 1774 3681; x_wconf 87' lang='lat' dir='ltr'><strong>meditabatur</strong></span> <span class='ocrx_word' id='word_1_274' title='bbox 1815 3625 1871 3681; x_wconf 92' lang='lat' dir='ltr'><strong>in</strong></span> 
     </span>
    </p>
   </div>
   <div class='ocr_carea' id='block_1_37' title="bbox 1970 3611 3357 3686">
    <p class='ocr_par' dir='ltr' id='par_1_37' title="bbox 1970 3611 3357 3685">
     <span class='ocr_line' id='line_1_37' title="bbox 1970 3611 3357 3685; baseline -0.004 -17"><span class='ocrx_word' id='word_1_275' title='bbox 1970 3613 2097 3683; x_wconf 81' lang='lat' dir='ltr'><strong>justi</strong></span> <span class='ocrx_word' id='word_1_276' title='bbox 2153 3615 2209 3671; x_wconf 91' lang='lat' dir='ltr'><strong>in</strong></span> <span class='ocrx_word' id='word_1_277' title='bbox 2247 3614 2591 3685; x_wconf 68' lang='lat' dir='ltr'><strong>observantia</strong></span> <span class='ocrx_word' id='word_1_278' title='bbox 2628 3612 2791 3683; x_wconf 81' lang='lat' dir='ltr'><strong>legis:</strong></span> <span class='ocrx_word' id='word_1_279' title='bbox 2847 3612 2997 3671; x_wconf 87' lang='lat' dir='ltr'><strong>Unde</strong></span> <span class='ocrx_word' id='word_1_280' title='bbox 3028 3611 3169 3685; x_wconf 55' lang='lat' dir='ltr'><strong>Luc.</strong></span> <span class='ocrx_word' id='word_1_281' title='bbox 3212 3626 3301 3667; x_wconf 71' lang='lat' dir='ltr'><strong>xv:</strong></span> <span class='ocrx_word' id='word_1_282' title='bbox 3344 3627 3357 3662; x_wconf 89' lang='lat'><strong>:</strong></span> 
     </span>
    </p>
   </div>
   <div class='ocr_carea' id='block_1_38' title="bbox 276 3709 1869 3790">
    <p class='ocr_par' dir='ltr' id='par_1_38' title="bbox 276 3709 1869 3790">
     <span class='ocr_line' id='line_1_38' title="bbox 276 3709 1869 3790; baseline -0.007 -20"><span class='ocrx_word' id='word_1_283' title='bbox 276 3713 470 3779; x_wconf 81' lang='lat' dir='ltr'><strong>Jacob,</strong></span> <span class='ocrx_word' id='word_1_284' title='bbox 500 3712 741 3782; x_wconf 79' lang='lat' dir='ltr'><strong>loquitur</strong></span> <span class='ocrx_word' id='word_1_285' title='bbox 768 3712 837 3767; x_wconf 88' lang='lat' dir='ltr'><strong>ad</strong></span> <span class='ocrx_word' id='word_1_286' title='bbox 874 3709 1047 3766; x_wconf 77' lang='lat' dir='ltr'><strong>illium</strong></span> <span class='ocrx_word' id='word_1_287' title='bbox 1075 3713 1364 3775; x_wconf 83' lang='lat' dir='ltr'><strong>minorem.</strong></span> <span class='ocrx_word' id='word_1_288' title='bbox 1401 3733 1419 3765; x_wconf 84' lang='grc' dir='ltr'><strong>ι</strong></span> <span class='ocrx_word' id='word_1_289' title='bbox 1451 3715 1602 3772; x_wconf 82' lang='lat' dir='ltr'><strong>Vade</strong></span> <span class='ocrx_word' id='word_1_290' title='bbox 1634 3717 1703 3771; x_wconf 70' lang='lat' dir='ltr'><strong>ad</strong></span> <span class='ocrx_word' id='word_1_291' title='bbox 1745 3732 1869 3790; x_wconf 59' lang='grc' dir='ltr'><strong>με-</strong></span> 
     </span>
    </p>
   </div>
   <div class='ocr_carea' id='block_1_39' title="bbox 278 3803 1873 3881">
    <p class='ocr_par' dir='ltr' id='par_1_39' title="bbox 278 3803 1873 3881">
     <span class='ocr_line' id='line_1_39' title="bbox 278 3803 1873 3881; baseline 0.001 -19"><span class='ocrx_word' id='word_1_292' title='bbox 278 3821 407 3881; x_wconf 87' lang='lat' dir='ltr'><strong>gem</strong></span> <span class='ocrx_word' id='word_1_293' title='bbox 445 3814 502 3861; x_wconf 90' lang='lat' dir='ltr'><strong>et</strong></span> <span class='ocrx_word' id='word_1_294' title='bbox 537 3805 671 3860; x_wconf 69' lang='lat' dir='ltr'><strong>aiter</strong></span> <span class='ocrx_word' id='word_1_295' title='bbox 719 3803 852 3859; x_wconf 89' lang='lat' dir='ltr'><strong>mihi</strong></span> <span class='ocrx_word' id='word_1_296' title='bbox 900 3804 1036 3860; x_wconf 90' lang='lat' dir='ltr'><strong>duos</strong></span> <span class='ocrx_word' id='word_1_297' title='bbox 1084 3806 1272 3862; x_wconf 75' lang='lat' dir='ltr'><strong>haedos</strong></span> <span class='ocrx_word' id='word_1_298' title='bbox 1321 3807 1586 3878; x_wconf 90' lang='lat' dir='ltr'><strong>optimos;</strong></span> <span class='ocrx_word' id='word_1_299' title='bbox 1624 3828 1643 3859; x_wconf 75' lang='grc' dir='ltr'><strong>ι</strong></span> <span class='ocrx_word' id='word_1_300' title='bbox 1696 3809 1873 3880; x_wconf 71' lang='grc' dir='ltr'><strong>ρηεῆ-</strong></span> 
     </span>
    </p>
   </div>
   <div class='ocr_carea' id='block_1_40' title="bbox 280 3894 1872 3973">
    <p class='ocr_par' dir='ltr' id='par_1_40' title="bbox 280 3894 1872 3973">
     <span class='ocr_line' id='line_1_40' title="bbox 280 3894 1872 3973; baseline 0.002 -20"><span class='ocrx_word' id='word_1_301' title='bbox 280 3913 486 3973; x_wconf 85' lang='lat' dir='ltr'><strong>gurans</strong></span> <span class='ocrx_word' id='word_1_302' title='bbox 519 3911 781 3951; x_wconf 89' lang='lat' dir='ltr'><strong>carneum</strong></span> <span class='ocrx_word' id='word_1_303' title='bbox 809 3894 1113 3952; x_wconf 84' lang='lat' dir='ltr'><strong>Salvatoris</strong></span> <span class='ocrx_word' id='word_1_304' title='bbox 1167 3896 1461 3954; x_wconf 79' lang='lat' dir='ltr'><strong>adventum</strong></span> <span class='ocrx_word' id='word_1_305' title='bbox 1482 3939 1497 3965; x_wconf 92' lang='lat'><strong>,</strong></span> <span class='ocrx_word' id='word_1_306' title='bbox 1540 3899 1594 3955; x_wconf 90' lang='lat' dir='ltr'><strong>in</strong></span> <span class='ocrx_word' id='word_1_307' title='bbox 1640 3914 1749 3970; x_wconf 91' lang='lat' dir='ltr'><strong>quo</strong></span> <span class='ocrx_word' id='word_1_308' title='bbox 1777 3915 1872 3956; x_wconf 91' lang='lat' dir='ltr'><strong>eos</strong></span> 
     </span>
    </p>
   </div>
   <div class='ocr_carea' id='block_1_41' title="bbox 277 3987 1873 4060">
    <p class='ocr_par' dir='ltr' id='par_1_41' title="bbox 277 3987 1873 4060">
     <span class='ocr_line' id='line_1_41' title="bbox 277 3987 1873 4060; baseline 0.001 -13"><span class='ocrx_word' id='word_1_309' title='bbox 277 3993 543 4049; x_wconf 83' lang='lat' dir='ltr'><strong>liberaret</strong></span> <span class='ocrx_word' id='word_1_310' title='bbox 597 3988 691 4060; x_wconf 90' lang='lat' dir='ltr'><strong>qui</strong></span> <span class='ocrx_word' id='word_1_311' title='bbox 762 3987 1005 4059; x_wconf 77' lang='lat' dir='ltr'><strong>peccatis</strong></span> <span class='ocrx_word' id='word_1_312' title='bbox 1056 3988 1388 4044; x_wconf 89' lang='lat' dir='ltr'><strong>tenebantur</strong></span> <span class='ocrx_word' id='word_1_313' title='bbox 1436 3990 1680 4047; x_wconf 77' lang='lat' dir='ltr'><strong>obnoxii.</strong></span> <span class='ocrx_word' id='word_1_314' title='bbox 1722 3990 1873 4048; x_wconf 60' lang='lat' dir='ltr'><strong>Bardi</strong></span> 
     </span>
    </p>
   </div>
   <div class='ocr_carea' id='block_1_42' title="bbox 279 4077 1871 4153">
    <p class='ocr_par' dir='ltr' id='par_1_42' title="bbox 279 4077 1871 4153">
     <span class='ocr_line' id='line_1_42' title="bbox 279 4077 1871 4153; baseline -0.003 -11"><span class='ocrx_word' id='word_1_315' title='bbox 279 4084 429 4142; x_wconf 87' lang='lat' dir='ltr'><strong>enim</strong></span> <span class='ocrx_word' id='word_1_316' title='bbox 476 4081 678 4151; x_wconf 87' lang='lat' dir='ltr'><strong>ubique</strong></span> <span class='ocrx_word' id='word_1_317' title='bbox 714 4087 1031 4151; x_wconf 82' lang='lat' dir='ltr'><strong>peccatores</strong></span> <span class='ocrx_word' id='word_1_318' title='bbox 1067 4077 1394 4151; x_wconf 70' lang='lat' dir='ltr'><strong>signiﬁcant.</strong></span> <span class='ocrx_word' id='word_1_319' title='bbox 1428 4080 1544 4136; x_wconf 89' lang='lat' dir='ltr'><strong>Duo</strong></span> <span class='ocrx_word' id='word_1_320' title='bbox 1572 4080 1754 4138; x_wconf 74' lang='lat' dir='ltr'><strong>atierri</strong></span> <span class='ocrx_word' id='word_1_321' title='bbox 1779 4084 1871 4153; x_wconf 84' lang='lat' dir='ltr'><strong>ju-</strong></span> 
     </span>
    </p>
   </div>
   <div class='ocr_carea' id='block_1_43' title="bbox 277 4172 1868 4246">
    <p class='ocr_par' dir='ltr' id='par_1_43' title="bbox 277 4172 1868 4246">
     <span class='ocr_line' id='line_1_43' title="bbox 277 4172 1868 4246; baseline -0.004 -11"><span class='ocrx_word' id='word_1_322' title='bbox 277 4178 504 4242; x_wconf 88' lang='lat' dir='ltr'><strong>bentur,</strong></span> <span class='ocrx_word' id='word_1_323' title='bbox 519 4182 579 4229; x_wconf 89' lang='lat' dir='ltr'><strong>ut</strong></span> <span class='ocrx_word' id='word_1_324' title='bbox 596 4174 824 4231; x_wconf 85' lang='lat' dir='ltr'><strong>duorum</strong></span> <span class='ocrx_word' id='word_1_325' title='bbox 848 4172 1167 4244; x_wconf 89' lang='lat' dir='ltr'><strong>populorum</strong></span> <span class='ocrx_word' id='word_1_326' title='bbox 1191 4172 1493 4243; x_wconf 88' lang='lat' dir='ltr'><strong>assumptio</strong></span> <span class='ocrx_word' id='word_1_327' title='bbox 1512 4172 1815 4246; x_wconf 78' lang='lat' dir='ltr'><strong>signiﬁcem</strong></span> <span class='ocrx_word' id='word_1_328' title='bbox 1825 4192 1868 4229; x_wconf 90' lang='lat' dir='ltr'><strong>r.</strong></span> 
     </span>
    </p>
   </div>
   <div class='ocr_carea' id='block_1_44' title="bbox 280 4261 1873 4328">
    <p class='ocr_par' dir='ltr' id='par_1_44' title="bbox 280 4261 1873 4328">
     <span class='ocr_line' id='line_1_44' title="bbox 280 4261 1873 4328; baseline -0.003 -3"><span class='ocrx_word' id='word_1_329' title='bbox 280 4266 485 4325; x_wconf 79' lang='lat' dir='ltr'><strong>Teucri</strong></span> <span class='ocrx_word' id='word_1_330' title='bbox 516 4264 721 4321; x_wconf 83' lang='lat' dir='ltr'><strong>scilicet</strong></span> <span class='ocrx_word' id='word_1_331' title='bbox 749 4271 806 4319; x_wconf 90' lang='lat' dir='ltr'><strong>et</strong></span> <span class='ocrx_word' id='word_1_332' title='bbox 832 4262 1084 4328; x_wconf 89' lang='lat' dir='ltr'><strong>humani,</strong></span> <span class='ocrx_word' id='word_1_333' title='bbox 1119 4261 1381 4318; x_wconf 89' lang='lat' dir='ltr'><strong>docibiles</strong></span> <span class='ocrx_word' id='word_1_334' title='bbox 1410 4263 1619 4319; x_wconf 89' lang='lat' dir='ltr'><strong>scilicet</strong></span> <span class='ocrx_word' id='word_1_335' title='bbox 1639 4276 1694 4319; x_wconf 90' lang='lat' dir='ltr'><strong>et</strong></span> <span class='ocrx_word' id='word_1_336' title='bbox 1716 4265 1873 4321; x_wconf 86' lang='lat' dir='ltr'><strong>inno-</strong></span> 
     </span>
    </p>
   </div>
   <div class='ocr_carea' id='block_1_45' title="bbox 282 4352 1873 4427">
    <p class='ocr_par' dir='ltr' id='par_1_45' title="bbox 282 4352 1873 4427">
     <span class='ocr_line' id='line_1_45' title="bbox 282 4352 1873 4427; baseline -0.003 -11"><span class='ocrx_word' id='word_1_337' title='bbox 282 4358 460 4416; x_wconf 88' lang='lat' dir='ltr'><strong>centis</strong></span> <span class='ocrx_word' id='word_1_338' title='bbox 487 4357 703 4412; x_wconf 74' lang='lat' dir='ltr'><strong>animae.</strong></span> <span class='ocrx_word' id='word_1_339' title='bbox 738 4352 888 4410; x_wconf 89' lang='lat' dir='ltr'><strong>Stola</strong></span> <span class='ocrx_word' id='word_1_340' title='bbox 914 4352 1058 4409; x_wconf 87' lang='lat' dir='ltr'><strong>Esau</strong></span> <span class='ocrx_word' id='word_1_341' title='bbox 1085 4361 1173 4409; x_wconf 91' lang='lat' dir='ltr'><strong>est</strong></span> <span class='ocrx_word' id='word_1_342' title='bbox 1200 4352 1357 4420; x_wconf 81' lang='lat' dir='ltr'><strong>ﬁdes,</strong></span> <span class='ocrx_word' id='word_1_343' title='bbox 1380 4352 1434 4409; x_wconf 84' lang='lat' dir='ltr'><strong>id</strong></span> <span class='ocrx_word' id='word_1_344' title='bbox 1463 4363 1547 4411; x_wconf 89' lang='lat' dir='ltr'><strong>est</strong></span> <span class='ocrx_word' id='word_1_345' title='bbox 1576 4353 1873 4427; x_wconf 65' lang='lat' dir='ltr'><strong>Scriptura:</strong></span> 
     </span>
    </p>
   </div>
   <div class='ocr_carea' id='block_1_46' title="bbox 282 4445 1874 4518">
    <p class='ocr_par' dir='ltr' id='par_1_46' title="bbox 282 4445 1874 4518">
     <span class='ocr_line' id='line_1_46' title="bbox 282 4445 1874 4518; baseline -0.002 -12"><span class='ocrx_word' id='word_1_346' title='bbox 282 4449 635 4507; x_wconf 69' lang='lat' dir='ltr'><strong>Hebraeorum</strong></span> <span class='ocrx_word' id='word_1_347' title='bbox 672 4462 794 4518; x_wconf 70' lang='lat' dir='ltr'><strong>qua:</strong></span> <span class='ocrx_word' id='word_1_348' title='bbox 828 4445 935 4500; x_wconf 88' lang='lat' dir='ltr'><strong>illis</strong></span> <span class='ocrx_word' id='word_1_349' title='bbox 964 4446 1138 4515; x_wconf 89' lang='lat' dir='ltr'><strong>primo</strong></span> <span class='ocrx_word' id='word_1_350' title='bbox 1163 4445 1302 4501; x_wconf 69' lang='lat' dir='ltr'><strong>datae</strong></span> <span class='ocrx_word' id='word_1_351' title='bbox 1350 4453 1479 4501; x_wconf 91' lang='lat' dir='ltr'><strong>sunt</strong></span> <span class='ocrx_word' id='word_1_352' title='bbox 1523 4447 1722 4518; x_wconf 85' lang='lat' dir='ltr'><strong>quibus</strong></span> <span class='ocrx_word' id='word_1_353' title='bbox 1777 4463 1874 4518; x_wconf 90' lang='lat' dir='ltr'><strong>po-</strong></span> 
     </span>
    </p>
   </div>
   <div class='ocr_carea' id='block_1_47' title="bbox 280 4536 1874 4615">
    <p class='ocr_par' dir='ltr' id='par_1_47' title="bbox 280 4536 1874 4615">
     <span class='ocr_line' id='line_1_47' title="bbox 280 4536 1874 4615; baseline -0.003 -17"><span class='ocrx_word' id='word_1_354' title='bbox 280 4543 443 4615; x_wconf 87' lang='lat' dir='ltr'><strong>pulus</strong></span> <span class='ocrx_word' id='word_1_355' title='bbox 476 4539 755 4615; x_wconf 87' lang='lat' dir='ltr'><strong>gentilium</strong></span> <span class='ocrx_word' id='word_1_356' title='bbox 797 4547 985 4610; x_wconf 87' lang='lat' dir='ltr'><strong>postea</strong></span> <span class='ocrx_word' id='word_1_357' title='bbox 1026 4537 1276 4603; x_wconf 89' lang='lat' dir='ltr'><strong>indutus;</strong></span> <span class='ocrx_word' id='word_1_358' title='bbox 1315 4536 1486 4608; x_wconf 88' lang='lat' dir='ltr'><strong>pelles</strong></span> <span class='ocrx_word' id='word_1_359' title='bbox 1520 4537 1874 4594; x_wconf 69' lang='lat' dir='ltr'><strong>circumdata:</strong></span> 
     </span>
    </p>
   </div>
   <div class='ocr_carea' id='block_1_48' title="bbox 280 4630 1874 4706">
    <p class='ocr_par' dir='ltr' id='par_1_48' title="bbox 280 4630 1874 4706">
     <span class='ocr_line' id='line_1_48' title="bbox 280 4630 1874 4706; baseline -0.013 -11"><span class='ocrx_word' id='word_1_360' title='bbox 280 4637 526 4694; x_wconf 88' lang='lat' dir='ltr'><strong>brachiis</strong></span> <span class='ocrx_word' id='word_1_361' title='bbox 553 4634 703 4706; x_wconf 88' lang='lat' dir='ltr'><strong>ejus,</strong></span> <span class='ocrx_word' id='word_1_362' title='bbox 730 4642 949 4705; x_wconf 86' lang='lat' dir='ltr'><strong>peccata</strong></span> <span class='ocrx_word' id='word_1_363' title='bbox 972 4631 1256 4703; x_wconf 88' lang='lat' dir='ltr'><strong>utriusque</strong></span> <span class='ocrx_word' id='word_1_364' title='bbox 1283 4630 1465 4703; x_wconf 89' lang='lat' dir='ltr'><strong>populi</strong></span> <span class='ocrx_word' id='word_1_365' title='bbox 1493 4672 1508 4698; x_wconf 90' lang='lat'><strong>,</strong></span> <span class='ocrx_word' id='word_1_366' title='bbox 1550 4647 1671 4702; x_wconf 69' lang='lat' dir='ltr'><strong>qua:</strong></span> <span class='ocrx_word' id='word_1_367' title='bbox 1714 4631 1874 4688; x_wconf 88' lang='lat' dir='ltr'><strong>Chri-</strong></span> 
     </span>
    </p>
   </div>
   <div class='ocr_carea' id='block_1_49' title="bbox 282 4721 1873 4795">
    <p class='ocr_par' dir='ltr' id='par_1_49' title="bbox 282 4721 1873 4795">
     <span class='ocr_line' id='line_1_49' title="bbox 282 4721 1873 4795; baseline -0.005 -7"><span class='ocrx_word' id='word_1_368' title='bbox 282 4740 403 4788; x_wconf 86' lang='lat' dir='ltr'><strong>stus</strong></span> <span class='ocrx_word' id='word_1_369' title='bbox 422 4730 476 4784; x_wconf 92' lang='lat' dir='ltr'><strong>in</strong></span> <span class='ocrx_word' id='word_1_370' title='bbox 505 4726 823 4784; x_wconf 81' lang='lat' dir='ltr'><strong>extensione</strong></span> <span class='ocrx_word' id='word_1_371' title='bbox 847 4739 1107 4781; x_wconf 87' lang='lat' dir='ltr'><strong>manuum</strong></span> <span class='ocrx_word' id='word_1_372' title='bbox 1134 4723 1284 4779; x_wconf 82' lang='lat' dir='ltr'><strong>cruci</strong></span> <span class='ocrx_word' id='word_1_373' title='bbox 1312 4739 1497 4779; x_wconf 88' lang='lat' dir='ltr'><strong>secum</strong></span> <span class='ocrx_word' id='word_1_374' title='bbox 1523 4721 1693 4779; x_wconf 80' lang='lat' dir='ltr'><strong>aﬂixit</strong></span> <span class='ocrx_word' id='word_1_375' title='bbox 1757 4725 1873 4795; x_wconf 85' lang='lat' dir='ltr'><strong>ipse</strong></span> 
     </span>
    </p>
   </div>
   <div class='ocr_carea' id='block_1_50' title="bbox 282 4815 1870 4891">
    <p class='ocr_par' dir='ltr' id='par_1_50' title="bbox 282 4815 1870 4891">
     <span class='ocr_line' id='line_1_50' title="bbox 282 4815 1870 4891; baseline -0.004 -12"><span class='ocrx_word' id='word_1_376' title='bbox 282 4824 431 4880; x_wconf 89' lang='lat' dir='ltr'><strong>enim</strong></span> <span class='ocrx_word' id='word_1_377' title='bbox 470 4822 526 4877; x_wconf 91' lang='lat' dir='ltr'><strong>in</strong></span> <span class='ocrx_word' id='word_1_378' title='bbox 555 4834 789 4891; x_wconf 90' lang='lat' dir='ltr'><strong>corpore</strong></span> <span class='ocrx_word' id='word_1_379' title='bbox 817 4832 942 4883; x_wconf 89' lang='lat' dir='ltr'><strong>suo,</strong></span> <span class='ocrx_word' id='word_1_380' title='bbox 975 4833 1082 4875; x_wconf 89' lang='lat' dir='ltr'><strong>non</strong></span> <span class='ocrx_word' id='word_1_381' title='bbox 1112 4832 1242 4883; x_wconf 87' lang='lat' dir='ltr'><strong>sua,</strong></span> <span class='ocrx_word' id='word_1_382' title='bbox 1283 4816 1380 4873; x_wconf 90' lang='lat' dir='ltr'><strong>sed</strong></span> <span class='ocrx_word' id='word_1_383' title='bbox 1427 4815 1604 4872; x_wconf 88' lang='lat' dir='ltr'><strong>aliena</strong></span> <span class='ocrx_word' id='word_1_384' title='bbox 1650 4826 1870 4888; x_wconf 87' lang='lat' dir='ltr'><strong>peccata</strong></span> 
     </span>
    </p>
   </div>
   <div class='ocr_carea' id='block_1_51' title="bbox 279 4915 555 4991">
    <p class='ocr_par' dir='ltr' id='par_1_51' title="bbox 279 4915 555 4991">
     <span class='ocr_line' id='line_1_51' title="bbox 279 4915 555 4991; baseline -0.007 -19"><span class='ocrx_word' id='word_1_385' title='bbox 279 4915 555 4991; x_wconf 79' lang='lat' dir='ltr'><strong>portabat.</strong></span> 
     </span>
    </p>
   </div>
   <div class='ocr_carea' id='block_1_52' title="bbox 356 4998 1866 5074">
    <p class='ocr_par' dir='ltr' id='par_1_52' title="bbox 356 4998 1866 5074">
     <span class='ocr_line' id='line_1_52' title="bbox 356 4998 1866 5074; baseline -0.003 -12"><span class='ocrx_word' id='word_1_386' title='bbox 356 5005 521 5064; x_wconf 71' lang='lat' dir='ltr'><strong>Vens.</strong></span> <span class='ocrx_word' id='word_1_387' title='bbox 548 5007 606 5062; x_wconf 68' lang='lat'><strong>3.</strong></span> <span class='ocrx_word' id='word_1_388' title='bbox 635 5034 709 5049; x_wconf 86' lang='lat'><strong>--</strong></span> <span class='ocrx_word' id='word_1_389' title='bbox 737 5023 756 5057; x_wconf 76' lang='grc' dir='ltr'><strong>ι</strong></span> <span class='ocrx_word' id='word_1_390' title='bbox 785 5004 1118 5074; x_wconf 80' lang='lat' dir='ltr'><strong>Vocavitque</strong></span> <span class='ocrx_word' id='word_1_391' title='bbox 1145 5002 1309 5058; x_wconf 82' lang='lat' dir='ltr'><strong>Esau.</strong></span> <span class='ocrx_word' id='word_1_392' title='bbox 1344 5020 1363 5053; x_wconf 75' lang='grc' dir='ltr'><strong>ι</strong></span> <span class='ocrx_word' id='word_1_393' title='bbox 1400 5000 1421 5074; x_wconf 93' lang='grc'>(</span> <span class='ocrx_word' id='word_1_394' title='bbox 1438 5001 1569 5057; x_wconf 77' lang='lat' dir='ltr'><strong>Isin.</strong></span> <span class='ocrx_word' id='word_1_395' title='bbox 1608 5001 1663 5057; x_wconf 83' lang='lat' dir='ltr'><strong>in</strong></span> <span class='ocrx_word' id='word_1_396' title='bbox 1710 4998 1866 5070; x_wconf 64' lang='lat' dir='ltr'><strong>Gem,</strong></span> 
     </span>
    </p>
   </div>
   <div class='ocr_carea' id='block_1_53' title="bbox 281 5093 1870 5173">
    <p class='ocr_par' dir='ltr' id='par_1_53' title="bbox 281 5093 1870 5173">
     <span class='ocr_line' id='line_1_53' title="bbox 281 5093 1870 5173; baseline -0.004 -16"><span class='ocrx_word' id='word_1_397' title='bbox 281 5111 417 5158; x_wconf 92' lang='lat' dir='ltr'><strong>tom.</strong></span> <span class='ocrx_word' id='word_1_398' title='bbox 453 5096 545 5173; x_wconf 74' lang='grc' dir='ltr'><strong>ν.)</strong></span> <span class='ocrx_word' id='word_1_399' title='bbox 576 5099 719 5165; x_wconf 80' lang='lat' dir='ltr'><strong>Esau</strong></span> <span class='ocrx_word' id='word_1_400' title='bbox 747 5105 1000 5164; x_wconf 66' lang='lat' dir='ltr'><strong>venator,</strong></span> <span class='ocrx_word' id='word_1_401' title='bbox 1037 5104 1092 5152; x_wconf 88' lang='lat' dir='ltr'><strong>et</strong></span> <span class='ocrx_word' id='word_1_402' title='bbox 1120 5094 1355 5168; x_wconf 88' lang='lat' dir='ltr'><strong>agricola</strong></span> <span class='ocrx_word' id='word_1_403' title='bbox 1386 5093 1557 5157; x_wconf 82' lang='lat' dir='ltr'><strong>Jacoh</strong></span> <span class='ocrx_word' id='word_1_404' title='bbox 1584 5109 1714 5151; x_wconf 88' lang='lat' dir='ltr'><strong>vero</strong></span> <span class='ocrx_word' id='word_1_405' title='bbox 1740 5096 1870 5151; x_wconf 90' lang='lat' dir='ltr'><strong>sim-</strong></span> 
     </span>
    </p>
   </div>
   <div class='ocr_carea' id='block_1_54' title="bbox 276 5186 1870 5265">
    <p class='ocr_par' dir='ltr' id='par_1_54' title="bbox 276 5186 1870 5265">
     <span class='ocr_line' id='line_1_54' title="bbox 276 5186 1870 5265; baseline -0.003 -18"><span class='ocrx_word' id='word_1_406' title='bbox 276 5192 405 5265; x_wconf 76' lang='lat' dir='ltr'><strong>plex</strong></span> <span class='ocrx_word' id='word_1_407' title='bbox 449 5190 733 5247; x_wconf 87' lang='lat' dir='ltr'><strong>habitabat</strong></span> <span class='ocrx_word' id='word_1_408' title='bbox 761 5188 817 5253; x_wconf 85' lang='lat' dir='ltr'><strong>in</strong></span> <span class='ocrx_word' id='word_1_409' title='bbox 851 5186 1235 5243; x_wconf 85' lang='lat' dir='ltr'><strong>tabernaculis.</strong></span> <span class='ocrx_word' id='word_1_410' title='bbox 1286 5186 1425 5242; x_wconf 82' lang='lat' dir='ltr'><strong>Esau</strong></span> <span class='ocrx_word' id='word_1_411' title='bbox 1467 5186 1721 5256; x_wconf 83' lang='lat' dir='ltr'><strong>populum</strong></span> <span class='ocrx_word' id='word_1_412' title='bbox 1765 5186 1870 5253; x_wconf 69' lang='lat' dir='ltr'><strong>lie-</strong></span> 
     </span>
    </p>
   </div>
   <div class='ocr_carea' id='block_1_55' title="bbox 278 5278 1870 5354">
    <p class='ocr_par' dir='ltr' id='par_1_55' title="bbox 278 5278 1870 5354">
     <span class='ocr_line' id='line_1_55' title="bbox 278 5278 1870 5354; baseline -0.003 -12"><span class='ocrx_word' id='word_1_413' title='bbox 278 5281 744 5350; x_wconf 80' lang='lat' dir='ltr'><strong>braicum,Jacpb</strong></span> <span class='ocrx_word' id='word_1_414' title='bbox 775 5281 1032 5354; x_wconf 86' lang='lat' dir='ltr'><strong>gentilem</strong></span> <span class='ocrx_word' id='word_1_415' title='bbox 1081 5280 1335 5351; x_wconf 91' lang='lat' dir='ltr'><strong>populum</strong></span> <span class='ocrx_word' id='word_1_416' title='bbox 1388 5278 1678 5351; x_wconf 77' lang='lat' dir='ltr'><strong>signiﬁcat.</strong></span> <span class='ocrx_word' id='word_1_417' title='bbox 1718 5281 1870 5338; x_wconf 85' lang='lat' dir='ltr'><strong>Isaac</strong></span> 
     </span>
    </p>
   </div>
   <div class='ocr_carea' id='block_1_56' title="bbox 279 5374 1868 5448">
    <p class='ocr_par' dir='ltr' id='par_1_56' title="bbox 279 5374 1868 5448">
     <span class='ocr_line' id='line_1_56' title="bbox 279 5374 1868 5448; baseline -0.011 -13"><span class='ocrx_word' id='word_1_418' title='bbox 279 5395 417 5437; x_wconf 85' lang='lat' dir='ltr'><strong>vero</strong></span> <span class='ocrx_word' id='word_1_419' title='bbox 454 5378 650 5444; x_wconf 85' lang='lat' dir='ltr'><strong>Deum,</strong></span> <span class='ocrx_word' id='word_1_420' title='bbox 678 5376 771 5448; x_wconf 89' lang='lat' dir='ltr'><strong>qui</strong></span> <span class='ocrx_word' id='word_1_421' title='bbox 802 5387 1095 5446; x_wconf 87' lang='lat' dir='ltr'><strong>utrumque</strong></span> <span class='ocrx_word' id='word_1_422' title='bbox 1122 5374 1397 5445; x_wconf 83' lang='lat' dir='ltr'><strong>populum,</strong></span> <span class='ocrx_word' id='word_1_423' title='bbox 1444 5374 1596 5430; x_wconf 88' lang='lat' dir='ltr'><strong>illum</strong></span> <span class='ocrx_word' id='word_1_424' title='bbox 1644 5388 1742 5445; x_wconf 70' lang='lat' dir='ltr'><strong>per</strong></span> <span class='ocrx_word' id='word_1_425' title='bbox 1786 5375 1868 5431; x_wconf 76' lang='grc' dir='ltr'><strong>ιθ-</strong></span> 
     </span>
    </p>
   </div>
   <div class='ocr_carea' id='block_1_57' title="bbox 278 5464 1865 5547">
    <p class='ocr_par' dir='ltr' id='par_1_57' title="bbox 278 5464 1865 5547">
     <span class='ocr_line' id='line_1_57' title="bbox 278 5464 1865 5547; baseline -0.004 -18"><span class='ocrx_word' id='word_1_426' title='bbox 278 5488 428 5547; x_wconf 89' lang='lat' dir='ltr'><strong>gem,</strong></span> <span class='ocrx_word' id='word_1_427' title='bbox 462 5472 629 5527; x_wconf 87' lang='lat' dir='ltr'><strong>istum</strong></span> <span class='ocrx_word' id='word_1_428' title='bbox 655 5483 754 5540; x_wconf 88' lang='lat' dir='ltr'><strong>per</strong></span> <span class='ocrx_word' id='word_1_429' title='bbox 783 5468 964 5531; x_wconf 84' lang='lat' dir='ltr'><strong>tidem,</strong></span> <span class='ocrx_word' id='word_1_430' title='bbox 990 5467 1091 5523; x_wconf 89' lang='lat' dir='ltr'><strong>sibi</strong></span> <span class='ocrx_word' id='word_1_431' title='bbox 1124 5466 1261 5522; x_wconf 85' lang='lat' dir='ltr'><strong>lilios</strong></span> <span class='ocrx_word' id='word_1_432' title='bbox 1280 5464 1430 5522; x_wconf 78' lang='lat' dir='ltr'><strong>fecit.</strong></span> <span class='ocrx_word' id='word_1_433' title='bbox 1463 5466 1605 5522; x_wconf 89' lang='lat' dir='ltr'><strong>Esau</strong></span> <span class='ocrx_word' id='word_1_434' title='bbox 1628 5467 1865 5538; x_wconf 85' lang='lat' dir='ltr'><strong>agricola</strong></span> 
     </span>
    </p>
   </div>
   <div class='ocr_carea' id='block_1_58' title="bbox 281 5557 1866 5636">
    <p class='ocr_par' dir='ltr' id='par_1_58' title="bbox 281 5557 1866 5636">
     <span class='ocr_line' id='line_1_58' title="bbox 281 5557 1866 5636; baseline -0.008 -12"><span class='ocrx_word' id='word_1_435' title='bbox 281 5575 425 5633; x_wconf 89' lang='lat' dir='ltr'><strong>erat,</strong></span> <span class='ocrx_word' id='word_1_436' title='bbox 451 5565 578 5636; x_wconf 88' lang='lat' dir='ltr'><strong>quia</strong></span> <span class='ocrx_word' id='word_1_437' title='bbox 610 5560 828 5617; x_wconf 68' lang='lat' dir='ltr'><strong>Iudaeus</strong></span> <span class='ocrx_word' id='word_1_438' title='bbox 861 5574 961 5630; x_wconf 88' lang='lat' dir='ltr'><strong>pro</strong></span> <span class='ocrx_word' id='word_1_439' title='bbox 1010 5559 1240 5623; x_wconf 85' lang='lat' dir='ltr'><strong>terrenis</strong></span> <span class='ocrx_word' id='word_1_440' title='bbox 1290 5557 1402 5614; x_wconf 89' lang='lat' dir='ltr'><strong>Deo</strong></span> <span class='ocrx_word' id='word_1_441' title='bbox 1454 5558 1743 5624; x_wconf 86' lang='lat' dir='ltr'><strong>serviebat,</strong></span> <span class='ocrx_word' id='word_1_442' title='bbox 1777 5559 1866 5614; x_wconf 90' lang='lat' dir='ltr'><strong>cui</strong></span> 
     </span>
    </p>
   </div>
   <div class='ocr_carea' id='block_1_59' title="bbox 282 5651 1866 5724">
    <p class='ocr_par' dir='ltr' id='par_1_59' title="bbox 282 5651 1866 5724">
     <span class='ocr_line' id='line_1_59' title="bbox 282 5651 1866 5724; baseline -0.007 -7"><span class='ocrx_word' id='word_1_443' title='bbox 282 5675 397 5717; x_wconf 84' lang='lat' dir='ltr'><strong>non</strong></span> <span class='ocrx_word' id='word_1_444' title='bbox 440 5665 529 5715; x_wconf 84' lang='lat' dir='ltr'><strong>est</strong></span> <span class='ocrx_word' id='word_1_445' title='bbox 574 5656 777 5712; x_wconf 83' lang='lat' dir='ltr'><strong>dictum</strong></span> <span class='ocrx_word' id='word_1_446' title='bbox 809 5696 826 5721; x_wconf 93' lang='lat'><strong>,</strong></span> <span class='ocrx_word' id='word_1_447' title='bbox 868 5661 929 5709; x_wconf 91' lang='lat' dir='ltr'><strong>ut</strong></span> <span class='ocrx_word' id='word_1_448' title='bbox 953 5661 1098 5710; x_wconf 82' lang='lat' dir='ltr'><strong>esset</strong></span> <span class='ocrx_word' id='word_1_449' title='bbox 1138 5667 1343 5724; x_wconf 87' lang='lat' dir='ltr'><strong>pauper</strong></span> <span class='ocrx_word' id='word_1_450' title='bbox 1393 5651 1585 5723; x_wconf 90' lang='lat' dir='ltr'><strong>spiritu</strong></span> <span class='ocrx_word' id='word_1_451' title='bbox 1613 5691 1628 5716; x_wconf 95' lang='lat'><strong>,</strong></span> <span class='ocrx_word' id='word_1_452' title='bbox 1678 5652 1825 5708; x_wconf 90' lang='lat' dir='ltr'><strong>mitis</strong></span> <span class='ocrx_word' id='word_1_453' title='bbox 1850 5691 1866 5717; x_wconf 94' lang='lat'><strong>,</strong></span> 
     </span>
    </p>
   </div>
   <div class='ocr_carea' id='block_1_60' title="bbox 284 5746 1869 5825">
    <p class='ocr_par' dir='ltr' id='par_1_60' title="bbox 284 5746 1869 5825">
     <span class='ocr_line' id='line_1_60' title="bbox 284 5746 1869 5825; baseline -0.006 -17"><span class='ocrx_word' id='word_1_454' title='bbox 284 5749 566 5825; x_wconf 78' lang='lat' dir='ltr'><strong>paciﬁcus,</strong></span> <span class='ocrx_word' id='word_1_455' title='bbox 606 5747 938 5813; x_wconf 84' lang='lat' dir='ltr'><strong>misericors,</strong></span> <span class='ocrx_word' id='word_1_456' title='bbox 965 5746 1398 5817; x_wconf 84' lang='lat' dir='ltr'><strong>persecutionem</strong></span> <span class='ocrx_word' id='word_1_457' title='bbox 1431 5746 1662 5815; x_wconf 88' lang='lat' dir='ltr'><strong>patiens,</strong></span> <span class='ocrx_word' id='word_1_458' title='bbox 1691 5752 1750 5800; x_wconf 90' lang='lat' dir='ltr'><strong>ut</strong></span> <span class='ocrx_word' id='word_1_459' title='bbox 1778 5759 1869 5800; x_wconf 86' lang='lat' dir='ltr'><strong>co—</strong></span> 
     </span>
    </p>
   </div>
   <div class='ocr_carea' id='block_1_61' title="bbox 282 5831 1867 5917">
    <p class='ocr_par' dir='ltr' id='par_1_61' title="bbox 282 5831 1867 5917">
     <span class='ocr_line' id='line_1_61' title="bbox 282 5831 1867 5917; baseline -0.004 -19"><span class='ocrx_word' id='word_1_460' title='bbox 282 5844 496 5917; x_wconf 84' lang='lat' dir='ltr'><strong>plosatn</strong></span> <span class='ocrx_word' id='word_1_461' title='bbox 550 5839 859 5898; x_wconf 82' lang='lat' dir='ltr'><strong>mercedem</strong></span> <span class='ocrx_word' id='word_1_462' title='bbox 896 5838 1126 5896; x_wconf 71' lang='lat' dir='ltr'><strong>haberet</strong></span> <span class='ocrx_word' id='word_1_463' title='bbox 1174 5837 1229 5893; x_wconf 90' lang='lat' dir='ltr'><strong>in</strong></span> <span class='ocrx_word' id='word_1_464' title='bbox 1281 5834 1472 5899; x_wconf 79' lang='lat' dir='ltr'><strong>ctelis;</strong></span> <span class='ocrx_word' id='word_1_465' title='bbox 1527 5837 1622 5891; x_wconf 89' lang='lat' dir='ltr'><strong>sed</strong></span> <span class='ocrx_word' id='word_1_466' title='bbox 1675 5853 1688 5889; x_wconf 92' lang='lat'><strong>:</strong></span> <span class='ocrx_word' id='word_1_467' title='bbox 1748 5852 1768 5886; x_wconf 85' lang='grc' dir='ltr'><strong>ι</strong></span> <span class='ocrx_word' id='word_1_468' title='bbox 1809 5831 1867 5893; x_wconf 89' lang='lat' dir='ltr'><strong>Si</strong></span> 
     </span>
    </p>
   </div>
   <div class='ocr_carea' id='block_1_62' title="bbox 1980 577 3563 649">
    <p class='ocr_par' dir='ltr' id='par_1_62' title="bbox 1980 577 3563 649">
     <span class='ocr_line' id='line_1_62' title="bbox 1980 577 3563 649; baseline 0.004 -16"><span class='ocrx_word' id='word_1_469' title='bbox 1980 577 2313 648; x_wconf 76' lang='lat' dir='ltr'><strong>temporibus</strong></span> <span class='ocrx_word' id='word_1_470' title='bbox 2362 578 2497 643; x_wconf 81' lang='lat' dir='ltr'><strong>suis,</strong></span> <span class='ocrx_word' id='word_1_471' title='bbox 2530 596 2548 629; x_wconf 77' lang='grc' dir='ltr'><strong>ι</strong></span> <span class='ocrx_word' id='word_1_472' title='bbox 2580 584 2689 633; x_wconf 88' lang='lat' dir='ltr'><strong>etc.</strong></span> <span class='ocrx_word' id='word_1_473' title='bbox 2718 617 2732 644; x_wconf 91' lang='lat'><strong>,</strong></span> <span class='ocrx_word' id='word_1_474' title='bbox 2777 590 2900 647; x_wconf 69' lang='lat' dir='ltr'><strong>quae</strong></span> <span class='ocrx_word' id='word_1_475' title='bbox 2948 578 3228 649; x_wconf 75' lang='lat' dir='ltr'><strong>pertinent</strong></span> <span class='ocrx_word' id='word_1_476' title='bbox 3273 580 3342 636; x_wconf 90' lang='lat' dir='ltr'><strong>ad</strong></span> <span class='ocrx_word' id='word_1_477' title='bbox 3375 585 3563 641; x_wconf 88' lang='lat' dir='ltr'><strong>carnis</strong></span> 
     </span>
    </p>
   </div>
   <div class='ocr_carea' id='block_1_63' title="bbox 1979 669 3558 744">
    <p class='ocr_par' dir='ltr' id='par_1_63' title="bbox 1979 669 3558 744">
     <span class='ocr_line' id='line_1_63' title="bbox 1979 669 3558 744; baseline 0.006 -19"><span class='ocrx_word' id='word_1_478' title='bbox 1979 669 2219 727; x_wconf 85' lang='lat' dir='ltr'><strong>delicias.</strong></span> <span class='ocrx_word' id='word_1_479' title='bbox 2268 669 2397 725; x_wconf 82' lang='lat' dir='ltr'><strong>Fuit</strong></span> <span class='ocrx_word' id='word_1_480' title='bbox 2440 670 2605 727; x_wconf 88' lang='lat' dir='ltr'><strong>etiam</strong></span> <span class='ocrx_word' id='word_1_481' title='bbox 2651 679 2902 738; x_wconf 85' lang='lat' dir='ltr'><strong>venator,</strong></span> <span class='ocrx_word' id='word_1_482' title='bbox 2928 671 3057 742; x_wconf 87' lang='lat' dir='ltr'><strong>quia</strong></span> <span class='ocrx_word' id='word_1_483' title='bbox 3107 686 3205 744; x_wconf 91' lang='lat' dir='ltr'><strong>per</strong></span> <span class='ocrx_word' id='word_1_484' title='bbox 3242 672 3558 733; x_wconf 78' lang='lat' dir='ltr'><strong>eﬂusionem</strong></span> 
     </span>
    </p>
   </div>
   <div class='ocr_carea' id='block_1_64' title="bbox 1978 761 3558 833">
    <p class='ocr_par' dir='ltr' id='par_1_64' title="bbox 1978 761 3558 833">
     <span class='ocr_line' id='line_1_64' title="bbox 1978 761 3558 833; baseline 0.005 -16"><span class='ocrx_word' id='word_1_485' title='bbox 1978 761 2256 831; x_wconf 81' lang='lat' dir='ltr'><strong>sanguinis</strong></span> <span class='ocrx_word' id='word_1_486' title='bbox 2286 763 2515 818; x_wconf 87' lang='lat' dir='ltr'><strong>arietum</strong></span> <span class='ocrx_word' id='word_1_487' title='bbox 2545 770 2599 829; x_wconf 73' lang='lat' dir='ltr'><strong>et</strong></span> <span class='ocrx_word' id='word_1_488' title='bbox 2628 763 2942 833; x_wconf 83' lang='lat' dir='ltr'><strong>vitulorum,</strong></span> <span class='ocrx_word' id='word_1_489' title='bbox 2967 773 3024 821; x_wconf 89' lang='lat' dir='ltr'><strong>et</strong></span> <span class='ocrx_word' id='word_1_490' title='bbox 3062 766 3361 832; x_wconf 77' lang='lat' dir='ltr'><strong>hircorum,</strong></span> <span class='ocrx_word' id='word_1_491' title='bbox 3387 767 3558 826; x_wconf 89' lang='lat' dir='ltr'><strong>Deum</strong></span> 
     </span>
    </p>
   </div>
   <div class='ocr_carea' id='block_1_65' title="bbox 1976 853 3554 929">
    <p class='ocr_par' dir='ltr' id='par_1_65' title="bbox 1976 853 3554 929">
     <span class='ocr_line' id='line_1_65' title="bbox 1976 853 3554 929; baseline 0.005 -22"><span class='ocrx_word' id='word_1_492' title='bbox 1976 853 2245 925; x_wconf 87' lang='lat' dir='ltr'><strong>placabat.</strong></span> <span class='ocrx_word' id='word_1_493' title='bbox 2275 873 2295 907; x_wconf 81' lang='grc' dir='ltr'><strong>ι</strong></span> <span class='ocrx_word' id='word_1_494' title='bbox 2313 853 2481 911; x_wconf 73' lang='lat' dir='ltr'><strong>Iacob</strong></span> <span class='ocrx_word' id='word_1_495' title='bbox 2503 855 2734 927; x_wconf 81' lang='lat' dir='ltr'><strong>simplex</strong></span> <span class='ocrx_word' id='word_1_496' title='bbox 2757 856 3036 914; x_wconf 89' lang='lat' dir='ltr'><strong>habitabat</strong></span> <span class='ocrx_word' id='word_1_497' title='bbox 3057 859 3110 915; x_wconf 91' lang='lat' dir='ltr'><strong>in</strong></span> <span class='ocrx_word' id='word_1_498' title='bbox 3139 861 3554 929; x_wconf 65' lang='lat' dir='ltr'><strong>tabernaculis,»</strong></span> 
     </span>
    </p>
   </div>
   <div class='ocr_carea' id='block_1_66' title="bbox 1978 945 3560 1024">
    <p class='ocr_par' dir='ltr' id='par_1_66' title="bbox 1978 945 3560 1024">
     <span class='ocr_line' id='line_1_66' title="bbox 1978 945 3560 1024; baseline 0.006 -25"><span class='ocrx_word' id='word_1_499' title='bbox 1978 946 2104 1016; x_wconf 88' lang='lat' dir='ltr'><strong>quia</strong></span> <span class='ocrx_word' id='word_1_500' title='bbox 2136 945 2297 1000; x_wconf 82' lang='lat' dir='ltr'><strong>electi</strong></span> <span class='ocrx_word' id='word_1_501' title='bbox 2322 945 2387 1001; x_wconf 88' lang='lat' dir='ltr'><strong>de</strong></span> <span class='ocrx_word' id='word_1_502' title='bbox 2415 947 2665 1016; x_wconf 87' lang='lat' dir='ltr'><strong>gentibus</strong></span> <span class='ocrx_word' id='word_1_503' title='bbox 2694 945 2800 1003; x_wconf 83' lang='lat' dir='ltr'><strong>ﬁde</strong></span> <span class='ocrx_word' id='word_1_504' title='bbox 2833 956 2890 1004; x_wconf 92' lang='lat' dir='ltr'><strong>et</strong></span> <span class='ocrx_word' id='word_1_505' title='bbox 2914 949 3191 1006; x_wconf 87' lang='lat' dir='ltr'><strong>voluntate</strong></span> <span class='ocrx_word' id='word_1_506' title='bbox 3213 951 3325 1008; x_wconf 88' lang='lat' dir='ltr'><strong>Deo</strong></span> <span class='ocrx_word' id='word_1_507' title='bbox 3345 952 3560 1024; x_wconf 88' lang='lat' dir='ltr'><strong>placere</strong></span> 
     </span>
    </p>
   </div>
   <div class='ocr_carea' id='block_1_67' title="bbox 1978 1032 3556 1113">
    <p class='ocr_par' dir='ltr' id='par_1_67' title="bbox 1978 1032 3556 1113">
     <span class='ocr_line' id='line_1_67' title="bbox 1978 1032 3556 1113; baseline 0.005 -21"><span class='ocrx_word' id='word_1_508' title='bbox 1978 1037 2319 1092; x_wconf 88' lang='lat' dir='ltr'><strong>studuerunt.</strong></span> <span class='ocrx_word' id='word_1_509' title='bbox 2366 1035 2476 1092; x_wconf 77' lang='lat' dir='ltr'><strong>Per</strong></span> <span class='ocrx_word' id='word_1_510' title='bbox 2526 1038 2874 1095; x_wconf 83' lang='lat' dir='ltr'><strong>tabernacula</strong></span> <span class='ocrx_word' id='word_1_511' title='bbox 2903 1081 2918 1107; x_wconf 93' lang='lat'><strong>,</strong></span> <span class='ocrx_word' id='word_1_512' title='bbox 2958 1040 3202 1098; x_wconf 87' lang='lat' dir='ltr'><strong>diversas</strong></span> <span class='ocrx_word' id='word_1_513' title='bbox 3242 1057 3343 1113; x_wconf 90' lang='lat' dir='ltr'><strong>per</strong></span> <span class='ocrx_word' id='word_1_514' title='bbox 3370 1032 3556 1100; x_wconf 85' lang='lat' dir='ltr'><strong>orbem</strong></span> 
     </span>
    </p>
   </div>
   <div class='ocr_carea' id='block_1_68' title="bbox 1977 1127 3255 1205">
    <p class='ocr_par' dir='ltr' id='par_1_68' title="bbox 1977 1127 3255 1205">
     <span class='ocr_line' id='line_1_68' title="bbox 1977 1127 3255 1205; baseline 0.004 -20"><span class='ocrx_word' id='word_1_515' title='bbox 1977 1127 2249 1185; x_wconf 74' lang='lat' dir='ltr'><strong>Ecclesiae</strong></span> <span class='ocrx_word' id='word_1_516' title='bbox 2280 1128 2366 1183; x_wconf 88' lang='lat' dir='ltr'><strong>vel</strong></span> <span class='ocrx_word' id='word_1_517' title='bbox 2392 1129 2637 1185; x_wconf 86' lang='lat' dir='ltr'><strong>diversos</strong></span> <span class='ocrx_word' id='word_1_518' title='bbox 2663 1132 2881 1188; x_wconf 86' lang='lat' dir='ltr'><strong>ordines</strong></span> <span class='ocrx_word' id='word_1_519' title='bbox 2908 1132 3255 1205; x_wconf 88' lang='lat' dir='ltr'><strong>intelligimus</strong></span> 
     </span>
    </p>
   </div>
   <div class='ocr_carea' id='block_1_69' title="bbox 2048 1218 3562 1298">
    <p class='ocr_par' dir='ltr' id='par_1_69' title="bbox 2048 1218 3562 1298">
     <span class='ocr_line' id='line_1_69' title="bbox 2048 1218 3562 1298; baseline 0.005 -24"><span class='ocrx_word' id='word_1_520' title='bbox 2048 1219 2212 1274; x_wconf 71' lang='lat' dir='ltr'><strong>Vsus.</strong></span> <span class='ocrx_word' id='word_1_521' title='bbox 2241 1219 2358 1275; x_wconf 76' lang='lat'><strong>5-5.</strong></span> <span class='ocrx_word' id='word_1_522' title='bbox 2389 1250 2461 1260; x_wconf 89' lang='lat'>—</span> <span class='ocrx_word' id='word_1_523' title='bbox 2490 1238 2510 1272; x_wconf 78' lang='grc' dir='ltr'><strong>ι</strong></span> <span class='ocrx_word' id='word_1_524' title='bbox 2540 1218 2706 1277; x_wconf 89' lang='lat' dir='ltr'><strong>Sume</strong></span> <span class='ocrx_word' id='word_1_525' title='bbox 2742 1237 2913 1290; x_wconf 85' lang='lat' dir='ltr'><strong>arma,</strong></span> <span class='ocrx_word' id='word_1_526' title='bbox 2945 1243 2964 1276; x_wconf 75' lang='grc' dir='ltr'><strong>ι</strong></span> <span class='ocrx_word' id='word_1_527' title='bbox 2991 1232 3097 1280; x_wconf 91' lang='lat' dir='ltr'><strong>etc.</strong></span> <span class='ocrx_word' id='word_1_528' title='bbox 3129 1223 3282 1281; x_wconf 88' lang='lat' dir='ltr'><strong>lsaac</strong></span> <span class='ocrx_word' id='word_1_529' title='bbox 3302 1226 3562 1298; x_wconf 87' lang='lat' dir='ltr'><strong>diligebat</strong></span> 
     </span>
    </p>
   </div>
   <div class='ocr_carea' id='block_1_70' title="bbox 1976 1309 3562 1384">
    <p class='ocr_par' dir='ltr' id='par_1_70' title="bbox 1976 1309 3562 1384">
     <span class='ocr_line' id='line_1_70' title="bbox 1976 1309 3562 1384; baseline 0.003 -18"><span class='ocrx_word' id='word_1_530' title='bbox 1976 1309 2151 1378; x_wconf 86' lang='lat' dir='ltr'><strong>Esau,</strong></span> <span class='ocrx_word' id='word_1_531' title='bbox 2224 1312 2350 1381; x_wconf 89' lang='lat' dir='ltr'><strong>quia</strong></span> <span class='ocrx_word' id='word_1_532' title='bbox 2405 1312 2471 1368; x_wconf 90' lang='lat' dir='ltr'><strong>de</strong></span> <span class='ocrx_word' id='word_1_533' title='bbox 2522 1313 2816 1369; x_wconf 86' lang='lat' dir='ltr'><strong>venatione</strong></span> <span class='ocrx_word' id='word_1_534' title='bbox 2889 1313 3010 1384; x_wconf 86' lang='lat' dir='ltr'><strong>ejus</strong></span> <span class='ocrx_word' id='word_1_535' title='bbox 3060 1316 3405 1371; x_wconf 85' lang='lat' dir='ltr'><strong>vescebatur.</strong></span> <span class='ocrx_word' id='word_1_536' title='bbox 3458 1317 3562 1371; x_wconf 83' lang='lat' dir='ltr'><strong>Re-</strong></span> 
     </span>
    </p>
   </div>
   <div class='ocr_carea' id='block_1_71' title="bbox 1974 1402 3560 1475">
    <p class='ocr_par' dir='ltr' id='par_1_71' title="bbox 1974 1402 3560 1475">
     <span class='ocr_line' id='line_1_71' title="bbox 1974 1402 3560 1475; baseline 0.003 -17"><span class='ocrx_word' id='word_1_537' title='bbox 1974 1402 2142 1459; x_wconf 89' lang='lat' dir='ltr'><strong>becca</strong></span> <span class='ocrx_word' id='word_1_538' title='bbox 2188 1403 2445 1475; x_wconf 80' lang='lat' dir='ltr'><strong>diligebat</strong></span> <span class='ocrx_word' id='word_1_539' title='bbox 2473 1402 2667 1471; x_wconf 76' lang='lat' dir='ltr'><strong>Jacob,</strong></span> <span class='ocrx_word' id='word_1_540' title='bbox 2694 1404 2846 1461; x_wconf 83' lang='lat' dir='ltr'><strong>Isaac</strong></span> <span class='ocrx_word' id='word_1_541' title='bbox 2870 1406 3072 1472; x_wconf 91' lang='lat' dir='ltr'><strong>Deum;</strong></span> <span class='ocrx_word' id='word_1_542' title='bbox 3100 1405 3348 1464; x_wconf 83' lang='lat' dir='ltr'><strong>Rebecca</strong></span> <span class='ocrx_word' id='word_1_543' title='bbox 3378 1415 3560 1463; x_wconf 90' lang='lat' dir='ltr'><strong>autem</strong></span> 
     </span>
    </p>
   </div>
   <div class='ocr_carea' id='block_1_72' title="bbox 1976 1496 3562 1571">
    <p class='ocr_par' dir='ltr' id='par_1_72' title="bbox 1976 1496 3562 1571">
     <span class='ocr_line' id='line_1_72' title="bbox 1976 1496 3562 1571; baseline 0.003 -21"><span class='ocrx_word' id='word_1_544' title='bbox 1976 1496 2371 1568; x_wconf 77' lang='lat' dir='ltr'><strong>przescientiam</strong></span> <span class='ocrx_word' id='word_1_545' title='bbox 2386 1497 2479 1551; x_wconf 91' lang='lat' dir='ltr'><strong>Dei</strong></span> <span class='ocrx_word' id='word_1_546' title='bbox 2495 1497 2711 1570; x_wconf 74' lang='lat' dir='ltr'><strong>figurat,</strong></span> <span class='ocrx_word' id='word_1_547' title='bbox 2734 1499 2861 1568; x_wconf 88' lang='lat' dir='ltr'><strong>quia</strong></span> <span class='ocrx_word' id='word_1_548' title='bbox 2875 1497 3130 1570; x_wconf 84' lang='lat' dir='ltr'><strong>diligebat</strong></span> <span class='ocrx_word' id='word_1_549' title='bbox 3144 1499 3287 1555; x_wconf 89' lang='lat' dir='ltr'><strong>Deus</strong></span> <span class='ocrx_word' id='word_1_550' title='bbox 3306 1501 3562 1571; x_wconf 87' lang='lat' dir='ltr'><strong>populqu</strong></span> 
     </span>
    </p>
   </div>
   <div class='ocr_carea' id='block_1_73' title="bbox 1975 1587 3564 1660">
    <p class='ocr_par' dir='ltr' id='par_1_73' title="bbox 1975 1587 3564 1660">
     <span class='ocr_line' id='line_1_73' title="bbox 1975 1587 3564 1660; baseline 0.002 -15"><span class='ocrx_word' id='word_1_551' title='bbox 1975 1587 2286 1645; x_wconf 71' lang='lat' dir='ltr'><strong>Judmorum</strong></span> <span class='ocrx_word' id='word_1_552' title='bbox 2311 1629 2326 1654; x_wconf 92' lang='lat'><strong>,</strong></span> <span class='ocrx_word' id='word_1_553' title='bbox 2369 1604 2435 1645; x_wconf 91' lang='lat' dir='ltr'><strong>eo</strong></span> <span class='ocrx_word' id='word_1_554' title='bbox 2481 1590 2625 1660; x_wconf 84' lang='lat' dir='ltr'><strong>quod</strong></span> <span class='ocrx_word' id='word_1_555' title='bbox 2677 1591 2896 1645; x_wconf 88' lang='lat' dir='ltr'><strong>assidue</strong></span> <span class='ocrx_word' id='word_1_556' title='bbox 2947 1604 3137 1645; x_wconf 89' lang='lat' dir='ltr'><strong>eorum</strong></span> <span class='ocrx_word' id='word_1_557' title='bbox 3199 1591 3564 1648; x_wconf 83' lang='lat' dir='ltr'><strong>oblationibus</strong></span> 
     </span>
    </p>
   </div>
   <div class='ocr_carea' id='block_1_74' title="bbox 1974 1680 3683 1754">
    <p class='ocr_par' dir='ltr' id='par_1_74' title="bbox 1974 1680 3683 1754">
     <span class='ocr_line' id='line_1_74' title="bbox 1974 1680 3683 1754; baseline 0.001 -17"><span class='ocrx_word' id='word_1_558' title='bbox 1974 1682 2313 1753; x_wconf 85' lang='lat' dir='ltr'><strong>placabatur.</strong></span> <span class='ocrx_word' id='word_1_559' title='bbox 2348 1680 2459 1738; x_wconf 84' lang='lat' dir='ltr'><strong>Sed</strong></span> <span class='ocrx_word' id='word_1_560' title='bbox 2488 1682 2784 1752; x_wconf 68' lang='lat' dir='ltr'><strong>praesciens</strong></span> <span class='ocrx_word' id='word_1_561' title='bbox 2826 1685 3085 1754; x_wconf 87' lang='lat' dir='ltr'><strong>populum</strong></span> <span class='ocrx_word' id='word_1_562' title='bbox 3110 1683 3350 1754; x_wconf 85' lang='lat' dir='ltr'><strong>gentium</strong></span> <span class='ocrx_word' id='word_1_563' title='bbox 3392 1684 3563 1739; x_wconf 88' lang='lat' dir='ltr'><strong>multo</strong></span> <span class='ocrx_word' id='word_1_564' title='bbox 3676 1708 3683 1713; x_wconf 84' lang='lat'><strong><em>-</em></strong></span> 
     </span>
    </p>
   </div>
   <div class='ocr_carea' id='block_1_75' title="bbox 1978 1767 3563 1841">
    <p class='ocr_par' dir='ltr' id='par_1_75' title="bbox 1978 1767 3563 1841">
     <span class='ocr_line' id='line_1_75' title="bbox 1978 1767 3563 1841; baseline -0.001 -16"><span class='ocrx_word' id='word_1_565' title='bbox 1978 1769 2256 1825; x_wconf 86' lang='lat' dir='ltr'><strong>meliorem</strong></span> <span class='ocrx_word' id='word_1_566' title='bbox 2304 1767 2580 1834; x_wconf 81' lang='lat' dir='ltr'><strong>futurum,</strong></span> <span class='ocrx_word' id='word_1_567' title='bbox 2635 1784 2732 1840; x_wconf 88' lang='lat' dir='ltr'><strong>per</strong></span> <span class='ocrx_word' id='word_1_568' title='bbox 2769 1770 3121 1840; x_wconf 65' lang='lat' dir='ltr'><strong>prm&#39;scientiae</strong></span> <span class='ocrx_word' id='word_1_569' title='bbox 3173 1786 3285 1825; x_wconf 73' lang='lat' dir='ltr'><strong>sua:</strong></span> <span class='ocrx_word' id='word_1_570' title='bbox 3330 1770 3563 1841; x_wconf 88' lang='lat' dir='ltr'><strong>gratiam</strong></span> 
     </span>
    </p>
   </div>
   <div class='ocr_carea' id='block_1_76' title="bbox 1900 1851 3566 1933">
    <p class='ocr_par' dir='ltr' id='par_1_76' title="bbox 1900 1851 3566 1933">
     <span class='ocr_line' id='line_1_76' title="bbox 1900 1851 3566 1933; baseline 0.002 -20"><span class='ocrx_word' id='word_1_571' title='bbox 1900 1851 1951 1913; x_wconf 84' lang='grc' dir='ltr'><strong>Β</strong></span> <span class='ocrx_word' id='word_1_572' title='bbox 1978 1861 2209 1931; x_wconf 89' lang='lat' dir='ltr'><strong>amplius</strong></span> <span class='ocrx_word' id='word_1_573' title='bbox 2263 1860 2541 1933; x_wconf 82' lang='lat' dir='ltr'><strong>diligebat.</strong></span> <span class='ocrx_word' id='word_1_574' title='bbox 2596 1861 2737 1917; x_wconf 86' lang='lat' dir='ltr'><strong>Esau</strong></span> <span class='ocrx_word' id='word_1_575' title='bbox 2778 1862 2833 1917; x_wconf 88' lang='lat' dir='ltr'><strong>in</strong></span> <span class='ocrx_word' id='word_1_576' title='bbox 2872 1863 3157 1918; x_wconf 85' lang='lat' dir='ltr'><strong>venatione</strong></span> <span class='ocrx_word' id='word_1_577' title='bbox 3192 1873 3460 1927; x_wconf 87' lang='lat' dir='ltr'><strong>morante,</strong></span> <span class='ocrx_word' id='word_1_578' title='bbox 3503 1869 3566 1919; x_wconf 89' lang='lat' dir='ltr'><strong>ut</strong></span> 
     </span>
    </p>
   </div>
   <div class='ocr_carea' id='block_1_77' title="bbox 1973 1955 3564 2026">
    <p class='ocr_par' dir='ltr' id='par_1_77' title="bbox 1973 1955 3564 2026">
     <span class='ocr_line' id='line_1_77' title="bbox 1973 1955 3564 2026; baseline 0.002 -17"><span class='ocrx_word' id='word_1_579' title='bbox 1973 1955 2039 2011; x_wconf 86' lang='lat' dir='ltr'><strong>de</strong></span> <span class='ocrx_word' id='word_1_580' title='bbox 2058 1957 2364 2025; x_wconf 74' lang='lat' dir='ltr'><strong>agrestibus</strong></span> <span class='ocrx_word' id='word_1_581' title='bbox 2389 1956 2714 2013; x_wconf 86' lang='lat' dir='ltr'><strong>animalibus</strong></span> <span class='ocrx_word' id='word_1_582' title='bbox 2747 1956 2899 2013; x_wconf 86' lang='lat' dir='ltr'><strong>cibos</strong></span> <span class='ocrx_word' id='word_1_583' title='bbox 2924 1957 3066 2026; x_wconf 87' lang='lat' dir='ltr'><strong>patri</strong></span> <span class='ocrx_word' id='word_1_584' title='bbox 3093 1956 3379 2012; x_wconf 75' lang='lat' dir='ltr'><strong>exhiberet</strong></span> <span class='ocrx_word' id='word_1_585' title='bbox 3400 1965 3457 2011; x_wconf 89' lang='lat' dir='ltr'><strong>et</strong></span> <span class='ocrx_word' id='word_1_586' title='bbox 3471 1957 3564 2012; x_wconf 87' lang='lat' dir='ltr'><strong>be-</strong></span> 
     </span>
    </p>
   </div>
   <div class='ocr_carea' id='block_1_78' title="bbox 1972 2047 3562 2119">
    <p class='ocr_par' dir='ltr' id='par_1_78' title="bbox 1972 2047 3562 2119">
     <span class='ocr_line' id='line_1_78' title="bbox 1972 2047 3562 2119; baseline 0.002 -18"><span class='ocrx_word' id='word_1_587' title='bbox 1972 2047 2336 2112; x_wconf 83' lang='lat' dir='ltr'><strong>ncdiceretur,</strong></span> <span class='ocrx_word' id='word_1_588' title='bbox 2370 2058 2542 2103; x_wconf 88' lang='lat' dir='ltr'><strong>mater</strong></span> <span class='ocrx_word' id='word_1_589' title='bbox 2587 2047 2756 2104; x_wconf 82' lang='lat' dir='ltr'><strong>Jacob</strong></span> <span class='ocrx_word' id='word_1_590' title='bbox 2801 2050 2869 2103; x_wconf 85' lang='lat' dir='ltr'><strong>ad</strong></span> <span class='ocrx_word' id='word_1_591' title='bbox 2908 2048 3341 2104; x_wconf 88' lang='lat' dir='ltr'><strong>benedictionem</strong></span> <span class='ocrx_word' id='word_1_592' title='bbox 3382 2049 3562 2119; x_wconf 89' lang='lat' dir='ltr'><strong>perci-</strong></span> 
     </span>
    </p>
   </div>
   <div class='ocr_carea' id='block_1_79' title="bbox 1972 2139 3558 2211">
    <p class='ocr_par' dir='ltr' id='par_1_79' title="bbox 1972 2139 3558 2211">
     <span class='ocr_line' id='line_1_79' title="bbox 1972 2139 3558 2211; baseline 0 -18"><span class='ocrx_word' id='word_1_593' title='bbox 1972 2140 2228 2209; x_wconf 89' lang='lat' dir='ltr'><strong>piendam</strong></span> <span class='ocrx_word' id='word_1_594' title='bbox 2253 2140 2395 2210; x_wconf 81' lang='lat' dir='ltr'><strong>patri</strong></span> <span class='ocrx_word' id='word_1_595' title='bbox 2424 2139 2684 2211; x_wconf 87' lang='lat' dir='ltr'><strong>applicuit</strong></span> <span class='ocrx_word' id='word_1_596' title='bbox 2714 2157 2727 2194; x_wconf 91' lang='lat'>:</span> <span class='ocrx_word' id='word_1_597' title='bbox 2765 2140 2891 2209; x_wconf 89' lang='lat' dir='ltr'><strong>quia</strong></span> <span class='ocrx_word' id='word_1_598' title='bbox 2930 2140 3107 2196; x_wconf 90' lang='lat' dir='ltr'><strong>adhuc</strong></span> <span class='ocrx_word' id='word_1_599' title='bbox 3125 2139 3297 2195; x_wconf 70' lang='lat' dir='ltr'><strong>Judaei</strong></span> <span class='ocrx_word' id='word_1_600' title='bbox 3323 2142 3378 2195; x_wconf 92' lang='lat' dir='ltr'><strong>in</strong></span> <span class='ocrx_word' id='word_1_601' title='bbox 3406 2140 3558 2210; x_wconf 85' lang='lat' dir='ltr'><strong>lega-</strong></span> 
     </span>
    </p>
   </div>
   <div class='ocr_carea' id='block_1_80' title="bbox 1972 2228 3555 2295">
    <p class='ocr_par' dir='ltr' id='par_1_80' title="bbox 1972 2228 3555 2295">
     <span class='ocr_line' id='line_1_80' title="bbox 1972 2228 3555 2295; baseline -0.001 -10"><span class='ocrx_word' id='word_1_602' title='bbox 1972 2231 2114 2287; x_wconf 85' lang='lat' dir='ltr'><strong>libus</strong></span> <span class='ocrx_word' id='word_1_603' title='bbox 2138 2239 2441 2295; x_wconf 83' lang='lat' dir='ltr'><strong>morantur,</strong></span> <span class='ocrx_word' id='word_1_604' title='bbox 2465 2240 2522 2286; x_wconf 92' lang='lat' dir='ltr'><strong>et</strong></span> <span class='ocrx_word' id='word_1_605' title='bbox 2546 2233 2614 2286; x_wconf 90' lang='lat' dir='ltr'><strong>ad</strong></span> <span class='ocrx_word' id='word_1_606' title='bbox 2642 2229 2801 2285; x_wconf 85' lang='lat' dir='ltr'><strong>ﬁdem</strong></span> <span class='ocrx_word' id='word_1_607' title='bbox 2832 2228 3035 2285; x_wconf 87' lang='lat' dir='ltr'><strong>Christi</strong></span> <span class='ocrx_word' id='word_1_608' title='bbox 3064 2231 3219 2289; x_wconf 84' lang='lat' dir='ltr'><strong>tarde</strong></span> <span class='ocrx_word' id='word_1_609' title='bbox 3239 2238 3555 2295; x_wconf 83' lang='lat' dir='ltr'><strong>occurrunt,</strong></span> 
     </span>
    </p>
   </div>
   <div class='ocr_carea' id='block_1_81' title="bbox 1974 2319 3559 2392">
    <p class='ocr_par' dir='ltr' id='par_1_81' title="bbox 1974 2319 3559 2392">
     <span class='ocr_line' id='line_1_81' title="bbox 1974 2319 3559 2392; baseline 0.001 -17"><span class='ocrx_word' id='word_1_610' title='bbox 1974 2330 2149 2375; x_wconf 88' lang='lat' dir='ltr'><strong>mater</strong></span> <span class='ocrx_word' id='word_1_611' title='bbox 2187 2321 2359 2392; x_wconf 85' lang='lat' dir='ltr'><strong>gratia</strong></span> <span class='ocrx_word' id='word_1_612' title='bbox 2399 2321 2629 2391; x_wconf 85' lang='lat' dir='ltr'><strong>gentiles</strong></span> <span class='ocrx_word' id='word_1_613' title='bbox 2687 2320 2847 2375; x_wconf 84' lang='lat' dir='ltr'><strong>ﬁdem</strong></span> <span class='ocrx_word' id='word_1_614' title='bbox 2887 2319 3044 2374; x_wconf 80' lang='lat' dir='ltr'><strong>avide</strong></span> <span class='ocrx_word' id='word_1_615' title='bbox 3083 2321 3443 2390; x_wconf 87' lang='lat' dir='ltr'><strong>suscipientes</strong></span> <span class='ocrx_word' id='word_1_616' title='bbox 3489 2321 3559 2376; x_wconf 88' lang='lat' dir='ltr'><strong>ad</strong></span> 
     </span>
    </p>
   </div>
   <div class='ocr_carea' id='block_1_82' title="bbox 1969 2409 3558 2483">
    <p class='ocr_par' dir='ltr' id='par_1_82' title="bbox 1969 2409 3558 2483">
     <span class='ocr_line' id='line_1_82' title="bbox 1969 2409 3558 2483; baseline -0.002 -16"><span class='ocrx_word' id='word_1_617' title='bbox 1969 2412 2375 2483; x_wconf 82' lang='lat' dir='ltr'><strong>percipiendam</strong></span> <span class='ocrx_word' id='word_1_618' title='bbox 2400 2410 2832 2469; x_wconf 86' lang='lat' dir='ltr'><strong>benedictionem</strong></span> <span class='ocrx_word' id='word_1_619' title='bbox 2855 2409 3054 2466; x_wconf 78' lang='lat' dir='ltr'><strong>Judaeis</strong></span> <span class='ocrx_word' id='word_1_620' title='bbox 3081 2409 3315 2465; x_wconf 87' lang='lat' dir='ltr'><strong>debitam</strong></span> <span class='ocrx_word' id='word_1_621' title='bbox 3344 2410 3558 2467; x_wconf 90' lang='lat' dir='ltr'><strong>obtulit.</strong></span> 
     </span>
    </p>
   </div>
   <div class='ocr_carea' id='block_1_83' title="bbox 1973 2503 3560 2575">
    <p class='ocr_par' dir='ltr' id='par_1_83' title="bbox 1973 2503 3560 2575">
     <span class='ocr_line' id='line_1_83' title="bbox 1973 2503 3560 2575; baseline -0.001 -14"><span class='ocrx_word' id='word_1_622' title='bbox 1973 2504 2222 2575; x_wconf 86' lang='lat' dir='ltr'><strong>Qualiter</strong></span> <span class='ocrx_word' id='word_1_623' title='bbox 2246 2514 2431 2564; x_wconf 85' lang='lat' dir='ltr'><strong>autem</strong></span> <span class='ocrx_word' id='word_1_624' title='bbox 2462 2503 2854 2560; x_wconf 89' lang='lat' dir='ltr'><strong>benedictionis</strong></span> <span class='ocrx_word' id='word_1_625' title='bbox 2883 2504 3083 2563; x_wconf 88' lang='lat' dir='ltr'><strong>donum</strong></span> <span class='ocrx_word' id='word_1_626' title='bbox 3112 2504 3515 2574; x_wconf 83' lang='lat' dir='ltr'><strong>promeruerint</strong></span> <span class='ocrx_word' id='word_1_627' title='bbox 3541 2543 3560 2568; x_wconf 87' lang='lat'><strong>,</strong></span> 
     </span>
    </p>
   </div>
   <div class='ocr_carea' id='block_1_84' title="bbox 1975 2592 3562 2665">
    <p class='ocr_par' dir='ltr' id='par_1_84' title="bbox 1975 2592 3562 2665">
     <span class='ocr_line' id='line_1_84' title="bbox 1975 2592 3562 2665; baseline 0.001 -15"><span class='ocrx_word' id='word_1_628' title='bbox 1975 2603 2246 2652; x_wconf 83' lang='lat' dir='ltr'><strong>testantur</strong></span> <span class='ocrx_word' id='word_1_629' title='bbox 2276 2609 2443 2665; x_wconf 88' lang='lat' dir='ltr'><strong>opera</strong></span> <span class='ocrx_word' id='word_1_630' title='bbox 2474 2592 2641 2653; x_wconf 79' lang='lat' dir='ltr'><strong>Jacob</strong></span> <span class='ocrx_word' id='word_1_631' title='bbox 2658 2636 2673 2662; x_wconf 92' lang='lat'><strong>,</strong></span> <span class='ocrx_word' id='word_1_632' title='bbox 2704 2610 2824 2665; x_wconf 82' lang='lat' dir='ltr'><strong>qua:</strong></span> <span class='ocrx_word' id='word_1_633' title='bbox 2851 2609 2952 2665; x_wconf 90' lang='lat' dir='ltr'><strong>pro</strong></span> <span class='ocrx_word' id='word_1_634' title='bbox 2980 2594 3362 2653; x_wconf 86' lang='lat' dir='ltr'><strong>benedictione</strong></span> <span class='ocrx_word' id='word_1_635' title='bbox 3389 2594 3562 2651; x_wconf 87' lang='lat' dir='ltr'><strong>susci-</strong></span> 
     </span>
    </p>
   </div>
   <div class='ocr_carea' id='block_1_85' title="bbox 1969 2690 2378 2762">
    <p class='ocr_par' dir='ltr' id='par_1_85' title="bbox 1969 2690 2378 2762">
     <span class='ocr_line' id='line_1_85' title="bbox 1969 2690 2378 2762; baseline -0.002 -17"><span class='ocrx_word' id='word_1_636' title='bbox 1969 2691 2165 2761; x_wconf 84' lang='lat' dir='ltr'><strong>pienda</strong></span> <span class='ocrx_word' id='word_1_637' title='bbox 2193 2690 2378 2762; x_wconf 86' lang='lat' dir='ltr'><strong>gessit.</strong></span> 
     </span>
    </p>
   </div>
   <div class='ocr_carea' id='block_1_86' title="bbox 2042 2781 3558 2852">
    <p class='ocr_par' dir='ltr' id='par_1_86' title="bbox 2042 2781 3558 2852">
     <span class='ocr_line' id='line_1_86' title="bbox 2042 2781 3558 2852; baseline 0 -13"><span class='ocrx_word' id='word_1_638' title='bbox 2042 2784 2207 2841; x_wconf 77' lang='lat' dir='ltr'><strong>Vsus.</strong></span> <span class='ocrx_word' id='word_1_639' title='bbox 2238 2781 2394 2847; x_wconf 78' lang='grc'><strong>,6-15.</strong></span> <span class='ocrx_word' id='word_1_640' title='bbox 2430 2803 2447 2835; x_wconf 81' lang='grc' dir='ltr'><strong>ι</strong></span> <span class='ocrx_word' id='word_1_641' title='bbox 2471 2783 2615 2839; x_wconf 80' lang='lat' dir='ltr'><strong>Dixit</strong></span> <span class='ocrx_word' id='word_1_642' title='bbox 2635 2782 2745 2841; x_wconf 85' lang='lat' dir='ltr'><strong>ﬁlio</strong></span> <span class='ocrx_word' id='word_1_643' title='bbox 2766 2799 2869 2841; x_wconf 87' lang='lat' dir='ltr'><strong>suo</strong></span> <span class='ocrx_word' id='word_1_644' title='bbox 2889 2783 3057 2840; x_wconf 66' lang='lat' dir='ltr'><strong>Iacob</strong></span> <span class='ocrx_word' id='word_1_645' title='bbox 3082 2801 3095 2838; x_wconf 91' lang='lat'>:</span> <span class='ocrx_word' id='word_1_646' title='bbox 3116 2781 3313 2845; x_wconf 78' lang='lat' dir='ltr'><strong>Audivi</strong></span> <span class='ocrx_word' id='word_1_647' title='bbox 3341 2788 3558 2852; x_wconf 84' lang='lat' dir='ltr'><strong>patrem</strong></span> 
     </span>
    </p>
   </div>
   <div class='ocr_carea' id='block_1_87' title="bbox 1978 2873 3560 2949">
    <p class='ocr_par' dir='ltr' id='par_1_87' title="bbox 1978 2873 3560 2949">
     <span class='ocr_line' id='line_1_87' title="bbox 1978 2873 3560 2949; baseline -0.001 -19"><span class='ocrx_word' id='word_1_648' title='bbox 1978 2894 1996 2929; x_wconf 74' lang='grc' dir='ltr'><strong>ι</strong></span> <span class='ocrx_word' id='word_1_649' title='bbox 2022 2884 2172 2932; x_wconf 91' lang='lat' dir='ltr'><strong>tuum</strong></span> <span class='ocrx_word' id='word_1_650' title='bbox 2196 2877 2530 2949; x_wconf 88' lang='lat' dir='ltr'><strong>loquentem,</strong></span> <span class='ocrx_word' id='word_1_651' title='bbox 2566 2898 2585 2931; x_wconf 72' lang='grc' dir='ltr'><strong>ι</strong></span> <span class='ocrx_word' id='word_1_652' title='bbox 2616 2888 2724 2934; x_wconf 89' lang='lat' dir='ltr'><strong>etc.</strong></span> <span class='ocrx_word' id='word_1_653' title='bbox 2756 2876 3063 2948; x_wconf 78' lang='lat' dir='ltr'><strong>Allegorice.</strong></span> <span class='ocrx_word' id='word_1_654' title='bbox 3084 2874 3191 2933; x_wconf 86' lang='lat' dir='ltr'><strong>Per</strong></span> <span class='ocrx_word' id='word_1_655' title='bbox 3212 2876 3347 2933; x_wconf 88' lang='lat' dir='ltr'><strong>duos</strong></span> <span class='ocrx_word' id='word_1_656' title='bbox 3375 2873 3560 2930; x_wconf 69' lang='lat' dir='ltr'><strong>hmdos</strong></span> 
     </span>
    </p>
   </div>
   <div class='ocr_carea' id='block_1_88' title="bbox 1971 2968 3553 3043">
    <p class='ocr_par' dir='ltr' id='par_1_88' title="bbox 1971 2968 3553 3043">
     <span class='ocr_line' id='line_1_88' title="bbox 1971 2968 3553 3043; baseline -0.003 -17"><span class='ocrx_word' id='word_1_657' title='bbox 1971 2969 2368 3039; x_wconf 69' lang='lat' dir='ltr'><strong>cqrdessionem</strong></span> <span class='ocrx_word' id='word_1_658' title='bbox 2394 2978 2741 3043; x_wconf 85' lang='lat' dir='ltr'><strong>peccatorqu</strong></span> <span class='ocrx_word' id='word_1_659' title='bbox 2764 2970 2983 3043; x_wconf 88' lang='lat' dir='ltr'><strong>gentilis</strong></span> <span class='ocrx_word' id='word_1_660' title='bbox 3004 2968 3185 3041; x_wconf 79' lang='lat' dir='ltr'><strong>populi</strong></span> <span class='ocrx_word' id='word_1_661' title='bbox 3206 2979 3263 3024; x_wconf 92' lang='lat' dir='ltr'><strong>et</strong></span> <span class='ocrx_word' id='word_1_662' title='bbox 3280 2969 3553 3041; x_wconf 66' lang='lat' dir='ltr'><strong>poeniten-</strong></span> 
     </span>
    </p>
   </div>
   <div class='ocr_carea' id='block_1_89' title="bbox 1971 3056 3563 3132">
    <p class='ocr_par' dir='ltr' id='par_1_89' title="bbox 1971 3056 3563 3132">
     <span class='ocr_line' id='line_1_89' title="bbox 1971 3056 3563 3132; baseline -0.001 -19"><span class='ocrx_word' id='word_1_663' title='bbox 1971 3060 2100 3114; x_wconf 87' lang='lat' dir='ltr'><strong>tiam</strong></span> <span class='ocrx_word' id='word_1_664' title='bbox 2126 3076 2415 3131; x_wconf 83' lang='lat' dir='ltr'><strong>possumus</strong></span> <span class='ocrx_word' id='word_1_665' title='bbox 2444 3062 2710 3132; x_wconf 89' lang='lat' dir='ltr'><strong>accipere.</strong></span> <span class='ocrx_word' id='word_1_666' title='bbox 2728 3059 2879 3116; x_wconf 75' lang='lat' dir='ltr'><strong>Haedi</strong></span> <span class='ocrx_word' id='word_1_667' title='bbox 2905 3060 3119 3131; x_wconf 89' lang='lat' dir='ltr'><strong>optimi,</strong></span> <span class='ocrx_word' id='word_1_668' title='bbox 3137 3060 3261 3130; x_wconf 88' lang='lat' dir='ltr'><strong>quia</strong></span> <span class='ocrx_word' id='word_1_669' title='bbox 3292 3056 3563 3117; x_wconf 77' lang='lat' dir='ltr'><strong>confessio</strong></span> 
     </span>
    </p>
   </div>
   <div class='ocr_carea' id='block_1_90' title="bbox 1972 3152 3558 3226">
    <p class='ocr_par' dir='ltr' id='par_1_90' title="bbox 1972 3152 3558 3226">
     <span class='ocr_line' id='line_1_90' title="bbox 1972 3152 3558 3226; baseline -0.001 -17"><span class='ocrx_word' id='word_1_670' title='bbox 1972 3161 2320 3225; x_wconf 85' lang='lat' dir='ltr'><strong>peccatorum</strong></span> <span class='ocrx_word' id='word_1_671' title='bbox 2336 3162 2395 3209; x_wconf 84' lang='lat' dir='ltr'><strong>et</strong></span> <span class='ocrx_word' id='word_1_672' title='bbox 2404 3155 2731 3226; x_wconf 67' lang='lat' dir='ltr'><strong>paenitentia</strong></span> <span class='ocrx_word' id='word_1_673' title='bbox 2757 3155 2917 3211; x_wconf 88' lang='lat' dir='ltr'><strong>valde</strong></span> <span class='ocrx_word' id='word_1_674' title='bbox 2936 3164 3020 3211; x_wconf 88' lang='lat' dir='ltr'><strong>est</strong></span> <span class='ocrx_word' id='word_1_675' title='bbox 3048 3154 3162 3217; x_wconf 79' lang='lat' dir='ltr'><strong>Deo</strong></span> <span class='ocrx_word' id='word_1_676' title='bbox 3186 3152 3558 3225; x_wconf 71' lang='lat' dir='ltr'><strong>acceptabilis.</strong></span> 
     </span>
    </p>
   </div>
   <div class='ocr_carea' id='block_1_91' title="bbox 1894 3222 3557 3317">
    <p class='ocr_par' dir='ltr' id='par_1_91' title="bbox 1894 3222 3557 3317">
     <span class='ocr_line' id='line_1_91' title="bbox 1894 3222 3557 3317; baseline 0 -16"><span class='ocrx_word' id='word_1_677' title='bbox 1894 3222 1948 3292; x_wconf 68' lang='grc' dir='ltr'>α</span> <span class='ocrx_word' id='word_1_678' title='bbox 1974 3222 2132 3301; x_wconf 71' lang='lat' dir='ltr'><strong>Unde</strong></span> <span class='ocrx_word' id='word_1_679' title='bbox 2161 3222 2292 3303; x_wconf 85' lang='lat' dir='ltr'><strong>Luc.</strong></span> <span class='ocrx_word' id='word_1_680' title='bbox 2324 3222 2438 3303; x_wconf 34' lang='lat' dir='ltr'><strong>xv&#39;:</strong></span> <span class='ocrx_word' id='word_1_681' title='bbox 2479 3264 2499 3297; x_wconf 83' lang='grc' dir='ltr'><strong>ι</strong></span> <span class='ocrx_word' id='word_1_682' title='bbox 2535 3245 2803 3307; x_wconf 87' lang='lat' dir='ltr'><strong>Gaudium</strong></span> <span class='ocrx_word' id='word_1_683' title='bbox 2852 3247 2958 3303; x_wconf 88' lang='lat' dir='ltr'><strong>erit</strong></span> <span class='ocrx_word' id='word_1_684' title='bbox 2992 3246 3048 3305; x_wconf 86' lang='lat' dir='ltr'><strong>in</strong></span> <span class='ocrx_word' id='word_1_685' title='bbox 3091 3245 3230 3305; x_wconf 77' lang='lat' dir='ltr'><strong>ccelo</strong></span> <span class='ocrx_word' id='word_1_686' title='bbox 3261 3222 3424 3317; x_wconf 75' lang='lat' dir='ltr'><strong>super</strong></span> <span class='ocrx_word' id='word_1_687' title='bbox 3449 3260 3557 3301; x_wconf 91' lang='lat' dir='ltr'><strong>uno</strong></span> 
     </span>
    </p>
   </div>
   <div class='ocr_carea' id='block_1_92' title="bbox 1969 3334 3561 3409">
    <p class='ocr_par' dir='ltr' id='par_1_92' title="bbox 1969 3334 3561 3409">
     <span class='ocr_line' id='line_1_92' title="bbox 1969 3334 3561 3409; baseline -0.001 -19"><span class='ocrx_word' id='word_1_688' title='bbox 1969 3343 2257 3406; x_wconf 88' lang='lat' dir='ltr'><strong>peccatore</strong></span> <span class='ocrx_word' id='word_1_689' title='bbox 2282 3335 2664 3407; x_wconf 76' lang='lat' dir='ltr'><strong>pomitentiam</strong></span> <span class='ocrx_word' id='word_1_690' title='bbox 2694 3346 2915 3409; x_wconf 88' lang='lat' dir='ltr'><strong>agente,</strong></span> <span class='ocrx_word' id='word_1_691' title='bbox 2946 3356 2966 3391; x_wconf 86' lang='grc'>›</span> <span class='ocrx_word' id='word_1_692' title='bbox 2992 3345 3098 3393; x_wconf 88' lang='lat' dir='ltr'><strong>etc.</strong></span> <span class='ocrx_word' id='word_1_693' title='bbox 3134 3335 3421 3393; x_wconf 76' lang='lat' dir='ltr'><strong>Historiae.</strong></span> <span class='ocrx_word' id='word_1_694' title='bbox 3450 3334 3561 3395; x_wconf 84' lang='lat' dir='ltr'><strong>Per</strong></span> 
     </span>
    </p>
   </div>
   <div class='ocr_carea' id='block_1_93' title="bbox 1969 3427 3560 3507">
    <p class='ocr_par' dir='ltr' id='par_1_93' title="bbox 1969 3427 3560 3507">
     <span class='ocr_line' id='line_1_93' title="bbox 1969 3427 3560 3507; baseline -0.002 -22"><span class='ocrx_word' id='word_1_695' title='bbox 1969 3445 2136 3485; x_wconf 90' lang='lat' dir='ltr'><strong>unum</strong></span> <span class='ocrx_word' id='word_1_696' title='bbox 2172 3440 2512 3507; x_wconf 88' lang='lat' dir='ltr'><strong>peccatorem</strong></span> <span class='ocrx_word' id='word_1_697' title='bbox 2536 3431 2800 3505; x_wconf 85' lang='lat' dir='ltr'><strong>populum</strong></span> <span class='ocrx_word' id='word_1_698' title='bbox 2829 3430 3092 3502; x_wconf 88' lang='lat' dir='ltr'><strong>gentium,</strong></span> <span class='ocrx_word' id='word_1_699' title='bbox 3136 3444 3235 3500; x_wconf 87' lang='lat' dir='ltr'><strong>per</strong></span> <span class='ocrx_word' id='word_1_700' title='bbox 3260 3427 3560 3500; x_wconf 75' lang='lat' dir='ltr'><strong>nonaginta</strong></span> 
     </span>
    </p>
   </div>
   <div class='ocr_carea' id='block_1_94' title="bbox 1971 3520 3558 3595">
    <p class='ocr_par' dir='ltr' id='par_1_94' title="bbox 1971 3520 3558 3595">
     <span class='ocr_line' id='line_1_94' title="bbox 1971 3520 3558 3595; baseline -0.001 -19"><span class='ocrx_word' id='word_1_701' title='bbox 1971 3537 2164 3593; x_wconf 72' lang='lat' dir='ltr'><strong>novem</strong></span> <span class='ocrx_word' id='word_1_702' title='bbox 2191 3521 2392 3593; x_wconf 82' lang='lat' dir='ltr'><strong>justas,</strong></span> <span class='ocrx_word' id='word_1_703' title='bbox 2431 3520 2645 3579; x_wconf 65' lang='lat' dir='ltr'><strong>Judazos</strong></span> <span class='ocrx_word' id='word_1_704' title='bbox 2676 3522 2928 3595; x_wconf 80' lang='lat' dir='ltr'><strong>intelligit</strong></span> <span class='ocrx_word' id='word_1_705' title='bbox 2956 3522 3048 3593; x_wconf 91' lang='lat' dir='ltr'><strong>qui</strong></span> <span class='ocrx_word' id='word_1_706' title='bbox 3086 3520 3193 3577; x_wconf 90' lang='lat' dir='ltr'><strong>sibi</strong></span> <span class='ocrx_word' id='word_1_707' title='bbox 3231 3520 3558 3576; x_wconf 86' lang='lat' dir='ltr'><strong>videbantur</strong></span> 
     </span>
    </p>
   </div>
   <div class='ocr_carea' id='block_1_95' title="bbox 3416 3606 3558 3679">
    <p class='ocr_par' dir='ltr' id='par_1_95' title="bbox 3416 3606 3558 3679">
     <span class='ocr_line' id='line_1_95' title="bbox 3416 3606 3558 3679; baseline -0.028 -14"><span class='ocrx_word' id='word_1_708' title='bbox 3416 3606 3558 3679; x_wconf 59' lang='lat' dir='ltr'><strong>(Ut</strong></span> 
     </span>
    </p>
   </div>
   <div class='ocr_carea' id='block_1_96' title="bbox 1970 3697 3561 3777">
    <p class='ocr_par' dir='ltr' id='par_1_96' title="bbox 1970 3697 3561 3777">
     <span class='ocr_line' id='line_1_96' title="bbox 1970 3697 3561 3777; baseline -0.008 -10"><span class='ocrx_word' id='word_1_709' title='bbox 1970 3705 2100 3776; x_wconf 84' lang='lat' dir='ltr'><strong>quid</strong></span> <span class='ocrx_word' id='word_1_710' title='bbox 2126 3704 2443 3773; x_wconf 74' lang='lat' dir='ltr'><strong>iustiﬁcatis</strong></span> <span class='ocrx_word' id='word_1_711' title='bbox 2472 3719 2570 3760; x_wconf 90' lang='lat' dir='ltr'><strong>vos</strong></span> <span class='ocrx_word' id='word_1_712' title='bbox 2604 3719 2789 3777; x_wconf 82' lang='lat' dir='ltr'><strong>coram</strong></span> <span class='ocrx_word' id='word_1_713' title='bbox 2828 3703 3176 3769; x_wconf 88' lang='lat' dir='ltr'><strong>hominibus,</strong></span> <span class='ocrx_word' id='word_1_714' title='bbox 3216 3720 3235 3753; x_wconf 71' lang='grc' dir='ltr'><strong>ι</strong></span> <span class='ocrx_word' id='word_1_715' title='bbox 3279 3708 3427 3765; x_wconf 87' lang='lat' dir='ltr'><strong>etc._;</strong></span> <span class='ocrx_word' id='word_1_716' title='bbox 3466 3697 3561 3768; x_wconf 89' lang='lat' dir='ltr'><strong>qui</strong></span> 
     </span>
    </p>
   </div>
   <div class='ocr_carea' id='block_1_97' title="bbox 1972 3789 3564 3873">
    <p class='ocr_par' dir='ltr' id='par_1_97' title="bbox 1972 3789 3564 3873">
     <span class='ocr_line' id='line_1_97' title="bbox 1972 3789 3564 3873; baseline -0.006 -18"><span class='ocrx_word' id='word_1_717' title='bbox 1972 3798 2295 3873; x_wconf 75' lang='lat' dir='ltr'><strong>imperfecto</strong></span> <span class='ocrx_word' id='word_1_718' title='bbox 2332 3812 2565 3855; x_wconf 84' lang='lat' dir='ltr'><strong>munero</strong></span> <span class='ocrx_word' id='word_1_719' title='bbox 2600 3805 2897 3870; x_wconf 84' lang='lat' dir='ltr'><strong>ponuntur,</strong></span> <span class='ocrx_word' id='word_1_720' title='bbox 2933 3796 3060 3867; x_wconf 91' lang='lat' dir='ltr'><strong>quia</strong></span> <span class='ocrx_word' id='word_1_721' title='bbox 3096 3793 3305 3855; x_wconf 77' lang='lat' dir='ltr'><strong>nullum</strong></span> <span class='ocrx_word' id='word_1_722' title='bbox 3343 3789 3413 3849; x_wconf 80' lang='lat' dir='ltr'><strong>ad</strong></span> <span class='ocrx_word' id='word_1_723' title='bbox 3440 3805 3564 3863; x_wconf 90' lang='lat' dir='ltr'><strong>per-</strong></span> 
     </span>
    </p>
   </div>
   <div class='ocr_carea' id='block_1_98' title="bbox 1971 3891 2588 3953">
    <p class='ocr_par' dir='ltr' id='par_1_98' title="bbox 1971 3891 2588 3953">
     <span class='ocr_line' id='line_1_98' title="bbox 1971 3891 2588 3953; baseline -0.003 -4"><span class='ocrx_word' id='word_1_724' title='bbox 1971 3893 2178 3953; x_wconf 82' lang='lat' dir='ltr'><strong>fectum</strong></span> <span class='ocrx_word' id='word_1_725' title='bbox 2219 3892 2445 3951; x_wconf 82' lang='lat' dir='ltr'><strong>adduxit</strong></span> <span class='ocrx_word' id='word_1_726' title='bbox 2478 3891 2588 3948; x_wconf 83' lang='lat' dir='ltr'><strong>lex.</strong></span> 
     </span>
    </p>
   </div>
   <div class='ocr_carea' id='block_1_99' title="bbox 2044 3980 3561 4054">
    <p class='ocr_par' dir='ltr' id='par_1_99' title="bbox 2044 3980 3561 4054">
     <span class='ocr_line' id='line_1_99' title="bbox 2044 3980 3561 4054; baseline -0.001 -13"><span class='ocrx_word' id='word_1_727' title='bbox 2044 3989 2206 4053; x_wconf 73' lang='lat' dir='ltr'><strong>Vens.</strong></span> <span class='ocrx_word' id='word_1_728' title='bbox 2236 3986 2419 4045; x_wconf 78' lang='grc'><strong>14.--</strong></span> <span class='ocrx_word' id='word_1_729' title='bbox 2446 4003 2465 4039; x_wconf 80' lang='grc' dir='ltr'><strong>ι</strong></span> <span class='ocrx_word' id='word_1_730' title='bbox 2505 3983 2723 4039; x_wconf 87' lang='lat' dir='ltr'><strong>Paravit</strong></span> <span class='ocrx_word' id='word_1_731' title='bbox 2761 3982 2849 4037; x_wconf 90' lang='lat' dir='ltr'><strong>illa</strong></span> <span class='ocrx_word' id='word_1_732' title='bbox 2902 3982 3054 4038; x_wconf 88' lang='lat' dir='ltr'><strong>cibos</strong></span> <span class='ocrx_word' id='word_1_733' title='bbox 3082 4022 3096 4047; x_wconf 89' lang='lat'><strong>,</strong></span> <span class='ocrx_word' id='word_1_734' title='bbox 3138 4002 3159 4035; x_wconf 73' lang='grc' dir='ltr'><strong>ι</strong></span> <span class='ocrx_word' id='word_1_735' title='bbox 3215 3992 3323 4038; x_wconf 88' lang='lat' dir='ltr'><strong>etc.</strong></span> <span class='ocrx_word' id='word_1_736' title='bbox 3385 3980 3561 4054; x_wconf 68' lang='grc' dir='ltr'><strong>(Ιειρ.)</strong></span> 
     </span>
    </p>
   </div>
   <div class='ocr_carea' id='block_1_100' title="bbox 1973 4073 3554 4153">
    <p class='ocr_par' dir='ltr' id='par_1_100' title="bbox 1973 4073 3554 4153">
     <span class='ocr_line' id='line_1_100' title="bbox 1973 4073 3554 4153; baseline -0.001 -18"><span class='ocrx_word' id='word_1_737' title='bbox 1973 4078 2217 4153; x_wconf 73' lang='grc' dir='ltr'><strong>Μνειίοε.</strong></span> <span class='ocrx_word' id='word_1_738' title='bbox 2256 4076 2361 4137; x_wconf 84' lang='lat' dir='ltr'><strong>Per</strong></span> <span class='ocrx_word' id='word_1_739' title='bbox 2397 4075 2744 4134; x_wconf 87' lang='lat' dir='ltr'><strong>delectabiles</strong></span> <span class='ocrx_word' id='word_1_740' title='bbox 2764 4089 2920 4149; x_wconf 69' lang='lat' dir='ltr'><strong>escas</strong></span> <span class='ocrx_word' id='word_1_741' title='bbox 2948 4089 3068 4145; x_wconf 81' lang='lat' dir='ltr'><strong>quae</strong></span> <span class='ocrx_word' id='word_1_742' title='bbox 3105 4073 3172 4131; x_wconf 91' lang='lat' dir='ltr'><strong>de</strong></span> <span class='ocrx_word' id='word_1_743' title='bbox 3212 4073 3381 4131; x_wconf 76' lang='lat' dir='ltr'><strong>haedis</strong></span> <span class='ocrx_word' id='word_1_744' title='bbox 3414 4090 3554 4146; x_wconf 77' lang='lat' dir='ltr'><strong>prae-</strong></span> 
     </span>
    </p>
   </div>
   <div class='ocr_carea' id='block_1_101' title="bbox 1970 4166 3554 4246">
    <p class='ocr_par' dir='ltr' id='par_1_101' title="bbox 1970 4166 3554 4246">
     <span class='ocr_line' id='line_1_101' title="bbox 1970 4166 3554 4246; baseline -0.004 -17"><span class='ocrx_word' id='word_1_745' title='bbox 1970 4183 2235 4246; x_wconf 89' lang='lat' dir='ltr'><strong>parantur</strong></span> <span class='ocrx_word' id='word_1_746' title='bbox 2280 4172 2455 4243; x_wconf 79' lang='lat' dir='ltr'><strong>lsaac,</strong></span> <span class='ocrx_word' id='word_1_747' title='bbox 2480 4170 2832 4242; x_wconf 84' lang='lat' dir='ltr'><strong>intelligimus</strong></span> <span class='ocrx_word' id='word_1_748' title='bbox 2850 4166 3187 4238; x_wconf 69' lang='lat' dir='ltr'><strong>poenitentia:</strong></span> <span class='ocrx_word' id='word_1_749' title='bbox 3209 4181 3396 4237; x_wconf 85' lang='lat' dir='ltr'><strong>opera,</strong></span> <span class='ocrx_word' id='word_1_750' title='bbox 3418 4174 3554 4232; x_wconf 79' lang='lat' dir='ltr'><strong>etc.,</strong></span> 
     </span>
    </p>
   </div>
   <div class='ocr_carea' id='block_1_102' title="bbox 1970 4257 3560 4341">
    <p class='ocr_par' dir='ltr' id='par_1_102' title="bbox 1970 4257 3560 4341">
     <span class='ocr_line' id='line_1_102' title="bbox 1970 4257 3560 4341; baseline -0.006 -20"><span class='ocrx_word' id='word_1_751' title='bbox 1970 4282 2135 4341; x_wconf 76' lang='lat' dir='ltr'><strong>usque</strong></span> <span class='ocrx_word' id='word_1_752' title='bbox 2160 4264 2230 4320; x_wconf 85' lang='lat' dir='ltr'><strong>ad</strong></span> <span class='ocrx_word' id='word_1_753' title='bbox 2256 4273 2480 4337; x_wconf 81' lang='lat' dir='ltr'><strong>peccata</strong></span> <span class='ocrx_word' id='word_1_754' title='bbox 2507 4261 2784 4334; x_wconf 66' lang='lat' dir='ltr'><strong>praeterita</strong></span> <span class='ocrx_word' id='word_1_755' title='bbox 2819 4266 2946 4315; x_wconf 90' lang='lat' dir='ltr'><strong>ante</strong></span> <span class='ocrx_word' id='word_1_756' title='bbox 2974 4257 3161 4317; x_wconf 85' lang='lat' dir='ltr'><strong>oculos</strong></span> <span class='ocrx_word' id='word_1_757' title='bbox 3187 4257 3387 4315; x_wconf 86' lang='lat' dir='ltr'><strong>mentis</strong></span> <span class='ocrx_word' id='word_1_758' title='bbox 3417 4271 3560 4333; x_wconf 75' lang='lat' dir='ltr'><strong>stepe</strong></span> 
     </span>
    </p>
   </div>
   <div class='ocr_carea' id='block_1_103' title="bbox 1970 4359 3139 4431">
    <p class='ocr_par' dir='ltr' id='par_1_103' title="bbox 1970 4359 3139 4431">
     <span class='ocr_line' id='line_1_103' title="bbox 1970 4359 3139 4431; baseline -0.012 -16"><span class='ocrx_word' id='word_1_759' title='bbox 1970 4359 2245 4431; x_wconf 87' lang='lat' dir='ltr'><strong>producit.</strong></span> <span class='ocrx_word' id='word_1_760' title='bbox 3122 4392 3139 4401; x_wconf 88' lang='lat'><strong>-</strong></span> 
     </span>
    </p>
   </div>
   <div class='ocr_carea' id='block_1_104' title="bbox 2045 4444 3557 4521">
    <p class='ocr_par' dir='ltr' id='par_1_104' title="bbox 2045 4444 3557 4521">
     <span class='ocr_line' id='line_1_104' title="bbox 2045 4444 3557 4521; baseline -0.006 -11"><span class='ocrx_word' id='word_1_761' title='bbox 2045 4451 2207 4521; x_wconf 75' lang='lat' dir='ltr'><strong>Yens.</strong></span> <span class='ocrx_word' id='word_1_762' title='bbox 2239 4450 2426 4513; x_wconf 70' lang='lat'><strong>15-19.</strong></span> <span class='ocrx_word' id='word_1_763' title='bbox 2448 4480 2523 4493; x_wconf 91' lang='lat'><strong>--</strong></span> <span class='ocrx_word' id='word_1_764' title='bbox 2553 4468 2572 4505; x_wconf 82' lang='lat' dir='ltr'><strong>t</strong></span> <span class='ocrx_word' id='word_1_765' title='bbox 2603 4449 2674 4506; x_wconf 90' lang='lat' dir='ltr'><strong>Et</strong></span> <span class='ocrx_word' id='word_1_766' title='bbox 2706 4448 2945 4507; x_wconf 90' lang='lat' dir='ltr'><strong>vestibus</strong></span> <span class='ocrx_word' id='word_1_767' title='bbox 2964 4447 3130 4517; x_wconf 88' lang='lat' dir='ltr'><strong>Esau,</strong></span> <span class='ocrx_word' id='word_1_768' title='bbox 3162 4465 3181 4505; x_wconf 82' lang='grc'><strong><em>›</em></strong></span> <span class='ocrx_word' id='word_1_769' title='bbox 3214 4455 3322 4503; x_wconf 86' lang='lat' dir='ltr'><strong>etc.</strong></span> <span class='ocrx_word' id='word_1_770' title='bbox 3347 4444 3557 4521; x_wconf 67' lang='grc' dir='ltr'><strong>(Ηιεβ.)</strong></span> 
     </span>
    </p>
   </div>
   <div class='ocr_carea' id='block_1_105' title="bbox 1974 4540 3556 4615">
    <p class='ocr_par' dir='ltr' id='par_1_105' title="bbox 1974 4540 3556 4615">
     <span class='ocr_line' id='line_1_105' title="bbox 1974 4540 3556 4615; baseline -0.004 -11"><span class='ocrx_word' id='word_1_771' title='bbox 1974 4547 2033 4605; x_wconf 84' lang='lat' dir='ltr'><strong>In</strong></span> <span class='ocrx_word' id='word_1_772' title='bbox 2073 4548 2177 4603; x_wconf 91' lang='lat' dir='ltr'><strong>hoc</strong></span> <span class='ocrx_word' id='word_1_773' title='bbox 2213 4546 2334 4601; x_wconf 87' lang='lat' dir='ltr'><strong>loco</strong></span> <span class='ocrx_word' id='word_1_774' title='bbox 2369 4545 2593 4601; x_wconf 89' lang='lat' dir='ltr'><strong>tradunt</strong></span> <span class='ocrx_word' id='word_1_775' title='bbox 2644 4542 2858 4601; x_wconf 66' lang='lat' dir='ltr'><strong>Hebraei</strong></span> <span class='ocrx_word' id='word_1_776' title='bbox 2915 4541 3304 4615; x_wconf 81' lang='lat' dir='ltr'><strong>primogenitos</strong></span> <span class='ocrx_word' id='word_1_777' title='bbox 3342 4540 3556 4599; x_wconf 79' lang='lat' dir='ltr'><strong>functos</strong></span> 
     </span>
    </p>
   </div>
   <div class='ocr_carea' id='block_1_106' title="bbox 1976 4633 3560 4701">
    <p class='ocr_par' dir='ltr' id='par_1_106' title="bbox 1976 4633 3560 4701">
     <span class='ocr_line' id='line_1_106' title="bbox 1976 4633 3560 4701; baseline -0.005 -6"><span class='ocrx_word' id='word_1_778' title='bbox 1976 4636 2152 4695; x_wconf 76' lang='lat' dir='ltr'><strong>cilicio</strong></span> <span class='ocrx_word' id='word_1_779' title='bbox 2174 4636 2536 4699; x_wconf 87' lang='lat' dir='ltr'><strong>sacerdotum,</strong></span> <span class='ocrx_word' id='word_1_780' title='bbox 2566 4644 2621 4690; x_wconf 89' lang='lat' dir='ltr'><strong>et</strong></span> <span class='ocrx_word' id='word_1_781' title='bbox 2661 4633 2916 4701; x_wconf 83' lang='lat' dir='ltr'><strong>habuisse</strong></span> <span class='ocrx_word' id='word_1_782' title='bbox 2952 4633 3335 4689; x_wconf 87' lang='lat' dir='ltr'><strong>vestimentum</strong></span> <span class='ocrx_word' id='word_1_783' title='bbox 3375 4648 3560 4688; x_wconf 86' lang='lat' dir='ltr'><strong>sacer-</strong></span> 
     </span>
    </p>
   </div>
   <div class='ocr_carea' id='block_1_107' title="bbox 1975 4724 3556 4801">
    <p class='ocr_par' dir='ltr' id='par_1_107' title="bbox 1975 4724 3556 4801">
     <span class='ocr_line' id='line_1_107' title="bbox 1975 4724 3556 4801; baseline -0.003 -17"><span class='ocrx_word' id='word_1_784' title='bbox 1975 4728 2174 4795; x_wconf 88' lang='lat' dir='ltr'><strong>dotale,</strong></span> <span class='ocrx_word' id='word_1_785' title='bbox 2215 4744 2322 4800; x_wconf 83' lang='lat' dir='ltr'><strong>quo</strong></span> <span class='ocrx_word' id='word_1_786' title='bbox 2360 4727 2532 4801; x_wconf 76' lang='lat' dir='ltr'><strong>induti</strong></span> <span class='ocrx_word' id='word_1_787' title='bbox 2571 4726 2822 4783; x_wconf 88' lang='lat' dir='ltr'><strong>victimas</strong></span> <span class='ocrx_word' id='word_1_788' title='bbox 2873 4724 3208 4792; x_wconf 77' lang='lat' dir='ltr'><strong>oﬁ&#39;erehant,</strong></span> <span class='ocrx_word' id='word_1_789' title='bbox 3265 4734 3556 4796; x_wconf 90' lang='lat' dir='ltr'><strong>antequam</strong></span> 
     </span>
    </p>
   </div>
   <div class='ocr_carea' id='block_1_108' title="bbox 1974 4819 2978 4893">
    <p class='ocr_par' dir='ltr' id='par_1_108' title="bbox 1974 4819 2978 4893">
     <span class='ocr_line' id='line_1_108' title="bbox 1974 4819 2978 4893; baseline -0.005 -15"><span class='ocrx_word' id='word_1_790' title='bbox 1974 4823 2155 4878; x_wconf 85' lang='lat' dir='ltr'><strong>Aaron</strong></span> <span class='ocrx_word' id='word_1_791' title='bbox 2184 4822 2240 4877; x_wconf 90' lang='lat' dir='ltr'><strong>in</strong></span> <span class='ocrx_word' id='word_1_792' title='bbox 2269 4820 2633 4877; x_wconf 89' lang='lat' dir='ltr'><strong>sacerdotium</strong></span> <span class='ocrx_word' id='word_1_793' title='bbox 2664 4819 2978 4893; x_wconf 77' lang='lat' dir='ltr'><strong>eligeretur.</strong></span> 
     </span>
    </p>
   </div>
   <div class='ocr_carea' id='block_1_109' title="bbox 2044 4910 3560 4982">
    <p class='ocr_par' dir='ltr' id='par_1_109' title="bbox 2044 4910 3560 4982">
     <span class='ocr_line' id='line_1_109' title="bbox 2044 4910 3560 4982; baseline -0.001 -15"><span class='ocrx_word' id='word_1_794' title='bbox 2044 4912 2210 4969; x_wconf 75' lang='lat' dir='ltr'><strong>Vens.</strong></span> <span class='ocrx_word' id='word_1_795' title='bbox 2237 4912 2425 4968; x_wconf 60' lang='lat'><strong>20-24,.</strong></span> <span class='ocrx_word' id='word_1_796' title='bbox 2450 4942 2521 4953; x_wconf 88' lang='lat'><strong>-—</strong></span> <span class='ocrx_word' id='word_1_797' title='bbox 2545 4932 2564 4964; x_wconf 85' lang='grc' dir='ltr'><strong>ι</strong></span> <span class='ocrx_word' id='word_1_798' title='bbox 2595 4910 2897 4981; x_wconf 88' lang='lat' dir='ltr'><strong>Quomodo,</strong></span> <span class='ocrx_word' id='word_1_799' title='bbox 2926 4910 3121 4982; x_wconf 90' lang='lat' dir='ltr'><strong>inquit,</strong></span> <span class='ocrx_word' id='word_1_800' title='bbox 3149 4921 3259 4966; x_wconf 91' lang='lat' dir='ltr'><strong>tam</strong></span> <span class='ocrx_word' id='word_1_801' title='bbox 3279 4911 3388 4968; x_wconf 90' lang='lat' dir='ltr'><strong>cito</strong></span> <span class='ocrx_word' id='word_1_802' title='bbox 3410 4910 3560 4965; x_wconf 89' lang='lat' dir='ltr'><strong>inve-</strong></span> 
     </span>
    </p>
   </div>
   <div class='ocr_carea' id='block_1_110' title="bbox 1980 5003 3561 5078">
    <p class='ocr_par' dir='ltr' id='par_1_110' title="bbox 1980 5003 3561 5078">
     <span class='ocr_line' id='line_1_110' title="bbox 1980 5003 3561 5078; baseline 0 -20"><span class='ocrx_word' id='word_1_803' title='bbox 1980 5026 1999 5058; x_wconf 83' lang='grc' dir='ltr'><strong>ι</strong></span> <span class='ocrx_word' id='word_1_804' title='bbox 2028 5008 2146 5062; x_wconf 90' lang='lat' dir='ltr'><strong>nire</strong></span> <span class='ocrx_word' id='word_1_805' title='bbox 2182 5006 2427 5078; x_wconf 88' lang='lat' dir='ltr'><strong>potuisti,</strong></span> <span class='ocrx_word' id='word_1_806' title='bbox 2451 5005 2523 5060; x_wconf 80' lang='lat' dir='ltr'><strong>ﬁli</strong></span> <span class='ocrx_word' id='word_1_807' title='bbox 2557 5006 2670 5061; x_wconf 82' lang='lat' dir='ltr'><strong>mi?</strong></span> <span class='ocrx_word' id='word_1_808' title='bbox 2696 5026 2714 5057; x_wconf 72' lang='grc' dir='ltr'><strong>ι</strong></span> <span class='ocrx_word' id='word_1_809' title='bbox 2745 5004 3084 5077; x_wconf 47' lang='lat' dir='ltr'><strong>(Hierone)</strong></span> <span class='ocrx_word' id='word_1_810' title='bbox 3112 5003 3314 5074; x_wconf 81' lang='lat' dir='ltr'><strong>Quaerit</strong></span> <span class='ocrx_word' id='word_1_811' title='bbox 3348 5003 3498 5060; x_wconf 85' lang='lat' dir='ltr'><strong>Isaac</strong></span> <span class='ocrx_word' id='word_1_812' title='bbox 3528 5020 3561 5058; x_wconf 89' lang='lat' dir='ltr'><strong>a</strong></span> 
     </span>
    </p>
   </div>
   <div class='ocr_carea' id='block_1_111' title="bbox 1977 5094 3557 5162">
    <p class='ocr_par' dir='ltr' id='par_1_111' title="bbox 1977 5094 3557 5162">
     <span class='ocr_line' id='line_1_111' title="bbox 1977 5094 3557 5162; baseline -0.004 -8"><span class='ocrx_word' id='word_1_813' title='bbox 1977 5097 2145 5154; x_wconf 73' lang='lat' dir='ltr'><strong>Iacob</strong></span> <span class='ocrx_word' id='word_1_814' title='bbox 2174 5113 2274 5154; x_wconf 91' lang='lat' dir='ltr'><strong>cur</strong></span> <span class='ocrx_word' id='word_1_815' title='bbox 2303 5107 2411 5152; x_wconf 88' lang='lat' dir='ltr'><strong>tam</strong></span> <span class='ocrx_word' id='word_1_816' title='bbox 2438 5097 2546 5152; x_wconf 92' lang='lat' dir='ltr'><strong>cito</strong></span> <span class='ocrx_word' id='word_1_817' title='bbox 2578 5097 2820 5162; x_wconf 89' lang='lat' dir='ltr'><strong>venerit,</strong></span> <span class='ocrx_word' id='word_1_818' title='bbox 2848 5095 3150 5150; x_wconf 86' lang='lat' dir='ltr'><strong>admiratus</strong></span> <span class='ocrx_word' id='word_1_819' title='bbox 3175 5094 3384 5151; x_wconf 88' lang='lat' dir='ltr'><strong>scilicet</strong></span> <span class='ocrx_word' id='word_1_820' title='bbox 3411 5094 3557 5149; x_wconf 83' lang='lat' dir='ltr'><strong>velo-</strong></span> 
     </span>
    </p>
   </div>
   <div class='ocr_carea' id='block_1_112' title="bbox 1977 5184 3555 5261">
    <p class='ocr_par' dir='ltr' id='par_1_112' title="bbox 1977 5184 3555 5261">
     <span class='ocr_line' id='line_1_112' title="bbox 1977 5184 3555 5261; baseline -0.004 -16"><span class='ocrx_word' id='word_1_821' title='bbox 1977 5204 2095 5245; x_wconf 90' lang='lat' dir='ltr'><strong>cem</strong></span> <span class='ocrx_word' id='word_1_822' title='bbox 2124 5187 2457 5261; x_wconf 84' lang='lat' dir='ltr'><strong>credentium</strong></span> <span class='ocrx_word' id='word_1_823' title='bbox 2486 5186 2665 5261; x_wconf 79' lang='lat' dir='ltr'><strong>ﬂdem.</strong></span> <span class='ocrx_word' id='word_1_824' title='bbox 2704 5186 2824 5243; x_wconf 86' lang='lat' dir='ltr'><strong>Cibi</strong></span> <span class='ocrx_word' id='word_1_825' title='bbox 2850 5184 3199 5242; x_wconf 89' lang='lat' dir='ltr'><strong>delectabiles</strong></span> <span class='ocrx_word' id='word_1_826' title='bbox 3220 5184 3555 5248; x_wconf 85' lang='lat' dir='ltr'><strong>oll&#39;eruntur,</strong></span> 
     </span>
    </p>
   </div>
   <div class='ocr_carea' id='block_1_113' title="bbox 1976 5274 3553 5355">
    <p class='ocr_par' dir='ltr' id='par_1_113' title="bbox 1976 5274 3553 5355">
     <span class='ocr_line' id='line_1_113' title="bbox 1976 5274 3553 5355; baseline -0.006 -18"><span class='ocrx_word' id='word_1_827' title='bbox 1976 5281 2103 5355; x_wconf 90' lang='lat' dir='ltr'><strong>quia</strong></span> <span class='ocrx_word' id='word_1_828' title='bbox 2150 5280 2324 5335; x_wconf 87' lang='lat' dir='ltr'><strong>hostia</strong></span> <span class='ocrx_word' id='word_1_829' title='bbox 2373 5279 2483 5336; x_wconf 90' lang='lat' dir='ltr'><strong>Deo</strong></span> <span class='ocrx_word' id='word_1_830' title='bbox 2534 5279 2774 5353; x_wconf 89' lang='lat' dir='ltr'><strong>placens,</strong></span> <span class='ocrx_word' id='word_1_831' title='bbox 2820 5277 2964 5333; x_wconf 88' lang='lat' dir='ltr'><strong>salus</strong></span> <span class='ocrx_word' id='word_1_832' title='bbox 3002 5285 3374 5348; x_wconf 88' lang='lat' dir='ltr'><strong>peccatorum.</strong></span> <span class='ocrx_word' id='word_1_833' title='bbox 3417 5274 3553 5343; x_wconf 88' lang='lat' dir='ltr'><strong>Quia</strong></span> 
     </span>
    </p>
   </div>
   <div class='ocr_carea' id='block_1_114' title="bbox 1974 5368 3556 5445">
    <p class='ocr_par' dir='ltr' id='par_1_114' title="bbox 1974 5368 3556 5445">
     <span class='ocr_line' id='line_1_114' title="bbox 1974 5368 3556 5445; baseline -0.004 -16"><span class='ocrx_word' id='word_1_834' title='bbox 1974 5384 2099 5445; x_wconf 90' lang='lat' dir='ltr'><strong>post</strong></span> <span class='ocrx_word' id='word_1_835' title='bbox 2121 5386 2272 5428; x_wconf 90' lang='lat' dir='ltr'><strong>esum</strong></span> <span class='ocrx_word' id='word_1_836' title='bbox 2303 5373 2547 5443; x_wconf 85' lang='lat' dir='ltr'><strong>sequitur</strong></span> <span class='ocrx_word' id='word_1_837' title='bbox 2597 5371 2941 5435; x_wconf 87' lang='lat' dir='ltr'><strong>benedictio,</strong></span> <span class='ocrx_word' id='word_1_838' title='bbox 2994 5378 3049 5424; x_wconf 91' lang='lat' dir='ltr'><strong>et</strong></span> <span class='ocrx_word' id='word_1_839' title='bbox 3084 5368 3203 5438; x_wconf 84' lang='lat' dir='ltr'><strong>ejus</strong></span> <span class='ocrx_word' id='word_1_840' title='bbox 3232 5369 3397 5424; x_wconf 92' lang='lat' dir='ltr'><strong>odore</strong></span> <span class='ocrx_word' id='word_1_841' title='bbox 3432 5382 3556 5438; x_wconf 89' lang='lat' dir='ltr'><strong>pcr-</strong></span> 
     </span>
    </p>
   </div>
   <div class='ocr_carea' id='block_1_115' title="bbox 1974 5459 3558 5538">
    <p class='ocr_par' dir='ltr' id='par_1_115' title="bbox 1974 5459 3558 5538">
     <span class='ocr_line' id='line_1_115' title="bbox 1974 5459 3558 5538; baseline -0.006 -19"><span class='ocrx_word' id='word_1_842' title='bbox 1974 5464 2192 5527; x_wconf 80' lang='lat' dir='ltr'><strong>l‘ruitur,</strong></span> <span class='ocrx_word' id='word_1_843' title='bbox 2229 5464 2485 5538; x_wconf 83' lang='lat' dir='ltr'><strong>virtutem</strong></span> <span class='ocrx_word' id='word_1_844' title='bbox 2522 5460 2939 5517; x_wconf 89' lang='lat' dir='ltr'><strong>resurrectionis</strong></span> <span class='ocrx_word' id='word_1_845' title='bbox 2958 5466 3015 5514; x_wconf 89' lang='lat' dir='ltr'><strong>et</strong></span> <span class='ocrx_word' id='word_1_846' title='bbox 3039 5459 3189 5530; x_wconf 83' lang='lat' dir='ltr'><strong>regni</strong></span> <span class='ocrx_word' id='word_1_847' title='bbox 3219 5465 3405 5527; x_wconf 88' lang='lat' dir='ltr'><strong>aperte</strong></span> <span class='ocrx_word' id='word_1_848' title='bbox 3432 5470 3558 5524; x_wconf 90' lang='lat' dir='ltr'><strong>pro-</strong></span> 
     </span>
    </p>
   </div>
   <div class='ocr_carea' id='block_1_116' title="bbox 1973 5546 3551 5618">
    <p class='ocr_par' dir='ltr' id='par_1_116' title="bbox 1973 5546 3551 5618">
     <span class='ocr_line' id='line_1_116' title="bbox 1973 5546 3551 5618; baseline -0.008 -7"><span class='ocrx_word' id='word_1_849' title='bbox 1973 5555 2207 5611; x_wconf 89' lang='lat' dir='ltr'><strong>nuntiat.</strong></span> <span class='ocrx_word' id='word_1_850' title='bbox 2241 5571 2260 5604; x_wconf 74' lang='lat' dir='ltr'><strong>t</strong></span> <span class='ocrx_word' id='word_1_851' title='bbox 2294 5554 2434 5610; x_wconf 82' lang='lat' dir='ltr'><strong>Ecce</strong></span> <span class='ocrx_word' id='word_1_852' title='bbox 2464 5554 2601 5610; x_wconf 88' lang='lat' dir='ltr'><strong>odor</strong></span> <span class='ocrx_word' id='word_1_853' title='bbox 2630 5551 2725 5607; x_wconf 79' lang='lat' dir='ltr'><strong>lilii</strong></span> <span class='ocrx_word' id='word_1_854' title='bbox 2751 5550 2853 5615; x_wconf 86' lang='lat' dir='ltr'><strong>mei</strong></span> <span class='ocrx_word' id='word_1_855' title='bbox 2884 5551 3026 5606; x_wconf 89' lang='lat' dir='ltr'><strong>sicut</strong></span> <span class='ocrx_word' id='word_1_856' title='bbox 3054 5551 3187 5606; x_wconf 88' lang='lat' dir='ltr'><strong>odor</strong></span> <span class='ocrx_word' id='word_1_857' title='bbox 3215 5547 3328 5618; x_wconf 89' lang='lat' dir='ltr'><strong>agri</strong></span> <span class='ocrx_word' id='word_1_858' title='bbox 3354 5546 3551 5617; x_wconf 62' lang='lat' dir='ltr'><strong>pleni.»</strong></span> 
     </span>
    </p>
   </div>
   <div class='ocr_carea' id='block_1_117' title="bbox 1974 5638 3558 5705">
    <p class='ocr_par' dir='ltr' id='par_1_117' title="bbox 1974 5638 3558 5705">
     <span class='ocr_line' id='line_1_117' title="bbox 1974 5638 3558 5705; baseline -0.007 -3"><span class='ocrx_word' id='word_1_859' title='bbox 1974 5646 2104 5705; x_wconf 74' lang='lat' dir='ltr'><strong>Haec</strong></span> <span class='ocrx_word' id='word_1_860' title='bbox 2142 5657 2224 5704; x_wconf 82' lang='lat' dir='ltr'><strong>est</strong></span> <span class='ocrx_word' id='word_1_861' title='bbox 2258 5648 2582 5705; x_wconf 87' lang='lat' dir='ltr'><strong>benedictio.</strong></span> <span class='ocrx_word' id='word_1_862' title='bbox 2622 5643 2800 5701; x_wconf 90' lang='lat' dir='ltr'><strong>Odore</strong></span> <span class='ocrx_word' id='word_1_863' title='bbox 2848 5643 3087 5699; x_wconf 88' lang='lat' dir='ltr'><strong>nominis</strong></span> <span class='ocrx_word' id='word_1_864' title='bbox 3126 5638 3375 5703; x_wconf 87' lang='lat' dir='ltr'><strong>Christi,</strong></span> <span class='ocrx_word' id='word_1_865' title='bbox 3414 5638 3558 5693; x_wconf 85' lang='lat' dir='ltr'><strong>sicut</strong></span> 
     </span>
    </p>
   </div>
   <div class='ocr_carea' id='block_1_118' title="bbox 1975 5731 3550 5815">
    <p class='ocr_par' dir='ltr' id='par_1_118' title="bbox 1975 5731 3550 5815">
     <span class='ocr_line' id='line_1_118' title="bbox 1975 5731 3550 5815; baseline -0.006 -18"><span class='ocrx_word' id='word_1_866' title='bbox 1975 5758 2124 5815; x_wconf 88' lang='lat' dir='ltr'><strong>ager,</strong></span> <span class='ocrx_word' id='word_1_867' title='bbox 2158 5744 2391 5797; x_wconf 90' lang='lat' dir='ltr'><strong>mundus</strong></span> <span class='ocrx_word' id='word_1_868' title='bbox 2416 5740 2686 5811; x_wconf 86' lang='lat' dir='ltr'><strong>impletur.</strong></span> <span class='ocrx_word' id='word_1_869' title='bbox 2710 5736 3023 5793; x_wconf 84' lang='lat' dir='ltr'><strong>Benedictio</strong></span> <span class='ocrx_word' id='word_1_870' title='bbox 3048 5740 3130 5790; x_wconf 85' lang='lat' dir='ltr'><strong>est</strong></span> <span class='ocrx_word' id='word_1_871' title='bbox 3150 5733 3217 5789; x_wconf 89' lang='lat' dir='ltr'><strong>de</strong></span> <span class='ocrx_word' id='word_1_872' title='bbox 3251 5746 3377 5788; x_wconf 88' lang='lat' dir='ltr'><strong>rore</strong></span> <span class='ocrx_word' id='word_1_873' title='bbox 3402 5747 3471 5788; x_wconf 66' lang='lat' dir='ltr'><strong>ea</strong></span> <span class='ocrx_word' id='word_1_874' title='bbox 3490 5731 3550 5797; x_wconf 91' lang='lat' dir='ltr'><strong>li,</strong></span> 
     </span>
    </p>
   </div>
   <div class='ocr_carea' id='block_1_119' title="bbox 1976 5823 3547 5905">
    <p class='ocr_par' dir='ltr' id='par_1_119' title="bbox 1976 5823 3547 5905">
     <span class='ocr_line' id='line_1_119' title="bbox 1976 5823 3547 5905; baseline -0.006 -19"><span class='ocrx_word' id='word_1_875' title='bbox 1976 5832 2029 5887; x_wconf 87' lang='lat' dir='ltr'><strong>id</strong></span> <span class='ocrx_word' id='word_1_876' title='bbox 2064 5842 2148 5887; x_wconf 88' lang='lat' dir='ltr'><strong>est</strong></span> <span class='ocrx_word' id='word_1_877' title='bbox 2180 5832 2357 5905; x_wconf 86' lang='lat' dir='ltr'><strong>pluvia</strong></span> <span class='ocrx_word' id='word_1_878' title='bbox 2396 5828 2562 5886; x_wconf 88' lang='lat' dir='ltr'><strong>divini</strong></span> <span class='ocrx_word' id='word_1_879' title='bbox 2602 5829 2783 5894; x_wconf 85' lang='lat' dir='ltr'><strong>verbi;</strong></span> <span class='ocrx_word' id='word_1_880' title='bbox 2824 5826 2972 5881; x_wconf 87' lang='lat' dir='ltr'><strong>etde</strong></span> <span class='ocrx_word' id='word_1_881' title='bbox 2997 5823 3323 5897; x_wconf 88' lang='lat' dir='ltr'><strong>pinguedine</strong></span> <span class='ocrx_word' id='word_1_882' title='bbox 3346 5831 3504 5879; x_wconf 63' lang='lat' dir='ltr'><strong>terra:</strong></span> <span class='ocrx_word' id='word_1_883' title='bbox 3531 5861 3547 5889; x_wconf 87' lang='lat'><strong>,</strong></span> 
     </span>
    </p>
   </div>
   <div class='ocr_carea' id='block_1_120' title="bbox 3457 380 3635 437">
    <p class='ocr_par' dir='ltr' id='par_1_120' title="bbox 3457 380 3635 437">
     <span class='ocr_line' id='line_1_120' title="bbox 3457 380 3635 437; baseline -0.011 0"><span class='ocrx_word' id='word_1_884' title='bbox 3457 380 3635 437; x_wconf 69' lang='lat'><strong>160-</strong></span> 
     </span>
    </p>
   </div>
  </div>
