4074 6334
499 365 595 422 151

1007 360 1402 417 WALAFRIDI
1443 358 1692 418 STRABI
1733 359 1936 417 FULD.
1979 357 2146 416 MON.
2186 357 2337 415 OPP.
2378 359 2558 414 PARS
2594 359 2634 415 I.
2670 389 2739 402 —
2776 356 3236 415 THEOIDGICA.

3670 361 3783 417 In

496 482 552 538 id
589 487 672 536 est
707 477 1127 551 congregatione
1162 477 1519 548 populorum;
1565 477 1910 532 multitudine
1970 476 2084 532 fru-
2112 479 2164 539 Α
2191 475 2347 531 ibunt
2373 475 2668 532 civitatem.
2703 496 2720 527 ι
2770 475 2840 531 Et
2885 475 3014 531 alibi
3042 494 3056 535 ;
3097 493 3117 528 ‹
3150 476 3494 547 Aperuerunt
3523 489 3622 530 ora
3650 490 3780 545 sua,

496 571 666 628 menti
691 580 748 626 et
771 570 905 635 vini,
931 571 1045 626 htec
1077 579 1163 626 est
1188 570 1480 627 multitudo
1505 612 1518 636 ,
1562 585 1725 641 quam
1763 570 1968 643 colligit
2013 572 2080 628 de

495 669 840 719 sacramento
877 661 1122 731 corporis
1159 669 1214 716 et
1260 662 1538 733 sanguinis
1577 661 1682 716 sui.
1725 661 1804 717 Illi
1837 662 2082 718 serviunt

495 754 700 826 populi,
732 754 784 809 id
823 761 907 808 est
944 753 1172 824 gentiles
1209 753 1476 809 conversi.
1513 753 1692 822 Ipsum
1728 755 1954 809 adorant
1982 756 2080 810 tri-

495 845 597 902 bus
635 844 854 916 populi,
893 860 990 915 per
1043 845 1512 900 circumcisionem
1552 846 1798 901 conversi
1857 847 2081 902 creden-

497 947 600 992 tes.
628 937 746 1007 Ipse
773 946 857 991 est
887 937 1146 992 Dominus
1175 935 1402 990 fratrum
1437 952 1682 1002 suorum,
1701 937 1751 992 id
1771 948 1853 994 est
1873 937 2081 995 Iudaeo-

496 1046 638 1085 rum.
666 1029 845 1099 Ipsum
876 1030 1104 1083 adorant
1136 1028 1228 1082 ﬁlii
1259 1029 1446 1083 matris
1467 1029 1603 1100 ejus,
1628 1031 1751 1099 quia
1782 1031 2080 1088 secundum

496 1138 716 1177 carnem
758 1132 916 1177 natus
963 1133 1046 1178 est
1083 1139 1148 1178 ex
1188 1138 1250 1178 ea
1296 1141 1308 1176 :
1352 1124 1526 1194 ipsum
1565 1125 1658 1194 qui
1698 1118 2037 1180 maledixerit
2061 1164 2078 1190 ,

495 1217 879 1282 maledicetnr;
912 1226 966 1271 et
991 1218 1081 1287 qui
1110 1218 1447 1272 benedixerit
1471 1259 1484 1282 ,
1517 1218 1885 1273 benediCetur.
1923 1219 2082 1274 Chri-

495 1320 611 1365 stus
648 1326 716 1365 ex
740 1326 835 1364 ore
863 1310 1040 1380 populi
1071 1309 1286 1365 Patrem
1317 1310 1623 1380 ignorantis
1645 1311 2000 1376 benedicitur,
2029 1311 2080 1367 id

493 1411 596 1465 est,
631 1403 898 1457 veraciter
934 1401 1154 1466 dicitur,
1196 1403 1291 1456 sed
1344 1417 1374 1454 a
1413 1400 1613 1456 Iudaeis
1652 1401 1790 1457 alius
1831 1403 2080 1458 benedici

492 1504 736 1565 putatur,
767 1495 856 1565 qui
883 1497 950 1549 ab
980 1494 1289 1550 errantibus
1318 1503 1686 1564 exspectatur.

565 1583 728 1640 Vens.
759 1586 851 1652 :15,
897 1586 988 1639 2t}.
1025 1615 1095 1624 —
1123 1604 1140 1636 ι
1179 1585 1326 1652 Quos
1377 1601 1499 1640 cum
1550 1586 1762 1642 oblatos
1812 1587 2081 1643 comedis-

499 1698 516 1728 ε
545 1688 646 1744 set,
681 1699 699 1730 ι
731 1687 835 1734 etc.
868 1678 1106 1750 Mystice.
1140 1678 1430 1750 Postquam
1457 1680 1608 1736 Isaac
1629 1680 1806 1735 cibum
1830 1682 2078 1752 sumpsit,

492 1772 658 1828 Jacob
686 1773 880 1828 obtulit
921 1774 970 1828 ei
1001 1773 1185 1827 vinum
1223 1792 1235 1825 :
1267 1774 1344 1829 sic
1381 1790 1479 1844 per
1519 1775 1696 1828 cibum
1731 1777 1920 1830 activa;
1956 1776 2080 1832 vitze

2183 569 2327 624 sicut
2355 568 2650 624 comedens
2683 569 2737 623 in
2768 568 3106 625 abscondito.
3140 588 3158 618 ι

2256 659 2418 714 Vens.
2443 657 2636 714 53-35.
2666 675 2685 710 ι
2716 658 2949 730 Expavit
2972 659 3142 715 Isaac.
3175 678 3192 711 I
3225 657 3665 716 Benedictionem
3685 675 3784 717 re-

2181 751 2505 822 promissam
2539 757 2819 820 repetente
2849 750 3054 820 majore
3084 749 3193 806 ﬁlio
3220 791 3235 817 ,
3265 751 3483 821 expavit
3509 750 3682 820 Isaac,
3718 761 3785 810 et

2182 847 2350 902 alium
2379 862 2478 917 pro
2510 847 2617 901 alio
2656 861 2717 902 se
2765 846 3107 904 benedixisse
3155 849 3597 928 cognovitanec
3628 853 3778 908 indi-

2181 949 2378 1010 gnatur
2419 941 2637 1010 cognito
2673 951 3035 1005 sacramento,
3075 941 3171 997 sed
3210 942 3570 998 conﬁrmabat
3613 945 3786 1003 bene-

2181 1032 2474 1087 dictionem
2506 1033 2691 1088 dicens
2723 1052 2735 1086 :
2770 1053 2788 1084 ‹
2825 1034 2892 1088 Et
2924 1033 3173 1088 benedixi
3203 1048 3348 1097 eum,
3373 1044 3429 1090 et
3460 1037 3786 1094 benedictus

2181 1135 2285 1181 est.
2325 1145 2343 1179 ›
2380 1126 2504 1181 Haec
2529 1137 2614 1183 est
2650 1129 2822 1199 prima
2849 1128 3153 1184 benedictio
3181 1128 3333 1184 Isaac
3355 1129 3551 1184 minori
3577 1131 3785 1202 populo

2180 1215 2615 1278 Christianorum
2663 1219 2808 1274 data.
2853 1219 2959 1273 Sed
3007 1235 3109 1274 nec
3154 1215 3330 1286 major
3361 1219 3503 1275 ﬁlius
3550 1219 3784 1278 omnino

2182 1307 2492 1378 despectus,
2517 1309 2664 1379 quia.
2693 1324 2818 1363 cum
2861 1308 3146 1364 intraverit
3175 1309 3455 1380 plenitudo
3483 1311 3731 1379 gentium
3762 1352 3781 1378 ,

2183 1405 2310 1453 tunc
2340 1400 2517 1454 omnis
2554 1398 2719 1454 Israel
2754 1399 2934 1454 salvus
2963 1401 3087 1455 erit.
3116 1399 3282 1472 Cujus
3328 1403 3580 1457 secunda:
3611 1403 3784 1458 bene-

2182 1490 2432 1546 dictionis
2455 1492 2737 1562 prophetia
2761 1500 2863 1547 est.
2903 1491 3008 1546 «'In
3035 1493 3364 1564 pinguedine
3398 1503 3559 1548 terrae
3584 1534 3600 1558 ,
3630 1507 3686 1549 et
3717 1495 3778 1550 in

2183 1599 2307 1640 rore
2334 1584 2456 1639 ωειί
2486 1585 2716 1654 desuper
2737 1585 3164 1640 eritbenedictio
3195 1593 3305 1640 tua.
3348 1604 3367 1636 ι
3398 1584 3455 1640 In
3489 1586 3786 1658 pinguedi-

2182 1678 2305 1732 dine
2334 1687 2489 1732 terra:
2508 1718 2522 1742 ,
2560 1698 2577 1728 ι
2611 1677 2662 1732 id
2690 1686 2795 1739 est.
2825 1677 2879 1732 in
2911 1677 3239 1733 fecunditate
3263 1693 3465 1740 rerum,
3491 1689 3546 1734 et
3571 1688 3776 1750 poten—

2183 1767 2257 1822 tia
2298 1769 2470 1839 regni,
2499 1784 2618 1839 quae
2641 1769 2695 1822 in
2725 1768 2814 1823 illo
2843 1770 3040 1840 popqu
3065 1768 3191 1835 fuit;
3224 1788 3242 1819 ι
3274 1779 3331 1825 ει
3357 1771 3410 1825 in
3442 1785 3566 1824 rore
3589 1771 3777 1834 celi,»

493 1879 656 1932 opera
685 1865 1037 1932 designantur
1060 1881 1074 1929 ;
1110 1881 1206 1934 per
1227 1866 1434 1931 vinum,
1461 1867 1604 1936 quod
1633 1874 1842 1922 mentes
1865 1867 2080 1933 alienat,

2186 1860 2415 1930 eloquiis
2460 1861 2574 1914 Dei.
2604 1859 2740 1930 Ipsis
2763 1860 2907 1914 enim
2945 1860 3159 1930 eloquia
3207 1861 3301 1916 Dei
3356 1861 3560 1916 credita
3608 1870 3780 1927 sunt,

494 1959 908 2028 contemplativa
946 1961 1232 2030 accipitur,
1261 1977 1380 2031 qna-
1407 1961 1475 2016 ab
1507 1978 1690 2018 amore
1721 1963 1900 2019 saeculi
1933 1980 2082 2020 men-

495 2059 576 2102 tes
602 2048 898 2104 clecmrum
929 2050 1132 2105 alienas
1174 2051 1323 2106 facit.
1375 2051 1502 2107 Post
1547 2053 1727 2107 cibum
1775 2061 1829 2107 et
1872 2062 2079 2124 potum.

491 2141 659 2197 Jacob
693 2144 1049 2210 benedicitur,
1076 2146 1200 2214 quia
1235 2145 1309 2200 illi
1338 2146 1769 2202 benedictionem
1800 2147 2082 2204 caelestem

493 2248 524 2286 a
585 2232 694 2287 Deo
747 2235 1052 2305 percipiunt
1115 2236 1205 2304 qui
1256 2252 1378 2291 eum
1413 2251 1586 2308 usque
1629 2238 1683 2292 in
1727 2237 1888 2293 ﬁnem
1923 2239 2082 2295 bonis

493 2325 749 2394 operibus
783 2326 1002 2394 placare
1031 2327 1269 2381 student.
1650 2326 1655 2330 ’

565 2417 731 2472 Vens.
759 2417 850 2472 27.
883 2449 951 2458 --
986 2438 1003 2468 ι
1045 2419 1409 2487 Benedicens,
1462 2421 1574 2487 ait,
1607 2442 1624 2471 ι
1673 2431 1779 2478 etc.
1837 2422 2029 2495 (Gneo.
2063 2468 2078 2493 ,

491 2510 633 2564 hom.
663 2511 696 2563 6
727 2512 780 2564 in
811 2511 1029 2580 Ezech.)
1064 2513 1214 2567 Alter
1241 2514 1308 2568 ad
1333 2515 1636 2569 venandum
1663 2516 1915 2582 mittitur,
1947 2528 2077 2587 etc.,

491 2617 654 2669 usque
689 2602 758 2654 ad
793 2617 912 2670 qua:
942 2603 1112 2672 major
1146 2603 1292 2659 foras
1320 2606 1506 2660 exiens
1537 2606 1753 2677 reliquit
1783 2609 1946 2664 intus.

566 2713 783 2785 (Cum,
817 2714 972 2787 ibid.)
997 2717 1168 2780 Isaac,
1203 2718 1561 2789 caligantibus
1591 2721 1782 2786 oculis,
1811 2721 1978 2780 Jacob
2018 2725 2082 2780 ﬁ-

491 2804 622 2859 limn
663 2806 913 2860 nesciens
945 2807 1250 2874 benedixit;
1291 2825 1411 2879 qua:
1459 2821 1687 2865 ventura
1737 2821 1897 2868 erant
1947 2830 2084 2884 pra:-

493 2897 646 2959 vidit,
664 2908 719 2952 et
740 2899 830 2967 qui
848 2914 1086 2968 praesens
1115 2899 1669 2967 assisteret,nescivit.
1689 2901 1913 2962 Constat
1935 2907 2081 2962 enim

493 2989 617 3059 quia
644 2989 835 3054 Judaei,
877 2991 967 3059 qui
1010 2992 1168 3061 plene
1206 2992 1378 3062 legem
1431 2994 1758 3061 didicerunt,
1791 2997 2082 3053 adventum

492 3080 695 3135 Christi
747 3095 1137 3151 cognoverunt.
1183 3083 1336 3139 Unde
1395 3083 1584 3140 Matth.
1646 3104 1706 3154 ιι,
1755 3088 1997 3145 Herodes
2049 3107 2080 3147 a

493 3170 828 3241 principibus
872 3173 1213 3227 sacerdotum
1242 3175 1577 3244 inquiritubi
1611 3176 1860 3234 Christus
1895 3195 2083 3236 nasee-
2110 3213 2156 3278 α

493 3277 682 3333 retur;
729 3269 816 3323 cui
849 3270 1091 3338 protinus
1118 3273 1542 3342 responderunt,
1572 3294 1588 3325 ι
1617 3273 1674 3328 In
1703 3273 2071 3332 Bethlchem.»

492 3358 652 3414 Prius
677 3374 808 3431 ergo
835 3372 1098 3416 noverant
1136 3379 1297 3432 quem
1345 3365 1616 3435 passionis
1665 3376 1906 3438 tempore
1955 3386 2078 3425 eum
2124 3401 2142 3419 ι

493 3451 855 3521 despicerent,
882 3453 1230 3523 ignorabant;
1267 3472 1494 3524 quorum
1539 3457 1730 3512 notitia
1776 3459 1926 3529 prior
1957 3501 1971 3526 ,
2026 3471 2082 3516 et

494 3545 798 3613 ignorantia
833 3547 1103 3614 posterior
1130 3589 1144 3612 ,
1189 3548 1337 3604 Isaac
1381 3548 1650 3620 caligante
1676 3551 1952 3619 signatur;
1989 3554 2078 3624 qui

492 3636 619 3690 dum
645 3635 814 3691 Jacob
841 3638 1210 3705 benediceret,
1242 3641 1370 3710 qttid
1428 3643 1480 3696 in
1531 3641 1712 3696 futuro
1744 3645 1794 3698 ei
1839 3645 2084 3700 eveniret

493 3729 845 3796 prtevidebat,
881 3730 976 3784 sed
1009 3732 1152 3800 quod
1198 3748 1437 3801 pnesens
1470 3735 1750 3790 assisteret
1783 3737 2079 3794 nesciebat.

495 3816 587 3872 Sic
617 3815 928 3874 Judteorum
959 3821 1190 3890 populus
1229 3826 1524 3894 prophetiae
1549 3827 1802 3897 mysteria
1830 3831 2042 3899 accepit
2064 3872 2079 3899 ,

494 3909 588 3963 sed
613 3923 786 3963 caecos
806 3909 991 3964 oculos
1019 3911 1070 3965 in
1102 3914 1556 3982 contemplatione
1581 3919 1769 3982 tenuit,
1794 3921 1920 3989 quia
1946 3938 2084 3991 prta:

494 4009 702 4056 sentem
734 4016 839 4055 non
867 4003 1022 4067 vidit,
1065 4004 1130 4058 de
1166 4020 1272 4074 quo
1294 4007 1460 4060 multa
1502 4009 1554 4062 in
1605 4009 1788 4066 futuro
1811 4013 2078 4082 praevidit.

492 4094 633 4147 Ante
661 4107 720 4146 se
747 4092 890 4147 enim
928 4093 1166 4162 positum
1211 4111 1436 4152 cernere
1463 4113 1569 4154 non
1589 4100 1780 4167 valuit,
1807 4102 1962 4172 cujus
1984 4104 2084 4160 ad-

494 4190 690 4236 ventus
727 4184 1024 4252 potentiam
1066 4186 1222 4256 longe
1257 4197 1383 4243 ante
1421 4191 1714 4247 nuntiavit.

565 4292 781 4363 (6330.,
827 4296 968 4350 hom.
998 4297 1064 4350 I0
1092 4299 1146 4351 in
1175 4298 1393 4365 Ezech.,
1424 4309 1553 4355 tom.
1585 4302 1673 4375 Il.)
1720 4303 1870 4361 Isaac
1913 4307 2082 4365 ﬁlium

494 4389 688 4453 nescit,
718 4405 878 4458 quem
910 4392 1226 4456 benedixit,
1269 4402 1374 4448 etc.
1406 4435 1420 4458 ,
1469 4412 1631 4466 usque
1659 4398 1729 4450 ad
1754 4407 1810 4452 et
1832 4400 1956 4468 quia
1986 4417 2084 4472 per

494 4483 752 4548 quosdam
785 4480 838 4532 in
868 4482 1375 4552 contemplationem
1402 4487 1595 4556 surgit,
1621 4502 1717 4556 per
1739 4491 2001 4560 quosdam
2026 4494 2082 4548 in

494 4570 686 4623 activae
713 4571 837 4624 vitae
865 4585 1030 4640 Opera
1058 4573 1384 4644 pinguescit.
1413 4575 1673 4647 Sequitur
1697 4597 1710 4633 :

567 4682 1025 4746 Vsas.'28,29.—
1056 4703 1075 4736 ι
1110 4687 1208 4740 Det
1233 4689 1327 4742 tibi
1358 4690 1498 4745 Deus
1521 4691 1587 4746 de
1615 4707 1738 4749 rore
1761 4695 1905 4760 caeli,
1935 4709 2080 4756 »ειε.

493 4772 604 4828 Ros
635 4774 867 4844 desuper
897 4783 952 4829 et
989 4777 1259 4832 subtiliter
1285 4780 1470 4847 cadit,
1520 4793 1574 4837 et
1622 4783 1788 4842 Ioties
1844 4789 1913 4845 de
1962 4808 2084 4848 rore

494 4864 616 4919 emli
666 4865 982 4936 accipimus,
1020 4869 1233 4937 quoties
1262 4885 1359 4939 per
1390 4870 1714 4931 infusionem
1751 4884 2082 4952 contempla-

496 4955 657 5010 tionis
691 4955 898 5010 intima:
928 4958 995 5011 de
1021 4961 1269 5028 supernis
1299 4961 1500 5032 aliquid
1551 4969 1786 5026 tenuiter
1810 4973 2075 5031 videmus.

494 5047 630 5104 Cum
673 5063 802 5103 vero
842 5050 984 5104 bona
1031 5065 1192 5121 Opera
1224 5068 1321 5122 per
1347 5069 1544 5126 corpus
1569 5060 1800 5130 agimus,
1829 5065 1896 5121 de
1923 5075 2084 5126 terra:

493 5138 819 5209 pinguedine
846 5139 1101 5196 ditamur.

572 5248 589 5279 ι
623 5229 1024 5286 Abundantiam
1073 5232 1353 5304 frumenti,
1390 5256 1409 5290 ι
1451 5247 1557 5296 ειε.
1613 5242 1790 5317 (Ism.)
1837 5246 1962 5306 Haec
1997 5260 2082 5308 est

493 5323 785 5380 multitudo
822 5339 987 5395 quam
1027 5327 1228 5399 colligit
1257 5329 1326 5386 de
1354 5345 1700 5393 sacramento
1751 5343 1994 5412 corporis
2027 5354 2083 5402 et

495 5415 775 5487 sanguinis
804 5415 906 5470 sui.

565 5530 731 5586 Vens.
762 5530 950 5586 30-52.
972 5563 1043 5574 —
1075 5554 1094 5588 ‹
1127 5535 1288 5592 Venit
1323 5539 1500 5606 Esau,
1531 5562 1552 5596 υ
1599 5553 1707 5600 etc.
1755 5551 1892 5604 Sero
1937 5551 2080 5610 Esau

496 5623 564 5678 ad
609 5632 817 5692 patrem
861 5627 1169 5694 revertitur,
1221 5630 1347 5699 quia
1391 5633 1542 5700 prior
1594 5638 1822 5706 populus
1873 5641 1926 5696 in
1975 5644 2081 5700 ﬁne

495 5722 860 5768 eonvertetur.
905 5716 1056 5771 Unde
1098 5718 1232 5787 psal.
1281 5736 1409 5775 LVIII
1457 5739 1470 5775 :
1515 5743 1534 5774 ‹
1581 5715 1979 5786 Converténtur
2013 5734 2081 5790 ad

495 5821 802 5876 vesperam,
830 5817 885 5866 ct
913 5809 1109 5868 famem
1137 5811 1412 5881 patientur
1439 5823 1496 5869 ut
1528 5830 1713 5884 canes,
1751 5830 1806 5876 et
1848 5824 2081 5890 circunh

2184 1963 2239 2008 et
2285 1953 2416 2025 legis
2469 1961 2815 2008 testamenta.
2851 1973 2868 2004 ε
2904 1953 3065 2008 Vives
3096 1953 3148 2006 in
3184 1951 3402 2024 gladio:
3436 1972 3453 2003 ι
3485 1967 3610 2022 quia
3648 1967 3785 2006 san—

2185 2044 2329 2114 guini
2354 2042 2585 2114 populus
2615 2043 2702 2097 ille
2739 2042 2975 2107 deditus,
2999 2059 3189 2100 necem
3230 2043 3284 2098 in
3333 2041 3553 2098 Christo
3572 2051 3628 2098 et
3650 2059 3786 2113 pro-

2182 2134 2358 2204 phetis
2398 2134 2644 2188 exercuit
2667 2174 2680 2194 ,
2717 2152 2735 2184 ι
2770 2133 2834 2188 Ει
2863 2135 3070 2189 servies
3095 2132 3249 2188 fratri
3287 2138 3382 2188 tito
3409 2133 3640 2196 minori,
3673 2154 3691 2185 ι
3723 2133 3782 2188 id

2183 2234 2286 2291 est,
2335 2225 2532 2296 popqu
2577 2223 2910 2280 Christiano.
2942 2244 2960 2275 ι
2999 2224 3344 2296 Tempusque
3386 2225 3598 2289 veniet,
3648 2240 3780 2280 cum

2184 2321 2429 2377 excutias
2467 2329 2520 2374 et
2549 2319 2726 2374 solvas
2755 2316 2944 2391 jugu'm
2975 2318 3092 2388 ejus
3121 2320 3188 2373 de
3216 2316 3517 2372 cervicibus
3561 2317 3669 2371 tuis
3694 2333 3708 2380 ;
3754 2335 3775 2368 ι

2185 2431 2307 2471 cum
2336 2413 2545 2468 scilicet
2570 2427 2668 2482 per
2688 2411 3054 2482 cognitionem
3084 2411 3206 2466 ﬁdei
3229 2420 3284 2466 et
3312 2410 3544 2480 gratiam
3567 2409 3781 2465 Christi

2185 2521 2503 2568 conversus,
2531 2505 2849 2576 deposueris
2887 2519 3026 2558 onus
3064 2503 3228 2575 legis;
3265 2503 3482 2573 quando
3505 2500 3618 2570 jam
3646 2510 3781 2557 tunc

2184 2616 2292 2656 non
2347 2600 2550 2655 servies
2598 2598 2828 2665 minori,
2884 2598 2980 2655 sed
3028 2613 3126 2670 per
3177 2596 3340 2653 ﬁdem
3395 2595 3567 2653 frater
3611 2610 3783 2652 voca-

2185 2691 2352 2748 beris.

2261 2804 2278 2835 ‹
2317 2783 2545 2854 Expavit
2585 2781 2764 2844 Isaac,
2815 2801 2834 2834 ι
2879 2791 2987 2838 etc.
3021 2781 3092 2839 Ut
3126 2781 3371 2852 quaedam
3403 2783 3602 2838 mentis
3637 2780 3778 2838 alie-

2186 2875 2334 2931 natio
2375 2882 2716 2945 sequeretur,
2747 2889 2866 2944 qute
2895 2875 3126 2931 exstasis
3153 2874 3370 2938 dicitur,
3396 2890 3516 2945 quae
3556 2876 3610 2930 in
3649 2891 3773 2931 ma-

2186 2980 2414 3036 gnarum
2451 2979 2629 3020 rerum
2676 2965 3101 3020 revelationibus
3132 2963 3250 3019 ﬁeri
3280 2965 3440 3020 solet.
3488 2964 3643 3022 Unde
3686 2966 3776 3020 in-

2187 3057 2531 3129 telligendum
2560 3065 2644 3111 est
2683 3055 3040 3128 spiritualiter
3071 3057 3406 3112 admonitum
3434 3072 3553 3112 esse
3583 3055 3738 3113 Isaac
3759 3099 3775 3124 ,

2186 3160 2248 3206 ut
2279 3149 2630 3206 conﬁrmaret
2657 3150 3090 3206 benedictionem
3135 3149 3189 3204 in
3217 3149 3415 3216 Jacob,
3461 3166 3547 3207 cut
3589 3161 3774 3222 potius

2187 3244 2530 3299 irascendum
2587 3242 2737 3308 fuit,
2791 3243 2915 3312 quia
2956 3252 3165 3312 patrem
3218 3241 3421 3297 fefellit.
3481 3242 3538 3297 In
3596 3243 3772 3299 Adam

2184 3349 2399 3407 quoque
2462 3333 2698 3389 exstasis
2777 3334 3084 3404 processit,
3159 3342 3448 3403 antequam
3495 3332 3703 3390 diceret
3757 3351 3772 3389 :

2190 3447 2208 3479 ‹
2243 3429 2414 3482 Erunt
2459 3427 2564 3482 duo
2613 3425 2668 3480 in
2719 3440 2882 3480 carne
2933 3440 3039 3480 una
3098 3423 3251 3495 (Gen.
3301 3425 3393 3496 ιι),
3453 3445 3471 3477 ι
3507 3426 3655 3496 quod
3685 3433 3773 3481 est

2191 3542 2209 3573 ι
2249 3536 2503 3592 magnum
2527 3528 2930 3576 sacramentum
2962 3519 3016 3574 in
3038 3517 3259 3574 Christo
3281 3527 3337 3574 et
3367 3519 3420 3573 in
3445 3519 3709 3575 Ecclesia.
3751 3540 3769 3572 ι

2262 3635 2278 3665 ‹
2318 3613 2682 3684 Benedixiqne
2715 3613 2801 3678 ei,
2855 3633 2873 3665 ι
2905 3620 3009 3668 etc.
3058 3611 3239 3679 (Δια.)
3275 3612 3333 3668 Si
3368 3611 3501 3682 justi
3532 3613 3634 3668 viri
3668 3629 3766 3668 vo-

2184 3708 2365 3763 luntas
2389 3709 2531 3763 bona
2561 3716 2668 3771 est,
2699 3705 2827 3778 quid
2851 3713 2936 3760 est
2962 3706 3106 3776 quod
3129 3705 3279 3762 Isaac
3306 3721 3414 3761 non
3437 3707 3580 3762 Esau
3607 3721 3773 3777 quem

2186 3800 2390 3866 \oluit,
2433 3799 2528 3854 sed
2576 3797 2743 3854 Jacob
2792 3811 2953 3868 quem
3003 3796 3203 3864 noluit,
3263 3797 3574 3854 benedixit?
3631 3796 3776 3854 Justi

2186 3891 2443 3955 hominis,
2491 3898 2753 3962 quantum
2793 3890 2860 3944 ad
2887 3890 3282 3946 conscientiam
3304 3932 3319 3956 ,
3344 3891 3595 3947 voluntas
3626 3893 3774 3947 bona

2184 3992 2270 4039 est
2317 3997 2331 4036 :
2367 3984 2506 4038 Deus
2536 3997 2668 4038 vero
2694 3981 2840 4037 solus
2866 3981 2934 4036 de
2977 3979 3176 4037 futuris
3210 3979 3440 4051 judicat.
3475 3981 3630 4038 Isaac
3673 3982 3775 4038 hu«

2187 4089 2349 4131 mano
2378 4088 2530 4128 more
2555 4073 2723 4129 ﬁlium
2761 4071 3024 4142 majorem
3052 4073 3478 4131 benedicendum
3511 4075 3722 4148 putavit
3751 4093 3766 4130 :

2186 4170 2280 4225 sed
2317 4169 2494 4233 Deus,
2544 4169 2636 4239 qui
2686 4167 3023 4224 occultorum
3061 4178 3146 4226 est
3185 4171 3455 4240 cognitor,
3503 4171 3774 4227 minorem

2185 4263 2403 4334 dignum
2431 4261 2806 4317 benedictione
2832 4261 3092 4327 ostendit,
3114 4270 3174 4316 ut
3194 4277 3300 4317 non
3322 4263 3557 4318 hominis
3583 4271 3776 4318 osten-

2185 4354 2337 4409 deret
2358 4368 2479 4408 esse
2508 4353 2961 4417 benedictionem,
2991 4353 3087 4408 sed
3117 4352 3212 4408 Dei
3244 4372 3256 4408 :
3296 4354 3417 4409 ideo
3439 4353 3494 4408 in
3523 4352 3778 4410 Numeris

2185 4446 2253 4502 ad
2304 4446 2485 4501 Mosen
2521 4455 2576 4500 et
2617 4445 2800 4500 Aaron
2845 4446 3157 4502 sacerdotes
3205 4447 3404 4502 dicitur
3453 4465 3466 4501 :
3509 4466 3528 4499 ι
3577 4445 3775 4503 Ponite

2187 4551 2384 4592 nomen
2431 4552 2612 4593 meum
2661 4552 2823 4607 super
2876 4536 3016 4594 ﬁlios
3078 4537 3264 4594 Israel.
3327 4537 3440 4609 Ego
3503 4537 3776 4593 Dominus

2107 4601 2162 4663 D
2190 4629 2504 4686 benedicam
2531 4644 2625 4686 eos
2648 4601 2837 4702 (Nam.
2868 4631 2968 4704 vi).
3025 4649 3044 4684 ι
3091 4601 3403 4687 Sacerdotis
3427 4637 3514 4685 est
3548 4631 3776 4685 benedi-

2191 4740 2351 4793 cere,
2412 4723 2507 4779 Dei
2555 4722 2804 4780 ell'ectum
2843 4725 3105 4781 tribuere.
3156 4721 3228 4780 Ut
3282 4734 3465 4778 autem
3509 4721 3777 4777 intellexit

2190 4815 2339 4874 Isaac
2377 4831 2475 4886 per
2500 4817 2748 4886 spiritum
2782 4816 3082 4886 prophetiae
3110 4815 3546 4871 benedictionem
3574 4815 3778 4871 minori

2189 4909 2532 4973 destinatam,
2564 4908 2660 4972 ait,
2705 4925 2724 4958 ι
2761 4907 3042 4974 Benedixi,
3071 4917 3128 4964 et
3153 4907 3260 4963 erit
3301 4907 3637 4964 benedictus.
3677 4928 3696 4960 ι

2261 4997 2427 5054 Vsns.
2469 4998 2655 5053 56-59.
2697 5028 2770 5038 —
2802 5017 2821 5051 ι
2855 4996 3010 5054 Juste
3042 5008 3295 5054 vocatum
3319 5007 3405 5054 est
3433 5012 3628 5053 nomen
3658 4998 3777 5070 ejus

2197 5110 2216 5144 ι
2244 5089 2412 5147 Jacob
2440 5109 2454 5145 :
2479 5089 2863 5161 Supplantavit
2888 5092 3035 5147 enim
3057 5108 3164 5160 me,
3196 5112 3214 5145 ι
3246 5101 3353 5148 etc.
3382 5091 3588 5165 (Ηιειι.)
3608 5091 3778 5149 Jacob

2187 5181 2553 5254 supplantator
2583 5182 2991 5252 interpretatur.
3034 5183 3116 5238 Ab
3163 5199 3229 5240 eo
3275 5184 3441 5255 igitur
3477 5188 3620 5254 quod
3663 5185 3774 5240 fra-

2193 5282 2328 5328 trem
2355 5281 2480 5328 ante
2510 5273 2807 5343 deeeperit,
2830 5274 3014 5330 allusit
3048 5275 3116 5331 ad
3139 5291 3362 5340 nomen,
3387 5277 3478 5348 qui
3501 5276 3622 5332 ideo
3648 5286 3776 5334 ante

2186 5363 2354 5420 Jacob
2380 5373 2605 5421 vocatus
2631 5375 2736 5434 est,
2778 5367 2923 5438 quod
2953 5369 3006 5424 in
3036 5377 3162 5425 ortu
3190 5369 3436 5440 plantam
3464 5367 3651 5427 fratris
3680 5385 3778 5443 ap--

2188 5461 2494 5531 prehendit.

2261 5550 2425 5608 Vsns.
2453 5553 2543 5609 40.
2592 5585 2663 5596 -—
2691 5574 2714 5609 ι
2747 5556 2815 5611 Et
2850 5555 3003 5611 fratri
3030 5564 3120 5612 tuo
3144 5557 3388 5624 servies,
3430 5577 3448 5610 ι
3485 5568 3591 5614 etc.
3635 5559 3776 5628 Quia

2187 5645 2403 5701 Idumtei
2436 5648 2709 5703 tributarii
2739 5648 2957 5704 fuerunt
2985 5648 3173 5714 Israel,
3203 5650 3295 5719 qui
3322 5649 3491 5707 Jacob
3523 5662 3771 5708 vocatur.

2263 5757 2281 5789 ι
2318 5735 2662 5808 Tempusque
2678 5740 2878 5806 veniet,
2894 5755 3017 5796 cum
3046 5742 3291 5797 excutias
3309 5749 3365 5797 et
3386 5743 3566 5798 solvas
3579 5742 3772 5817 jugum

2192 5847 2210 5880 ι
2241 5827 2377 5912 eius.
2407 5848 2450 5897 ι,
2470 5839 2576 5887 etc.
2595 5829 2709 5888 Hoc
2731 5831 3108 5898 imulettlmest
3127 5836 3350 5900 quando
3372 5834 3768 5906 rebellaverant
