4074 6334
308 428 422 487 155

1352 410 1621 470 CLOSSA
1659 409 2060 468 ORDINARIA.
2101 444 2170 454 —-
2209 415 2334 472 LIB.
2369 415 2528 473 GEN.

3480 421 3586 479 154

307 530 535 593 Idumaei
559 545 627 585 ne
639 523 1100 584 esseutsubluda.
1122 542 1140 575 ι
1164 521 1506 594 Tempusque
1521 521 1720 586 veniet,
1746 542 1764 575 ι
1783 528 1889 575 etc.
1919 518 1976 582 Α
1995 520 2090 577 lib.
2117 539 2150 577 v
2185 523 2405 593 Moral.,
2427 543 2478 582 c.
2501 527 2590 594 11,
2621 536 2750 583 tom.
2771 525 2837 597 I.)
2861 527 2918 583 lu
2953 528 3144 585 itinere
3163 530 3422 599 dormire,
3450 543 3583 605 etc.,

314 625 488 694 Quasi
521 642 533 676 :
571 619 827 676 Iudaicus
864 617 1096 688 populus
1122 631 1152 669 a
1182 615 1443 671 servitute
1460 615 1666 686 peccati
1705 614 1756 668 in
1793 613 1898 668 ﬁne

313 713 660 776 liberabitur,
698 719 758 765 ut
785 725 910 764 cum
949 728 967 761 ι
1004 706 1282 778 plenitudo
1311 707 1549 778 gentiunt
1583 705 1894 772 intraverit,

314 807 502 865 omnis
525 803 690 860 Israel
723 801 904 858 salvus
929 801 1021 856 ﬁet
1046 798 1230 873 (Rom.
1259 799 1361 871 xi).
1398 818 1414 852 ι

400 895 559 952 Vens.
608 895 698 950 41.
731 921 802 934 --
847 911 866 944 ‹
919 892 1170 962 Dixitque
1215 892 1270 946 in
1302 890 1465 946 corde
1511 906 1629 946 suo.
1689 910 1708 944 ›
1763 891 1897 946 Cum

245 1002 250 1006 '
320 989 604 1059 Scriptura
635 986 798 1051 dicat,
830 985 971 1040 Esau
998 984 1052 1039 in
1094 984 1257 1039 corde
1287 999 1386 1039 suo
1412 985 1476 1039 de
1507 992 1678 1040 morte
1716 984 1900 1040 fratris

319 1089 625 1145 tractasse,
673 1076 941 1147 quomodo
985 1076 1069 1130 vel
1115 1091 1148 1130 a
1197 1090 1302 1144 quo
1331 1083 1456 1130 sunt
1502 1075 1618 1131 haec
1652 1077 1898 1132 nuntiata

319 1170 615 1228 Rebeccae?
645 1168 751 1225 Sed
771 1169 928 1224 datur
948 1166 1169 1238 intelligi
1196 1167 1336 1237 quod
1358 1168 1410 1224 ei
1440 1167 1699 1222 divinitus
1717 1169 1899 1222 omnia

319 1265 722 1320 revelabautur.
762 1261 992 1332 Propter
1019 1259 1318 1316 insanabile
1352 1259 1533 1316 odium
1567 1260 1898 1324 Iudaeorum,

316 1372 420 1426 per
469 1356 715 1426 spiritum
763 1353 970 1409 consilii
1012 1362 1335 1424 praeceptum
1386 1363 1471 1410 est
1514 1355 1772 1426 apostolis
1815 1363 1897 1421 ut,

321 1447 512 1503 relicta
535 1444 741 1510 Iudaea,
775 1444 1074 1500 transirent
1097 1444 1162 1498 ad
1189 1453 1400 1514 gentes.

400 1558 418 1590 ι
455 1539 684 1594 Venient
729 1538 844 1594 dics
869 1538 1076 1601 luctus,
1129 1556 1148 1590 ι
1198 1545 1304 1592 etc.
1335 1537 1562 1594 Nolebat
1611 1539 1757 1594 enim
1795 1539 1900 1596 hoc

315 1632 501 1687 facere
532 1631 746 1685 vivente
791 1638 968 1701 patre,
999 1645 1068 1686 ne
1111 1629 1415 1687 incurreret
1449 1632 1633 1686 odium
1662 1629 1812 1700 ejus,
1843 1641 1898 1686 et

316 1724 734 1779 malediceretur
756 1725 824 1778 ab
846 1739 931 1778 ee.

391 1815 595 1887 (Βίου.)
633 1815 784 1882 Quod
813 1825 994 1872 autem
1028 1815 1287 1886 scriptum
1313 1822 1419 1881 est,
1453 1833 1472 1868 t
1505 1815 1641 1870 dixit
1671 1815 1813 1870 Esau
1840 1815 1894 1869 in

316 1909 482 1963 corde
522 1924 639 1973 suo,
677 1929 694 1961 i
727 1909 993 1981 signiﬁcat
1019 1909 1160 1964 Esau
1189 1916 1419 1963 mortem
1458 1906 1644 1991 fratris
1671 1922 1776 1961 nou
1802 1921 1894 1961 su-
1923 1883 1970 1942 Β

313 2001 431 2056 hita
455 2001 555 2063 ira,
583 2000 675 2055 sed
701 1999 941 2072 perfecto
973 2000 1168 2056 mentis
1196 2013 1463 2055 consensu
1497 2006 1800 2068 exoptasse.

397 2093 561 2148 Vens.
588 2092 762 2148 42.—
789 2112 807 2145 ε
839 2093 1093 2148 Nuntiata
1123 2101 1252 2148 sunt
1274 2093 1392 2147 haec
1416 2091 1698 2157 Rebeccae,
1735 2111 1755 2142 ι
1787 2099 1892 2146 etc.

317 2191 423 2246 Hic
467 2199 862 2260 consequenter
895 2191 1113 2262 ponitur
1137 2189 1328 2245 matris
1361 2187 1629 2253 obviatio,
1660 2203 1782 2243 cum
1812 2187 1894 2242 di-

319 2288 499 2352 citur,
552 2305 570 2337 ‹
627 2283 881 2340 Nuntiata
913 2292 1039 2339 sunt
1067 2284 1198 2339 hiec.
1251 2303 1269 2335 ι
1313 2282 1388 2338 Ex
1427 2297 1533 2352 quo
1575 2290 1726 2353 patet
1755 2281 1897 2352 quod

315 2379 459 2434 Esau
504 2377 817 2448 praedictam
866 2375 1322 2432 machinationem
1367 2391 1471 2430 non
1499 2376 1579 2430 sic
1619 2375 1816 2430 celavit
1841 2373 1895 2428 in

313 2470 480 2524 corde
503 2484 620 2525 suo.
641 2468 769 2539 quin
793 2475 1079 2538 appareret
1099 2465 1339 2522 exterius
1363 2466 1600 2536 insignis
1620 2474 1674 2520 et
1693 2465 1891 2520 verbis.

392 2578 411 2610 ‹
449 2557 578 2626 Qua:
603 2559 822 2614 mittens
852 2567 905 2613 et
932 2574 1132 2612 vocans
1159 2555 1346 2620 Jacob,
1385 2576 1403 2608 ι
1438 2563 1542 2610 etc.
1573 2555 1644 2610 Ut
1671 2556 1893 2610 induce-

313 2659 400 2706 ret
445 2667 570 2706 cum
619 2650 686 2705 ad
714 2651 950 2706 dandum
992 2649 1169 2705 locum
1199 2649 1295 2703 ira:
1341 2655 1396 2704 et
1424 2648 1781 2704 recedendum
1827 2647 1895 2702 ad

313 2753 549 2814 tempus.
591 2742 851 2813 Sequitur
886 2759 900 2797 :

391 2854 410 2887 ‹
447 2835 556 2891 Cur
579 2850 809 2906 utroque
835 2835 1069 2891 orbahor
1097 2824 1242 2890 ﬁlio?
1272 2856 1289 2888 ι
1324 2843 1430 2890 etc.
1460 2837 1538 2891 Ac
1568 2836 1610 2890 si
1641 2836 1846 2891 diceret
1876 2850 1891 2889 :

315 2929 372 2983 Si
419 2929 636 2984 invadat
687 2938 770 2994 te,
799 2929 1000 2999 poterit
1028 2943 1148 2983 esse
1182 2928 1324 2998 quod
1361 2929 1522 2984 ambo
1548 2929 1699 2984 eritis
1729 2929 1896 2982 inter-

315 3019 474 3082 fecti;
505 3019 589 3074 vel
633 3019 680 3074 si
711 3035 851 3076 unus
879 3027 1177 3084 remaneat,
1215 3017 1484 3091 oportebit
1509 3020 1654 3094 quod
1699 3019 1770 3074 sit
1811 3018 1894 3072 fu-

313 3116 518 3188 gitivus
544 3131 574 3170 a
605 3130 712 3170 me.

2003 632 2163 687 usque
2186 615 2256 670 ad
2291 636 2308 668 ι
2345 617 2599 688 quoniam
2628 619 2810 674 suavis
2837 629 2922 674 est
2961 620 3239 676 Dominus.
3273 641 3290 674 ›

2069 709 2235 764 Vens.
2279 709 2363 763 11.
2397 740 2467 750 -
2514 729 2532 763 ‹
2570 710 2716 771 Tulit
2758 709 2825 766 de
2853 711 3143 782 lapidibus,
3195 733 3214 766 ›
3257 722 3364 770 etc.
3410 714 3584 790 (Isrn.)

2000 803 2264 859 Dormitio
2287 799 2455 859 Jacob
2484 804 2540 858 in
2580 805 2773 859 itinere
2801 846 2815 871 ,
2864 820 3013 860 mors
3043 803 3245 862 Christi
3293 807 3348 862 in
3398 822 3578 863 cruce.

1998 895 2160 966 Lapis
2187 895 2351 966 capiti
2375 897 2701 967 suppositus,
2742 895 2992 952 Christus
3018 905 3102 954 est
3139 898 3434 954 secundum
3478 897 3580 952 hu-

2000 989 2313 1043 manitatem
2332 1029 2346 1054 ,
2375 1003 2532 1057 quem
2561 987 2726 1044 Jacob
2760 987 2936 1054 unxit,
2971 998 3028 1043 ut
3059 988 3306 1045 Christus
3335 989 3580 1060 signare-

2003 1088 2107 1143 tur,
2127 1084 2351 1154 χρίστος
2372 1079 2514 1134 enim
2538 1079 2730 1145 Grece,
2755 1091 2944 1134 unctus
2965 1080 3173 1136 Latine.
3197 1081 3370 1152 Caput
3397 1091 3578 1136 autem

1999 1167 2248 1225 Chrisms
2279 1170 2435 1224 Deus.
2474 1169 2634 1240 Lapis
2669 1185 2796 1241 ergo
2835 1172 2994 1242 capiti
3029 1171 3198 1227 Jacob
3238 1174 3572 1244 suppositus,

1999 1264 2176 1335 signat
2217 1265 2605 1318 humanitatem
2635 1262 2834 1319 Christi
2884 1264 3225 1332 conjunctam
3276 1267 3385 1320 Deo
3430 1280 3602 1321 assu-.

1999 1356 2188 1411 menti.
2225 1375 2243 1406 ι
2278 1355 2454 1425 Caput
2496 1355 2643 1410 enim
2691 1356 2793 1410 viri
2841 1355 3124 1424 Christus,
3168 1365 3331 1428 caput
3379 1355 3584 1416 Christi

2000 1450 2142 1506 Deus
2168 1448 2218 1522 (1
2251 1448 2373 1504 Cor.
2406 1448 2510 1520 ιιι.)

2070 1563 2233 1618 Vens.
2267 1563 2352 1617 12.
2388 1593 2456 1603 --
2497 1582 2515 1616 ι
2553 1563 2802 1634 Viditque
2829 1564 2881 1618 in
2912 1564 3137 1629 somnis,
3175 1583 3194 1616 ›
3223 1574 3329 1620 etc.
3361 1564 3579 1636 (Casa,

1998 1653 2195 1726 Regist.
2227 1655 2264 1710 l.
2313 1673 2351 1723 ι,
2383 1671 2468 1726 ep.
2509 1655 2625 1730 24.)
2656 1656 2824 1714 Jacob
2864 1657 3248 1728 prmdicatores
3280 1659 3461 1728 signat
3489 1660 3581 1730 qui

1997 1762 2102 1802 non
2127 1747 2300 1803 solum
2327 1762 2490 1819 caput
2517 1749 2797 1811 Ecclesiae,
2831 1748 2881 1804 id
2913 1757 2996 1803 est
3023 1748 3298 1804 Christum
3335 1757 3579 1804 contem-

1996 1839 2193 1912 plando
2239 1851 2533 1913 appetunt,
2583 1843 2678 1898 sed
2718 1844 2786 1897 ad
2812 1843 3052 1897 membra
3094 1842 3236 1897 illius
3269 1841 3580 1898 miserando

1997 1935 2328 1990 descendunt
2372 1954 2385 1990 :
2434 1936 2578 2007 quod
2623 1936 2798 2006 angeli
2849 1936 3201 1991 ascendentes
3246 1934 3578 1990 descenden-

1999 2037 2186 2098 tesque
2213 2028 2603 2083 demonstrant.
2651 2026 2790 2082 Hinc
2820 2025 2994 2082 Moses
3033 2029 3225 2082 crebro
3256 2027 3577 2081 tabernacu-

1996 2118 2106 2174 lum
2135 2121 2320 2186 intrat,
2343 2131 2396 2176 et
2427 2122 2569 2187 exit;
2596 2129 2651 2176 et
2678 2121 2771 2190 qui
2795 2121 2942 2175 intus
2967 2121 3033 2175 ad
3062 2119 3578 2189 contemplationem

1999 2213 2224 2281 rapitur,
2263 2211 2396 2266 foris
2425 2211 2816 2265 inﬁrmantium
2866 2210 3099 2281 negotiis
3149 2222 3401 2281 urgetur;
3434 2211 3582 2266 intus

1999 2313 2196 2352 arcana
2250 2298 2586 2361 considerat,
2640 2297 2770 2351 foris
2811 2312 2980 2350 onera
3025 2295 3326 2350 carnalium
3372 2301 3573 2364 portat.

1997 2387 2097 2456 Qui
2147 2389 2213 2443 de
2255 2387 2431 2442 dubiis
2469 2402 2686 2456 semper
2733 2388 2800 2442 ad
2852 2384 3261 2441 tabernaculum
3313 2384 3574 2450 recurrit,

1996 2494 2179 2534 coram
2227 2479 2536 2534 testamenti
2578 2493 2703 2533 arca
2763 2477 3047 2534 Dominum
3102 2476 3354 2541 consulit,
3395 2492 3578 2532 exem-

1995 2571 2140 2641 plum
2193 2569 2498 2626 rectoribus
2537 2571 2821 2641 praebens,
2873 2577 2931 2623 ut
2957 2583 3081 2623 cum
3130 2568 3261 2624 foris
3297 2569 3580 2639 ambigunt

1995 2659 2124 2728 quid
2155 2659 2462 2730 disponant,
2509 2660 2574 2715 ad
2617 2667 2848 2714 mentem
2879 2659 3033 2728 quasi
3057 2658 3123 2713 ad
3164 2658 3568 2714 tabernaculum

1997 2751 2248 2819 redeant,
2285 2762 2339 2807 et
2369 2752 2516 2808 velut
2543 2768 2724 2809 coram
2764 2752 3073 2808 testamenti
3116 2768 3242 2807 arca
3287 2752 3572 2806 Dominum

1995 2843 2301 2909 consulant,
2357 2845 2423 2899 de
2453 2845 2648 2915 quibus
2679 2844 2957 2905 dubitant,
2989 2843 3130 2914 apud
3155 2860 3213 2900 se
3244 2845 3388 2900 intus
3433 2844 3573 2900 sacri

1995 2933 2191 3004 eloquii
2223 2936 2446 3006 paginas
2483 2936 2840 3007 requirentes.

2067 3049 2358 3106 Moraliter.
2402 3053 2458 3106 In
2512 3051 2704 3107 itinere
2752 3051 2990 3108 dormire
3036 3058 3121 3106 est
3165 3051 3218 3105 in
3269 3051 3354 3104 via
3406 3048 3568 3117 hujus

1995 3143 2174 3198 saeculi
2213 3143 2280 3197 ab
2324 3143 2706 3214 impedimento
2739 3145 3011 3199 actionum
3049 3142 3388 3198 szecularium
3426 3143 3576 3211 quic-

390 3249 409 3282 ι
449 3231 594 3286 Dixit
638 3245 852 3304 quoque
884 3229 1150 3296 Rebecca,
1199 3249 1217 3283 ι
1246 3238 1354 3286 etc.
1399 3229 1535 3298 Quia
1577 3227 1744 3286 Jacob
1775 3245 1882 3286 non
1914 3245 1962 3312 α
1994 3250 2166 3290 scere.
2190 3233 2358 3290 Jacob
2385 3235 2659 3290 dormiens
2697 3236 2916 3308 angelos
2940 3236 3112 3291 vidit:
3147 3237 3271 3305 quia
3295 3235 3369 3290 illi
3395 3235 3574 3290 divina

314 3334 530 3398 poterat
558 3325 945 3382 convenienter
974 3323 1226 3380 recedere
1253 3324 1368 3379 sine
1391 3323 1535 3380 scitu
1558 3324 1890 3394 patris,ideo
1992 3327 2369 3398 contSpiciunt,
2416 3328 2508 3404 qui
2559 3330 2627 3384 ab
2677 3329 2914 3400 appetitu
2971 3328 3342 3401 temporalium
3395 3345 3573 3384 rerum

317 3416 562 3472 Rebecca
587 3416 856 3472 convertit
885 3430 944 3471 se
973 3415 1042 3471 ad
1068 3415 1428 3470 inducendum
1460 3416 1608 3470 lsaac
1636 3423 1694 3469 ut
1713 3415 1892 3471 mitte-

317 3518 402 3564 ret
436 3508 603 3564 Jacob
650 3507 819 3564 lilium
864 3523 1023 3564 suum
1068 3507 1136 3562 ad
1168 3505 1386 3574 Laban,
1419 3515 1476 3561 ut
1505 3507 1579 3562 ibi
1627 3507 1894 3578 acciperet

317 3616 541 3657 uxorem
568 3601 774 3658 dicens.

398 3731 418 3764 ι
455 3711 638 3767 'I‘aadet
658 3727 768 3778 me,
800 3730 820 3764 ι
865 3719 974 3766 etc.
1009 3709 1067 3764 Id
1093 3717 1178 3766 est
1213 3718 1432 3780 propter
1467 3722 1664 3766 uxores
1701 3708 1844 3764 Esau
1877 3725 1890 3762 :

317 3819 425 3859 non
453 3815 632 3858 autem
659 3802 793 3857 dixit
825 3800 925 3872 ipsi
958 3800 1107 3856 lsaac
1132 3799 1293 3856 aliam
1319 3815 1564 3865 causam,
1593 3798 1802 3854 scilicet
1829 3799 1898 3855 de

318 3893 720 3952 machinatione
749 3892 886 3948 Esau
911 3893 965 3946 in
987 3900 1215 3947 mortem
1237 3889 1425 3955 Jacob,
1451 3905 1519 3946 ne
1545 3889 1598 3946 in
1621 3896 1896 3944 senectute

319 4002 416 4043 sua
445 3985 608 4041 nimis
637 3981 986 4053 ailligeretur.

393 4098 413 4130 ι
455 4077 514 4132 Si
537 4075 806 4147 acceperit
828 4073 997 4130 Jacob
1021 4087 1267 4138 uxorem,
1300 4091 1318 4125 ι
1345 4080 1451 4128 etc.
1479 4072 1558 4126 Ac
1577 4070 1623 4126 si
1651 4070 1854 4126 diceret
1878 4089 1890 4124 :

321 4169 378 4226 Si
409 4169 586 4240 diligis
607 4169 770 4224 vitam
802 4181 1002 4232 meam,
1033 4166 1185 4220 mitte
1213 4180 1337 4220 eum
1367 4164 1433 4220 ad
1462 4164 1680 4221 domum
1708 4160 1895 4217 fratris

321 4260 449 4326 mei,
482 4267 541 4314 ut
563 4259 638 4314 ibi
664 4257 893 4330 accipiat
927 4271 1174 4312 uxorem.

858 4415 1085 4476 CAPUT
1123 4415 1358 4474 XXVIII.

394 4579 556 4634 Vens.
591 4578 702 4634 1-9.
729 4606 796 4618 -
830 4594 849 4629 ι
882 4575 1108 4631 Vocavit
1129 4582 1310 4644 itaque
1330 4572 1499 4638 Isaac,
1531 4589 1551 4625 ι
1579 4579 1684 4628 etc.
1712 4570 1892 4644 (Auc.,
1921 4610 1978 4675 Β

323 4672 387 4738 ρ.
417 4673 471 4726 in
503 4669 659 4738 Cen.)
689 4667 842 4736 Quod
871 4666 1072 4723 habent
1101 4664 1278 4720 Latini
1307 4664 1558 4720 codices:
1597 4683 1615 4716 ‹
1650 4662 1800 4720 Vade
1837 4665 1892 4719 iu

322 4759 765 4832 Mesopotamiam
812 4759 866 4813 in
918 4758 1135 4812 domum
1180 4755 1442 4822 Bathuel,
1495 4775 1513 4808 ›
1562 4765 1692 4821 etc.,
1720 4755 1895 4812 Graeci

323 4858 565 4912 habent:
605 4873 623 4906 ι
659 4853 803 4924 Fuge
833 4852 886 4906 iu
923 4849 1380 4920 Mesopotamiam,
1421 4868 1441 4902 ι
1466 4856 1596 4915 etc.,
1642 4857 1703 4903 ut
1740 4847 1897 4903 intelo

323 4949 519 5020 ligatur
539 4946 703 5000 etiam
733 4944 878 4999 lsaac
909 4941 1238 4997 intellexisse
1273 4939 1417 5010 quod
1445 4939 1588 4994 Esau
1615 4939 1682 4996 de
1724 4946 1897 4994 morte

323 5039 507 5095 fratris
538 5036 812 5108 cogitavit.

400 5151 417 5182 ι
453 5128 734 5185 Profectus
777 5141 927 5182 vero.
991 5144 1010 5178 ›
1052 5123 1225 5196 (Ιειυ.)
1271 5121 1440 5178 Jacob
1488 5121 1699 5194 fugiens
1748 5122 1900 5179 dolos

325 5224 540 5289 fratris,
587 5221 776 5278 relicta
817 5221 976 5277 domo
1003 5219 1201 5290 patria,
1233 5225 1288 5272 et
1314 5216 1646 5288 parentibus,
1671 5217 1824 5275 vadit
1845 5217 1900 5272 in

325 5317 603 5388 regionem
630 5313 998 5385 longinquam,
1024 5319 1083 5366 ut
1117 5309 1345 5380 accipiat
1367 5323 1612 5363 uxorem.
1639 5307 1904 5363 Similiter

325 5408 576 5464 Christus
596 5447 615 5473 ,
659 5407 862 5462 relictis
895 5405 1210 5476 parentibus
1235 5403 1526 5458 secundum
1554 5417 1770 5457 carnem
1789 5443 1804 5468 ,
1846 5402 1900 5458 id

326 5511 402 5556 est
434 5498 657 5564 Judais,
679 5507 735 5552 et
760 5497 956 5568 patria,
982 5495 1033 5550 id
1058 5505 1140 5550 est
1157 5492 1552 5565 Hierosolyma,
1579 5503 1633 5548 et
1653 5494 1904 5550 onmibus

327 5589 525 5648 Iudaeae
562 5589 894 5663 regionibus,
930 5587 1063 5643 abiit
1091 5587 1143 5641 in
1169 5594 1378 5657 gentes,
1421 5595 1479 5640 ut
1505 5586 1776 5656 acciperet
1801 5585 1904 5640 sibi

329 5686 627 5742 Ecclesiam
652 5725 667 5750 ,
702 5683 998 5738 secundum
1033 5679 1164 5736 illud
1183 5676 1335 5734 Osca:
1372 5694 1408 5732 ιι
1444 5696 1456 5733 :
1496 5697 1513 5730 ‹
1556 5675 1771 5732 Vocabo
1795 5691 1903 5731 non

328 5777 542 5849 plebem
573 5790 771 5839 meam,
808 5794 827 5827 ι
856 5780 961 5828 etc.

401 5866 569 5924 Vens.
593 5866 681 5922 10.
701 5895 774 5907 -
799 5883 817 5920 ι
849 5861 1276 5936 lgituregressus
1296 5859 1478 5927 Jacob,
1510 5880 1528 5913 ι
1555 5868 1661 5916 etc.
1687 5859 1906 5931 (6336.,

1993 3420 2178 3476 oculos
2205 3420 2463 3476 claudunt
2496 3439 2508 3475 :
2535 3439 2670 3494 quos
2695 3423 2832 3480 bene
2853 3423 3065 3479 clausos
3095 3423 3339 3478 diabolus
3365 3420 3576 3494 aperuit

1994 3512 2178 3567 dicens
2211 3531 2222 3566 :
2263 3531 2282 3563 ‹
2313 3513 2368 3568 1η
2397 3529 2721 3585 quacunque
2747 3515 2833 3572 die
2859 3514 3230 3579 comederitis,
3265 3513 3577 3588 aperientur

1994 3603 2135 3660 oculi
2172 3605 2339 3658 vestri
2365 3602 2519 3676 (Gen.
2556 3603 2661 3674 ut).
2700 3623 2718 3656 ι

2072 3735 2089 3768 ι
2125 3716 2268 3771 Vidit
2295 3717 2349 3770 in
2381 3717 2607 3783 somnis,
2638 3737 2654 3769 ι
2690 3725 2796 3772 etc.
2832 3716 3003 3790 (Isrn.)
3026 3717 3214 3789 Angeli
3250 3731 3348 3789 per
3375 3715 3578 3773 scalam

1997 3808 2350 3866 ascendentes
2402 3816 2456 3864 et
2503 3809 2924 3876 descendentes,
2973 3809 3315 3882 evangelistm
3358 3817 3484 3864 sunt
3525 3817 3582 3863 et

2001 3900 2384 3972 praedicatores
2411 3900 2658 3967 Christi,
2689 3901 3042 3956 ascendentes
3071 3901 3137 3956 ad
3181 3899 3580 3971 intelligendam

1999 3993 2377 4060 Diviuitatem;
2422 4009 2636 4050 omnem
2675 4002 2978 4050 creaturam
3005 3993 3352 4059 excedentes,
3385 4001 3444 4047 ut
3493 3991 3577 4046 in-

1998 4085 2218 4141 veniant
2244 4085 2296 4140 in
2323 4085 2590 4156 principio
2621 4085 2858 4160 Verbum
2900 4087 3042 4156 apud
3073 4087 3263 4152 Deum,
3293 4100 3391 4156 per
3418 4099 3578 4155 quem

1996 4178 2177 4234 omnia
2213 4176 2356 4234 facta
2387 4187 2530 4234 sunt.
2574 4178 2975 4234 Descendentes
3007 4186 3066 4234 ut
3095 4179 3371 4234 inveniant
3411 4193 3532 4232 eum
3564 4217 3579 4240 ,

2003 4288 2022 4322 ι
2059 4269 2260 4326 factum
2301 4287 2369 4327 ex
2390 4272 2640 4335 muliere,
2673 4269 2875 4328 factum
2904 4271 3004 4326 sub
3031 4271 3178 4341 lege,
3217 4289 3235 4322 ι
3270 4278 3376 4324 etc.
3409 4269 3464 4324 In
3493 4268 3581 4324 illa

1997 4364 2161 4420 etiam
2190 4363 2334 4420 scala
2363 4380 2394 4418 a
2427 4373 2568 4420 terra
2594 4380 2765 4436 usque
2809 4363 2878 4419 ad
2907 4363 3124 4427 ccelum,
3157 4378 3187 4416 a
3221 4375 3386 4417 carne
3411 4375 3582 4432 usque

1999 4456 2068 4510 ad
2095 4455 2342 4526 spiritum
2376 4470 2390 4510 :
2424 4456 2549 4527 quia
2578 4456 2632 4510 in
2657 4455 2745 4510 illa
2773 4455 3018 4510 carnales
3043 4454 3400 4524 proﬁciendo,
3422 4452 3580 4525 quasi

2000 4544 2340 4600 ascendendo
2370 4545 2678 4616 spirituales
2706 4545 2859 4600 ﬁunt.
2883 4545 2966 4600 Ad
2989 4560 3126 4614 quos
3156 4545 3295 4602 lacte
3334 4545 3552 4601 nutricn

2000 4637 2100 4695 dos
2150 4638 2456 4709 spirituales
2489 4639 2859 4705 descendunt,
2896 4641 3023 4710 quia
3070 4653 3176 4695 non
3231 4646 3457 4710 possunt
3501 4638 3581 4693 eis

2002 4728 2146 4799 loqui
2178 4729 2334 4800 quasi
2357 4730 2725 4801 spiritualibus
2746 4772 2760 4797 ,
2811 4732 2903 4786 sed
2926 4733 3083 4802 quasi
3115 4731 3442 4788 carnalibus.
3469 4729 3584 4802 Ipse

2003 4829 2087 4877 est
2111 4836 2328 4876 sursum
2356 4822 2408 4876 in
2429 4822 2623 4892 capite,
2651 4823 2765 4892 ipse
2783 4824 3032 4878 deorsum
3058 4824 3111 4878 iu
3137 4838 3361 4894 corpore
3387 4837 3505 4886 suo,
3531 4820 3582 4878 id

2003 4922 2090 4969 est
2116 4912 2386 4979 Ecclesia;
2441 4913 2556 4983 ipse
2585 4913 2760 4982 scala,
2793 4916 2885 4986 qui
2913 4915 2989 4970 ait
3015 4913 3173 4971 Joan.
3221 4931 3315 4971 xiv
3349 4933 3362 4970 :
3401 4933 3419 4967 ι
3469 4913 3583 4986 Ego

2003 5023 2122 5064 sum
2150 5007 2259 5074 via,
2295 5025 2314 5059 ι
2351 5015 2458 5062 etc.
2499 5006 2581 5062 Ad
2613 5007 2787 5078 ipsum
2816 5008 3148 5074 ascenditur,
3183 5016 3246 5063 ut
3272 5007 3326 5062 in
3351 5005 3584 5062 excelsis

2006 5099 2374 5169 intelligatur:
2399 5109 2454 5155 et
2480 5100 2852 5168 descenditur,
2883 5109 2942 5156 ut
2969 5101 3022 5156 in
3054 5101 3312 5158 membris
3339 5099 3584 5172 parvulis

2005 5192 2308 5259 nutriatur;
2337 5208 2435 5264 per
2475 5193 2624 5248 illum
2647 5208 2707 5249 se
2739 5193 2974 5264 erigunt,
3004 5203 3062 5248 ut
3083 5193 3367 5250 sublimem
3394 5207 3584 5264 exspe-

2007 5294 2193 5340 ctent:
2223 5292 2281 5339 et
2304 5284 2612 5352 humiliant,
2634 5294 2696 5341 ut
2721 5301 2844 5341 eum
2874 5285 3179 5342 sublimiter
3201 5295 3256 5342 et
3277 5295 3583 5357 temperan~

2007 5383 2091 5431 ter
2122 5375 2462 5431 annuntient.

2078 5488 2243 5544 Vens.
2277 5489 2461 5546 15-15.
2485 5519 2558 5531 -
2587 5508 2607 5543 ι
2646 5489 2758 5563 Ego
2792 5505 2911 5546 sum
2941 5490 3200 5547 Dominus
3229 5490 3372 5546 Deus
3413 5489 3588 5544 Abra-
3631 5527 3640 5535 -

2013 5603 2032 5638 ι
2068 5583 2219 5649 ham,
2250 5602 2268 5636 ι
2307 5592 2412 5638 etc.
2442 5582 2667 5655 Mystice
2702 5583 2951 5654 designat
2988 5583 3298 5638 mandatum
3327 5581 3583 5636 divinita-

2009 5675 2079 5730 tis
2107 5675 2174 5730 ad
2205 5673 2595 5730 humanitatem
2635 5671 2834 5728 Christi
2877 5672 3165 5736 directum,
3193 5672 3279 5726 cui
3315 5680 3456 5726 terra
3478 5713 3492 5736 ,
3527 5673 3578 5727 id

2009 5774 2094 5821 est
2119 5806 2134 5832 ,
2166 5765 2408 5820 Ecclesia
2441 5805 2456 5830 ,
2484 5765 2858 5834 promittitur;
2895 5774 2948 5819 ct
2970 5763 3160 5819 semini
3192 5763 3335 5820 illius
3361 5805 3375 5829 ,
3409 5763 3459 5818 id
3499 5772 3586 5819 est

2012 5858 2324 5916 Christiano
2349 5858 2563 5928 p0pulo.
2593 5857 2747 5914 Unde
2778 5857 2970 5927 psalm.
3002 5872 3039 5912 ιι
3073 5873 3085 5909 :
3115 5876 3137 5933 _«
3174 5857 3392 5913 Postnla
3420 5875 3448 5912 a
3475 5875 3583 5920 me,
