4074 6334
470 408 575 471 I55
960 399 1352 460 WALAFRIDI
1389 398 1631 463 STRABI
1668 397 1876 457 FULD.
1920 392 2062 461 ΜΟΝ

2160 392 2276 461 ire.
2318 394 2500 455 PARS
2536 396 2578 463 ι.
2620 422 2691 437 -
2729 392 3191 452 THEOLOGICA.
3629 398 3733 479 ise

469 536 525 587 et
553 525 692 581 dabo
732 522 829 579 tibi
850 527 1039 593 gentes
1064 516 1435 575 haereditatem
1456 524 1627 580 tuam,
1660 522 1717 569 et
1742 510 2042 584 possessio-
2071 476 2393 613 Actor-inus
2431 518 2643 613 martyr
2679 507 2885 613 Rachel
2927 516 2984 565 et
3026 508 3181 577 Lien!
3216 508 3273 569 in
3326 476 3763 613 similitudinem.

472 634 596 677 nem
626 624 773 673 tuam
812 613 1078 671 terminos
1104 619 1283 668 terrai.
1320 628 1340 663 ι

542 709 708 767 Vens.
741 705 947 775 16,17.
990 734 1064 748 ——
1107 723 1126 756 α
1177 702 1422 773 Cumque
1467 698 1811 771 evigilasset,
1870 715 1889 751 ι
1942 703 2049 757 ειε.

471 802 729 875 Quisquis
758 805 879 873 post
909 807 1181 868 torporem
1214 794 1422 851 inertiae
1447 789 1813 860 evigilaverit,
1860 796 1918 845 et
1956 800 2056 856 per

478 893 801 953 exercitium
830 890 956 945 boui
978 889 1159 959 operis
1180 900 1305 943 vere
1334 881 1715 941 exsurrexerit.
1739 881 1792 939 in
1815 877 2054 949 Ecclesia

476 984 973 1058 supereniineutem
1016 978 1263 1049 gratiam
1320 975 1413 1031 Dei
1460 982 1517 1030 et
1564 972 1847 1028 introitum
1903 968 2055 1040 regni

476 1077 714 1133 cmlestis
741 1073 1026 1144 intelﬂget.

546 1168 710 1225 Vens.
746 1167 833 1223 18.
859 1168 930 1206 -ὶ
964 1183 984 1217 ς
1020 1163 1258 1233 Surgens
1289 1174 1439 1231 ergo,
1479 1178 1498 1211 ι
1531 1164 1636 1213 etc.
1671 1154 1854 1228 (Αυση
1904 1153 1970 1220 Q.
2002 1153 2057 1209 in

476 1258 635 1323 Gem,
668 1266 799 1314 tom.
853 1253 967 1328 Ill.)
1000 1254 1150 1319 Cuod
1183 1269 1203 1303 ι
1252 1250 1427 1307 erexit
1461 1268 1479 1301 ι
1513 1246 1702 1313 Jacob,
1759 1264 1778 1298 ι
1827 1243 2059 1315 lapidem

476 1367 639 1421 quem
667 1348 834 1420 capiti
864 1352 1222 1416 supposuerat
1258 1361 1277 1393 ι
1316 1342 1370 1397 in
1400 1340 1615 1397 titulum
1637 1378 1652 1403 ,
1681 1346 1737 1393 et
1758 1334 2062 1407 superfudit

475 1444 675 1507 oleum,
728 1442 860 1497 nihil
906 1439 1036 1494 fecit
1079 1436 1396 1492 idololatriae
1425 1433 1600 1490 simile
1632 1432 1796 1504 :quia
1837 1447 1943 1509 non
1975 1428 2060 1489 vel

478 1543 604 1593 tunc
630 1532 711 1591 vel
758 1540 940 1603 postea
982 1527 1350 1607 frequcntavit
1384 1525 1618 1597 lapidem
1659 1521 1935 1579 adorando
1968 1528 2061 1593 apt

475 1628 524 1683 ei
569 1624 958 1697 sacriﬁcando;
992 1624 1085 1681 sed
1132 1622 1342 1707 sigrium
1400 1618 1503 1705 fuit
1526 1626 1581 1675 et
1625 1617 1908 1705 prophetia
1938 1631 2061 1701 per-

478 1719 656 1774 tinens
685 1717 753 1773 ad
782 1716 1117 1793 unctionem,
1149 1714 1293 1771 unde
1320 1712 1571 1779 Christus
1600 1710 1819 1771 dicitur.

2149 600 2407 661 Ecclesiae
2436 609 2492 658 et
2536 600 2835 673 Synagogae
2865 601 3257 672 interpretatus
3284 611 3390 663 est.
3424 602 3577 663 Liam
3622 622 3742 663 ma-

2145 691 2322 763 jorem
2367 699 2493 749 natu
2535 691 2903 769 Synagogam‘
2935 692 3249 766 significare
3285 696 3584 763 existimat,
3612 698 3744 769 quia

2152 784 2301 857 prior
2326 783 2580 855 populum
2610 783 2708 839 Dei
2740 783 2929 855 genuit
2954 802 2968 837 :
2994 798 3116 854 quae
3149 784 3324 845 oculis
3352 787 3495 860 lippa
3518 788 3740 857 dicitur,

2100 894 2120 914 σ
2155 876 2281 946 quia
2332 874 2419 933 lex
2466 891 2563 946 per
2590 875 2773 933 Mosen
2802 877 2927 932 data
2969 886 3261 955 cooperala
3299 888 3382 934 est
3408 890 3464 936 et
3503 881 3739 953 signata.

2157 969 2362 1025 Rachel
2386 970 2563 1025 minor
2581 977 2635 1025 et
2658 969 2906 1040 pulchra,
2928 971 3080 1040 prius
3104 971 3327 1039 sterilis,
3354 985 3474 1044 post
3488 973 3741 1041 fecunda,

2157 1060 2457 1119 Ecclesiam
2487 1061 2683 1134 signat,
2710 1077 2831 1132 qua:
2860 1073 3103 1134 tempore
3131 1065 3424 1136 posterior,
3447 1065 3539 1122 sed
3557 1078 3746 1132 sancta

2161 1167 2391 1224 corpore
2412 1162 2468 1211 et
2488 1153 2702 1223 spiritu.
2726 1152 2882 1213 Oculi
2896 1153 3013 1223 ejus
3034 1155 3237 1222 decori,
3253 1156 3378 1228 quia
3395 1157 3747 1229 Evangelium

2157 1245 2344 1303 videre
2382 1255 2718 1303 meruerunt.
2762 1244 2868 1305 Sed
2897 1246 2988 1303 diu
3034 1248 3237 1305 sterilis
3276 1248 3405 1307 dum
3456 1247 3748 1323 SynagOga

2159 1337 2417 1409 populum
2466 1338 2765 1409 generavit.
2816 1337 2922 1397 Pro
2950 1337 3155 1395 Rachel
3204 1337 3373 1396 Jacob
3404 1340 3661 1405 servivit,
3689 1350 3750 1398 et

2158 1427 2484 1497 supponitur
2524 1428 2572 1482 ei
2602 1426 2700 1484 Lia
2731 1446 2746 1481 :
2778 1428 2907 1497 quia
2937 1426 3189 1484 Christus
3225 1437 3283 1483 ut
3312 1429 3608 1489 Ecclesiam
3640 1430 3747 1486 sibi

2162 1526 2494 1584 assumeret,
2515 1518 2666 1589 prius
2691 1517 2793 1574 sibi
2823 1519 3165 1591 Synagogam
3189 1520 3489 1592 conjunxit.

2236 1607 2399 1665 Vsus.
2431 1608 2621 1667 20—35.
2646 1638 2719 1651 —
2746 1627 2766 1662 ι
2801 1608 3038 1664 Servivit
3067 1625 3198 1684 ergo
3225 1609 3394 1669 Jarob
3419 1627 3518 1683 pro
3542 1610 3751 1669 Rachel

2168 1715 2189 1750 ι
2225 1711 2433 1770 septem
2478 1700 2657 1755 annis.
2705 1718 2724 1752 ι
2761 1698 3009 1756 Servitus
3044 1699 3214 1761 Jacob
3237 1712 3443 1774 septem
3479 1719 3751 1760 annorum

547 1809 712 1866 γεηε,
767 1808 948 1871 49.21,
993 1790 1069 1848 ζ...
1116 1826 1135 1859 ε
1204 1803 1614 1878 ᾼρρειιεινίιψιθ
1668 1816 1864 1857 nomen
1911 1798 2061 1859 urbis
2161 1804 2262 1859 pro
2291 1790 2501 1859 duabus
2527 1790 2814 1865 uxoribus,
2839 1794 3125 1863 prmsentis
3148 1793 3273 1849 vitae
3301 1801 3511 1863 tempus
3545 1795 3747 1867 signat,

481 1921 501 1955 ι
533 1902 761 1979 Remel,
806 1922 824 1955 ι
878 1916 984 1959 etc.
1020 1876 1319 1974 (litesque
1345 1897 1473 1952 locis
1517 1890 1840 1964 Hebraicis.)
1872 1893 1955 1951 Ab
1995 1908 2061 1949 eo
2089 1881 2140 1944 Β
2164 1882 2307 1952 «ιυοά
2335 1890 2541 1979 δερίξειῐι
2588 1882 3075 1979 diebusvolvitlll'i
3097 1885 3150 1939 in
3178 1899 3298 1979 _¢l“°
3328 1884 3591 1979 .Dnﬂlim'S
3638 1886 3752 1943 ἀπ’

475 1996 620 2067 quod
635 1995 837 2051 dictum
856 2002 957 2053 est,
978 2012 994 2044 ι
1019 2007 1180 2063 quam
1197 1989 1453 2063 terribilis
1466 1998 1549 2043 est
1564 1988 1715 2045 locus
1736 1988 1857 2051 iste,
1888 2007 1907 2040 ι
1926 1997 2057 2059 etc.,

477 2085 596 2143 loco
631 2100 825 2161 nomen
852 2082 1078 2163 imponit
1107 2081 1311 2145 Bethel,
1356 2082 1408 2135 id
1442 2089 1527 2153 est
1566 2079 1777 2133 domum
1812 2077 1928 2139 Dei,
1967 2076 2059 2151 qui

477 2188 603 2237 ante
649 2178 794 2255 Luca
837 2179 1153 2257 vocabatur,
1187 2176 1365 2253 idest
1388 2214 1402 2237 ,
1444 2188 1553 2227 nux
1580 2170 1664 2227 vel
1701 2170 2057 2245 amygdalum.

482 2269 631 2326 Unde
657 2268 882 2325 ridicule
907 2267 1126 2339 quidam
1154 2267 1379 2337 verbum
1416 2264 1736 2343 Hebraicum
1762 2265 1905 2317 utam
1927 2304 1940 2328 ,
1968 2277 2064 2337 n0-

476 2378 599 2419 men
626 2363 777 2419 urbis
791 2377 912 2417 esse
934 2369 1154 2432 putant:
1178 2375 1302 2415 cum
1328 2357 1473 2433 utam
1490 2357 1879 2428 interpretetur
1891 2358 2060 2435 prius.

477 2452 621 2511 Ordo
657 2470 787 2527 ergo
813 2455 917 2527 iste
954 2461 1040 2509 est
1086 2450 1336 2523 lectionis
1367 2468 1379 2504 :
1411 2449 1641 2506 Vocavit
1677 2464 1877 2527 nomen
1919 2448 2064 2517 illius

481 2546 584 2603 loci
610 2546 797 2613 Bethel
817 2585 832 2609 ,
859 2544 1088 2617 etprius
1116 2542 1259 2615 Luza
1292 2540 1613 2597 vocabulqu
1661 2540 1915 2617 civitatis.
1954 2539 2064 2599 An-

477 2636 643 2708 tiqua:
665 2652 791 2702 vero
808 2613 1089 2707 scriptura:
1110 2613 1276 2688 verbo
1296 2632 1439 2687 uiam
1465 2620 1549 2707 vel
1568 2629 1707 2701 olant
1727 2613 1874 2695 nx‘n
1894 2628 2064 2703 plence

442 2782 449 2787 .
478 2739 622 2792 sunt,
656 2732 802 2799 quod
827 2727 961 2797 nihil
991 2726 1260 2798 significat
1280 2724 1382 2781 nisi
1402 2725 1550 2799 prius
1576 2723 1657 2783 vel
1685 2733 1805 2791 ante
1848 2723 2067 2799 vestibu-

478 2821 611 2887 lum,
638 2820 723 2877 vel
742 2818 1176 2891 superliminqre,
1206 2817 1289 2874 vel
1316 2827 1506 2891 postea,
1533 2826 1641 2872 etc.

550 2910 718 2967 Vens.
768 2911 859 2965 22.
908 2940 979 2951 —
1031 2928 1050 2962 ι
1109 2908 1178 2964 Ει
1223 2909 1359 2983 lapis
1390 2909 1512 2983 iste,
1544 2907 1828 2979 vocabitur
1871 2907 2066 2965 domus

483 3024 503 3059 ι
538 3004 656 3071 Dei,
696 3024 715 3056 »
745 3013 851 3079 etc.
880 3003 1168 3089 Prophetia
1197 3011 1282 3058 est
1301 3002 1497 3091 demtis
1520 3001 1612 3075 Dei
1644 3002 1718 3091 ibi
1747 3000 1963 3089 futurae,
1988 3001 2062 3058 ibi

478 3103 537 3152 et
565 3096 681 3169 ipse
709 3096 925 3185 rediens
953 3078 1064 3183 Deo
1092 3078 1443 3175 sacriﬁcavit.
1472 3078 1489 3087 ’
1668 3078 1685 3099 ⁸

1039 3250 1268 3335 canor
1307 3250 1504 3308 xxrx.

548 3366 715 3424 Vens.
733 3365 875 3443 HQ.
896 3396 971 3408 —
991 3386 1010 3420 ι
1029 3365 1315 3443 Profectus
1336 3382 1466 3443 ergo
1485 3365 1677 3433 Iacob,
1701 3385 1720 3443 ξ
1740 3377 1847 3443 etc.
1871 3386 1888 3420 ι
1920 3366 2066 3423 Vidit

483 3479 504 3514 ι
531 3470 750 3541 puteum
874 3436 1087 3541 agropi'
1112 3440 1217 3541 etc.
1245 3436 1565 3541 Qqua—putei
1598 3436 1824 3541 scientia
1855 3446 2065 3519 Veteris

483 3479 504 3514 ι
531 3478 750 3534 puteum
792 3479 847 3517 in
874 3478 1023 3537 agro,
1058 3481 1077 3515 ι
1112 3478 1217 3535 etc.
1245 3478 1398 3539 aqua
1460 3478 1565 3537 utet
1598 3478 1824 3541 setenua
1859 3478 2065 3519 veteris

479 3530 856 3609 Testamenti':
888 3526 1212 3623 quamlapis
1232 3478 1536 3639 claudebat,
1567 3552 1693 3635 quia
1722 3534 1901 3607 littera
1930 3552 2066 3645 legis

478 3644 812 3716 spiritualem
869 3659 1090 3723 sensum
1140 3645 1194 3701 in
1239 3660 1306 3701 eo
1364 3645 1612 3707 celabat;
1666 3646 1761 3701 sed
1812 3644 2065 3702 veniente

479 3731 696 3791 Christo
747 3716 1152 3805 lapis'remotus
1179 3740 1300 3801 est,
1343 3750 1465 3791 cum
1493 3750 1583 3807 per
1623 3737 2065 3807 praedicationem

481 3824 616 3882 Novi
662 3825 993 3882 Testameuti
1038 3828 1228 3882 umbra
1272 3826 1407 3898 legis
1451 3827 1672 3884 exclusa
1759 3838 1815 3883 et
1859 3829 2065 3886 veritas

480 3914 755 3989 Evangelii
778 3900 1054 3999 patefacta
1083 3926 1187 3973 est.
1328 3932 1335 3937 '
1870 3976 1877 3984 ,

554 4008 863 4081 Allegorice.
918 4002 1026 4064 Per
1072 4016 1292 4081 puteum
1346 4010 1680 4089 baptismus,
1726 4026 1827 4082 per
1872 4026 2064 4083 agrum

483 4102 717 4157 mundus
742 4101 1063 4177 exprimitur
1095 4120 1108 4155 :
1156 4116 1255 4171 per
1288 4111 1396 4157 tres
1438 4116 1629 4173 greges
1659 4100 1815 4172 juxta
1844 4111 2063 4179 puteum

485 4191 854 4255 accubantes‘,
903 4192 1186 4262 signantur
1213 4191 1289 4246 illi
1337 4192 1427 4261 qui
1476 4192 1542 4246 ad
1587 4192 1745 4248 [idem
1787 4192 2068 4250 Trinitatis

487 4283 805 4354 capiendam
843 4268 1149 4352 pertinent,
1189 4281 1242 4336 in
1290 4280 1595 4338 humilitate
1622 4290 1942 4354 expetentes
1971 4284 2066 4341 ba-

484 4374 668 4447 ptismi
700 4376 952 4447 gratiam.

561 4487 579 4520 ι
624 4466 901 4539 Lapidem.
940 4487 959 4520 ι
1013 4466 1222 4522 Duritia
1265 4465 1621 4533 infidelitatis,
1668 4483 1774 4539 qua
1821 4466 2066 4539 abiecta,

483 4560 781 4632 percipitur
809 4559 1109 4630 baptismus
1128 4544 1286 4615 vitae;
1302 4548 1556 4614 Pastores
1578 4568 1756 4615 autem
1780 4546 1906 4616 sunt
1929 4576 2067 4631 prae-

483 4652 581 4710 lati
610 4642 883 4712 Ecclesiae.
915 4650 1028 4721 qui,
1054 4660 1236 4706 amoto
1259 4651 1452 4721 lapide,
1477 4666 1573 4722 per
1596 4650 1766 4708 Jacob
1790 4651 2067 4723 adaquare

483 4758 677 4817 greges
700 4744 923 4812 cupiunt
953 4761 966 4796 :
998 4742 1122 4813 quia
1146 4741 1363 4798 Christo
1383 4730 1661 4800 auferente
1690 4742 2065 4803 infidelitatem

485 4838 555 4894 ab
596 4850 783 4891 eorum
834 4834 1087 4891 cordibus
1140 4849 1278 4906 quos
1322 4836 1728 4906 prazdestinavit
1775 4836 1843 4891 ad
1883 4851 2068 4891 sacra-

486 4938 729 4987 mentum
756 4922 1353 4999 haptismifabluuutur
1377 4928 1518 4982 unda
1550 4914 1966 4999 purificationis.

559 5018 719 5078 Vens.
746 5018 927 5075 11-16.
956 5048 1027 5061 -—
1050 5037 1069 5071 ι
1094 5016 1378 5076 Osculatus
1401 5028 1484 5075 est
1497 5035 1638 5075 eam.
1672 5040 1691 5071 ι
1721 5018 1905 5090 (Aura)
1925 5016 2069 5074 Con-

485 5111 786 5171 suetudinis
814 5110 912 5167 fuit
935 5111 1170 5167 maxime
1198 5111 1251 5166 in
1293 5109 1385 5165 illa
1414 5110 1759 5181 simplicitate
1806 5104 2056 5179 antiquo-

485 5219 626 5269 rum,
657 5213 717 5259 ut
741 5205 1023 5275 propinqui
1048 5203 1378 5275 propinquos
1402 5201 1803 5267 oscularentur,
1825 5210 1883 5257 et
1903 5202 2065 5258 hodie

487 5296 548 5353 ﬁt
577 5298 633 5351 in
680 5294 862 5351 multis
907 5295 1058 5350 locis.
1093 5293 1201 5349 Sed
1231 5294 1398 5364 quaeri
1446 5292 1625 5363 pdtest
1662 5294 1932 5362 quomodo
1974 5293 2063 5348 illa

488 5392 556 5448 ab
578 5390 759 5462 ignoto
781 5388 1023 5444 osculum
1047 5388 1337 5458 acceperit,
1357 5388 1401 5441 si
1420 5395 1606 5457 postea
1623 5385 1880 5443 iudicavit
1896 5385 2062 5443 Jacob

486 5472 977 5554 propinquitatem?
997 5479 1139 5551 Ergo
1166 5479 1572 5549 intelligendum
1602 5486 1687 5533 est
1719 5498 1731 5533 :
1762 5488 1853 5534 aut
1886 5480 2057 5546 illum,

490 5572 582 5643 qui
633 5572 1089 5644 propinquitatem
1142 5577 1395 5633 noverat,
1440 5568 1666 5627 ﬁdenter
1714 5570 1769 5625 in
1816 5571 2062 5627 osculum

487 5661 733 5728 iuuisse,
758 5673 851 5718 aut
872 5671 1055 5733 postea
1088 5661 1424 5731 Scripturam
1451 5677 1702 5719 narrasse
1730 5678 1827 5733 per
1852 5665 2059 5736 recapi-

489 5755 827 5823 tulatiouem,
841 5772 962 5811 cum
986 5757 1218 5826 primum
1231 5752 1399 5810 Jacob
1423 5755 1873 5826 indicaveritquis
1892 5764 2058 5812 esset.

560 5843 726 5903 Vsus.
759 5847 939 5903 lli-i9.
964 5876 1036 5887 ——
1068 5867 1085 5899 ι
1124 5844 1329 5903 Nomen
1364 5846 1585 5919 majoris
1609 5845 1729 5913 Lia,
1769 5866 1791 5901 ι
1829 5855 1937 5904 etc.
1973 5846 2062 5904 Vi-

2164 1988 2307 2028 mam
2330 1973 2471 2029 servi
2496 1973 2725 2044 accepit,
2756 1974 3016 2031 obedieus
3042 1973 3191 2033 Patri
3217 1976 3466 2048 usquead
3496 1987 3748 2034 mortem.

2161 2063 2330 2121 Jacob
2352 2064 2600 2133 servivit,
2642 2065 2773 2139 quia
2807 2083 2826 2116 ι
2868 2066 3009 2121 (ilius
3045 2067 3281 2139 hominis
3318 2082 3423 2127 non
3460 2069 3608 2124 venit
3649 2069 3754 2124 mi-

2163 2158 2422 2222 nistrari,
2481 2156 2577 2213 sed
2622 2157 2931 2213 miniStrare
2977 2156 3195 2233 (Manli.
3245 2174 3335 2239 xx,
3370 2178 3389 2213 ι
3432 2174 3447 2215 :
3493 2159 3585 2216 ille
3620 2174 3755 2239 oves

2160 2249 2330 2320 pavit,
2360 2257 2414 2302 et
2439 2246 2689 2303 Christus
2720 2248 2855 2303 dixit
2884 2248 3067 2321 (Joan.
3098 2250 3155 2331 ιι)
3182 2268 3194 2303 :
3225 2269 3244 2303 ι
3278 2250 3393 2323 Ego
3416 2268 3535 2308 sum
3562 2262 3756 2324 pastor

2162 2338 2355 2413 bonus.
2380 2358 2398 2391 ι
2426 2338 2521 2421 ille
2544 2354 2644 2411 pro
2670 2340 2916 2397 mercede
2945 2340 3156 2395 varium
3180 2355 3345 2425 pecus
3368 2342 3470 2399 sibi
3495 2342 3750 2401 abstulit:

2163 2432 2415 2489 Christus
2455 2434 2794 2515 diversarum
2824 2435 3066 2504 gentium
3106 2435 3427 2515 varietatem
3476 2435 3578 2501 sibi
3622 2451 3756 2492 con-

2163 2527 2428 2600 gregavit.
2484 2512 2591 2582 Ille.
2619 2535 2732 2583 tres
2774 2528 2954 2601 virgas
3001 2512 3293 2601 amputatis
3343 2530 3638 2587 corticibus
3696 2531 3754 2588 in

2165 2617 2333 2675 alveis
2385 2634 2649 2691 aquarum
2696 2621 2910 2693 posuit,
2964 2628 3024 2697 ut
3066 2633 3254 2699 earnm
3294 2620 3756 2699 contemplatione

2166 2710 2656 2782 multiplicarentur
2700 2725 2829 2767 oves
2867 2729 2880 2766 :
2914 2696 2969 2767 et
3000 2696 3261 2769 Dominus
3301 2696 3487 2791 uoster
3526 2713 3579 2793 in
3610 2728 3754 2783 aqua

2164 2804 2508 2877 baptismatis
2554 2805 2716 2860 trium
2770 2819 3126 2875 personarum
3171 2804 3387 2887 nomina
3434 2805 3645 2885 Patris,
3700 2814 3758 2862 et

2165 2896 2287 2955 Filii
2312 2937 2328 2961 ,
2361 2906 2417 2965 et
2462 2897 2696 2969 Spiritus
2724 2897 2921 2966 sancti,
2949 2897 3147 2973 populo
3178 2897 3319 2971 ﬁdeli
3362 2899 3667 2973 proposuit,
3692 2908 3756 2957 ut

2165 2991 2255 3061 qui
2287 2991 2390 3046 hoc
2418 2989 2576 3062 pleno
2606 2990 2769 3046 corde
2790 2990 3163 3069 prospexerit,
3194 2978 3459 3061 efficiatur
3489 2993 3608 3048 ovis
3636 2994 3754 3050 Dei.

2242 3100 2261 3133 ι
2300 3080 2368 3136 Ει
2410 3081 2732 3136 videbantur
2761 3080 3024 3152 illi-pauci
3057 3081 3277 3149 dies,»
3327 3091 3434 3141 etc.
3467 3082 3759 3153 Quomodo

2168 3173 2273 3229 hoc
2302 3174 2503 3261 dictum
2529 3175 2600 3230 sit
2624 3176 2972 3261 quaerendum
2995 3184 3101 3242 est,
3124 3189 3248 3232 cum
3270 3185 3326 3232 et
3346 3177 3509 3234 breve
3542 3187 3760 3249 tempus

2089 3243 2141 3312 C
2170 3246 2397 3335 longum
2426 3243 2687 3320 videatur
2718 3264 3064 3321 amantibus?
3112 3266 3324 3323 Dictum
3358 3277 3443 3325 est
3473 3285 3604 3341 ergo
3631 3243 3761 3342 pro-

2170 3362 2291 3425 pter
2312 3352 2554 3411 laborem
2584 3355 2883 3419 servitutis,
2905 3371 3065 3426 quem
3088 3355 3304 3414 facilem
3328 3359 3555 3416 faciebat
3578 3376 3754 3417 amor.

2243 3445 2428 3518 (Auc.,
2457 3446 2551 3501 lib.
2583 3462 2697 3501 xm
2735 3436 2923 3502 contra
2959 3444 3267 3522 Faustum.)
3289 3448 3398 3506 Pro
3419 3450 3624 3524 ingenti
3649 3452 3759 3509 cri-

2168 3537 2317 3592 mine
2356 3536 2686 3607 objiciuntur
2726 3535 2897 3593 Jacob
2925 3532 3159 3609 quatuor
3205 3524 3423 3597 uxores.
3466 3540 3575 3598 Sed
3621 3559 3760 3615 quo-

2171 3631 2314 3686 niam
2364 3641 2493 3686 tunc
2521 3645 2641 3687 mos
2666 3640 2805 3696 erat,
2838 3632 3045 3688 crimen
3074 3648 3179 3690 non
3205 3642 3356 3701 erat;
3398 3651 3545 3691 nunc
3573 3646 3757 3693 autem

2171 3723 2377 3778 crimen
2420 3730 2504 3778 est
2529 3763 2545 3788 ,
2592 3722 2721 3795 quia
2748 3738 2870 3780 mos
2905 3739 3011 3780 non
3039 3734 3154 3791 est,
3198 3734 3333 3794 etc.,
3362 3744 3525 3801 usque
3553 3729 3626 3784 ad
3652 3731 3760 3787 nisi

2170 3818 2621 3889 concupiscentiae
2647 3818 2885 3876 carnalis
2913 3819 3218 3891 ﬂagrantia.

2242 3909 2413 3981 (lsm.,
2447 3910 2500 3965 in
2545 3907 2702 3976 Gem,
2736 3919 2864 3966 tom.
2898 3910 2988 3985 γ.)
3038 3912 3168 3968 Dum
3209 3922 3336 3969 sunt
3376 3928 3508 3987 ergo
3558 3930 3762 3974 uxores

2168 4001 2337 4059 Jacob
2397 4003 2598 4071 liberie,
2643 4005 2817 4060 amba:
2879 4006 3023 4061 enim
3074 4004 3197 4062 ﬁliae
3242 4000 3579 4065 remissionis
3632 4025 3763 4083 pec-

2169 4105 2436 4163 catorum,
2478 4105 2606 4162 etc.,
2650 4114 2814 4169 usque
2855 4098 2926 4153 ad
2969 4102 3025 4155 et
3052 4099 3186 4156 vidit
3228 4101 3282 4157 in
3324 4102 3595 4173 principio
3621 4100 3762 4158 Ver-

2168 4176 2296 4245 bum
2327 4191 2466 4262 apud
2497 4191 2688 4257 Deum,
2720 4202 2775 4247 et
2798 4190 2913 4249 vult
2945 4208 3158 4264 parere,
3193 4204 3248 4251 et
3272 4212 3377 4251 non
3401 4207 3604 4268 potest,
3627 4200 3760 4268 quia

2175 4302 2195 4336 ι
2226 4283 2635 4355 generationem
2665 4284 2782 4354 ejus
2809 4286 2931 4355 quis
2961 4286 3276 4347 enarrabit?
3303 4308 3320 4338 ι
3361 4289 3500 4361 (Act.
3542 4290 3686 4364 vni.)

2241 4373 2415 4447 (lstn.)
2448 4376 2573 4430 Duae
2619 4375 2801 4435 liberae
2844 4391 3045 4433 uxores
3076 4376 3267 4444 Iacob,
3299 4380 3426 4451 quia
3470 4380 3589 4437 dote
3631 4382 3764 4440 vitae

2170 4467 2326 4523 nobis
2350 4468 2403 4522 in
2426 4483 2655 4539 corpore
2673 4466 2800 4525 Jesu
2816 4468 3019 4526 Christi
3035 4472 3420 4542 praedicantur.
3444 4483 3577 4541 etc.,
3595 4491 3763 4547 usque

2170 4558 2241 4614 ad
2288 4558 2395 4615 Sed
2439 4559 2542 4615 hoc
2582 4574 2687 4617 non
2718 4569 2897 4631 potest
2934 4562 2989 4617 in
3021 4570 3166 4618 terra
3201 4565 3585 4633 morientium,
3611 4569 3761 4639 quod

2094 4627 2149 4689 ι)
2172 4651 2258 4707 his
2286 4652 2468 4707 verbis
2498 4627 2860 4724 signiﬁcatur.

2244 4741 2404 4807 Vens.
2431 4742 2523 4799 26.
2548 4774 2620 4784 —
2653 4763 2671 4796 ι
2719 4744 2835 4801 Non
2862 4754 2947 4803 est
2989 4747 3045 4804 in
3081 4747 3200 4804 loco
3227 4756 3417 4805 nostro
3463 4761 3760 4807 consuetu—

2176 4850 2194 4885 α
2231 4833 2394 4900 diuis,
2427 4854 2446 4888 ι
2476 4842 2584 4890 etc.
2617 4833 2742 4906 (ln.,
2766 4835 2922 4908 ibid.)
2953 4835 3125 4906 Major
3145 4837 3448 4910 appellatur
3467 4854 3587 4909 qua:
3612 4848 3751 4895 tem-

2169 4941 2300 4996 pore
2332 4925 2482 4997 prior
2502 4932 2605 4991 est,
2630 4937 2764 4993 etc.,
2795 4943 2959 4999 usque
2984 4928 3054 4982 ad
3081 4930 3148 4984 ad
3175 4946 3341 4986 unum
3361 4945 3492 5002 ergo
3525 4930 3753 4987 tenden-

2169 5015 2320 5081 dum,
2342 5017 2436 5072 sed
2460 5025 2681 5086 propter
2704 5017 2806 5072 hoc
2828 5017 2992 5073 multa
3023 5018 3264 5076 ferenda.

2239 5108 2361 5181 (Im,
2396 5109 2550 5183 ibid.)
2578 5109 2811 5169 Proinde
2838 5112 2948 5168 vita
2975 5129 3098 5185 qua:
3125 5116 3305 5173 studio
3330 5116 3753 5188 contemplatio-

2165 5202 2252 5259 nis
2278 5205 2560 5275 competit,
2589 5214 2724 5272 etc.;
2764 5223 2930 5271 usque
2958 5208 3029 5263 ad
3061 5210 3204 5266 unde
3231 5210 3375 5268 infra
3404 5226 3513 5266 xxx
3543 5230 3555 5267 :
3592 5232 3613 5264 ‹
3650 5211 3753 5271 Ze-

2171 5295 2321 5353 labat
2344 5296 2551 5353 Rachel
2577 5313 2820 5355 sororem
2856 5316 3029 5356 suam.
3064 5320 3084 5353 ι

2238 5391 2359 5466 (ln.,
2390 5393 2544 5465 ibid.)
2591 5393 2822 5451 Proinde
2849 5395 2977 5466 quia
3024 5411 3191 5467 purus
3230 5396 3537 5455 intellectus
3565 5398 3633 5455 de
3661 5397 3754 5454 illa

2169 5487 2347 5544 divina
2383 5488 2707 5556 substantia,
2738 5497 2871 5555 etc.,
2920 5506 3084 5561 usque
3112 5490 3181 5546 ad
3210 5506 3320 5548 non
3354 5491 3480 5562 quia
3524 5506 3751 5549 numen.

2745 5617 2973 5691 CAPUT
3006 5618 3176 5707 xxx.

2240 5757 2402 5812 Vens.
2436 5755 2615 5811 14-31.
2657 5784 2728 5795 —
2761 5774 2779 5807 ι
2821 5754 3088 5827 Egressus
3122 5763 3298 5811 autem
3329 5753 3553 5822 Ruben,
3588 5772 3610 5808 ι
3639 5759 3749 5811 etc.

2169 5850 2352 5925 (Aus.,
2379 5847 2472 5904 lib.
2494 5862 2609 5907 χιιι
2637 5854 2826 5904 contra
2854 5845 3156 5925 Faustum.)
3194 5846 3372 5919 Quare
3394 5860 3509 5904 rem
3540 5854 3752 5923 gestam
