4074 6334
334 425 439 484 m

1376 417 1640 477 GLOSSA
1678 418 2070 477 ORDINARIA.
2112 450 2180 462 --
2216 421 2344 479 LIB.
2381 420 2537 478 GBN.

3485 425 3587 485 181

330 539 624 612 Scriptura
664 550 773 592 non
799 535 986 607 tacuit,
1018 543 1152 602 etc.,
1182 550 1345 607 usque
1370 536 1440 591 ad
1470 546 1525 593 et
1547 536 1811 611 quidquid
1843 539 1911 596 de
1938 542 1986 605 Α
2013 539 2213 597 Galaad
2244 556 2367 597 cum
2399 541 2579 598 furore
2608 542 2749 598 idola
2780 543 3081 613 requirens,
3106 556 3207 599 nec
3232 544 3454 614 reperit.
3481 539 3584 601 La-

328 632 551 704 bac'pie
577 639 632 686 et
676 628 948 699 sapienter
965 627 1194 694 dicitur,
1240 630 1358 685 sine
1382 622 1765 701 phantasmate
1790 647 1914 688 car-

330 725 476 784 nalis
497 721 841 795 cogitationis
874 720 1163 777 salubriter
1188 721 1271 778 vel
1306 737 1371 778 ex
1402 733 1558 795 parte
1595 725 1882 795 capiatur..

412 835 430 868 ι
475 815 739 885 Egressus
762 821 945 869 autem
968 811 1180 877 Ruben,
1209 822 1317 869 etc.
1355 832 1374 867 ι
1407 813 1592 886 (Anim
1627 813 1908 873 Hister-fee.

334 906 417 962 De
468 908 570 961 hoc
600 916 783 961 autem
805 919 1005 975 genere
1045 905 1256 975 opinari
1302 908 1564 976 quosdam
1614 908 1728 963 scio
1767 906 1914 977 quod

334 1011 623 1070 acceptum
648 998 703 1054 in
747 1012 928 1052 escam
956 997 1231 1053 sterilibus
1264 996 1479 1055 feminis
1526 996 1910 1056 fecunditatem

332 1091 536 1163 pariat,
567 1097 624 1144 et
666 1088 791 1142 ideo
830 1087 1093 1145 institisse
1128 1088 1332 1145 Rachel
1369 1096 1428 1143 ut
1479 1090 1583 1146 hoc
1616 1092 1908 1161 acciperet,

331 1184 481 1256 quod
529 1197 631 1254 ego
678 1196 787 1236 non
840 1180 1094 1247 arbitror,
1149 1197 1251 1238 nec
1273 1182 1351 1239 sic
1388 1191 1517 1239 tunc
1550 1185 1909 1255 concepisset.

330 1279 491 1334 Nunc
530 1292 665 1333 vero
691 1276 813 1332 dum
844 1284 968 1346 post
1013 1277 1147 1335 duos
1177 1274 1286 1332 Liae
1331 1276 1466 1332 alios
1513 1277 1581 1333 ah
1632 1277 1719 1333 illa
1748 1288 1908 1335 nocte

326 1378 543 1441 partus,
572 1367 833 1437 Demiuus
851 1382 973 1423 eam
996 1367 1147 1438 prole
1167 1367 1469 1433 donaverit,
1507 1369 1641 1424 nihil
1662 1378 1749 1425 est
1768 1369 1912 1441 quod

329 1461 401 1516 de
456 1461 812 1528 mandragora
870 1458 973 1513 tale
1014 1458 1215 1529 aliquid
1254 1460 1615 1530 suspicemur,
1670 1460 1827 1532 quale
1856 1461 1909 1515 in

330 1549 481 1604 nulla
523 1548 725 1604 femina
775 1548 984 1617 experti
1032 1564 1238 1606 sumus.
1271 1549 1406 1605 Cum
1455 1552 1597 1606 enim
1626 1552 1766 1607 mala
1796 1553 1911 1609 haec

330 1641 453 1712 ipse
502 1640 787 1703 vidissem.
841 1647 897 1697 et
924 1649 1146 1711 propter
1174 1641 1318 1696 hunc
1363 1656 1535 1697 sacras
1559 1641 1806 1697 lectionis
1833 1641 1912 1698 lo-

328 1748 455 1789 cum
480 1733 613 1787 mihi
642 1732 901 1804 obtigisse
936 1732 1239 1804 gratularer
1273 1733 1419 1805 (rara
1466 1734 1613 1789 enim
1660 1748 1750 1790 res
1779 1733 1907 1807 est),

328 1833 583 1881 naturam
623 1840 810 1880 eorum
857 1833 1116 1894 quantum
1168 1826 1316 1896 potui
1345 1834 1715 1897 perscrutatus
1761 1841 1906 1893 sum,

326 1934 440 1973 non
474 1917 657 1988 aliqua
703 1934 731 1971 a
779 1914 1055 1972 communi
1101 1930 1262 1972 sensu
1316 1918 1607 1974 remotiore
1655 1919 1907 1985 scientia,
1939 1899 1985 1959 Β

327 2025 452 2080 qua!
474 2009 627 2064 docet
658 2008 889 2085 virtutes
918 2007 1163 2083 radicum
1188 2016 1243 2079 et
1267 2016 1564 2093 potestates
1592 2010 1904 2087 herbarum.

329 2100 428 2156 sed
469 2108 728 2187 quaututp
780 2099 1059 2175 renuntiut
1104 2099 1271 2173 visus.
1304 2099 1534 2173 olfactus
1587 2112 1641 2159 et
1691 2111 1907 2179 gustus,

325 2207 446 2265 rem
476 2192 713 2265 comperi
739 2190 1043 2279 pulchram,
1071 2207 1239 2271 Suqve
1276 2192 1528 2269 olentem,
1567 2210 1761 2269 sapore
1813 2211 1910 2251 au-

327 2294 441 2341 tem
471 2285 725 2361 insipido.
757 2284 865 2340 Cur
886 2302 1016 2359 ergo
1047 2300 1165 2365 eam
1197 2287 1390 2359 mulier
1421 2297 1700 2363 tantopere
1729 2290 1909 2360 cupie-

326 2378 403 2432 rit
435 2374 645 2453 nescio,
677 2377 779 2443 nisi
816 2379 955 2445 forte
978 2387 1198 2459 propter
1222 2379 1367 2455 pomi
1394 2380 1675 2457 raritatem
1704 2389 1759 2447 et
1779 2382 1912 2451 edo:

329 2469 838 2549 risjucunditategq.

404 2564 565 2643 Vatis,
617 2565 689 2625 32
715 2565 835 2637 "15,.
864 2597 933 2607 —
988 2584 1009 2619 ι
1046 2565 1188 2643 Gym
1216 2582 1409 2639 amnes
1459 2556 1649 2642 greges
1700 2580 1846 2637 tuos,
1883 2586 1903 2620 ι

329 2664 437 2727 etc.
477 2656 684 2739 (uisu,
712 2656 767 2731 iu
800 2655 1001 2729 Qumqt.
1037 2655 1225 2729 Hebr.)
1256 2657 1481 2715 Multum
1507 2659 1649 2733 apud
1675 2656 1908 2733 Septua-

328 2747 484 2819 ginta
511 2747 768 2827 confusus
793 2757 878 2823 est
898 2763 1111 2823 sensus,
1137 2756 1269 2815 etc.,
1303 2765 1465 2825 usque
1496 2749 1565 2825 πᾳ
1588 2748 1798 2825 γὶοἰηιιε
1826 2756 1912 2829 est

330 2836 479 2894 ﬂuis.
1412 2850 1421 2856 ’

404 2928 584 3002 (Δις.)
628 2929 740 3007 cur
779 2928 947 3007 Jaeqb
980 2930 1185 2999 fraudis
1214 2932 1267 2991 in
1307 2932 1411 2993 hoc
1438 2931 1557 2988 loco
1586 2946 1693 3005 ῃοιι
1723 2932 1905 3009 argui-

331 3029 442 3091 tur,
473 3022 576 3093 hoc
629 3023 745 3081 sine
774 3024 936 3101 dubio
965 3033 1023 3099 ut
1046 3027 1309 3101 propheta
1358 3024 1504 3088 fecit,
1540 3039 1641 3101 pec
1683 3026 1909 3085 creden-

332 3114 460 3170 dum
487 3122 573 3175 est
602 3130 723 3185 eum
753 3115 950 3197 fecisse
982 3104 1099 3189 illic
1120 3117 1385 3193 spirituali
1418 3116 1765 3195 revelatiune.

917 3247 1148 3306 CAPUT
1186 3246 1378 3305 XXXI.

372 3334 567 3439 ἔγω.
633 3383 780 3440 1-11.
843 3413 916 3425 -
965 3402 985 3436 ι
1039 3382 1330 3455 Postquam
1381 3391 1560 3439 autem
1617 3383 1900 3463 audivit”

329 3484 440 3529 etc.
475 3514 490 3529 .
518 3515 533 3530 .
564 3515 580 3529 .
611 3515 625 3530 .
664 3492 684 3526 ι
724 3472 948 3551 Mutavit
992 3475 1316 3555 mercedem,
1356 3493 1375 3553 ε
1406 3482 1512 3547 etc.
1562 3472 1813 3555 (ﬂippant.
1849 3475 1904 3531 in

331 3564 539 3633 Qumt.
591 3564 775 3641 Hebr.)
827 3566 935 3642 ΡῙο
971 3580 1038 3637 eo
1090 3566 1232 3641 quod
1274 3566 1617 3647 pQ$lllnlllS,[
1679 3566 1910 3651 mutavit

332 3657 638 3733 mercedem
684 3673 858 3733 meatu
888 3658 1074 3731 decem
1118 3658 1347 3729 vicibus,
1381 3678 1400 3713 ι
1432 3656 1785 3747 Septuaginta
1814 3674 1911 3733 po-

332 3755 563 3801 suerunt
609 3765 629 3799 ‹
665 3747 849 3827 decem
883 3748 1039 3807 annis
1069 3762 1087 3801 ι
1119 3766 1139 3801 ι
1180 3763 1303 3807 cum
1331 3746 1551 3805 verbum
1582 3746 1908 3827 liebraicum

329 3839 527 3892 monitu
556 3847 704 3900 D'm
729 3854 1011 3896 numerum
1044 3840 1218 3912 magis
1245 3853 1408 3910 quam
1433 3853 1604 3895 annos
1628 3851 1823 3907 sonat;
1854 3848 1912 3896 et

330 3942 397 3983 ex
430 3929 783 4005 sequentibus
826 3931 875 3985 is
926 3944 1116 3985 sensus
1175 3930 1451 4005 probatur,
1488 3930 1629 4005 quod
1667 3944 1766 4001 per
1794 3931 1909 3989 sin-

332 4018 489 4091 gulos
528 4018 669 4076 fetus
697 4035 859 4091 super
887 4019 1068 4076 Laban
1096 4022 1457 4081 conditionem
1496 4022 1808 4095 mutaverit.
1849 4021 1910 4083 Si

330 4115 551 4170 videbat
599 4116 808 4170 varium
852 4116 1001 4171 nasci
1054 4130 1242 4201 pecus,
1278 4115 1494 4189 dicebat
1526 4131 1539 4170 :
1575 4114 1709 4170 Volo
1761 4127 1821 4171 ut
1850 4116 1905 4171 in

334 4204 520 4261 futuro
544 4216 843 4262 nascantur
876 4206 1009 4279 mihi
1043 4207 1192 4265 varia
1223 4248 1234 4260 .
1268 4214 1397 4262 tunc
1447 4204 1615 4263 Jacob
1647 4206 1828 4281 virgas
1852 4207 1908 4264 in

332 4298 615 4354 canalibus
636 4313 742 4355 non
766 4297 1023 4368 ponebat,
1046 4306 1105 4352 ut
1122 4296 1262 4371 fetus
1288 4297 1535 4353 unicolor
1556 4305 1906 4353 nasceretur:

333 4405 444 4461 quo
474 4389 617 4446 facto
665 4389 848 4445 Laban
878 4405 940 4447 ea
976 4405 1171 4469 pecora
1219 4405 1330 4447 sua:
1376 4390 1515 4463 parti
1546 4389 1660 4469 fieri
1712 4390 1910 4463 debere

335 4481 585 4547 dicebat;
614 4480 695 4538 sic
724 4496 893 4555 usque
923 4480 987 4557 ad
1028 4482 1215 4555 decem
1244 4482 1388 4537 vices
1434 4490 1636 4537 mutata
1664 4489 1749 4538 est
1786 4498 1911 4537 con-

332 4573 467 4628 ditio
496 4588 511 4627 :
541 4583 595 4629 et
619 4575 977 4647 quodcunque
997 4582 1354 4649 proposuerat
1380 4572 1561 4629 Laban
1589 4582 1651 4629 ut
1675 4574 1776 4651 sibi
1809 4590 1909 4651 na-

333 4765 513 4810 autent
559 4758 611 4811 in
644 4773 735 4811 sex
767 4758 923 4812 annis
950 4757 1136 4831 decem
1174 4758 1417 4829 pariendi
1448 4757 1594 4813 vices
1624 4758 1911 4815 incredibi-

334 4848 413 4905 les
441 4850 794 4916 viderentur;
824 4850 916 4925 sed
946 4849 1062 4939 lege
1097 4850 1397 4925 Virgilium,
1447 4853 1501 4923 in
1529 4867 1635 4937 quq
1670 4852 1871 4908 dicitur
1896 4869 1910 4907 :

341 4962 363 4995 ι
401 4944 492 5000 Bis
516 4944 753 5017 gravida:
782 4945 1035 5029 pecudes.
1082 4964 1101 4997 ι
1136 4945 1339 5017 Natura
1376 4954 1557 5000 autem
1604 4945 1912 5003 Italicarum

334 5036 516 5093 ovium
548 5046 605 5107 et
626 5036 1025 5111 Mesopotamiae
1046 5036 1234 5107 eadem
1259 5052 1379 5105 esse
1408 5036 1624 5092 dicitur.

404 5124 572 5184 Vsus.
611 5128 694 5183 l2.
728 5159 798 5169 --
851 5148 869 5180 ι
907 5129 1024 5184 Vidi
1061 5129 1205 5185 enim
1254 5129 1455 5193 omnia,
1493 5148 1512 5181 ι
1538 5137 1644 5184 etc.
1680 5128 1759 5205 βξ
1808 5129 1912 5185 hoc

336 5219 598 5275 discimus
620 5220 767 5290 quod
804 5218 973 5289 Iacob
996 5220 1143 5295 nullp
1174 5220 1318 5295 male
1369 5221 1494 5279 dolo
1530 5218 1678 5287 fecit,
1703 5222 1796 5277 sed
1828 5223 1912 5277 di-

338 5312 462 5367 vina
485 5311 855 5381 dispositione,
880 5314 967 5364 vel
992 5312 1119 5381 quia
1156 5312 1336 5367 omnia
1367 5311 1421 5367 in
1451 5312 1622 5383 ﬁgura
1646 5314 1912 5384 gereban-

339 5413 446 5458 tur.
482 5401 637 5458 Unde
663 5402 903 5473 angelica
930 5403 1136 5457 visione
1156 5404 1357 5461 meruit
1382 5402 1698 5460 confortari.

410 5493 778 5551 νωΑι-δι.
830 5523 902 5533 -—
962 5512 981 5544 ι
1018 5493 1169 5549 Nunc
1220 5509 1350 5566 ergo
1406 5508 1583 5565 surge.
1617 5515 1636 5547 ι
1694 5494 1914 5567 (Gaza,

341 5581 537 5639 Horat.
570 5599 699 5650 xxx,
744 5583 857 5654 l6.)
893 5582 1021 5641 Post
1068 5584 1281 5653 longam
1319 5584 1631 5639 servitutem
1659 5586 1918 5655 praecepit

342 5675 607 5731 Dominus
649 5674 819 5733 Jacob
856 5686 914 5731 ut
953 5686 1320 5732 reverteretur
1367 5679 1420 5732 in
1461 5680 1690 5747 patriam
1722 5697 1734 5734 :
1767 5688 1914 5745 tunc,

1933 3260 1981 3327 Β

1937 4625 1991 4687 D

333 4674 596 4729 execretur,
651 4666 703 4719 in
732 4666 1061 4741 coutrarinm
1113 4665 1345 4722 colorem
1388 4667 1722 4722 vertebatur.
1758 4666 1912 4737 Nunc
1939 4665 1999 4704 "-

2014 632 2118 687 ban
2145 642 2325 687 autem
2352 633 2406 688 in
2433 633 2537 689 hoc
2562 633 2680 690 loco
2708 633 2905 690 diaboli
2932 641 3115 706 typum
3139 635 3297 706 gerit.
3320 634 3593 708 Interpre-

2014 729 2161 776 tatur
2198 723 2341 779 enim
2376 724 2659 780 dealbatio.
2689 723 2943 782 Diabolus
2993 741 3146 793 vero,
3186 742 3308 785 cum
3339 729 3588 785 tenebro-

2013 828 2105 868 sus
2126 814 2218 879 sit,
2254 831 2273 864 ‹
2329 816 2679 887 transﬁgurat
2729 833 2789 874 se
2818 819 2871 873 in
2902 820 3152 891 angelum
3211 820 3367 875 lucis.
3404 838 3423 872 ι
3456 819 3595 878 Huic

2013 906 2235 961 servivit
2279 906 2467 971 Iacob,
2520 909 2571 964 id
2620 920 2723 973 est,
2771 900 3025 967 Judaicus
3055 912 3283 984 pepulus
3311 928 3379 969 ex
3433 922 3589 986 parte

2014 998 2388 1067 reproborum,
2430 999 2496 1055 de
2544 1015 2653 1070 quo
2681 1011 2839 1059 natus
2871 1014 2955 1061 est
2999 1004 3251 1062 Christus
3291 1006 3588 1062 secundum

2013 1106 2252 1146 carnem.

2084 1202 2248 1261 Vens.
2278 1203 2459 1283 52139.
2497 1236 2568 1246 —
2605 1245 2620 1261 .
2650 1246 2663 1261 .
2697 1244 2712 1261 .
2747 1245 2760 1260 .
2801 1226 2821 1260 ι
2866 1192 3155 1283 ignorabat
3188 1208 3331 1279 quod
3384 1207 3591 1263 Rachel

2018 1312 2037 1347 ι
2060 1293 2237 1367 furata
2260 1280 2403 1352 esset
2432 1296 2593 1352 idola.
2626 1317 2646 1351 ι
2673 1280 2948 1369 (Hiems)
2972 1299 3072 1356 Ubi
3110 1315 3207 1355 nos
3231 1318 3250 1352 ι
3285 1298 3423 1355 idola
3454 1321 3471 1351 ι
3509 1299 3585 1354 le—

2011 1388 2208 1469 gimus,
2242 1389 2294 1443 in
2342 1387 2568 1445 Hebraeo
2612 1382 2901 1463 ιΙιεναρΙὲὶηι
2934 1402 3130 1455 πονε-Ἣ
3176 1394 3435 1467 scriptum
3468 1402 3587 1459 est;

2011 1482 2154 1553 quod
2187 1481 2379 1555 Aqui-la
2412 1502 2431 1535 ι
2469 1483 2692 1555 ﬁguras.
2725 1470 2875 1540 {vel
2911 1504 2929 1536 ι
2969 1484 3232 1556 imagines
3267 1506 3284 1536 ι
3314 1487 3581 1555 interpre-

2013 1560 2173 1645 taiur.
2216 1572 2329 1629 lloc
2357 1585 2533 1629 autem
2565 1576 2695 1657 ideo
2721 1576 2844 1631 dico
2887 1584 2943 1630 ut
2983 1578 3222 1632 sciamus
3249 1576 3375 1647 quid
3406 1576 3459 1630 in
3487 1574 3582 1630 Ju-

2011 1666 2191 1722 dicum
2216 1666 2352 1721 libro
2386 1666 2677 1738 Memphim
2712 1676 2890 1725 sonet.

2087 1775 2107 1810 ι
2166 1756 2365 1814 Contra
2417 1769 2651 1814 montem
2699 1759 2928 1827 Galaad,
2973 1779 2992 1813 ι
3037 1769 3145 1816 etc.
3190 1758 3308 1816 Non
3351 1761 3493 1831 quod
3519 1774 3586 1815 eo

2014 1858 2257 1922 tempore
2284 1866 2439 1907 mons
2462 1850 2661 1907 Galaad
2706 1853 2995 1919 diceretur,
3053 1855 3147 1909 sed
3183 1869 3280 1924 per
3314 1853 3584 1925 anticipa-

2012 1941 2211 1997 tionem
2239 1940 2332 1997 illo
2354 1941 2572 1998 nomine
2608 1952 2853 2011 Vocatur,
2889 1959 2996 2016 quo
3028 1954 3216 2016 postea
3240 1953 3581 2016 nuncupatus

2010 2040 2114 2089 est.

2086 2141 2111 2203 ι
2142 2122 2265 2207 Qui,
2292 2126 2583 2197 assumptis
2616 2124 2875 2209 fratribus
2908 2127 3044 2191 suis,
3072 2135 3412 2209 persecutus.
3436 2146 3454 2178 ι
3480 2134 3586 2181 etc.

2011 2200 2228 2293 (ϐιέιεὰ.)
2273 2215 2556 2293 Historiae.
2590 2200 2903 2293 Potestnper
2931 2200 3113 2281 Laban
3152 2200 3383 2273 mundus
3408 2216 3589 2291 expri-

2011 2290 2129 2360 mi:
2160 2305 2249 2377 qui
2282 2290 2405 2361 cum
2454 2292 2637 2361 furore
2670 2302 2837 2362 Iacob
2887 2308 3151 2378 sequitur,
3200 2308 3325 2377 quia
3363 2290 3583 2369 electos.

2010 2394 2101 2467 qui
2134 2382 2259 2451 sunt
2286 2395 2527 2451 membra
2572 2392 2793 2475 Christi,
2850 2380 3157 2477 opprimere
3212 2380 3460 2465 conatur.
3494 2397 3586 2453 Fi-

2010 2486 2137 2569 liam
2190 2488 2375 2543 mundi
2430 2487 2516 2542 vel
2568 2487 2762 2544 diaboli
2809 2476 2977 2571 Jacob
3035 2476 3279 2579 abstulit,
3321 2507 3442 2546 cum
3484 2490 3585 2575 sibi

2010 2579 2261 2636 Christus
2290 2579 2589 2636 Ecclesiam
2628 2595 2697 2636 ex
2733 2582 2985 2653 gentibus
3029 2580 3326 2650 conjunxit,
3375 2582 3460 2638 cui
3492 2597 3589 2654 per

2008 2672 2330 2743 prophetam
2369 2671 2587 2756 dicitur
2618 2671 2754 2757 psal.
2788 2687 2913 2757 χιιι
2942 2690 2955 2726 :
2991 2692 3009 2725 ι
3062 2671 3393 2753 ρὺιὶνίεοθςθ
3419 2687 3590 2744 popu-

2008 2762 2118 2819 lum
2146 2771 2316 2830 tuum,
2352 2752 2373 2817 ι
2400 2771 2506 2819 etc.
2545 2762 2604 2839 in
2626 2754 2784 2820 idolis
2809 2752 3037 2841 avaritia
3062 2752 3324 2838 Signatttr,
3358 2782 3475 2836 qua!
3506 2773 3589 2822 est

2009 2854 2274 2911 idolorum
2301 2855 2555 2911 servitus.
2586 2854 2770 2911 Lahan
2819 2842 3043 2945 veniens
3090 2842 3231 2943 apud
3261 2842 3429 2945 Jacob
3475 2859 3589 2937 ido—

2006 2945 2117 3020 lum
2167 2960 2275 3000 non
2318 2947 2537 3016 reperit,
2577 2948 2723 3018 quia,
2754 2950 2988 3005 ostensis
3041 2946 3224 3021 mundi
3252 2951 3453 3007 divitiis
3484 2948 3586 3006 Re-

2009 3036 2275 3106 demptori
2322 3045 2530 3103 nostro,
2582 3030 2827 3111 diabolus
2855 3028 3079 3113 vestigia
3133 3026 3585 3119 concupiscentiae

2009 3139 2116 3179 non
2144 3126 2367 3201 reperit.
2398 3125 2504 3182 Sed
2529 3143 2650 3198 qua:
2677 3127 2844 3187 Jacoh
2883 3146 2990 3187 non
3030 3133 3235 3199 habuit,
3268 3120 3469 3191 Rachel
3497 3150 3588 3190 se-

2014 3215 2189 3272 dendo
2210 3219 2442 3287 aperuit,
2470 3234 2589 3290 quae
2614 3221 3003 3295 interpretatur
3028 3225 3157 3289 ovis,
3182 3210 3250 3281 'et
3286 3222 3584 3282 Ecclesiam

2013 3306 2304 3393 signiﬁcat.
2338 3307 2539 3366 Sedere
2571 3320 2751 3367 autem
2779 3321 2863 3369 est
2911 3314 3269 3371 humilitatem
3318 3317 3585 3387 paeniten-

2011 3403 2101 3458 tiae
2154 3411 2426 3475 appetere.
2480 3404 2633 3461 Unde
2687 3406 2824 3477 psal.
2876 3421 3078 3463 cxxvr:
3117 3428 3136 3460 ι
3179 3408 3395 3485 Surgite
3434 3418 3585 3479 pest-

2011 3509 2171 3565 quam
2202 3495 2469 3551 sederitis.
2504 3516 2522 3549 ι
2556 3496 2765 3552 Rachel
2791 3496 2931 3552 idola
2971 3497 3208 3556 sedendo
3235 3502 3432 3569 operit.
3458 3501 3585 3568 quia

2010 3584 2255 3641 Ecclesia
2280 3584 2553 3641 Christum
2578 3600 2811 3655 sequens
2839 3587 3030 3644 vitium
3064 3598 3290 3645 terrenae
3333 3582 3590 3661 concupi-

2011 3676 2230 3732 scentiae
2250 3692 2348 3747 per
2371 3675 2728 3734 humilitatem
2752 3679 3084 3749 paenitentia
3107 3683 3404 3753 cooperuit.
3434 3681 3588 3739 Unde

2011 3768 2146 3841 psal.
2179 3785 2279 3824 xm
2312 3786 2326 3823 :
2364 3787 2383 3820 ι
2416 3768 2563 3826 Beati
2611 3766 2842 3842 quorum
2897 3773 3137 3829 remissae
3171 3782 3300 3828 sunt
3328 3774 3586 3845 iniquita-

2010 3870 2116 3925 tes,
2145 3868 2200 3915 et
2230 3876 2460 3933 quorum
2490 3870 2635 3917 tecta
2662 3870 2788 3917 sunt
2810 3872 3053 3933 peccata.
3090 3884 3108 3919 ι
3142 3863 3250 3943 Nos
3279 3864 3444 3945 igitur
3482 3863 3592 3941 Ra-

2012 3956 2133 4012 chel
2159 3956 2450 4028 signiﬁcat,
2479 3959 2571 4029 qui
2612 3958 2751 4015 idola
2782 3959 3017 4035 sedendo
3047 3961 3364 4029 premimus,
3402 3960 3445 4015 si
3475 3958 3590 4015 cul-

2012 4064 2109 4118 pas
2141 4049 2380 4105 avaritize
2430 4051 2740 4121 pwnitendo
2776 4048 3132 4120 damnamus;
3186 4068 3305 4143 quae
3348 4051 3591 4108 avaritiae

2014 4140 2355 4198 immunditia
2384 4159 2490 4199 non
2521 4143 2749 4199 viriliter
2790 4154 3072 4202 currentes
3098 4140 3342 4218 impedit,
3376 4145 3471 4201 sed
3499 4145 3584 4200 ef-

2012 4232 2268 4290 feminate
2318 4237 2624 4307 gradientes
2653 4253 2752 4308 per
2780 4238 3143 4293 blandimenta
3175 4238 3358 4293 saeculi
3410 4239 3586 4294 resol-

2011 4329 2404 4407 vuntur,_quod
2432 4329 2518 4385 bis
2564 4329 2747 4386 verbis
2792 4329 3167 4402 signiﬁcatur:
3202 4349 3221 4407 ι
3262 4328 3421 4407 Juxta
3451 4347 3583 4386 con-

2012 4404 2352 4474 suetudidem
2376 4404 2725 4476 {feminarum
2758 4421 3139 4477 accidit.mibi.
3198 4406 3219 4476 ἱ
3248 4404 3412 4491 Quasi
3441 4422 3586 4478 enim

2015 4509 2299 4578 muliebria
2327 4511 2438 4582 pati
2463 4527 2522 4568 se
2541 4512 2794 4581 innotuit.

2092 4640 2111 4697 ε
2154 4623 2217 4699 Ut
2240 4622 2518 4679 oscularer
2543 4623 2680 4680 filios
2712 4640 2860 4682 meos
2887 4640 2949 4691 ac
2974 4625 3133 4703 illius.
3173 4647 3191 4681 ι
3250 4626 3398 4693 More
3428 4626 3578 4701 Scri-

2016 4724 2185 4788 pturae
2213 4715 2351 4773 ﬁlios
2379 4732 2443 4774 ac
2471 4716 2611 4773 ﬁlias
2635 4715 2804 4774 Jacob
2847 4702 2975 4781 suos
3003 4719 3251 4799 appellat,
3296 4736 3415 4799 quae
3452 4722 3589 4791 illius

2015 4809 2100 4866 vel
2129 4809 2323 4864 fratres
2357 4817 2615 4881 cognatos
2651 4811 2915 4882 appellat;
2950 4794 3091 4895 nude
3113 4813 3165 4895 iu
3194 4794 3580 4883 sequentibus:

2024 4921 2041 4954 ι
2077 4900 2330 4973 Dixitque
2374 4900 2542 4975 Jacpb
2587 4902 2846 4975 fratribus
2872 4904 2985 4987 suis
3017 4923 3028 4958 :
3068 4903 3268 4963 Aﬂ‘erte
3295 4905 3519 4987 lapides.
3564 4927 3582 4957 ›

2017 4993 2074 5051 lu
2105 4993 2395 5065 Evangelio
2426 5009 2640 5065 quoque
2670 4994 2762 5051 filii
2791 4982 2990 5061 Mariae,
3017 4982 3335 5079 matertera!
3352 4998 3590 5071 Domini,

2018 5085 2212 5141 fratres
2250 5083 2366 5153 ejus
2388 5095 2651 5147 vocantur
2678 5086 2916 5145 Μαιηιωί
2948 5104 3047 5167 χιι.
3492 5086 3505 5101 ’

2093 5217 2111 5249 ι
2144 5196 2319 5265 Timui
2374 5212 2441 5253 ne
2469 5197 2735 5255 violenter
2783 5199 3027 5277 auferres
3083 5198 3221 5261 ﬁlias
3273 5209 3414 5267 tuas,
3442 5203 3584 5272 quod

2023 5306 2042 5341 ι
2075 5297 2253 5351 autem
2288 5291 2417 5357 furti
2455 5305 2544 5357 tne
2574 5293 2777 5361 arguis,
2812 5312 2831 5345 ι
2871 5303 2975 5351 etc.
3005 5292 3170 5361 Quasi
3217 5294 3336 5357 ideo
3360 5310 3465 5359 non
3496 5295 3589 5361 ῑὶῖί

2024 5379 2390 5448 manifestavi,
2442 5398 2511 5441 ne
2554 5368 2849 5441 acerbitate
2877 5385 3267 5456 persecutionis
3306 5399 3592 5454 spperurcs

2019 5475 2230 5531 animas
2256 5476 2518 5543 inllrmas,
2548 5478 2758 5532 noviter
2792 5478 2888 5534 tibi
2918 5486 3153 5549 ereptas.

2100 5590 2254 5645 Vens.
2282 5588 2465 5645 4045.
2491 5578 2561 5631 -ὲ
2591 5609 2611 5641 ι
2656 5590 2752 5651 Die
2794 5599 3065 5660 noctuque
3112 5598 3242 5644 aestu
3291 5588 3507 5649 urebar,
3538 5599 3592 5643 et

2029 5700 2047 5734 ι
2076 5681 2213 5750 gelu.
2242 5681 2496 5753 Fugiebat
2516 5695 2737 5735 somnus
2763 5681 3021 5751 aboculis,
3036 5679 3192 5736 meis.
3234 5698 3254 5731 ι
3283 5677 3435 5734 Unus
3467 5679 3594 5735 clie—

342 5767 422 5838 igt.
434 5774 627 5821 orante
656 5780 870 5830 socero,
900 5781 1022 5822 cum
1052 5767 1311 5829 uxoribus
1335 5775 1388 5821 et
1430 5768 1627 5823 conlita
1657 5784 1688 5822 ιι
1719 5784 1917 5838 prope-
2023 5782 2143 5829 ctus
2165 5783 2249 5827 est
2274 5772 2472 5827 caloris
2496 5780 2551 5826 et
2577 5769 2813 5843 frigoris.

344 5860 521 5918 nbat.
555 5860 742 5916 Lahau
770 5868 954 5916 autem
1006 5868 1329 5917 coemto:
1370 5870 1455 5917 est
1492 5874 1617 5917 eum
1648 5861 1702 5916 in
1736 5869 1919 5918 monte

2099 5859 2259 5917 Vens.
2292 5860 2467 5923 ili-52.
2494 5891 2565 5903 —
2594 5881 2613 5913 ι
2649 5859 2850 5919 All‘erte
2884 5859 3113 5932 lapides,
3150 5878 3170 5914 ι
3206 5871 3311 5918 etc.
3343 5859 3597 5935 (illisus.
