4074 6334
469 392 575 450 159

966 385 1359 443 WALAFBIDI
1398 382 1647 441 STRABI
1683 382 1891 440 FULD.
1935 380 2100 438 MON.
2142 379 2293 438 OPP.
2337 381 2515 439 PARS
2552 384 2597 440 Ι.
2635 414 2703 426 -—
2743 383 3198 443 THEOLOGICA.

3630 393 3735 449 100

470 506 535 562 de
568 502 694 560 Lac.
732 500 924 574 Hebr.)
954 500 1198 557 Acervus
1221 499 1404 571 lingua
1439 496 1684 563 Hebraea,
1711 484 1855 563 etc.,
1886 512 2049 567 usque
2074 493 2129 557 Α
2151 494 2244 563 qui
2266 493 2432 582 Israel
2452 495 2628 567 ipsum
2646 498 2881 566 vocavit,
2911 501 3245 582 auctoritate
3265 503 3537 571 ducimur,
3569 522 3733 578 quam

468 598 538 653 ad
565 597 621 652 in
647 610 754 666 qua
780 592 1060 650 habitabat
1077 607 1332 648 sermone
1363 598 1688 647 mutaverat.

541 680 713 756 (istm)
747 679 987 751 Mystice.
1029 677 1176 733 Inter
1202 676 1407 743 ﬁdeles,
1464 683 1577 731 tam
1617 673 1838 731 Iudaeos
1883 688 2050 744 quam

468 778 718 852 gentiles,
754 776 906 832 testis
951 782 1036 830 est
1071 774 1209 845 lapis
1245 772 1492 829 eminens
1537 770 1593 825 in
1639 768 2049 826 similitudinem

470 872 703 938 Christi;
737 877 793 927 et
821 883 1049 927 acervus
1084 866 1343 939 lapidum,
1373 865 1468 936 qui
1499 871 1585 922 est
1612 863 1903 921 multitudo
1926 876 2048 925 cre-

472 969 734 1026 dentium.
1053 1016 1063 1027 κ

541 1056 705 1115 Vens.
735 1055 826 1121 55,
856 1054 946 1111 54.
977 1085 1047 1095 --
1077 1072 1096 1106 ι
1131 1051 1340 1109 Iuravit
1376 1049 1565 1115 Iacob,
1622 1068 1641 1102 ι
1695 1055 1801 1104 etc.
1833 1046 1939 1103 Per
1980 1046 2050 1102 ti-

470 1164 677 1207 morem
708 1147 916 1205 scilicet
948 1160 1056 1217 quo
1094 1144 1320 1200 timebat
1349 1144 1543 1209 Deum,
1574 1155 1738 1214 quem
1766 1153 2047 1196 commen-

475 1241 625 1299 davit
661 1255 845 1312 supra,
873 1239 1082 1303 dicens,
1119 1256 1138 1289 ι
1174 1236 1243 1292 Ει
1273 1236 1455 1303 timor,
1492 1256 1511 1289 ι
1545 1243 1651 1291 etc.

538 1333 701 1389 Vens.
733 1330 823 1386 55.
853 1361 924 1371 —
953 1349 972 1383 ι
1004 1329 1191 1385 Laban
1219 1344 1349 1385 vero
1390 1328 1459 1383 de
1505 1335 1683 1393 nocte,
1714 1334 1821 1383 etc.
1854 1346 1872 1379 ι
1907 1324 2048 1394 Quia

467 1424 653 1483 Laban
681 1433 736 1480 et
763 1422 933 1479 Iacob
959 1429 1111 1478 trans
1158 1421 1381 1477 fluvium
1409 1428 1784 1492 perrexerunt,
1834 1417 2047 1491 signiﬁ-

468 1533 595 1574 care
623 1522 800 1586 potest
837 1514 972 1570 duos
998 1513 1224 1585 populos
1270 1526 1370 1583 per
1402 1512 1732 1582 baptismum
1764 1511 1833 1565 ad
1856 1510 2046 1567 Eccle-

467 1609 603 1666 siam
630 1605 930 1661 venientes.
980 1603 1086 1661 Sed
1116 1603 1283 1661 Iacob
1327 1604 1471 1660 ultra
1513 1604 1912 1676 progrediente,
1945 1603 2048 1659 La-

465 1697 573 1753 ban
609 1711 860 1752 reversus
886 1702 999 1757 est,
1024 1695 1169 1765 quia,
1198 1694 1325 1750 ﬁliis
1350 1695 1489 1751 lucis
1519 1695 1572 1749 in
1602 1692 1852 1765 profectu
1880 1694 2049 1750 virtu-

469 1797 578 1843 tum
609 1797 732 1859 post
750 1787 1078 1856 baptismum
1104 1786 1432 1852 meantibus,
1458 1784 1674 1856 reprobi
1697 1784 1762 1840 de
1790 1792 2043 1857 percepta

468 1881 729 1953 dignitate
756 1888 883 1951 post
906 1878 1161 1935 Satanam
1192 1880 1247 1935 in
1271 1878 1602 1949 apostasiam
1629 1879 1877 1936 redeunt.

1038 2013 1265 2071 CAPUT
1309 2012 1523 2069 XXXII.

541 2151 702 2208 Vens.
731 2150 839 2207 2-6.
872 2181 943 2192 —
969 2168 989 2201 ι
1024 2150 1215 2207 Castra
1247 2149 1339 2206 Dei
1368 2158 1493 2207 sunt
1521 2150 1655 2206 ham.
1689 2171 1709 2205 ι
1744 2149 1845 2207 Ubi
1873 2160 2049 2206 castra

467 2242 639 2316 posita
665 2248 809 2306 sunt,
848 2241 902 2296 in
948 2240 1175 2296 Hebraeo
1202 2241 1507 2296 mahanaim
1551 2250 1779 2308 suam;
1816 2249 1877 2296 ut
1911 2242 2050 2298 scia-

467 2349 610 2399 mus,
633 2334 678 2390 si
703 2332 918 2404 quando
973 2333 1387 2403 interpretatum
1430 2334 1482 2387 in
1512 2332 1619 2388 alio
1653 2333 1771 2391 loco
1804 2334 2048 2404 ponitur,

467 2440 625 2497 quem
648 2424 826 2482 locum
874 2423 1160 2496 signiﬁcet.
1194 2425 1262 2480 Et
1306 2424 1533 2494 pulchre
1571 2427 1639 2480 ad
1692 2425 1913 2482 fratrem
1946 2425 2051 2481 ini-

467 2517 665 2574 micum
717 2518 913 2584 iturus,
964 2515 1281 2589 angelorum
1311 2516 1689 2573 comitantium
1714 2532 1837 2573 eum
1867 2518 2050 2574 choris

467 2610 753 2679 excipitur.

540 2701 702 2756 Vens.
732 2698 925 2754 7-9.-—
944 2718 964 2752 ι
994 2698 1196 2755 Timuit
1223 2698 1410 2766 Iacob,
1443 2720 1461 2752 ι
1500 2710 1606 2757 etc.
1631 2701 1814 2773 (Ano.,
1844 2700 2046 2768 Quint.

468 2793 522 2849 in
545 2791 700 2866 Gen.)
731 2792 911 2860 Quaeri
964 2801 1144 2864 potest
1195 2794 1467 2863 quomodo
1514 2793 1672 2849 ﬁdem
1704 2794 1895 2850 habuit
1924 2809 2051 2865 pro-

470 2884 653 2941 missis
678 2885 794 2951 Dei,
817 2885 961 2956 quod
987 2885 1090 2941 hoc
1114 2883 1268 2941 dixit.
1301 2884 1408 2941 Sed
1443 2885 1560 2940 ﬁeri
1588 2886 1764 2958 potuit
1807 2893 1866 2941 ut
1891 2901 2049 2944 ever-

472 2985 612 3033 teret
635 2985 814 3032 castra
844 2977 962 3044 eius
987 2976 1151 3043 Esau,
1178 2984 1233 3033 et
1283 2985 1410 3033 tunc
1453 2986 1575 3048 post
1620 2977 1768 3033 illam
1798 2976 2047 3035 aﬂlictio-

470 3088 594 3131 nem
620 3073 856 3136 adesset,
887 3080 944 3128 et
971 3087 1131 3143 quem
1168 3071 1435 3142 promisit,
1468 3071 1734 3143 impleret.
1764 3072 1833 3127 Et
1864 3072 2053 3128 admo»

471 3182 666 3223 nemur
691 3166 795 3222 hoc
815 3164 1083 3236 exemplo,
1116 3172 1175 3219 ut
1203 3165 1451 3234 quamvis
1471 3164 1758 3221 credamus
1775 3164 1826 3219 in
1858 3165 2047 3229 Deum,

471 3257 735 3316 faciamus
766 3267 946 3312 tamen
974 3271 1095 3328 quae
1123 3255 1370 3312 facienda
1398 3263 1524 3312 sunt
1554 3255 1609 3310 in
1646 3255 1834 3310 salutis
1864 3257 2050 3326 praesi-

472 3350 643 3408 dium.
675 3351 852 3409 Verba
891 3366 1108 3421 quoque
1152 3350 1322 3408 Iacob
1350 3349 1744 3407 consideranda
1791 3358 1940 3415 sunt,
1970 3350 2050 3405 di-

473 3443 687 3500 centis:
720 3458 739 3496 ι
768 3441 914 3499 Deus
941 3443 1114 3514 patris
1140 3442 1243 3498 mei
1285 3441 1580 3507 Abraham,
1621 3461 1639 3494 ι
1674 3449 1806 3507 etc.,
1839 3442 1967 3512 quia
1998 3441 2053 3497 in

474 3535 561 3592 his
588 3536 769 3592 verbis
794 3545 853 3592 et
874 3536 1114 3592 humana
1137 3536 1424 3595 inﬁrmitas
1463 3543 1520 3591 et
1541 3534 1676 3591 ﬁdes
1702 3535 1920 3607 pietatis
1958 3550 2054 3607 ap-

474 3636 645 3700 paret.

545 3721 708 3777 Vens.
741 3719 827 3776 10.
853 3750 925 3762 -
956 3737 976 3772 ‹
1014 3718 1261 3777 Transivi
1282 3720 1596 3786 Iordanem,
1635 3741 1654 3773 ι
1685 3729 1791 3777 etc.
1819 3720 1924 3776 Per
1959 3722 2055 3777 ba-

476 3815 734 3888 ptismum
780 3810 1104 3884 coniunctus
1128 3820 1211 3868 est
1256 3813 1437 3884 paries
1482 3811 1551 3867 de
1582 3811 1849 3881 gentibus,
1881 3810 1933 3866 ei
1958 3811 2053 3880 qui

476 3922 543 3964 ex
566 3903 767 3961 Iudaeis
797 3921 811 3958 :
842 3903 1131 3974 primitiva:
1160 3910 1342 3960 tamen
1379 3902 1638 3959 Ecclesiae
1664 3916 1773 3957 non
1796 3900 1951 3959 deest
1982 3903 2054 3958 ti-

478 4014 597 4056 mor
614 3997 942 4062 Iudaeorum,
972 3995 1115 4066 quod
1139 3994 1407 4068 signiﬁcat
1431 3995 1592 4052 Esau.

548 4088 715 4148 Vens.
745 4087 923 4145 ll-l9.
951 4116 1022 4128 —
1048 4105 1067 4139 ι
1115 4086 1257 4143 Erue
1304 4101 1391 4142 me
1419 4088 1484 4144 de
1534 4102 1721 4155 manu,
1765 4107 1784 4141 ι
1821 4096 1927 4145 etc.
1964 4088 2056 4144 Sic

477 4188 600 4240 orat
641 4187 700 4236 ut
747 4191 897 4249 spem
949 4177 1145 4232 timore
1181 4177 1509 4243 moderetur,
1562 4185 1616 4231 et
1666 4178 1918 4233 timorem
1955 4193 2056 4249 spe

478 4271 809 4345 consoletur,
842 4268 1153 4343 signiﬁcans
1210 4278 1271 4324 ut
1316 4269 1659 4325 vitce'nostrae
1695 4278 1751 4325 et
1796 4270 2055 4326 domesti-

479 4380 663 4424 corum
707 4363 921 4420 ratione
955 4359 1322 4426 consulamus,
1354 4367 1409 4417 et
1460 4367 1640 4416 tamen
1668 4358 1767 4415 Dei
1796 4358 2055 4415 auxilium

479 4456 809 4512 invocemus.

552 4545 712 4601 Vens.
740 4543 923 4602 20-27.
948 4572 1021 4584 —
1048 4561 1069 4596 ι
1116 4542 1353 4599 Placaho
1391 4542 1562 4608 illum,
1611 4562 1631 4596 ι
1667 4550 1775 4599 etc.
1819 4541 1943 4600 llzec
1968 4544 2051 4600 in-

481 4636 735 4707 terposita
765 4643 893 4690 sunt
936 4648 968 4689 a
1001 4633 1283 4704 scriptore.
1316 4633 1433 4688 Non
1459 4641 1546 4688 est
1566 4633 1710 4688 enim
1768 4634 2051 4706 prudentis

479 4738 649 4785 artem
684 4741 839 4783 suam
888 4725 1164 4797 detegere,
1194 4734 1247 4780 et
1278 4726 1358 4783 sic
1387 4725 1465 4780 eis
1494 4739 1617 4780 cum
1647 4725 1842 4797 quibus
1871 4726 2053 4797 agitur

478 4826 786 4892 suspectum
812 4832 871 4874 se
902 4817 1102 4873 facere.

547 4909 765 4984 (Gnee.,
791 4909 932 4963 hom.
961 4906 1129 4974 14,51:
1155 4906 1381 4979 Evang.,
1409 4915 1536 4964 tom.
1569 4907 1660 4982 ll.)
1689 4908 1929 4982 Mystiee.
1960 4907 2052 4966 Ia-

476 5001 579 5060 cob
603 5015 726 5057 cum
753 4998 821 5054 ad
851 5005 1103 5069 parentes
1131 4997 1376 5068 proprios
1412 5000 1576 5067 redit,
1605 5008 1737 5067 etc.,
1787 5016 1950 5072 usque
1979 4999 2049 5054 ad

477 5101 540 5151 ut
557 5090 823 5149 suavitate
843 5087 1033 5143 intima
1064 5087 1230 5143 Deum
1256 5089 1742 5160 apprehendamus.

555 5204 575 5238 ι
630 5183 698 5239 Et
743 5194 868 5237 ecce
915 5180 1020 5247 vir,
1055 5200 1075 5234 ι
1110 5187 1215 5236 etc.
1249 5181 1397 5253 (Isne.
1430 5184 1486 5237 in
1518 5181 1676 5250 Gem,
1710 5190 1845 5240 tom.
1870 5182 1960 5257 V.)
1992 5183 2049 5240 ln

476 5279 582 5337 hoc
607 5272 974 5349 principaliter
1023 5273 1348 5329 sacramenti
1393 5273 1657 5329 Dominici
1705 5273 1882 5345 imago
1909 5275 2046 5346 ﬁgu-

476 5377 598 5429 rata
644 5375 750 5433 est,
789 5373 920 5432 etc.,
971 5380 1134 5437 usque
1193 5363 1263 5420 ad
1319 5377 1390 5419 ne
1432 5363 1574 5420 ultra
1621 5360 1735 5433 jam
1789 5380 2051 5437 generare

481 5462 674 5536 possit.

554 5559 710 5618 Vens.
742 5556 833 5623 28,
860 5555 952 5613 29.
979 5583 1051 5597 —
1083 5574 1103 5608 ι
1133 5553 1509 5625 Nequaquam,
1542 5553 1716 5623 inquit
1736 5549 1926 5620 Iacob,
1952 5568 2049 5623 ap-

485 5671 506 5719 ι
531 5650 815 5725 pellabitur
840 5662 1037 5705 nomen
1072 5657 1242 5711 tuum,
1275 5646 1390 5712 sed,
1421 5664 1440 5699 ι
1471 5653 1574 5700 etc.
1605 5643 1855 5717 (menon.
1899 5644 1954 5699 in
1979 5643 2046 5710 ρ.

482 5741 667 5815 Hebr.)
696 5740 961 5811 Iosephus
987 5739 1045 5795 in
1076 5738 1215 5795 libro
1241 5737 1417 5809 primo
1467 5734 1885 5807 Antiquitatum,
1914 5745 2043 5800 etc.,

477 5822 642 5905 iisque
688 5832 757 5891 ad
792 5845 892 5891 nos
929 5830 1100 5901 magis
1127 5828 1442 5903 Scriptores,
1482 5836 1539 5886 et
1569 5826 1768 5901 angeli,
1815 5827 1898 5889 vel
1924 5827 2042 5896 Dei,

2077 1863 2127 1925 B

2153 573 2444 659 cujuslibet
2468 589 2793 661 eloquentia
2826 593 3121 651 saecularis.

2224 676 2387 737 Vens.
2413 679 2593 736 50-32.
2624 713 2696 724 -
2735 704 2754 737 ι
2798 683 3135 759 Vocavitque
3177 687 3366 757 Iacob,
3403 710 3424 746 ι
3454 701 3564 749 etc.
3599 694 3737 754 illud

2151 785 2366 851 quoque
2385 773 2530 843 quod
2557 775 2827 844 sequitur,
2861 796 2883 829 ι
2919 785 2974 833 et
3004 779 3285 837 benedixit
3318 796 3466 852 eum,
3490 786 3736 844 vocavit-

2151 874 2256 930 que
2278 858 2446 918 Iacob
2472 878 2671 919 nomen
2697 864 2802 922 loci
2832 866 2978 925 illius
3005 868 3274 939 Phanuel,
3299 873 3504 942 dicens,
3546 876 3578 928 ἰ
3619 887 3732 934 etc.

2149 950 2207 1006 In
2238 951 2466 1010 Hebraeo
2516 942 2714 1012 dicitur
2740 975 2759 1008 ι
2812 956 3077 1027 Phanuel,
3114 980 3136 1016 ι
3166 971 3226 1017 ιιι
3273 964 3509 1022 sciamus
3552 967 3735 1038 ipsum

2148 1058 2270 1100 esse
2298 1044 2475 1100 locum
2504 1046 2596 1117 qui
2648 1047 2705 1103 in
2748 1050 2961 1106 ceteris
3020 1050 3316 1124 Scriptum
3365 1054 3738 1115 voluminibus

2150 1137 2447 1193 secundum
2476 1136 2754 1213 Bebreos,
2794 1138 3038 1198 Phanuel
3067 1143 3286 1217 legitur.

2221 1231 2436 1304 (Gnec.,
2462 1231 2560 1290 lib.
2586 1249 2644 1289 tv
2664 1233 2885 1303 Moral.,
2907 1252 3030 1309 cap.
3057 1238 3136 1312 6.)
3167 1238 3459 1309 Quaeritur,
3483 1255 3610 1298 cum
3633 1242 3740 1299 Ve-

2152 1322 2287 1378 ritas
2328 1323 2473 1379 dicat
2502 1341 2517 1379 :
2552 1344 2572 1378 ι
2605 1323 2777 1382 Nemo
2814 1327 3020 1384 videbit
3066 1327 3263 1386 faciem
3299 1346 3519 1398 meam;
3564 1353 3584 1386 ι
3618 1333 3687 1389 Et
3718 1351 3734 1389 :

2156 1433 2177 1467 ι
2215 1414 2386 1471 Deum
2439 1430 2599 1473 nemo
2646 1417 2783 1473 vidit
2829 1435 3090 1490 unquam,
3130 1441 3151 1474 ι
3195 1422 3472 1492 quomodo
3500 1431 3741 1480 testatur

2149 1504 2353 1563 Iacob:
2393 1525 2412 1560 ι
2445 1506 2569 1563 Vidi
2589 1506 2879 1565 Dominum
2915 1509 3055 1567 facie
3095 1512 3164 1567 ad
3189 1510 3433 1568 faciem?
3469 1532 3490 1565 ι
3525 1512 3738 1569 Huma-

2150 1615 2234 1655 nae
2261 1601 2408 1657 enim
2437 1610 2647 1658 mentes
2673 1602 2832 1658 oculo
2851 1603 3099 1660 interiori
3128 1612 3382 1677 purgato,
3408 1613 3543 1673 etc.,
3568 1623 3740 1678 usque

2149 1690 2220 1745 ad
2250 1691 2435 1747 undel
2465 1691 2592 1748 Cor.
2627 1707 2726 1748 xm
2763 1709 2775 1747 :
2811 1712 2831 1745 ι
2864 1693 3019 1751 Tunc
3041 1709 3366 1768 cognoscam
3396 1695 3539 1753 sicut
3561 1706 3620 1751 et
3641 1710 3741 1753 co-

2150 1780 2332 1851 gnitus
2358 1796 2500 1859 sum;
2533 1801 2552 1835 ι

2678 1873 2908 1931 CAPUT
2951 1875 3190 1933 XXXlll.

2225 2008 2390 2065 Vens.
2421 2011 2527 2068 1-9.
2553 2040 2622 2053 -
2657 2031 2678 2065 ι
2714 2011 2945 2070 Elevans
2973 2023 3156 2071 autem
3203 2014 3371 2075 Iacob
3395 2018 3601 2075 oculos.
3630 2060 3646 2075 .
3672 2059 3688 2075 .
3718 2061 3735 2075 .

2151 2098 2441 2172 divisitque
2465 2102 2606 2159 ﬁlios
2647 2102 2759 2159 Liae
2802 2113 2859 2161 et
2901 2105 3126 2172 Rachel,
3162 2126 3183 2160 ι
3214 2115 3322 2163 etc.
3352 2107 3549 2179 Aquila
3573 2111 3741 2166 dimi-

2151 2193 2330 2259 diavit,
2380 2204 2441 2250 ut
2494 2211 2661 2252 unum
2716 2212 2949 2254 cuneum
3002 2197 3211 2256 faceret
3259 2200 3578 2258 ancillarum
3607 2219 3737 2261 cum

2150 2288 2393 2368 parvulis
2414 2288 2548 2356 suis,
2576 2298 2634 2345 et
2660 2290 2889 2347 alterum
2932 2292 3225 2349 liberarum
3250 2309 3375 2350 cum
3410 2294 3540 2352 ﬁliis
3576 2297 3734 2365 suis;

2149 2380 2463 2450 primasque
2490 2381 2734 2437 mitteret
2780 2382 3026 2449 ancillas,
3055 2384 3323 2441 secundas
3340 2384 3541 2443 liberas
3572 2402 3588 2441 :
3614 2389 3738 2458 ipse

2152 2478 2277 2526 ante
2301 2485 2490 2526 omnes
2511 2468 2735 2527 fratrem
2764 2470 3087 2527 adoraturus
3105 2482 3434 2530 occurreret.

2223 2558 2388 2615 Vens.
2416 2560 2595 2617 10-15.
2628 2592 2699 2604 --
2737 2579 2756 2614 ι
2802 2560 2894 2619 Sic
2920 2578 3066 2618 enim
3092 2563 3220 2631 vidi,
3256 2583 3276 2617 ι
3302 2573 3411 2621 etc.
3449 2565 3631 2640 (Auc.,
3661 2569 3733 2638 ρ.

2151 2652 2207 2706 in
2227 2648 2359 2707 Gen.
2390 2660 2523 2707 tom.
2559 2652 2668 2725 Ill.)
2700 2652 2890 2709 Utrum
2921 2648 3168 2725 paventis
3193 2664 3251 2711 et
3275 2658 3577 2727 perturbati
3608 2660 3735 2716 ani-

2152 2747 2225 2802 mi
2255 2746 2445 2814 verba,
2474 2755 2607 2816 etc.,
2641 2764 2803 2819 usque
2829 2748 2899 2802 ad
2943 2749 3039 2820 qui
3066 2746 3318 2806 Graecum
3345 2750 3538 2809 audire
3562 2762 3619 2809 et
3646 2754 3734 2809 in-

2154 2838 2394 2910 telligere
2420 2837 2612 2894 solent.

2226 2929 2389 2988 Vens.
2420 2929 2508 2985 M.
2532 2961 2605 2972 —-
2637 2950 2656 2984 ι
2690 2931 2758 2987 Et
2777 2946 2877 3003 ego
2904 2946 3123 3004 sequar,
3166 2951 3186 2985 ι
3222 2940 3332 2991 etc.
3364 2932 3549 3008 (Δυθ.)
3576 2935 3733 3003 Quae-

2154 3023 2294 3077 ritur
2344 3022 2390 3078 si
2424 3024 2767 3079 mendacium
2815 3024 2971 3080 fratri
3028 3024 3355 3095 promiserit.
3403 3024 3520 3083 Hoc
3562 3028 3734 3096 enim,

2157 3114 2298 3169 sicut
2319 3112 2601 3184 Scriptura
2628 3124 2836 3183 narrat,
2886 3132 2993 3172 non
3033 3117 3203 3185 fecit;
3256 3120 3351 3176 sed
3401 3123 3739 3192 eoperrexit

2074 3234 2124 3301 α
2158 3205 2351 3260 itinere
2374 3205 2519 3301 quod
2546 3206 2932 3301 dirigebatad
2959 3224 3107 3265 suos.
3136 3208 3221 3265 An
3244 3208 3385 3265 forte
3406 3213 3586 3268 veraci
3617 3213 3740 3269 ani-

2152 3314 2242 3354 mo
2297 3298 2567 3370 promisit,
2636 3299 2732 3355 sed
2785 3299 2931 3357 aliud
2983 3313 3173 3373 postea
3233 3302 3525 3373 cogitando
3583 3304 3735 3360 dele-

2187 3392 2270 3447 it?

2188 3409 2227 3447 ιι
2247 3409 2270 3447 ι

2151 3409 2184 3464 8
2228 3504 2249 3539 ι
2281 3485 2503 3543 Socoth.
2558 3506 2578 3540 ι
2616 3485 2892 3561 (ﬁnenem)
2929 3488 3033 3545 Ubi
3063 3504 3164 3545 nos
3196 3488 3539 3545 tabernacula
3564 3491 3740 3548 habe-

2152 3594 2296 3646 mus,
2348 3580 2402 3636 in
2443 3578 2671 3636 Hebraeo
2722 3580 2921 3652 legitur
2957 3579 3148 3636 εσσοιή
3196 3589 3351 3642 ΠΕΟ.
3405 3581 3504 3638 Est
3549 3594 3737 3641 autem

2153 3685 2326 3741 usque
2373 3669 2533 3726 hodie
2561 3670 2755 3725 civitas
2797 3680 2950 3726 trans
2985 3669 3277 3727 Iordanem
3315 3672 3419 3729 hoc
3446 3674 3736 3745 vocabulo,

2154 3762 2211 3816 in
2238 3768 2393 3832 parte
2438 3759 2791 3834 Scytopoleos
2817 3762 2884 3817 de
2908 3776 3014 3832 qua
3049 3762 3103 3819 in
3132 3761 3273 3819 libro
3300 3761 3570 3820 Locorum
3600 3765 3743 3835 scri-

2154 3854 2380 3926 psimus.

2228 3950 2391 4005 Vens.
2446 3948 2624 4005 48-20.
2685 3968 2705 4001 ι
2760 3949 3144 4022 Transivitque
3199 3951 3257 4007 in
3309 3951 3513 4019 Salem,
3574 3973 3594 4008 ι
3628 3964 3738 4013 etc.

2157 4039 2431 4113 (ﬁnenem)
2464 4038 2701 4107 Quaestio
2736 4041 2984 4097 oboritur
3009 4044 3280 4113 quomodo
3321 4043 3502 4100 Salem
3535 4043 3736 4103 Sichen

2155 4132 2350 4188 civitas
2374 4130 2694 4202 appelletur,
2722 4147 2846 4187 cum
2872 4131 3231 4201 Hierusalem,
3262 4134 3318 4189 in
3347 4150 3453 4206 qua
3486 4139 3739 4207 regnavit

2155 4223 2569 4290 Melchisedech,
2601 4223 2779 4278 Salem
2810 4231 2936 4278 ante
2959 4223 3102 4280 dicta
3133 4224 3222 4279 sit.
3250 4226 3358 4280 Aut
3384 4225 3549 4298 igitur
3577 4229 3741 4287 unius

2155 4324 2386 4386 utraque
2413 4314 2544 4371 urbs
2584 4314 2822 4370 nominis
2845 4322 2949 4383 est,
2999 4314 3144 4385 quod
3170 4315 3236 4372 de
3260 4315 3508 4387 pluribus
3533 4318 3739 4377 Iudaeae

2155 4403 2290 4461 locis
2319 4403 2642 4470 invenimus,
2683 4411 2744 4459 ut
2770 4403 2911 4459 idem
2938 4404 3070 4460 urbs
3095 4413 3152 4461 et
3180 4403 3288 4460 loci
3313 4420 3512 4462 nomen
3538 4407 3593 4462 in
3627 4407 3737 4464 alia

2155 4506 2213 4554 et
2251 4497 2357 4553 alia
2384 4498 2528 4553 tribu
2560 4496 2649 4552 sit.
2694 4495 2805 4552 Aut
2833 4496 2938 4581 ista
2973 4495 3177 4564 Salem,
3214 4511 3336 4568 quae
3385 4513 3485 4568 pro
3514 4497 3737 4557 Sichem

2077 4589 2299 4651 Dnunc
2345 4586 2677 4653 nominatur,
2728 4586 2970 4642 dicemus
3011 4587 3358 4657 interpretari
3405 4604 3740 4645 consumma-

2153 4691 2260 4735 tam
2288 4688 2449 4749 atque
2471 4678 2753 4750 perfectam
2782 4693 2799 4732 :
2829 4685 2885 4735 et
2915 4677 3063 4733 illam
3091 4693 3212 4750 quae
3253 4687 3442 4750 postea
3470 4679 3734 4739 Hierusa-

2154 4771 2258 4827 lem
2284 4770 2429 4827 dicta
2479 4779 2582 4835 est,
2613 4768 2912 4841 paciﬁcum.
2954 4768 3257 4840 Utrumque
3287 4779 3515 4827 accentu
3540 4774 3739 4844 paulu-

2152 4863 2263 4918 lum
2290 4861 2582 4927 declinato,
2622 4861 2726 4916 hoc
2772 4859 3092 4916 vocabulum
3119 4869 3296 4918 sonat.
3344 4861 3589 4920 Tradunt
3627 4865 3737 4923 lle-

2152 4958 2283 5014 brzei
2305 4958 2445 5028 quod
2465 4954 2644 5011 femur
2678 4954 3039 5011 claudicantis
3056 4953 3226 5011 Iacob
3245 4955 3320 5012 ibi
3342 4964 3594 5013 sanatum
3615 4959 3689 5015 sit
3717 4975 3733 5014 :

2156 5048 2383 5119 ideoque
2429 5046 2702 5103 civitatem
2731 5046 2904 5101 curati
2952 5053 3118 5116 atque
3161 5045 3377 5117 perfecti
3404 5048 3731 5105 vocabulum

2157 5148 2523 5198 consecutam.

2683 5227 2910 5288 CAPUT
2954 5230 3191 5288 XXXIV.

2230 5365 2397 5421 Vens.
2432 5365 2484 5419 t.
2535 5393 2606 5404 —
2659 5381 2680 5417 ι
2735 5363 2989 5448 Egressa_
3011 5372 3097 5422 est
3142 5375 3326 5422 autem
3377 5365 3531 5431 Dina,
3568 5385 3591 5420 ι
3619 5376 3732 5426 etc.

2166 5456 2351 5531 (Gneo.
2383 5456 2437 5512 in
2480 5453 2720 5523 Partem,
2749 5472 2800 5513 c.
2832 5456 2949 5528 50.)
2979 5456 3137 5523 Dina,
3180 5464 3243 5513 ut
3270 5456 3526 5515 mulieres
3549 5467 3734 5516 extra-

2160 5564 2277 5605 neae
2310 5547 2544 5620 regionis
2578 5548 2782 5614 videat,
2814 5547 3112 5620 egreditur,
3142 5562 3265 5605 cum
3296 5562 3451 5604 utens
3491 5563 3590 5605 sua
3617 5558 3737 5606 stu-

2160 5640 2245 5697 dia
2274 5638 2565 5711 negligens,
2606 5638 2847 5694 actiones
2889 5637 3097 5694 alienas
3134 5652 3353 5704 curans,
3396 5644 3553 5693 extra
3580 5638 3733 5695 Ordi-

2158 5746 2283 5789 nem
2318 5730 2595 5801 proprium
2649 5740 2926 5800 evagatur.
2977 5729 3149 5798 Quam
3197 5728 3439 5795 Sichem,
3476 5728 3735 5801 princeps

2156 5836 2337 5891 terrae,
2369 5820 2645 5896 opprimit,
2692 5822 2819 5892 quia
2849 5822 3123 5879 inventam
3159 5821 3215 5877 in
3257 5822 3404 5878 curis
3441 5819 3734 5877 exteriori-
