4074 6334
389 396 489 456 Ml

1409 399 1675 459 GLOSSA
1712 399 2107 458 ORDINARIA.
2146 433 2217 445 ——
2251 403 2381 462 LIB.
2420 403 2580 463 GEN.

3526 411 3633 473 163

386 515 492 571 bus
540 511 788 570 diabolus
813 514 1129 585 corrumpit.
1160 512 1230 569 Et
1267 513 1635 585 conglutinata
1662 525 1748 574 est
1772 516 1953 573 anima
1979 516 2033 579 Α
2059 522 2171 573 tate
2217 518 2342 574 vitae
2372 516 2668 584 ambulare,
2725 516 2870 588 quod
2914 527 3000 574 est
3040 519 3363 576 vestimenta
3389 531 3623 581 mutare.

384 607 505 679 ejus
528 621 653 663 cum
677 620 763 672 ea,
794 606 921 678 quia
948 606 1153 663 unitam
1179 606 1280 664 sibi
1305 621 1402 678 per
1428 607 1767 680 iniquitatem
1790 609 1958 682 respi-

385 703 480 761 cit.
518 702 593 759 Et
634 701 760 773 quia
807 716 963 761 mens
989 716 1021 756 a
1047 702 1203 773 culpa
1250 700 1577 772 resipiscens
1627 700 1879 768 adicitur,
1903 713 1960 759 et

385 793 683 850 admissum
712 791 844 849 ﬁere
895 801 1126 849 conatur
1153 807 1169 847 :
1200 800 1488 863 corruptor
1533 807 1685 864 spem
1715 808 1779 849 ac
1804 807 1959 849 secu-

384 884 601 939 ritatem
653 898 881 940 vacuam
909 892 1037 940 ante
1085 883 1274 941 oculos
1309 891 1484 950 vocat,
1510 894 1781 955 quatenus
1813 882 1959 940 utili-

385 983 553 1030 tatem
574 974 811 1030 tristitiae
837 974 1143 1031 subtrahat.
1177 974 1328 1031 Unde
1354 974 1609 1032 additur:
1647 995 1666 1027 ι
1703 974 1959 1031 Tristem-

382 1080 491 1136 que
517 1065 791 1123 blanditus
816 1066 1082 1123 delinivit.
1122 1085 1143 1120 ι
1181 1064 1339 1122 Modo
1359 1066 1524 1132 enim,
1551 1066 1784 1123 aliorum
1812 1066 1956 1122 facta

380 1157 667 1228 graviora;
694 1156 855 1212 modo
907 1156 1042 1212 nihil
1085 1171 1206 1212 esse
1247 1157 1392 1226 quod
1416 1155 1616 1213 factum
1645 1165 1767 1223 est;
1799 1155 1958 1213 modo

382 1248 791 1305 misericordem
823 1249 990 1305 Deum
1036 1247 1294 1318 loquitur,
1334 1254 1390 1303 et
1439 1257 1648 1318 tempus
1677 1248 1744 1303 ad
1792 1247 1958 1318 poeni-

384 1341 610 1397 tentiam
638 1340 923 1411 pollicetur
952 1358 965 1394 :
1010 1348 1071 1395 ut
1113 1337 1242 1394 dum
1282 1353 1380 1409 per
1407 1338 1523 1394 haec
1556 1338 1777 1408 decepta
1804 1353 1957 1394 mens

382 1430 621 1496 ducitur,
669 1429 990 1500 paenitentia
1029 1427 1330 1495 differatur,
1379 1435 1439 1483 ut
1467 1436 1596 1484 tunc
1620 1428 1758 1484 bona
1808 1426 1953 1483 nulla

378 1522 667 1594 percipiat,
725 1535 887 1591 quam
939 1534 1084 1575 nunc
1135 1518 1277 1574 mala
1330 1518 1782 1575 contristantzct
1827 1527 1955 1574 tunc

378 1615 592 1688 plenius
619 1613 975 1671 absorbeatur
1001 1609 1303 1699 suppliciis,
1349 1625 1471 1682 qua:
1501 1624 1644 1665 nunc
1670 1609 1868 1679 gaudet
1898 1608 1950 1664 in

379 1705 615 1850 degit:
643 1789 792 1849 2-32.
820 1819 890 1833 —
922 1809 942 1843 ι
988 1788 1159 1859 Quam
1184 1804 1305 1846 cum
1333 1788 1554 1846 vidisset
1580 1788 1814 1845 Sichem.
1849 1828 1863 1844 .
1891 1828 1901 1843 .
1930 1828 1944 1844 .

2060 606 2379 680 Signiﬁcant
2407 617 2586 665 autem
2620 608 2837 664 inaures
2863 606 3013 665 falsa:
3049 610 3310 666 doctrinae
3346 611 3622 682 phaleras,

2057 713 2306 756 sermone
2331 700 2550 766 nitidas,
2581 700 2675 756 sed
2710 713 2875 756 sensu
2901 699 3147 757 veritatis
3178 716 3396 759 vacuas.

2135 809 2153 843 ι
2190 790 2254 848 Ει
2277 790 2517 859 inaures,
2551 810 2570 845 ι
2612 798 2720 850 etc.
2751 790 2939 865 (Αυις.)
2972 791 3244 861 Quaeritur
3285 779 3444 865 quale
3465 795 3625 852 inau-

2059 895 2170 948 res,
2194 895 2315 952 quae
2348 888 2667 939 ornamenta
2693 892 2851 938 erant
2879 883 2946 939 ad
2976 882 3337 940 idololatriam
3363 902 3469 942 non
3493 902 3617 958 per-

2058 973 2327 1029 tinentia?
2376 974 2471 1030 sed
2524 973 2931 1047 intelligendum
2957 983 3041 1032 est
3082 974 3421 1047 phylacteria
3449 975 3618 1035 fuisse

2057 1063 2280 1121 deorum
2308 1053 2630 1121 alienorum.

2128 1153 2291 1212 Vsus.
2322 1154 2433 1212 6-9.
2465 1186 2536 1197 —
2565 1175 2585 1210 ι
2623 1156 2780 1214 Venit
2805 1157 2970 1231 igitur
3001 1157 3171 1217 Jacob
3207 1159 3428 1229 Sozam,
3460 1179 3478 1212 ι
3510 1168 3618 1218 etc.

2055 1246 2240 1322 (Auc.)
2293 1246 2598 1305 Notandum
2654 1259 2739 1308 est
2761 1252 2866 1308 tria
2920 1253 3137 1308 nomina
3185 1252 3346 1323 hujus
3381 1254 3618 1311 civitatis

2053 1356 2177 1400 esse
2205 1353 2643 1409 commemorata,
2685 1353 2817 1411 etc.,
2848 1363 3011 1417 usque
3036 1346 3107 1401 ad
3139 1346 3322 1403 multis
3346 1347 3414 1402 de
3442 1347 3623 1404 causis

2054 1435 2328 1492 adduntur
2350 1437 2570 1492 nomina
2594 1436 2681 1492 vel
2704 1446 3001 1494 mutantur.

2126 1526 2400 1601 (Ηιειιοιη.)
2449 1528 2589 1585 Ecce
2636 1528 3078 1587 manifestissime
3107 1532 3490 1603 comprobatur
3516 1533 3617 1591 Bc-

2052 1619 2166 1676 thcl
2191 1635 2298 1676 non
2332 1617 2508 1687 Ulam,
2539 1627 2599 1676 ut
2625 1635 2786 1691 supra
2833 1620 3034 1677 dictum
3062 1629 3168 1689 est,
3199 1623 3296 1681 sed
3328 1623 3533 1690 Luzan,
3568 1622 3620 1680 id

2049 1720 2159 1779 est,
2188 1712 2546 1784 amygdalum,
2577 1724 2737 1769 antea
2761 1727 2884 1770 esse
2913 1724 3182 1770 vocatam.

2122 1804 2287 1860 Vsus.
2312 1804 2410 1860 40.
2433 1834 2506 1845 —
2534 1821 2555 1856 ι
2591 1802 2710 1860 Non
2738 1803 3021 1861 vocaberis
3057 1804 3220 1872 ultra,
3254 1825 3273 1857 ι
3307 1814 3412 1862 etc.
3442 1804 3623 1878 (Acs)

381 1899 491 1952 εει
519 1885 775 1945 dormivit
800 1900 924 1942 cum
950 1883 1059 1947 illa,
1090 1902 1110 1936 ι
1136 1892 1244 1940 etc.
1271 1882 1425 1955 (Anc.
1460 1882 1660 1950 Quam.
1699 1883 1756 1936 in
1790 1877 1947 1948 Gem,

2052 1895 2325 1964 Quaeritur
2376 1911 2500 1952 cum
2551 1897 2721 1952 semel
2770 1896 2976 1953 dictum
3009 1897 3101 1965 sit,
3133 1918 3153 1951 ι
3190 1869 3307 1953 Non
3342 1869 3625 1955 vocaberis

377 1988 511 2035 tom.
537 1976 648 2050 lli.)
682 1977 748 2033 Et
771 1976 999 2033 intendit
1025 1976 1219 2032 animae
1257 1975 1407 2031 Dina:
1436 1972 1559 2030 ﬁlia:
1586 1972 1753 2029 Jacob
1777 1981 1832 2028 et
1861 1972 1963 2028 ad-'

381 2070 585 2126 amavit
633 2069 921 2141 virginem,
950 2076 1005 2124 et
1052 2067 1263 2123 locutus
1291 2074 1376 2122 est
1401 2064 1697 2122 secundum
1726 2079 1946 2120 sensum

377 2159 620 2230 virginis.
673 2157 953 2226 Quomodo
1002 2157 1158 2228 virgo
1205 2156 1423 2223 dicitur,
1466 2155 1512 2212 si
1535 2155 1648 2226 jam
1692 2153 1949 2210 dormivit

372 2266 499 2305 cum
522 2247 628 2304 ea?
656 2248 760 2304 nisi
808 2247 948 2304 forte
971 2248 1123 2317 virgo
1154 2262 1351 2303 nomen
1399 2246 1574 2302 aetatis
1621 2253 1705 2301 est
1754 2260 1946 2300 secun-

370 2339 503 2395 dum
531 2337 812 2394 Hebraeum
853 2337 1145 2408 eloquium,
1171 2354 1240 2393 an
1286 2337 1467 2408 potius
1505 2351 1603 2407 per
1626 2334 1946 2406 recapitula-

374 2430 581 2487 tione'm
615 2439 736 2501 post
762 2438 1217 2486 commemoratur
1243 2428 1387 2498 quod
1431 2436 1557 2483 ante
1607 2426 1810 2482 factum
1836 2434 1940 2482 est.

371 2521 533 2576 Prius
552 2522 697 2576 enim
724 2520 899 2591 potuit
921 2519 1200 2575 intendere
1228 2518 1424 2573 anima:
1455 2517 1647 2589 ipsius,
1681 2526 1737 2572 et
1759 2532 1944 2572 amare

370 2611 662 2683 virginem,
684 2619 740 2666 et
762 2609 908 2682 loqui
929 2608 1224 2666 secundum
1246 2624 1462 2666 sensum
1484 2607 1724 2682 virginis,
1751 2609 1943 2665 deinde

368 2701 609 2758 dormire
620 2716 751 2758 cum
786 2700 896 2756 illa.
1254 2774 1259 2777 ‘

448 2811 467 2844 ι
504 2792 742 2848 Paciﬁci.
780 2812 802 2846 ι
858 2789 961 2849 Ubi
1012 2791 1367 2864 Septuaginta.
1422 2790 1762 2864 interpretati
1817 2799 1943 2848 sunt

367 2872 638 2959 paciﬁcus,
661 2883 854 2957 Aquila
880 2883 1155 2940 transtulit
1192 2895 1597 2947 consummatos,
1635 2892 1790 2955 atque
1815 2899 1938 2954 per-

366 2978 532 3048 fectos
560 2992 662 3049 pro
687 2992 795 3047 quo
823 2974 880 3031 in
905 2974 1131 3030 Hebraeo
1158 2974 1353 3047 legitur
1382 2991 1395 3028 :
1429 2971 1692 3029 Selemim.
1724 2973 1804 3029 Ex
1833 2988 1940 3047 quo

368 3077 598 3139 apparet
624 3068 757 3125 illud
784 3082 905 3125 esse
929 3082 1119 3123 verum
1161 3065 1305 3137 quod
1350 3079 1512 3136 supra
1543 3065 1611 3120 de
1637 3063 1818 3121 Salem
1860 3063 1941 3121 di-

366 3174 567 3215 xnuus.

2050 1986 2192 2042 ultra
2218 1986 2406 2054 Jacob,
2447 2006 2468 2041 ι
2495 1995 2625 2054 etc.,
2660 2002 2759 2043 cur
2788 1986 3001 2059 legatur
3048 1997 3234 2065 postea
3262 1986 3431 2044 Jacob
3456 2004 3619 2044 voca-

2049 2080 2184 2136 tus?
2219 2079 2328 2135 Sed
2375 2079 2481 2135 hoc
2521 2093 2720 2135 nomen
2749 2080 2817 2135 ad
2847 2079 2991 2134 illam
3019 2080 3253 2151 pertinet
3302 2080 3621 2152 promissio—

2048 2184 2197 2235 nem,
2228 2170 2415 2240 inqua
2442 2168 2657 2225 videtur
2703 2168 2849 2224 Deus
2900 2170 3170 2239 quomodo
3217 2185 3324 2224 non
3350 2177 3434 2224 est
3462 2177 3622 2227 antea

2046 2260 2295 2334 patribus
2328 2260 2499 2325 visus,
2538 2259 2632 2314 ubi
2659 2274 2764 2313 non
2793 2259 2899 2314 erit
2926 2274 3121 2315 nomen
3151 2268 3307 2314 vetus
3337 2276 3351 2312 :
3379 2258 3506 2329 quia
3538 2257 3620 2312 ni-

2047 2357 2125 2413 hil
2149 2355 2449 2412 remanebit
2484 2354 2571 2409 hic
2594 2354 2648 2408 in
2673 2352 2790 2422 ipso
2820 2367 3047 2423 corpore
3075 2355 3380 2417 vetustatis,
3407 2358 3461 2405 et
3481 2350 3618 2405 visio

2045 2446 2143 2502 Dei
2170 2460 2441 2502 summum
2468 2443 2747 2515 praemium
2775 2443 2899 2498 erit.

2118 2537 2398 2609 (Histrum)
2456 2554 2475 2588 ι
2530 2534 2647 2590 Non
2701 2534 2985 2591 vocaberis
3033 2535 3176 2590 ultra
3223 2534 3413 2600 Jacob,
3447 2553 3467 2585 ι
3515 2543 3622 2590 etc.

2043 2630 2292 2686 Nondum
2318 2627 2461 2683 enim
2490 2625 2558 2705 ab
2608 2625 2799 2698 angelo
2847 2642 3043 2710 nomen
3078 2627 3130 2682 ei
3179 2626 3491 2697 imponitur,
3520 2625 3615 2681 sed

2043 2718 2427 2793 imponendum
2456 2733 2488 2773 a
2519 2718 2629 2774 Deo
2689 2718 3023 2789 prtedicitur.
3078 2716 3231 2786 Quod
3280 2717 3444 2790 igitur
3490 2716 3614 2772 illuc

2044 2814 2286 2870 futurum
2314 2810 2669 2884 promittitur,
2696 2809 2786 2864 hic
2805 2809 3079 2881 expletum
3116 2809 3360 2865 docetur.

2118 2927 2290 2982 Vsus.
2323 2926 2502 2982 11-15.
2546 2956 2618 2966 —
2658 2943 2677 2977 ι
2711 2925 2909 2981 Cresce
2953 2934 3009 2982 et
3034 2925 3413 2998 multiplicare.
3447 2944 3466 2978 ι
3502 2925 3623 2981 Μο-

2044 3023 2247 3077 raliter.
2274 3020 2399 3077 Haec
2434 3021 2726 3092 promissio
2779 3022 2848 3076 ad
2897 3020 3181 3092 spirituale
3228 3036 3412 3077 semen
3457 3020 3625 3077 Jacob

2044 3114 2299 3186 pertinet,
2347 3115 2488 3170 sicut
2535 3115 2647 3186 jam
2704 3123 2833 3170 ante
2860 3114 2927 3171 de
2969 3114 3247 3170 Abraham
3281 3115 3481 3170 dictum
3513 3121 3613 3169 est.

445 3205 738 3319 ἷῖέεειιεί.
772 3271 790 3305 ι
821 3262 925 3309 etc.
960 3250 1142 3323 (Αυο.)
1164 3249 1333 3306 Paulo
1365 3257 1493 3304 ante
1519 3248 1688 3305 Iacob
1714 3248 1943 3320 loquens
1969 3228 2016 3293 ο
2047 3206 2250 3323 ῗῗῗῗῗ
2276 3205 3104 3323 3??“fl‘fifﬂpfii"233T???
3133 3205 3621 3323 ,ῗίηῖίίίὲἷθῖῗῖἷῗζ

362 3360 492 3401 cum
518 3344 686 3411 Esau,
739 3342 879 3399 ﬁlios
907 3357 1035 3399 suos
1068 3341 1305 3397 infantes
1346 3354 1465 3397 esse
1494 3339 1783 3413 signiﬁcat,
1811 3347 1941 3406 etc.,

366 3452 533 3509 usque
553 3436 624 3491 ad
653 3435 749 3492 sed
772 3434 865 3490 ﬁlii
896 3433 1012 3504 ejus
1034 3434 1089 3489 in
1116 3433 1220 3489 hoc
1251 3431 1395 3490 facto
1415 3432 1766 3488 nominantur
1787 3433 1941 3505 quasi

366 3531 645 3602 principes
680 3537 738 3586 et
764 3537 1034 3585 auctores.

445 3644 463 3676 ι
493 3624 760 3695 Amplis,
798 3643 818 3677 ι
862 3631 968 3680 etc.
1000 3620 1254 3695 (Si-tua.)
1302 3619 1395 3678 Sic
1421 3629 1670 3693 pastores
1691 3620 1944 3677 Ecclesia:

364 3722 647 3789 peccatum
694 3715 874 3772 carnis
907 3714 994 3771 vel
1034 3715 1230 3770 animae
1283 3713 1473 3770 ulcisci
1521 3714 1720 3770 debent
1768 3714 1945 3786 gladio

364 3806 614 3875 spiritus,
637 3807 729 3877 (ιυί
755 3814 839 3862 est
876 3805 1097 3861 verbum
1124 3803 1218 3860 Dei
1247 3822 1259 3858 :
1289 3804 1464 3875 parati
1495 3804 1681 3860 ulcisci
1727 3820 1943 3861 omnem

362 3897 806 3954 inobedientiam.

442 4010 462 4043 ο
497 3989 607 4049 Nos
629 3992 786 4064 pauci
814 4007 1020 4058 sumus,
1071 4011 1090 4044 ι
1121 4001 1227 4048 etc.
1262 3990 1445 4065 (Auc.)
1477 3990 1592 4048 Hoc
1636 3991 1788 4059 dicit,
1817 3992 1944 4062 quia

358 4083 653 4156 plurimum
706 4083 844 4140 bella
870 4091 1123 4157 poterant
1158 4098 1401 4157 surgere,
1444 4098 1552 4140 non
1605 4082 1751 4155 quod
1776 4083 1945 4140 multo

360 4175 544 4232 minus
589 4173 819 4231 haberet
846 4190 1009 4246 quam
1036 4183 1257 4246 possent
1284 4174 1677 4246 expugnationi
1710 4174 1945 4246 civitatis

361 4265 632 4323 suﬂicere.

440 4377 460 4413 ι
492 4358 747 4431 Nunquid
775 4366 833 4415 ut
859 4371 1063 4427 scorto,
1100 4381 1121 4415 ι
1148 4369 1258 4417 etc.
1288 4359 1473 4433 (Auc.)
1518 4360 1681 4417 Zelus
1708 4359 1943 4417 ﬁliorum

357 4449 530 4509 Iacob
556 4452 611 4508 in
657 4452 915 4509 ultionem
947 4455 1156 4510 sororis
1186 4454 1465 4512 moraliter
1511 4464 1824 4513 commonet
1850 4470 1947 4527 pa-

358 4551 538 4598 stores
566 4541 824 4608 ﬁdelium,
855 4560 1042 4600 curam
1074 4545 1275 4602 habere
1312 4546 1615 4602 animarum
1642 4546 1745 4603 sibi
1793 4562 1940 4603 com-
1966 4587 2020 4649 Β

358 4634 672 4700 missarum,
703 4649 771 4690 ne
800 4635 1067 4692 violenter
1122 4638 1390 4709 corporali
1427 4637 1651 4705 delicto,
1697 4647 1791 4693 aut
1823 4638 1937 4693 for-

360 4726 638 4783 nicatione
679 4727 945 4799 spirituali
1001 4733 1377 4787 succumbant.
1434 4751 1453 4785 ι
1497 4732 1786 4803 Paratique
1829 4733 1939 4789 sint

360 4817 551 4874 ulcisci
581 4834 799 4875 omnem
848 4820 1292 4888 inobedientiam,
1329 4844 1347 4875 ι
1405 4833 1459 4881 ει
1501 4824 1939 4880 excommunica-

360 4912 527 4969 tionis
583 4912 761 4985 gladio
818 4911 1016 4970 feriant
1072 4924 1459 4986 stupratorem,
1515 4932 1585 4973 ne
1640 4917 1936 4987 impunitus

359 5011 574 5068 evadat.
1236 5022 1243 5027 '

926 5127 1153 5185 CAPUT
1194 5128 1410 5186 XXXV.

430 5281 595 5337 Vsus.
622 5281 734 5339 4-5.
764 5314 836 5325 -
869 5303 889 5338 ‹
927 5285 1202 5343 Dederunt
1248 5303 1378 5360 ergo
1419 5288 1492 5355 ei,
1545 5308 1564 5341 ι
1613 5297 1720 5346 etc.
1749 5289 1933 5362 (Hann.

360 5370 429 5438 ρ.
457 5374 513 5427 in
536 5370 693 5441 Gem,
721 5383 852 5433 tom.
880 5376 996 5451 Ill.)
1038 5376 1204 5435 Plane
1250 5379 1355 5437 hoc
1383 5380 1571 5439 ordine
1600 5390 1656 5438 et
1698 5382 1785 5439 his
1812 5398 1938 5454 pro-

357 5462 593 5524 fectibus
621 5470 1025 5527 ascendentium
1082 5481 1167 5528 est
1220 5472 1273 5527 in
1300 5471 1511 5540 Bethel,
1544 5475 1595 5530 id
1623 5485 1727 5542 est,
1758 5477 1815 5531 in
1844 5476 1941 5533 do-

356 5570 510 5612 mum
560 5557 682 5625 Dei,
739 5576 859 5632 quaz
885 5572 968 5619 est
1018 5563 1257 5621 Ecclesia
1307 5566 1531 5623 Christi.
1564 5567 1805 5625 Primum
1828 5579 1937 5637 est,

358 5653 626 5723 pristinos
654 5657 907 5716 abdicare
949 5674 1188 5728 errores,
1219 5670 1273 5717 et
1300 5662 1461 5719 unius
1490 5665 1604 5720 veri
1642 5665 1738 5721 Dei
1766 5666 1935 5737 proﬁ-

361 5745 466 5801 teri
509 5747 691 5815 ﬁdem,
747 5752 889 5822 quod
919 5761 1004 5809 est
1035 5753 1252 5811 auferre
1295 5755 1427 5812 deos
1467 5756 1673 5814 alienos
1705 5776 1717 5811 :
1744 5758 1937 5815 deinde

360 5834 652 5908 baptizari,
687 5843 832 5913 quod
868 5854 952 5901 est
989 5845 1274 5912 mundari;
1310 5840 1386 5902 Oc
1416 5846 1672 5918 deinceps
1697 5848 1748 5903 'm
1782 5848 1936 5903 novi-

2050 3298 2248 3354 minem
2272 3313 2396 3354 cum
2431 3298 2644 3353 actibus
2668 3297 2782 3352 suis
2809 3297 3105 3368 deponunt,
3130 3307 3187 3353 et
3213 3299 3412 3354 mentis
3436 3297 3623 3355 oculos
3714 3330 3737 3355 ο

2047 3391 2117 3447 ad
2143 3390 2314 3446 Deum
2342 3390 2646 3456 intendunt,
2681 3398 2828 3449 recte
2854 3389 2920 3446 ad
2948 3387 3117 3445 Iacob
3151 3390 3443 3461 pertinent,
3471 3387 3626 3457 cujus

2048 3482 2211 3537 ﬁdem
2257 3489 2313 3536 et
2362 3488 2515 3536 actus
2564 3479 2869 3535 imitantur.
2906 3497 2926 3531 ι
2967 3478 3252 3551 Regesque
3309 3481 3375 3535 de
3427 3479 3625 3535 lumbis

2044 3572 2161 3643 ejus
2187 3574 2551 3646 egredientur,
2595 3591 2613 3623 ι
2649 3572 2702 3626 id
2745 3579 2850 3637 est,
2883 3571 3057 3627 sancti
3084 3571 3177 3642 qui
3204 3570 3501 3626 secundum
3528 3586 3623 3625 vo-

2045 3663 2306 3719 luntatem
2338 3662 2433 3718 Dei
2461 3677 2520 3718 se
2545 3670 2601 3717 et
2639 3661 2886 3717 subditos
2914 3675 3039 3716 vere
3068 3668 3263 3734 regunt
3292 3678 3307 3715 :
3345 3662 3411 3717 de
3459 3659 3612 3730 cujus

2045 3755 2254 3812 semine
2300 3754 2588 3825 spirituali,
2619 3753 2675 3809 id
2719 3762 2807 3810 est
2834 3752 3139 3810 imitatione
3184 3754 3332 3821 ﬁdei,
3364 3755 3419 3811 in
3465 3753 3623 3811 bonis

2043 3844 2301 3916 operibus
2322 3842 2697 3900 fecundantur.

2116 3960 2281 4016 Vsus.
2316 3958 2511 4027 ΗΑΒ.
2538 3990 2609 4001 —
2640 3977 2660 4012 ι
2695 3957 2790 4015 111ε
2834 3974 2968 4017 vero
3016 3960 3193 4017 erexit
3250 3960 3460 4016 titulum
3492 3959 3627 4032 lapi-

2051 4072 2070 4105 (
2101 4054 2261 4110 deum
2288 4052 2343 4108 in
2374 4053 2494 4109 loco
2521 4068 2629 4124 quo
2655 4052 2870 4109 locutus
2897 4051 3095 4118 fuerat,
3135 4072 3152 4105 ι
3183 4061 3287 4109 etc.
3315 4053 3497 4126 (Auc.)
3522 4052 3624 4108 Fa-

2049 4160 2196 4208 ctum
2228 4159 2314 4207 est
2341 4151 2537 4206 iterum
2564 4149 2670 4205 hoc
2690 4150 2746 4205 in
2776 4149 2898 4207 loco
2924 4150 3066 4221 quod
3089 4157 3247 4204 antea
3273 4147 3475 4205 factum
3506 4147 3623 4203 fue-

2045 4252 2163 4311 rat;
2191 4242 2275 4298 vel
2300 4251 2660 4299 memoratum
2709 4241 2800 4297 hic
2835 4241 2979 4313 quod
3032 4251 3157 4297 ante
3184 4240 3359 4295 fuerat
3398 4239 3480 4295 fac
3509 4255 3618 4294 nm.

2047 4337 2154 4393 Sed
2180 4334 2460 4408 quodlibet
2494 4336 2689 4391 horum
2730 4334 2821 4399 sit,
2861 4347 3024 4404 super
3046 4331 3279 4403 lapidem
3310 4331 3498 4386 libavit
3532 4328 3621 4385 Ja-

2046 4428 2171 4494 cob,
2205 4443 2309 4483 non
2348 4426 2535 4498 lapidi.
2569 4424 2684 4478 Non
2738 4438 2866 4494 ergo
2924 4423 3066 4477 sicut
3110 4420 3411 4478 idololatrzc
3445 4421 3620 4478 solent

2047 4536 2170 4576 aras
2214 4518 2349 4574 ante
2372 4516 2608 4589 lapidem
2639 4515 2993 4580 constituere,
3021 4522 3077 4570 et
3107 4522 3365 4585 tanquam
3403 4513 3513 4572 Deo
3540 4513 3621 4570 la-

2042 4614 2155 4686 pidi
2177 4612 2367 4669 libare.

2116 4725 2280 4783 Vens.
2309 4723 2509 4793 16,17.
2542 4754 2610 4765 -
2646 4742 2663 4776 ‹
2696 4722 3010 4794 Ephratam.
3038 4741 3059 4777 ι
3085 4720 3363 4796 (Ηιειιοκ.)
3388 4720 3621 4793 Ephrata

2045 4829 2101 4876 et
2125 4817 2405 4874 Bethleem
2440 4816 2603 4871 unius
2631 4815 2786 4872 urbis
2820 4814 3143 4872 vocabulum
3171 4822 3277 4880 est,
3326 4814 3429 4870 sub
3456 4814 3625 4869 inter-

2045 4911 2348 4983 pretatione
2399 4907 2687 4964 consimili.
2738 4907 3136 4979 Interpretatur
3182 4906 3328 4962 enim
3360 4905 3620 4977 frugifera

2044 5013 2101 5058 et
2147 5002 2335 5056 damus
2375 4999 2549 5071 panis,
2598 5008 2820 5071 propter
2857 5013 3053 5069 panem
3098 4996 3192 5069 qui
3236 4997 3303 5053 de
3351 4996 3489 5052 coelo
3532 4997 3624 5052 dc-

2044 5093 2272 5152 scendit.

2115 5206 2279 5263 Vsns.
2305 5205 2486 5263 l8-20.
2516 5236 2586 5246 —
2619 5223 2639 5257 ι
2672 5204 2995 5277 Egrediente
3027 5213 3230 5271 autem,
3264 5221 3285 5257 ι
3312 5212 3417 5261 etc.
3447 5201 3618 5275 (Isto)

2045 5298 2187 5366 Quid
2212 5295 2315 5375 sibi
2341 5297 2457 5373 vult
2496 5297 2640 5368 quod
2666 5296 2915 5354 eumdem
2942 5293 3188 5352 Bennoni
3238 5295 3463 5361 Rachel,
3495 5310 3617 5349 cum

2046 5396 2281 5460 pareret,
2308 5388 2522 5446 vocavit
2546 5386 2718 5458 ﬁlium
2747 5387 2945 5443 doloris
2966 5389 3066 5443 mei
3089 5389 3113 5443 ?
3143 5386 3256 5443 Nisi
3288 5387 3527 5442 futurum
3551 5398 3620 5440 ex

2045 5495 2110 5536 ea
2130 5480 2273 5536 tribu
2300 5479 2554 5545 Paulum,
2587 5479 2681 5550 (ιυί
2723 5477 2983 5551 atlligeret
3030 5478 3173 5535 ﬁlios
3197 5476 3453 5534 Ecclesize
3483 5482 3618 5531 tem-

2043 5588 2175 5644 pore
2199 5572 2595 5645 persecutionis
2620 5571 2768 5627 suae?
2795 5570 2967 5628 Aliter
3009 5586 3107 5643 per
3133 5568 3411 5638 Benjamin
3444 5576 3613 5623 terre-

2044 5665 2175 5721 stris
2204 5662 2545 5720 Hierusalem
2574 5661 2859 5735 ﬁguratur,
2885 5676 3007 5733 qua:
3036 5670 3119 5716 est
3148 5661 3201 5715 in
3233 5658 3375 5715 tribu
3417 5657 3616 5730 Benja-

2042 5758 2383 5828 min:cujus
2444 5755 2673 5827 populus
2724 5755 2871 5826 gravi
2926 5753 3110 5808 dolore
3167 5759 3397 5810 matrem
3451 5752 3618 5809 allicit

2040 5848 2312 5904 fundendo
2373 5849 2688 5918 sanguinein
2741 5847 3144 5916 prophetartnn,
3205 5854 3259 5903 et
3310 5844 3362 5900 in
3412 5856 3598 5900 necent
