4074 6334
522 468 627 529 165

1010 464 1404 528 WALAFRlDl
1442 466 1688 525 suum
1726 456 1931 522 FULD.
1970 452 2137 520 nos.
2177 450 2330 516 opp.
2367 446 2545 515 PARS
2581 444 2622 513 i.
2665 487 2732 498 —
2770 428 3228 512 TrlEOLOGlCA.

3662 426 3769 512 tot

520 584 728 643 Christi
754 584 1039 642 clamando
1071 606 1084 640 ;
1122 605 1139 637 ι
1177 582 1410 656 Sanguis
1436 584 1553 656 ejus
1580 596 1743 652 super
1774 595 1891 643 nos,
1920 582 1974 633 et
1996 568 2087 632 su-

2272 590 2290 623 ¢
2328 568 2450 628 Filii
2489 569 2630 635 Seir,
2671 590 2690 624 ι
2724 578 2827 625 etc.
2857 567 3104 640 (Srns-a.)
3134 562 3191 623 Id
3221 566 3305 623 es’t
3334 558 3484 656 liberi
3508 560 3622 635 qui,
3654 564 3767 624 sie.-

522 693 621 749 per
650 677 789 734 filios
818 685 1033 733 nostros
1057 675 1273 749 (Matth.
1304 674 1496 745 xxv“).
1988 730 1997 749 ρ

599 786 618 819 ι
651 768 720 824 Et
746 764 944 823 factum
974 776 1057 822 est
1087 782 1207 821 cum
1238 766 1535 822 dimitteret
1584 763 1843 827 animam.
1884 781 1902 813 ι
1939 748 2090 831 (ille—

520 861 671 931 nou.)
711 857 988 928 Siquidem
1033 857 1384 921 moriebatur,
1424 874 1442 907 ι
1476 854 1692 910 vocavit
1723 867 1919 908 nomen
1947 851 2090 922 ejus,

525 953 668 1007 ﬁlius
697 951 896 1006 doloris
928 948 1030 1004 mei
1065 967 1077 1003 :
1107 958 1260 1020 pater
1302 963 1431 1003 vero
1458 946 1575 1015 ejus
1629 944 1844 1000 vocavit
1895 932 2092 999 homen

521 1041 637 1111 ejus
660 1040 960 1108 Beniamin.
1002 1058 1021 1092 ι
1060 1036 1118 1094 1η
1171 1024 1397 1093 Hebraeo
1425 1034 1719 1093 similitudo
1748 1030 1983 1091 nominis
2004 1049 2092 1088 ie-

523 1144 700 1198 souat,
727 1133 870 1203 ﬁlius
897 1132 1032 1187 enim
1065 1130 1263 1186 doloris
1308 1130 1426 1193 mei,
1461 1130 1602 1200 quod
1633 1144 1827 1184 nomen
1855 1116 2093 1215 moriens

521 1233 695 1281 mater
725 1223 1000 1294 imposuit,
1028 1222 1224 1278 dicitur
1243 1212 1501 1276 Bennani.
1535 1218 1584 1272 F
1587 1220 1708 1274 ilius
1732 1236 1850 1274 vero
1871 1212 2088 1283 dextrae,

522 1318 574 1373 id
599 1325 681 1372 est
702 1312 940 1379 virtutis,
986 1314 1127 1384 quod
1170 1308 1337 1368 Jacoh
1385 1312 1634 1377 mutavit,
1674 1308 1865 1366 dicitur
1893 1296 2092 1380 Benja-
2150 1357 2162 1367 .

520 1408 648 1460 min.
687 1405 837 1463 Unde
865 1414 1051 1460 errant
1088 1398 1179 1475 qui
1231 1396 1421 1475 putant
1461 1398 1743 1470 Beniamin
1771 1392 1941 1471 ﬁlium
1972 1398 2091 1455 die-

521 1513 638 1552 rum
678 1496 1019 1568 interpretari
1046 1513 1059 1550 :
1086 1494 1308 1550 dextera
1332 1492 1476 1550 enim
1505 1486 1705 1550 dicitur
1729 1486 1915 1560 ἰαήίὶη,
1945 1505 1999 1549 et
2031 1478 2094 1547 ii-

527 1586 674 1641 nitur
698 1582 750 1641 in
779 1601 851 1652 ης
881 1582 998 1641 dies
1022 1599 1153 1640 vero
1182 1578 1481 1655 appellatur
1520 1582 1718 1649 ianum,
1761 1594 1816 1641 et
1841 1584 2094 1641 termina-

524 1690 610 1737 tur
630 1679 685 1735 in
709 1697 781 1734 m.

595 1768 757 1823 Vsns.
808 1767 897 1822 2i.
947 1797 1020 1808 —
1067 1784 1086 1818 ι
1123 1747 1386 1838 Egressus
1436 1764 1580 1833 inde,
1618 1785 1638 1820 ι
1669 1777 1773 1823 etc.
1816 1758 2089 1839 (HIERON.)

522 1856 675 1913 Hunc
704 1856 878 1911 locum
916 1852 1103 1911 volunt
1131 1871 1251 1911 esse
1279 1852 1511 1923 Hebraei,
1560 1864 1691 1922 etc.,
1722 1852 1883 1928 usque
1910 1856 1980 1910 ad
2009 1855 2093 1911 vel

520 1946 661 2019 quod
696 1948 877 2002 verius
901 1956 986 2001 est
1004 1944 1236 2017 quodam
1269 1922 1526 2005 vaticinia
1549 1922 1924 2018 futurum'jam
1961 1954 2093 2005 tuhc
2117 1922 2168 1991 Β

523 2038 838 2108 mysterium
870 2026 1291 2092 monstrabatur.

592 2124 754 2182 Vens.
784 2124 967 2183 22.26.
995 2156 1065 2168 —
1105 2144 1125 2179 ι
1155 2118 1301 2182 Abiit
1328 2114 1539 2194 Ruben,
1574 2147 1593 2181 ι
1629 2118 1733 2184 etc.
1776 2120 1950 2200 (istm)
1999 2116 2093 2181 Αι-

523 2216 760 2287 legorice.
792 2214 905 2272 Hoc
958 2216 1160 2281 crimen
1216 2232 1322 2272 non
1374 2206 1719 2281 scriberetur,
1752 2214 1855 2272 nisi
1912 2210 2091 2271 futura

521 2307 701 2379 populi
747 2308 1076 2378 perversitas
1130 2304 1612 2380 pronuntiaretur:
1647 2307 1895 2377 quamvis
1918 2308 1971 2363 in
2000 2294 2093 2364 illo

522 2404 667 2456 esset
695 2398 976 2471 ﬂagitium,
1008 2398 1061 2454 in
1093 2392 1390 2470 Scripturis
1418 2404 1501 2454 est
1550 2398 1833 2469 prophetia
1878 2386 2091 2454 iuturu-

521 2506 663 2555 rum,
693 2491 951 2575 quiaOper
978 2490 1168 2546 Ruben
1219 2488 1610 2561 primogenitus
1654 2488 1883 2575 populus
1920 2480 2092 2545 lsrael

520 2583 781 2652 ﬁguratur
804 2574 934 2654 {qui
967 2582 1183 2638 thorum
1214 2580 1528 2638 concubina:
1553 2576 1764 2652 polluit,
1814 2574 1869 2638 id
1917 2588 2000 2638 est
2024 2582 2091 2636 le-

523 2692 642 2748 gem
693 2676 904 2733 Veteris
955 2676 1288 2732 Testamenti
1329 2672 1732 2747 prazvaricando
1780 2674 2092 2731 maculavit.

520 2769 672 2837 Quod
709 2780 889 2824 autem
925 2762 1226 2824 concubina
1256 2766 1423 2824 Vetus
1449 2766 1855 2822 Testamentum
1886 2764 2094 2838 signifi-

521 2863 744 2928 caverit,
773 2856 970 2918 Paulus
994 2854 1229 2917 ostendit
1259 2858 1598 2926 dicens,Gal.
1633 2875 1685 2915 tv
1717 2877 1729 2914 :
1767 2876 1786 2911 ‹
1817 2850 2093 2914 Abraham

523 2955 659 3009 duos
689 2954 825 3010 ﬁlios
865 2944 1071 3021 habuit;
1122 2958 1289 3009 unum
1325 2952 1391 3009 de
1418 2942 1633 3009 ancilla.
1663 2959 1719 3006 et
1770 2951 1999 3007 alterum
2026 2949 2095 3005 de

521 3044 711 3109 libera,
752 3064 770 3095 ι
805 3048 910 3100 etc.

595 3158 613 3189 ‹
648 3136 1043 3203 Erantahtem,
1085 3156 1105 3192 I
1156 3142 1262 3194 etc.
1307 3136 1799 3218 (Auc.),Qu:eritur
1823 3135 2094 3209 qumodo

522 3231 624 3287 hoc
647 3242 833 3285 verum
864 3230 954 3297 sit,
984 3238 1117 3291 etc.,
1147 3229 1308 3287 amne
1328 3229 1396 3285 ad
1421 3244 1586 3301 quam
1610 3238 1671 3285 ut
1700 3242 1799 3301 per
1824 3226 2091 3301 synecde-
2116 3268 2135 3301 ε

521 3323 658 3379 chen
687 3284 1000 3391 accipiatur.
1440 3284 1459 3301 ⁸
1700 3284 1723 3301 ¹
1852 3284 1873 3301 ’
2115 3284 2165 3355 Β

590 3414 754 3470 Vens.
799 3412 980 3470 27-29.
1026 3443 1100 3456 —
1130 3430 1151 3467 ι
1183 3412 1471 3471 Civitatem
1505 3413 1702 3471 Arhee.
1739 3433 1759 3468 ι
1811 3412 2089 3488 (Ηιειιοιη.)

525 3505 632 3562 Pro
664 3506 823 3562 Arbee
853 3507 904 3563 in
929 3504 1069 3563 LXX
1095 3516 1338 3579 campum
1366 3508 1616 3575 habetur,
1645 3523 1765 3563 cum
1792 3504 2007 3564 Hebron
2038 3504 2092 3563 in

523 3608 705 3655 monte
733 3600 820 3655 sit.
854 3596 1053 3655 Eadem
1099 3608 1277 3654 autem
1306 3599 1498 3655 civitas
1527 3599 1827 3670 antiquitus
1854 3598 2094 3654 Mambre

525 3690 593 3745 ab
618 3693 793 3748 amico
819 3690 1049 3746 Abraha:
1077 3686 1216 3747 dicta
1240 3699 1342 3747 est.

599 3786 618 3832 ἀ
645 3780 931 3837 Civitatem
958 3780 1159 3846 Arhee,
1198 3798 1217 3835 ι
1275 3789 1379 3837 etc.
1408 3781 1735 3852 Angelorum
1763 3781 1851 3838 vel
1876 3790 2096 3837 saneta-

524 3889 640 3928 rum
673 3873 996 3938 animarum,
1054 3873 1250 3942 quibus
1278 3880 1363 3928 est
1408 3873 1706 3943 appositus,
1735 3872 1880 3929 nulla
1912 3886 2092 3930 rema-

522 3975 683 4021 nente
710 3964 1072 4021 sollicitudine
1109 3967 1492 4033 tentationum,
1521 3966 1607 4023 vel
1638 3966 1879 4038 periculo
1902 3982 2095 4045 pecca-

472 4072 477 4077 '
525 4064 719 4113 torum.

1041 4168 1270 4227 CAPUT
1316 4158 1559 4227 XIX“.

598 4326 761 4383 Vens.
808 4325 958 4383 6-19.
1016 4356 1089 4368 —
1142 4344 1162 4379 ι
1205 4325 1352 4381 Abiit
1382 4325 1435 4381 in
1464 4326 1694 4383 alteram
1732 4328 2030 4399 regionem.
2068 4346 2089 4381 ι

2200 674 2255 719 ut
2310 662 2365 719 in
2422 656 2847 733 Paralipomehis
2892 660 3105 731 legitur,
3161 658 3339 730 primo
3392 654 3774 713 habitaVerunt

2196 753 2249 809 ln
2279 758 2461 809 monte
2484 752 2638 819 Seir;
2668 750 2862 824 quibus
2878 751 3134 822 expulsis.
3148 750 3364 806 Μωυεεί
3390 746 3775 804 habitaverunt

2192 844 2293 915 pro
2324 844 2446 901 illis.

2272 930 2435 989 Vens.
2456 926 2548 998 22.
2570 928 2750 989 23.—
2773 951 2793 985 ι
2823 931 2953 986 Erat
2973 939 3151 985 autem
3172 938 3401 996 soror,»
3429 938 3531 985 etc.
3561 924 3771 1001 (illam)

2197 1020 2325 1081 Haec
2351 1036 2433 1081 est
2460 1022 2723 1089 Thamna,
2753 1023 2821 1078 de
2842 1034 2948 1093 qua
2975 1036 3135 1094 supra
3166 1020 3366 1078 dictum
3394 1026 3476 1077 est
3496 1035 3512 1075 :
3536 1010 3605 1076 Et
3629 1019 3776 1075 Tha-

2192 1133 2318 1173 mna
2348 1126 2467 1174 erat
2492 1116 2791 1173 concubina
2815 1110 3063 1186 Eliphaz,
3090 1114 3435 1187 primogenitl
3465 1104 3627 1178 Esau,
3659 1122 3772 1169 etc.

2190 1192 2314 1264 ideo
2338 1207 2678 1263 Horreorum
2701 1207 3036 1273 recerdatur,
3063 1198 3187 1276 quia
3215 1200 3607 1276 primogenitus
3636 1200 3775 1260 lilio-

2192 1304 2312 1353 rum
2336 1299 2476 1354 Esau
2490 1314 2555 1353 ex
2574 1297 2784 1354 ﬁliabus
2802 1308 2988 1354 eorum
3009 1296 3218 1367 accepit
3239 1292 3615 1352 concubinam.
3633 1290 3775 1364 Quia

2192 1394 2374 1445 autem
2402 1386 2600 1447 dicitur
2631 1386 2894 1455 Theman,
2925 1397 2981 1444 et
3008 1388 3206 1452 Cenez,
3235 1392 3290 1443 et
3316 1382 3559 1451 Amalec,
3591 1394 3647 1441 et
3677 1400 3768 1441 re-

2188 1480 2359 1554 liqua,
2413 1482 2650 1539 'sciamus
2703 1478 2890 1553 postea
2947 1479 3258 1551 regionibus
3289 1484 3344 1535 et
3366 1479 3617 1552 gentibus
3643 1478 3775 1535 ldu-

2190 1572 2452 1630 mz'eorum
2479 1588 2548 1629 ex
2578 1570 2663 1629 his
2694 1572 2957 1630 vocabula
2991 1568 3266 1643 imposita.

2263 1664 2428 1722 Vens.
2464 1664 2653 1724 24-28.
2696 1698 2768 1709 -—
2810 1670 2830 1719 ἃ
2869 1652 2977 1722 iste
3018 1672 3103 1722 est
3141 1652 3279 1721 Ana.
3326 1674 3347 1720 δ
3384 1656 3491 1722 etc.
3518 1652 3775 1738 (gnum)

2191 1756 2423 1825 Quidam
2464 1758 2782 1828 simpliciter
2817 1773 2986 1830 aquas
3031 1758 3237 1813 calidas
3278 1758 3422 1815 hunc
3460 1759 3515 1815 in
3556 1756 3779 1815 ‘d‘eserto

2192 1848 2464 1921 reperisse
2497 1849 2705 1918 dicunt,
2736 1867 2872 1924 quas
2903 1862 3159 1907 vocamus
3187 1850 3446 1906 thermas.

2269 1961 2288 1995 ‹
2316 1942 2423 1999 Iste
2463 1953 2545 2001 est
2572 1940 2724 2009 Ana,
2763 1963 2782 1997 ι
2813 1953 2918 2000 etc.
2958 1940 3233 2017 (linteam)
3276 1930 3440 2000 Varia
3486 1945 3628 2016 apud
3668 1942 3780 2000 He-

2189 2030 2367 2089 braeos
2408 2030 2475 2089 de
2516 2032 2618 2090 hoc
2664 2033 2898 2105 capitulo
2946 2032 3308 2105 disputantur,
3352 2036 3481 2103 etc.,
3516 2040 3679 2106 usque
3704 2036 3779 2089 ad

2192 2130 2253 2179 ut
2278 2120 2407 2178 muli
2429 2134 2618 2181 contra
2638 2124 2885 2179 naturam
2916 2118 3295 2179 nascerentur.

2265 2212 2429 2271 Vens.
2459 2208 2659 2284 29,50.
2690 2212 2804 2267 -ἆ
2836 2208 2931 2271 isti
2965 2216 3149 2272 duces.
3190 2235 3208 2269 ι
3242 2202 3319 2272 De
3343 2214 3781 2288 prmcedeiitibus

2192 2300 2287 2369 ait,
2324 2306 2415 2379 qui
2447 2306 2514 2361 de
2541 2302 2694 2374 Seir;
2728 2302 2837 2362 non
2867 2304 2934 2363 de
2965 2304 3050 2362 his
3080 2308 3216 2377 quos
3243 2304 3433 2379 incipit
3461 2324 3777 2376 numerare,

2192 2394 2283 2468 qui
2315 2382 2380 2452 de
2408 2382 2548 2453 Esau
2577 2394 2722 2455 Sunt.

2266 2491 2431 2547 Vsus.
2458 2482 2646 2547 31-43.
2675 2522 2749 2533 —
2777 2511 2795 2546 ‹
2824 2491 3001 2565 Reges
3025 2480 3227 2551 autem.
3258 2512 3278 2548 ι
3314 2490 3604 2551 Sciendum
3632 2493 3779 2565 quod

2194 2598 2299 2637 non
2325 2599 2517 2640 omnes
2537 2599 2693 2656 reges
2712 2588 3101 2643 commemorat
3124 2588 3217 2659 qui
3241 2576 3457 2643 luerunt
3480 2597 3778 2655 antequam

2194 2672 2457 2732 haberent
2485 2685 2637 2747 reges
2661 2666 2756 2733 lilii
2781 2670 2993 2746 lsmael,
3014 2694 3244 2749 quorum
3266 2676 3474 2751 primus
3497 2676 3648 2744 Sanl,
3682 2678 3780 2734 sed

2195 2764 2295 2821 bos
2313 2780 2504 2821 omnes
2534 2775 2742 2822 tantum
2768 2768 2861 2837 qui
2889 2779 3249 2840 regnaverunt
3273 2764 3562 2839 antequam
3600 2784 3782 2823 more-

2196 2867 2346 2914 retur
2383 2858 2576 2916 Moses.
2625 2881 2643 2911 «
2676 2858 2850 2932 Reges
2886 2871 3088 2918 autem.
3141 2882 3160 2915 ι
3214 2856 3519 2919 Secundum
3566 2873 3781 2934 tempus

2195 2965 2301 3019 quo
2330 2950 2543 3006 vivebat
2569 2953 2803 3023 scriptor
2824 2964 3238 3021 commemorat,
3271 2958 3394 3012 cum
3427 2950 3606 3012 autem
3632 2955 3781 3024 Seir,

2196 3044 2289 3114 qui
2345 3044 2477 3101 istos
2520 3048 2728 3116 genuit,
2778 3034 2851 3103 ibi
2911 3038 3200 3116 habitaret,
3239 3028 3477 3105 nomium
3524 3050 3783 3106 Veniente

2194 3137 2335 3193 Esau
2372 3138 2425 3194 in
2458 3149 2655 3195 terram
2690 3128 2835 3197 illam
2861 3182 2876 3206 ,
2915 3142 2986 3196 ab
3010 3158 3076 3199 eo
3098 3130 3391 3199 vocabatur
3417 3151 3558 3198 terra
3585 3140 3778 3199 Edom.

2271 3231 2473 3303 (Auc.,
2506 3230 2574 3298 ρ.
2604 3234 2661 3287 in
2693 3231 2847 3299 Gem,
2884 3242 2923 3288 t.
2958 3234 3067 3308 Ill.)
3106 3235 3223 3291 Non
3266 3236 3461 3291 mirum
3491 3234 3635 3306 quod
3673 3252 3782 3290 nn-

2196 3324 2532 3380 merantihus
2579 3326 2647 3380 ab
2694 3326 2964 3382 Abraham
3008 3342 3107 3397 per
3156 3328 3295 3383 Esau
3348 3337 3560 3400 patrem
3600 3328 3781 3400 gentis

2192 3410 2387 3482 Edoni,
2421 3424 2551 3483 etc.,
2582 3434 2744 3489 usque
2781 3420 2850 3472 ad
2874 3419 2928 3473 in
2957 3418 3047 3473 illo
3072 3420 3216 3475 enim
3257 3421 3449 3476 ordine
3476 3398 3565 3475 ubi
3594 3398 3785 3491 plures

2194 3520 2566 3578 numerantur,
2606 3511 2765 3568 citius
2808 3513 3003 3568 mortui
3033 3522 3177 3579 sunt,
3213 3529 3376 3585 quam
3413 3514 3503 3570 hic
3526 3511 3615 3569 ubi
3645 3529 3782 3585 pau-

2195 3599 2388 3657 ciores.

2271 3712 2288 3745 ι
2322 3693 2526 3750 Husan.
2566 3714 2585 3748 ι
2615 3678 2821 3769 (illam)
2844 3678 3016 3765 Quem
3037 3697 3256 3769 quidam
3284 3680 3631 3769 suspicantur
3658 3715 3784 3757 esse

2194 3784 2316 3852 Job,
2366 3796 2426 3841 ut
2465 3788 2519 3843 in
2565 3788 2670 3845 ﬁne
2709 3789 2999 3846 voluminis
3043 3791 3210 3862 ipsius
3251 3792 3489 3849 additqu
3532 3803 3646 3857 est;
3683 3794 3781 3850 sed

2195 3876 2406 3934 Hebraei
2434 3889 2683 3935 asserunt
2708 3895 2831 3935 eum
2873 3882 2941 3938 de
2978 3882 3146 3955 stirpe
3176 3882 3394 3941 Nachor
3424 3896 3741 3957 generatum
3760 3925 3781 3952 ,

2196 3979 2250 4025 ut
2271 3969 2387 4040 jam
2413 3986 2576 4043 supra
2600 3972 2804 4030 dictum
2828 3983 2934 4030 est.

2720 4102 2949 4162 CAPUT
2985 4103 3245 4163 XXXVH.

2266 4232 2432 4291 Vens.
2474 4234 2530 4291 2.
2568 4265 2641 4279 -
2669 4258 2688 4289 ‹
2731 4234 2930 4310 Ioseph
2975 4250 3098 4297 cum
3139 4238 3375 4299 sedecim
3413 4256 3559 4302 esset
3604 4261 3777 4302 anno-

2201 4342 2221 4375 ‹
2247 4340 2386 4391 rum,
2418 4346 2441 4413 ξ
2470 4335 2614 4394 etc.,
2645 4328 2803 4402 (Anc.
2832 4330 2886 4385 in
2917 4330 2983 4398 ρ.
3013 4348 3169 4404 super
3193 4331 3461 4403 δεηθείη.)
3491 4330 3776 4392 Historice.

528 4417 732 4490 (Suum
758 4419 777 4488 )
804 4418 982 4486 Quaari
1008 4425 1186 4489 potest
1212 4432 1308 4472 cur
1330 4417 1471 4473 Esau
1520 4427 1642 4489 post
1662 4428 1890 4475 mortem
1923 4420 2095 4491 patris
2198 4415 2478 4485 Quomodo
2491 4414 2691 4490 poterit
2707 4420 3185 4491 morslsaac,etc.,
3200 4442 3362 4498 usque
3374 4425 3443 4481 ad
3455 4426 3578 4484 vivo
3597 4438 3776 4483 tamen

528 4510 737 4566 dicatur
789 4511 988 4568 abiisse
1016 4511 1069 4566 in
1100 4511 1239 4577 Seir,
1270 4522 1328 4569 et
1370 4514 1658 4571 recessisse
1691 4530 1722 4569 a
1750 4513 1939 4579 fratre,
1968 4531 2092 4571 cum
2196 4506 2345 4566 ISaac
2380 4510 2565 4567 decem
2601 4522 2659 4570 et
2695 4524 2898 4585 septem
2930 4518 3194 4571 annorum
3218 4514 3382 4588 capit
3408 4532 3531 4573 esse
3551 4512 3774 4590 Joseph.

520 4598 633 4669 jam
661 4600 876 4668 quando
904 4600 1052 4655 venit
1075 4599 1262 4667 Jacob,
1293 4602 1346 4657 in
1377 4601 1499 4658 Seir
1536 4604 1749 4659 dicatur
1778 4603 2094 4659 habitasse?

2273 4619 2290 4651 ι
2333 4598 2399 4654 Et
2426 4608 2544 4655 erat
2578 4618 2702 4657 cum
2746 4602 2868 4659 ﬁliis
2892 4598 3071 4673 Baiae,
3121 4626 3141 4660 ι
3168 4615 3274 4661 etc.
3312 4605 3508 4678 Ioseph
3544 4623 3685 4663 unus
3711 4624 3776 4667 ex

526 4692 632 4746 Sed
659 4692 774 4745 ﬁeri
800 4692 973 4763 potuit
996 4703 1075 4747 ut.
1104 4691 1270 4747 Jacoh
1294 4694 1527 4766 fugiente
1550 4696 1601 4749 in
1624 4696 2088 4766 Mesopotamiam,
2118 4684 2174 4712 ν
2198 4684 2480 4746 duodecim
2522 4691 2646 4749 ﬁliis
2677 4692 2846 4750 Jacob
2870 4734 2886 4761 ,
2929 4710 3041 4766 prae
3079 4696 3289 4752 caneris
3327 4696 3470 4766 patri
3512 4698 3775 4763 dilectus,

526 4782 690 4846 Esau,
716 4781 899 4837 dolore
923 4794 1223 4866 praereptae
1254 4785 1662 4854 benedictionis,
1701 4804 1731 4842 a
1756 4798 1981 4859 parente
2006 4804 2092 4843 re-
2197 4780 2471 4840 Christum
2512 4786 2834 4857 signiﬁcavit
2858 4829 2874 4857 ,
2912 4804 3071 4859 quem
3113 4790 3256 4847 Deus
3282 4786 3445 4846 Pater
3481 4792 3775 4847 secundum

530 4872 778 4937 cesserit,
806 4880 860 4927 et
887 4868 1207 4929 habitaverit
1241 4875 1293 4930 iu
1323 4872 1444 4931 Seir
1483 4878 1669 4947 viginti
1696 4878 1853 4934 anuis
1896 4876 2091 4949 quibus
2196 4886 2414 4928 carnem
2457 4876 2641 4931 iiatum
2668 4877 2881 4935 caeteris
2922 4876 3184 4937 fratribus
3219 4898 3287 4938 ex
3328 4880 3565 4938 Abrahae
3605 4882 3777 4953 stirpe

527 4958 696 5017 Jacob
732 4962 922 5018 abfuit.
972 4962 1069 5019 Cui
1118 4980 1335 5022 reverso
1390 4968 1728 5034 conciliatus,
1789 4985 1973 5025 rursus
2024 4969 2092 5025 de
2195 4962 2491 5037 progenitis
2528 4970 2782 5039 praetulit.
2826 4970 2977 5027 Unde
3016 4972 3230 5029 amabat
3268 4989 3391 5030 eum
3429 4970 3616 5041 Jacob,
3656 4993 3673 5027 ι
3710 4991 3776 5031 eo

528 5057 649 5111 Seir
676 5072 943 5123 reversus,
966 5074 1086 5113 cum
1128 5059 1293 5115 fratre
1318 5076 1436 5127 suo,
1491 5063 1661 5118 donec
1688 5072 1839 5132 pater
1885 5062 2092 5117 viveret
2198 5059 2341 5127 quod
2368 5059 2422 5112 tu
2449 5069 2731 5116 senectute
2756 5064 3030 5133 genuisset
3051 5081 3196 5120 eum.
3224 5084 3243 5118 ι
3281 5064 3605 5123 Senescente
3629 5068 3773 5123 enim

529 5147 794 5203 habitavit
822 5167 835 5202 :
859 5166 967 5220 quo
989 5160 1222 5217 mortuo,
1267 5168 1295 5206 a
1328 5152 1495 5209 fratre
1526 5155 1769 5221 recessit,
1798 5154 1923 5224 quia
1953 5152 2093 5212 divi-
2195 5152 2416 5215 mundo.
2444 5151 2615 5209 Filius
2661 5154 2756 5210 Dei
2790 5156 2857 5212 de
2895 5154 3115 5229 Virgine
3154 5164 3315 5215 hatus
3350 5159 3472 5216 fuit.
3516 5168 3773 5232 tanquam

533 5247 614 5293 tes
639 5246 813 5304 erant,
836 5248 892 5294 et
920 5240 1076 5296 simul
1111 5234 1358 5298 habitare
1380 5256 1482 5297 non
1509 5238 1771 5313 poterant.
2196 5240 2335 5295 ﬁlius
2364 5243 2675 5298 senectutis.

599 5328 763 5410 velis.
796 5326 886 5395 20,
915 5326 1004 5385 21.
1032 5362 1103 5372 --
1136 5332 1154 5383 ἃ
1190 5324 1279 5387 lSti
1316 5328 1409 5386 lilii
1453 5326 1590 5398 Seir,
1639 5348 1658 5385 ι
1699 5342 1805 5389 etc.
1840 5330 2090 5402 (lltsuos.
2271 5342 2289 5383 t
2326 5322 2391 5388 Et
2435 5340 2552 5389 erat
2583 5348 2740 5401 cum,
2775 5354 2794 5389 ›
2829 5345 2936 5393 etc.
2964 5322 3024 5393 in
3072 5334 3347 5410 primitiva
3386 5334 3627 5397 Ecclesia
3674 5356 3775 5397 nec

528 5418 581 5472 in
612 5407 677 5485 ρ.
716 5417 873 5474 Hebr.
908 5428 1036 5476 tom.
1081 5420 1192 5495 ill.)
1232 5420 1523 5492 Postquam
1574 5425 1909 5506 enumeravit
1957 5424 2093 5481 ﬁlios
2197 5424 2485 5506 abjiciebat
2503 5426 2602 5483 sibi
2628 5426 2963 5485 adlurrentes
2986 5407 3526 5502 per'prziedi‘cationem
3553 5434 3777 5506 pseudo-

528 5506 692 5574 Esau,
745 5509 904 5566 altius
952 5512 1143 5581 repetit
1195 5512 1283 5583 qui
1334 5516 1460 5567 ante
1488 5510 1629 5568 Esau
1658 5504 1711 5568 ih
1758 5524 1899 5570 terra
1922 5508 2091 5572 Edom
2194 5502 2584 5588 aposmlorum,
2627 5536 2761 5591 quos
2805 5522 3112 5593 signiﬁcant
3156 5525 3364 5581 ancillae
3406 5502 3606 5591 Iacob,
3637 5542 3775 5598 quos

529 5602 799 5691 principes
850 5604 1199 5691 exstiterunt;
1222 5616 1301 5691 ειΔ
1336 5618 1534 5675 genere
1583 5600 1945 5674 Hormornm,
1997 5610 2091 5679 qui
2193 5614 2247 5666 et
2290 5602 2459 5668 deum
2498 5615 2785 5684 prohibere
2810 5656 2824 5681 ,
2855 5631 2977 5672 cum
3024 5617 3077 5672 in
3116 5619 3332 5675 nomine
3368 5619 3486 5691 ejus
3513 5618 3774 5675 miracula

526 5690 675 5746 liberi
711 5692 1152 5765 interpretantur.
1180 5684 1241 5750 in
1288 5688 1705 5753 Deuteronomio
1752 5698 2090 5757 manifestius
2192 5700 2453 5759 facerent.

524 5781 781 5874 scribitur
807 5780 1076 5855 quomodo
1132 5793 1397 5841 venerunt
1424 5786 1519 5841 ﬁlii
1567 5786 1734 5855 Esau,
1779 5797 1835 5845 et
1865 5790 2088 5847 interfe-
2267 5798 2426 5851 Vens.
2454 5797 2602 5851 3.-
2637 5816 2653 5848 ι
2690 5788 2949 5874 Fecitque
2992 5798 3041 5854 ei
3088 5803 3324 5856 tunicam
3371 5801 3709 5874 polymitam.
3752 5824 3774 5858 ι

524 5870 624 5929 etis
650 5870 882 5931 Hormi:
910 5885 1109 5932 terram
1130 5888 1316 5935 eorum
1342 5879 1821 5938 haereditaverunt.
2193 5886 2394 5959 Uttan.)
2452 5886 2553 5943 Pro
2602 5854 2779 5943 (varied
2836 5854 2979 5945 rhrin
3026 5890 3214 5964 Aquila
3266 5854 3650 5965 inici-praemiis
3699 5905 3779 5953 est
