4074 6334
337 394 444 454 166

1365 386 1633 447 GLOSSA
1670 376 2066 445 ORDINARIA.
2109 417 2179 428 --
2216 376 2346 443 LIB.
2386 382 2547 444 GEN.

3491 384 3590 448 168

334 510 673 586 ἀστραγάλων,
701 506 755 562 id
780 512 865 562 est
891 505 1112 559 talamn
1137 500 1530 574 ,Symmachus
1566 501 1900 563 manicatam,
1934 494 1986 564 Α
2010 504 2173 571 usque
2245 500 2315 554 ad
2385 498 2480 572 qui
2542 496 2731 556 dicunt
2784 500 2930 572 Agar
2990 508 3048 557 et
3104 499 3361 560 Ceturath
3423 516 3589 561 unam

336 604 451 657 site
481 598 627 672 quod
654 599 721 655 ad
750 596 886 653 talos
911 608 1080 666 usque
1108 594 1459 651 descenderet
1483 598 1538 649 et
1557 592 1804 649 manibus
1826 602 1914 647 aro

336 690 499 746 tilicis
549 690 689 744 mira
724 696 867 744 esset
900 680 1162 742 varietate
1196 686 1468 750 distincta,
1496 684 1610 741 sive
1644 682 1787 756 quod
1811 683 1913 739 h‘a-

2012 590 2181 648 fnisse
2200 591 2225 646 i

2084 678 2250 740 Vsus.
2279 680 2467 740 28-33.
2490 692 2595 736 -ι
2629 678 3007 741 Extrahentes.
3032 704 3055 740 ι
3090 682 3588 758 (ls'tn.)ttiiegorice.

334 785 490 840 heret
532 780 772 837 manicas
826 799 840 836 :
883 780 1091 850 antiqui
1132 780 1278 835 enim
1320 778 1493 850 magis
1532 776 1797 842 colobiis,
1859 774 1915 833 id
2012 773 2209 845 Ioseph
2225 775 2538 831 deciaterna
2554 775 3295 835 ierathslsmaelitlsvenditls
3310 779 3587 834 venditur:

334 878 420 931 est
455 872 695 929 vestibus
724 872 840 928 sine
865 869 1091 925 manicis
1114 858 1420 924 utebantur.
1458 900 1483 914 ς

408 963 639 1036 (Cum,
660 963 801 1017 hom.
824 977 928 1017 xxv
951 962 1005 1015 in
1034 959 1260 1031 Evang.)
1275 959 1412 1027 Quia
1430 959 1628 1029 Ioseph
1648 957 1792 1014 inter
1811 954 1918 1013 fra-

334 1060 450 1113 tres
467 1069 636 1126 usque
647 1055 715 1110 ad
738 1055 898 1109 linem
921 1044 1233 1123 'titmjustns
1261 1056 1636 1122 perseverasse
1664 1049 1920 1106 describi-

334 1158 450 1213 tur,
466 1147 611 1203 solus
636 1142 859 1201 ialaretn
885 1146 1121 1199 tunicati!
1145 1142 1395 1197 habuisse
1421 1140 1752 1211 perhibetur.
1779 1138 1920 1208 Quid

335 1243 424 1294 est
442 1237 628 1293 talaria
650 1235 853 1300 tunica,
869 1235 973 1289 nisi
995 1234 1138 1290 actio
1161 1232 1567 1290 cdnsmnmata?
1591 1231 1757 1300 Quasi
1773 1232 1919 1287 enim

334 1338 593 1401 protenso
624 1328 805 1384 tunica
835 1324 999 1385 talum
1039 1323 1285 1396 cut-peris
1324 1322 1576 1393 operuit,
1617 1328 1742 1377 cum
1780 1320 1920 1376 bona

333 1422 483 1478 actio
526 1412 653 1476 ante
701 1418 888 1475 oculos
926 1417 1021 1473 Dei
1064 1423 1232 1487 usque
1265 1416 1333 1471 ad
1373 1416 1633 1472 terminos
1660 1414 1784 1471 νιιω
1822 1426 1922 1471 nos

334 1510 499 1587 regit.
534 1511 689 1570 Unde
727 1510 938 1582 Moyses
967 1507 1194 1565 caudam
1231 1506 1421 1585 hostia:
1442 1504 1623 1562 offerri
1644 1504 1922 1578 praecepit,

336 1612 399 1660 ut
452 1612 591 1676 opus
626 1604 829 1659 bonum
871 1600 1017 1672 quod
1066 1597 1355 1670 incipimus
1398 1597 1770 1669 perseveranti
1815 1596 1924 1651 tine

332 1695 734 1766 compieamus.

408 1789 573 1845 Vens.
625 1786 747 1842 4-9.
794 1815 864 1827 -ο
908 1800 928 1837 t
976 1783 1232 1840 Videntes
1258 1789 1437 1838 autem
1480 1781 1675 1837 fratres
1713 1778 1861 1848 ejos,
1898 1796 1917 1832 ι

2014 875 2072 925 et
2097 867 2346 924 Christus
2365 869 2434 924 ab
2453 868 2662 924 inferno
2677 882 2957 940 regressus
2973 871 3041 926 ab
3066 870 3318 926 Omnibus
3342 871 3593 943 gentibus

2017 957 2141 1013 ﬁdei
2165 958 2492 1015 commercio
2511 968 2877 1030 comparatur.
2907 959 2996 1016 lite
3018 962 3114 1031 per
3138 958 3288 1017 Iuda:
3308 961 3595 1020 consilium

2020 1047 2240 1122 triginta
2275 1050 2553 1121 argenteis
2582 1051 2938 1117 distrahitur,
2971 1054 3027 1107 et
3057 1052 3146 1108 nte
3187 1067 3285 1123 per
3309 1050 3596 1108 consilium

2017 1136 2169 1198 Iudae
2194 1140 2464 1198 lseariotze
2488 1154 2715 1199 numero
2732 1145 2920 1199 eodem
2956 1143 3311 1201 Ventttidattir.

2095 1251 2114 1284 ι
2151 1232 2538 1291 Vendiderunt.
2579 1248 2598 1285 ι
2642 1232 2917 1307 (ﬁnenem)
2956 1226 3219 1291 Hebraica
3257 1235 3462 1292 veritas
3495 1238 3595 1293 ha-

2019 1325 2112 1380 bet
2141 1342 2163 1376 ι
2192 1325 2484 1395 argenteis.
2520 1344 2542 1380 ι
2572 1338 2743 1395 neque
2783 1325 2929 1383 enim
2951 1326 3131 1383 tiliori
3168 1325 3385 1384 metallo
3414 1326 3599 1385 Domi-

2021 1428 2125 1472 nus
2146 1416 2306 1472 tendi
2332 1416 2519 1473 debuit
2538 1428 2700 1487 quam
2727 1416 2949 1489 Ioseph.
3040 1450 3045 1455 -

2092 1502 2257 1567 Vsus.
2299 1509 2390 1566 δι.
2433 1541 2507 1552 -
2537 1528 2556 1563 ι
2593 1509 2899 1583 Scissisque
2926 1513 3189 1578 vestibus,
3227 1530 3248 1567 ι
3284 1521 3392 1569 etc.
3423 1512 3601 1586 (Isim)

2021 1596 2213 1668 Iacob,
2240 1601 2581 1672 posteritatis
2612 1612 2723 1658 suae
2747 1602 2969 1674 plorans
2994 1598 3295 1675 dispendia,
3318 1606 3475 1677 quasi
3504 1620 3604 1676 ραι

2024 1700 2111 1749 ter
2138 1692 2305 1750 illium
2342 1694 2560 1766 lugebat
2582 1695 2865 1761 amissum,
2891 1696 2946 1753 et
2964 1698 3119 1767 quasi
3139 1694 3401 1770 propheta
3432 1696 3603 1753 inter-

2026 1786 2160 1843 itum
2188 1785 2498 1843 Iudaeorum
2524 1785 2739 1858 (lauit.
2774 1790 2949 1860 nrt).
2988 1782 3164 1843 Scidit
3183 1784 3561 1843 restituentem
3586 1803 3601 1841 :

335 1892 448 1939 etc.
504 1879 726 1936 Fratres
766 1876 971 1935 Christi
1016 1875 1312 1931 secundum
1357 1882 1577 1929 carnem
1619 1868 1812 1936 Iudaei,
1860 1868 1927 1926 de
1956 1866 2004 1942 Β
2030 1886 2175 1949 quod
2200 1880 2255 1934 in
2286 1878 2537 1950 passione
2571 1879 2784 1936 Domini
2823 1880 2951 1937 fecit
2975 1880 3229 1953 princeps
3265 1882 3607 1937 sacerdotum

337 1984 575 2047 quorum
604 1972 929 2042 cognatione
958 1964 1179 2025 carnem
1204 1967 1460 2037 suscepit.
1491 1956 1597 2021 Sed
1628 1967 1756 2035 quia
1778 1960 1928 2018 vide-

338 2066 479 2122 bant
500 2060 639 2136 qnod
665 2063 840 2136 gratia
867 2058 1125 2117 virtutum
1162 2060 1216 2115 in
1248 2072 1315 2114 eo
1344 2057 1509 2114 fiebat
1528 2097 1544 2123 ,
1584 2056 1729 2127 quod
1760 2064 1928 2110 testa-

337 2158 507 2215 batur
548 2148 725 2211 Patris
769 2154 1099 2226 praecipuam
1146 2150 1529 2213 dilectionem,
1593 2146 1926 2212 invidebant,

337 2264 445 2305 nec
470 2257 720 2319 poterant
758 2247 808 2303 ei
833 2245 1128 2317 quidquam
1166 2244 1390 2314 paciiice
1428 2240 1595 2311 loqui,
1638 2246 1695 2295 et
1734 2237 1929 2307 sepius

336 2338 568 2395 insidias
598 2339 910 2401 tentabant,
939 2343 995 2391 et
1047 2330 1503 2389 Patremlamilias
1540 2332 1594 2385 in
1628 2326 1929 2385 Beelzebub

335 2429 593 2503 principe
618 2427 1009 2485 daemoniorum
1045 2426 1309 2482 daemonia
1344 2423 1543 2496 ejicere
1587 2419 1931 2491 blasphema-

338 2522 500 2579 bant.

416 2609 591 2685 (Istn.)
631 2609 746 2666 Hoc
781 2608 1135 2681 spirituaiiter
1167 2608 1221 2664 in
1249 2608 1466 2665 Christo
1508 2606 1786 2679 impletum
1822 2612 1925 2672 est,

334 2711 480 2769 αα,
507 2716 671 2772 usque
697 2699 767 2755 ad
792 2701 848 2756 in
873 2700 1151 2757 stellarum
1184 2702 1374 2773 ilgura.

418 2794 584 2851 Vm.
611 2794 699 2858 Il),
726 2792 813 2850 Il.
840 2824 902 2834 —
921 2812 940 2845 ι
968 2792 1106 2848 Num
1127 2808 1247 2864 ego,
1278 2808 1297 2845 ι
1324 2800 1428 2847 etc.
1452 2790 1631 2860 Quaeri
1652 2796 1831 2861 potest
1849 2802 1928 2845 se-

338 2887 583 2945 cundum
609 2885 844 2942 litteram
868 2885 1087 2955 quando
1110 2900 1139 2938 a
1166 2894 1318 2955 patre
1338 2883 1593 2939 adoratus
1610 2884 1701 2944 sit,
1719 2881 1809 2952 qui
1830 2894 1930 2953 per

339 2979 549 3047 solem;
583 2987 640 3034 et
672 2992 705 3034 a
733 2988 929 3043 matre,
957 2994 1078 3049 qua:
1098 2986 1195 3049 per
1223 2979 1407 3033 lunam
1449 2978 1781 3049 designantur.
1827 2975 1930 3032 Ne-

339 3088 454 3144 que
479 3073 625 3129 enint
648 3070 838 3135 Iacob,
866 3073 1086 3143 quando
1107 3071 1388 3127 descendit
1410 3071 1466 3124 in
1507 3068 1828 3140 Aigyptum,
1851 3067 1929 3124 le-

341 3164 495 3237 gitur
517 3164 778 3220 adorasse
798 3174 923 3218 eum
949 3179 961 3217 :
998 3170 1172 3217 mater
1196 3176 1327 3216 vero
1349 3159 1463 3229 jam
1490 3159 1744 3214 defuncta
1766 3168 1887 3214 erat
1910 3175 1925 3212 ι

2028 1968 2182 2042 ('Luc.
2214 1969 2395 2042 unt).
2413 1968 2521 2025 Sed
2537 1978 2594 2025 et
2620 1970 2794 2026 velum
2814 1970 2994 2043 templi
3010 1972 3241 2028 scissum
3264 1984 3369 2038 est,
3400 1978 3460 2027 ιιι
3486 1984 3610 2042 pro-

2025 2058 2278 2131 phetaret
2314 2062 2575 2116 nudatum
2597 2059 2855 2133 populum
2880 2072 3060 2130 suum,
3085 2071 3143 2119 et
3166 2058 3401 2119 divisum
3428 2064 3612 2120 osten-

2028 2150 2181 2205 deret
2214 2160 2461 2219 regnum.

2098 2240 2263 2296 Vsns.
2289 2240 2383 2306 55,
2407 2239 2499 2297 36.
2528 2271 2601 2282 —
2631 2256 2650 2294 ι
2683 2241 3017 2299 Descendam
3050 2240 3119 2299 ad
3148 2242 3321 2299 tilium
3345 2254 3548 2300 meum.
3584 2262 3605 2298 ι

2026 2343 2135 2391 etc.
2188 2333 2464 2402 Quaeritur
2513 2333 2785 2404 quomodo
2834 2334 2940 2391 hoc
2983 2332 3318 2407 intelligatur
3353 2376 3369 2402 ,
3427 2344 3610 2391 utrum

2028 2426 2152 2482 mali
2179 2428 2407 2493 tantum,
2435 2428 2503 2481 ait
2525 2426 2690 2482 etiam
2711 2424 2841 2482 boni
2868 2428 2922 2482 in
2950 2424 3218 2483 infernum
3244 2426 3612 2483 descendant?

2030 2518 2090 2577 Si
2124 2526 2337 2576 tantum
2382 2520 2529 2587 mali,
2562 2520 2834 2590 quomodo
2864 2518 2967 2576 iste
3003 2524 3071 2576 ad
3099 2518 3269 2576 tilium
3297 2534 3452 2576 suum
3484 2518 3618 2576 dicit

2027 2630 2087 2672 se
2125 2614 2395 2686 lugentem
2437 2614 2770 2672 descendere
2800 2610 2969 2670 velle?
3008 2610 3125 2670 Non
3162 2613 3307 2670 enini
3350 2612 3403 2669 in
3438 2611 3615 2684 ιιωιιίε

2026 2707 2499 2765 infernicredihile
2526 2716 2609 2763 est
2635 2712 2759 2762 eum
2789 2718 2930 2762 esse.
2962 2704 3044 2761 Att
3073 2705 3403 2777 perturbati,
3443 2712 3499 2759 et
3520 2704 3617 2759 do-

2028 2800 2194 2856 lentis
2222 2800 2385 2855 verba
2413 2794 2559 2865 Sunt,
2602 2798 2746 2854 mala
2775 2812 2869 2854 sua
2894 2799 3061 2854 etiam
3091 2796 3179 2854 hic
3197 2795 3615 2869 esttggerantis?

2029 2906 2098 2949 an
2120 2890 2377 2950 credibile
2396 2900 2480 2949 est
2505 2892 2645 2963 apud
2670 2890 2942 2949 internum
2964 2888 3210 2962 qmedam
3235 2886 3352 2947 ioca
3379 2894 3614 2956 secreta,

2029 2993 2087 3041 et
2117 2987 2297 3041 minus
2321 2985 2557 3057 ptenaiia
2585 2995 2713 3040 ante
2738 2986 3045 3056 passionem
3080 2980 3290 3039 Domini
3328 2978 3519 3047 fuisse,
3549 2980 3619 3037 ad

2032 3090 2154 3149 quae
2183 3079 2346 3134 etiam
2377 3078 2548 3134 sancti
2576 3074 3012 3134 descendebant?
3041 3076 3168 3149 quia
3201 3072 3381 3132 nullus
3402 3075 3618 3146 paradi-

2031 3176 2151 3230 sunt
2205 3173 2413 3245 ingredi
2457 3178 2711 3244 poterat,
2753 3173 2925 3229 donec
2952 3170 3202 3228 Christus
3244 3164 3616 3241 riiomphazatn

342 3234 445 3313 seu
472 3256 543 3311 ad
580 3254 897 3327 allegoriam
939 3268 1308 3321 recurremus,
1336 3266 1458 3325 qua:
1502 3253 1558 3308 in
1584 3250 1803 3309 Christo
1826 3252 1929 3307 ιω-
1959 3234 2005 3316 i:
2038 3234 2577 3337 igneam'a...ovém,

338 3349 555 3422 pietur.

423 3442 584 3500 Vens.
631 3441 816 3500 12-22.
953 3461 972 3495 ι
1005 3442 1249 3513 Cumque
1278 3439 1475 3497 fratres
1517 3439 1660 3495 illius
1685 3478 1700 3506 ,
1748 3454 1768 3492 ι
1795 3447 1932 3506 etc.,

346 3555 369 3588 ι
408 3537 463 3591 in
503 3537 788 3607 pascendis
816 3535 1087 3609 gregibus,
1129 3554 1147 3588 ι
1183 3546 1344 3606 usque
1372 3548 1392 3585 ι
1419 3532 1689 3609 Renuntia
1717 3532 1874 3597 mihi,
1908 3551 1928 3584 ι

343 3640 455 3686 etc.
482 3627 662 3701 Usta.)
699 3608 871 3684 Iacob
894 3628 1059 3683 mittit
1082 3626 1251 3682 lilium
1278 3632 1339 3682 nt
1365 3625 1433 3680 de
1464 3608 1723 3679 fratribus
1747 3634 1934 3678 curam

342 3729 592 3792 gereret;
621 3729 678 3776 et
709 3721 853 3777 Dens
882 3718 1047 3775 Pater
1072 3719 1265 3773 Filium
1295 3716 1649 3787 unigenitum,
1681 3723 1738 3768 ut
1768 3728 1938 3785 genus

345 3811 648 3867 humanum
678 3812 917 3883 peccatis
942 3810 1255 3883 languidum
1285 3809 1551 3864 visitaret.
1581 3807 1731 3864 Unde
1758 3805 1936 3861 Calat.

344 3904 530 3976 capite
560 3912 758 3975 quarto
790 3918 804 3958 :
843 3924 861 3955 ‹
896 3903 1043 3960 Misit
1074 3904 1216 3959 Deus
1252 3901 1448 3957 Filium
1479 3912 1634 3956 suum
1664 3901 1718 3955 in
1749 3900 1940 3955 simili-

346 3998 593 4054 tudinem
620 3998 805 4054 carnis
829 3997 1061 4068 peccati.
1097 4010 1116 4049 ι
1146 3996 1341 4051 Μίεςιιε
1371 4002 1457 4051 est
1476 3994 1677 4066 Ioseph
1705 3992 1762 4049 dt
1786 3994 1939 4049 vide-

346 4098 439 4145 ret
463 4090 509 4144 si
538 4099 733 4147 cuncta
769 4092 1028 4161 pruspera
1057 4094 1241 4144 essent
1260 4094 1388 4157 erga
1416 4100 1547 4142 oves
1574 4104 1588 4140 :
1612 4098 1667 4140 et
1691 4085 1942 4142 Christus

349 4182 427 4238 ait
455 4180 694 4236 Matthzet
725 4180 934 4237 decimo
958 4182 1150 4252 quinto
1185 4198 1197 4233 :
1228 4199 1250 4231 ι
1289 4179 1404 4234 Non
1440 4178 1564 4234 veni
1594 4177 1698 4233 nisi
1729 4176 1797 4232 ad
1813 4190 1944 4232 oves

349 4289 475 4346 quae
501 4273 779 4346 perierant
812 4272 1005 4328 domus
1034 4272 1219 4328 lsrael.
1251 4286 1271 4326 ι

433 4384 453 4417 ι
488 4365 546 4421 In
584 4365 855 4420 Dothaim.
892 4380 914 4419 ι
956 4364 1332 4435 Deiectionem.
1364 4362 1424 4419 lit
1455 4362 1644 4435 grandi
1677 4362 1819 4418 enini
1851 4358 1945 4416 de-

351 4458 590 4515 fectione
622 4466 801 4521 erant,
841 4452 935 4530 qni
971 4459 1039 4513 de
1071 4456 1371 4513 l‘ratricidio
1406 4457 1737 4527 cogitabant.
1773 4472 1791 4505 ι
1833 4452 1944 4508 Ru-

352 4552 480 4606 ben.
543 4572 562 4603 ι
611 4550 921 4606 Praevidens
972 4552 1077 4606 hoc
1129 4560 1310 4606 sermo
1362 4550 1732 4622 propheticus,
1781 4562 1943 4619 quem

2107 3357 2385 3430 (limum)
2418 3352 2681 3412 Madianel
2724 3364 2906 3411 autem
2945 3350 3308 3410 vendiderunt
3333 3350 3533 3421 Ioseph
3564 3350 3621 3405 in

2036 3442 2276 3520 Egypto
2291 3446 2571 3519 Putiphari
2602 3442 2874 3511 eunucho,
2906 3440 3204 3499 Pharaonis
3231 3438 3618 3512 archimagiro.

2037 3538 2361 3608 Plerumque
2381 3581 2393 3590 .
2408 3540 2806 3614 ρχιμαγιίρους,
2825 3536 2875 3590 id
2890 3544 2993 3598 est,
3010 3542 3305 3604 coquon
3327 3533 3621 3604 principes,

2038 3644 2137 3701 pro
2181 3632 2454 3702 magistris
2504 3630 2773 3684 exercitus
2815 3627 3095 3698 Scriptura
3134 3626 3329 3697 ponit;
3380 3628 3624 3702 μάγὲιρος

2039 3723 2185 3779 enim
2214 3722 2404 3779 Graece
2441 3730 2525 3778 est
2552 3732 2770 3792 coquus,
2801 3726 2857 3776 et
2884 3721 3084 3776 dicitur
3110 3723 3451 3794 payupuud,
3482 3717 3625 3788 quod

2040 3825 2127 3871 est
2154 3816 2390 3870 occidere
2417 3830 2436 3870 :
2466 3830 2531 3870 eo
2555 3812 2698 3885 quod
2725 3814 2883 3884 coqui
2910 3810 3161 3868 occidant
3191 3816 3501 3883 coquendas
3528 3814 3625 3880 pe-

2042 3907 2227 3963 cudes.
2262 3904 2523 3961 Venditus
2548 3908 2633 3960 est
2662 3905 2826 3977 igitur
2853 3902 3054 3975 Ioseph
3084 3902 3311 3974 principi
3339 3900 3625 3968 laniorum,

2044 4010 2151 4053 non
2182 3995 2396 4053 Petelre
2419 4038 2434 4062 ,
2476 4004 2536 4051 ut
2566 3996 2619 4051 in
2656 3995 2851 4052 Latino
2891 3996 3154 4065 scriptum
3198 4003 3315 4060 est,
3347 3995 3442 4050 sed
3481 3992 3632 4048 Puti-

2042 4091 2197 4162 phari
2228 4090 2497 4145 eunucho.
2535 4088 2637 4145 Ubi
2681 4088 2944 4158 qtueritur
2981 4076 3253 4157 quomodo
3283 4088 3468 4155 postea
3498 4098 3634 4139 uxo—

2045 4192 2159 4238 rem
2192 4181 2394 4238 habere
2434 4180 2679 4236 dicatur?
2726 4177 2972 4234 Tradunt
3017 4176 3227 4233 ΗΕΒιωί
3270 4187 3512 4248 emptum
3562 4177 3630 4232 ab

2048 4274 2149 4329 hoc
2176 4270 2376 4343 Ioseph
2414 4272 2486 4329 ob
2518 4272 2740 4327 itlmiam
2768 4269 3225 4340 pulchritudinem
3260 4266 3314 4321 In
3348 4274 3502 4336 turpe
3530 4266 3630 4320 mi-

2046 4366 2373 4432 nisterium,
2432 4368 2487 4420 el.
2534 4376 2565 4420 a
2610 4365 2867 4429 domino,
2898 4360 3145 4417 virilibus
3191 4358 3307 4429 ejus
3358 4361 3630 4425 arefactis,

2047 4464 2232 4528 postea
2274 4457 2505 4512 electum
2550 4460 2671 4510 esse
2705 4452 2857 4523 juxta
2889 4454 3094 4507 morem
3134 4451 3629 4522 hieropbantarum,

2051 4551 2101 4605 id
2129 4558 2232 4615 est,
2270 4564 2426 4605 sacra
2454 4548 2788 4619 loquentium
2818 4547 2872 4602 in
2901 4544 3219 4617 pontiﬁcatu
3250 4542 3589 4615 iiel.0polcos
3617 4563 3629 4598 :

356 4641 547 4697 [iuben
592 4640 861 4713 signiticet
904 4642 1018 4713 (qui
1061 4643 1448 4713 interpretatur
1483 4641 1609 4698 cisio
1643 4639 1786 4711 ﬁlii).
1823 4654 1949 4709 pro-
1977 4623 2026 4683 D
2053 4650 2107 4696 et
2146 4640 2305 4711 hujus
2354 4642 2518 4695 tiliam
2558 4646 2677 4696 esse
2722 4636 2982 4704 Asenetii,
3023 4646 3182 4709 quam
3210 4646 3397 4709 postea
3434 4630 3631 4705 Ioseph

354 4736 589 4809 phetiris
617 4730 1130 4793 comminationibus
1170 4737 1499 4799 d‘eterrebat,
1536 4744 1597 4790 ut
1630 4736 1947 4789 innocentes

357 4846 416 4887 se
452 4840 740 4911 servarent
779 4846 811 4886 a
838 4831 1103 4903 sanguine
1135 4829 1367 4894 Christi,
1401 4828 1588 4884 fratris
1628 4828 1711 4885 sui
1747 4842 1944 4883 secun-

357 4922 486 4976 dum
512 4930 760 4977 carnem.

429 5012 598 5069 Vens.
624 5014 717 5077 23,
743 5012 834 5069 24.
878 5043 950 5055 —
975 5032 995 5065 ‹
1028 5010 1382 5068 Nudaverunt
1403 5026 1526 5067 eum
1546 5051 1560 5074 ,
1586 5030 1605 5063 ι
1637 5018 1744 5066 etc.
1770 5009 1946 5083 (ISID.)

360 5103 603 5178 Hystice.
637 5106 702 5162 Et
729 5105 898 5162 Iudaei
924 5105 1199 5162 Christum
1235 5121 1332 5176 per
1361 5114 1589 5160 mortem
1614 5103 1954 5173 exspoliare-

365 5208 490 5253 runt
534 5198 715 5254 tunica
752 5198 1017 5270 corporali
1057 5207 1113 5253 et
1141 5198 1427 5268 polimyta,
1467 5196 1522 5251 td
1557 5203 1670 5261 est,
1700 5196 1954 5251 decorata

371 5291 607 5345 )mniutn
620 5290 1226 5346 virtutumdiversitatc.
1250 5289 1647 5360 BeSperseront
1671 5296 1850 5343 autem
1872 5296 1957 5342 tn-

367 5384 545 5437 nicam
583 5384 843 5454 sanguine
890 5384 1027 5439 haedi
1070 5401 1083 5437 :
1127 5384 1255 5453 quia
1290 5382 1439 5438 falsis
1474 5381 1797 5437 testimoniis
1826 5395 1954 5435 eum
1993 5394 2008 5407 ”

367 5487 727 5541 accusantes,
775 5479 831 5534 in
870 5478 1126 5534 invidiam
1168 5476 1375 5546 peccati
1425 5476 1718 5530 duxerunt.
1754 5472 1955 5543 Ioseph

369 5570 604 5626 mittitur
628 5571 687 5626 in
711 5571 1008 5627 cisternam
1032 5608 1051 5636 ,
1090 5568 1143 5624 id
1173 5579 1259 5625 est
1292 5569 1347 5624 in
1380 5567 1553 5623 lacum
1586 5585 1599 5621 :
1631 5570 1687 5621 et
1707 5566 1957 5622 Christus

370 5664 707 5736 exspoliatus
740 5676 908 5718 carne
932 5663 1171 5717 humana
1208 5661 1491 5717 descendit
1516 5660 1584 5715 ad
1616 5658 1906 5715 inici-num.

440 5756 606 5813 Vsus.
643 5755 826 5813 25-27.
849 5785 919 5797 —
948 5774 967 5807 ι
1011 5752 1271 5810 Viderunt
1304 5754 1541 5809 viatores
1566 5749 1882 5808 lsmaeiitss.
1928 5770 1945 5800 ο

376 5834 556 5923 laus.)
593 5847 866 5918 Quaeritur
902 5861 1072 5919 quare
1111 5844 1407 5905 lsmaeiitas
1445 5844 1728 5915 Scriptura
1754 5882 1769 5910 ,
1808 5851 1912 5899 etc.
1933 5880 1948 5908 ,

2055 4734 2325 4805 aeceperit
2354 4744 2601 4789 uxorem.

2572 4868 2801 4927 CAPUT
2835 4867 3118 4925 XXXVIII.

2126 5010 2292 5067 Vens.
2320 5010 2371 5073 i,
2399 5008 2454 5064 2.
2483 5039 2553 5050 —
2594 5024 2613 5061 ι
2650 5006 2850 5063 Eodem
2874 5014 3132 5077 tempore,
3173 5022 3193 5058 ι
3220 5013 3325 5061 etc.
3354 5003 3536 5073 (Ana,
3564 5002 3632 5067 ρ.

2055 5104 2111 5159 in
2140 5100 2295 5173 Gen.)
2325 5099 2596 5167 Quaeritur
2619 5099 2891 5168 quomodo
2926 5096 3027 5151 ista
3060 5095 3175 5149 fieri
3208 5092 3537 5166 potuerunt?
3576 5090 3636 5147 Si

2056 5194 2198 5250 enim
2220 5200 2568 5263 plhleiIQIIiﬂn
2589 5187 2784 5258 Ioseph
2807 5187 2956 5241 venit
2977 5186 3031 5241 in
3053 5184 3368 5258 Egyptmn,
3392 5194 3517 5245 εις..
3548 5198 3638 5236 ns-

2055 5296 2153 5358 qu'e
2189 5283 2257 5337 ad
2288 5282 2544 5337 incidiSse
2583 5294 2707 5334 eum
2754 5279 2806 5333 in
2840 5290 3081 5332 amorem
3109 5280 3258 5345 ejus,
3297 5286 3458 5346 quam
3483 5272 3637 5326 duxit

2059 5392 2304 5439 uxorem,
2338 5376 2571 5430 nondum
2599 5371 2818 5426 vendito
2846 5368 3067 5441 Ioseph.

2135 5490 2153 5523 ι
2186 5470 2352 5526 Iudas
2377 5511 2392 5535 ,
2433 5490 2450 5521 ι
2503 5477 2609 5523 etc.
2653 5465 2753 5521 Hic
2779 5505 2793 5530 ,
2846 5465 2987 5518 sicut
3034 5463 3217 5519 ueteri
3268 5458 3589 5532 patriarchte
3618 5498 3635 5523 ,

2057 5564 2329 5619 Christum
2375 5560 2679 5633 signiﬁcat,
2727 5557 2817 5626 Qui
2873 5556 3149 5612 descendit
3198 5556 3267 5609 ab
3310 5551 3636 5622 baptismum

2055 5653 2300 5710 Ioannis.
2356 5651 2515 5708 [liras
2560 5649 2706 5705 enim
2766 5649 3156 5717 interpretatur
3202 5642 3379 5698 ridens
3424 5642 3588 5697 Deam
3615 5654 3636 5695 :

2056 5747 2430 5812 Odollamites,
2463 5744 2819 5801 testiinonium
2850 5741 2904 5793 in
2951 5752 3110 5807 aqua,
3141 5736 3267 5806 quia
3296 5733 3530 5792 Ioannes
3556 5734 3640 5790 vi-

2057 5841 2189 5895 dens
2210 5838 2482 5894 Christum
2512 5837 2817 5895 venientem
2836 5832 2903 5887 ad
2928 5830 3274 5900 baptismum,
3302 5830 3377 5885 ait
3403 5844 3416 5882 :
3450 5840 3468 5880 t
3498 5827 3641 5885 Hcce
