4074 6334
46 4673 54 4880 I

46 4977 54 5270 ⁵

48 5573 54 5820 l

48 5929 56 6152 ξ

487 405 589 462 167
982 405 1374 498 ἫᾼΙΑΡΒΙΙΠ
1414 406 1660 464 STRABI
1698 406 1902 465 FULD.
1946 407 2080 466 MOE

2182 405 2311 467 )PP.
2355 404 2538 464 PARS
2573 409 2612 463 I.
2652 435 2724 452 -
2761 405 3223 465 THEOLOGICA.
3649 411 3770 468 {68

487 522 670 593 Agnus
699 522 835 588 Dei,
875 541 893 575 ι
944 533 1050 579 etc.
1095 523 1278 595 (Joan.
1319 523 1381 598 ι.)
1426 525 1508 580 Ad
1553 525 1657 581 hoc
1698 524 2068 580 testimonium
2095 531 2143 591 Α

486 619 714 675 adhaesit
741 618 958 676 Christo
983 619 1288 693 Synagoga,
1313 637 1474 692 quam
1502 620 1772 691 signiﬁcat
1797 620 1929 685 Sue,
1960 619 2070 674 ﬁlia

486 708 794 773 Chananaei,
829 710 954 780 quia
985 711 1034 766 ei
1065 712 1240 767 danda
1278 722 1398 769 erat
1430 722 1576 769 terra
1617 711 1832 768 humilis
1871 711 2069 783 profes-

486 803 648 858 sionis
673 844 688 869 ,
721 804 865 874 quod
906 805 1296 874 interpretatur
1320 805 1598 862 Chanaan.
1640 805 1768 861 Haec
1796 820 1926 876 ergo
1969 803 2070 876 Sy-

488 911 692 968 nagoga
739 897 916 968 primo
966 899 1195 954 adhaesit
1228 898 1480 962 Christo,
1529 899 1746 970 quando
1787 898 1981 954 Petrus
2017 907 2072 952 et

487 987 749 1050 Andreas,
780 995 836 1043 et
865 989 1048 1044 caeteri
1077 989 1300 1046 Joannis
1327 990 1574 1061 discipuli
1603 989 1734 1045 facti
1757 999 1882 1046 sunt
1907 988 2068 1044 disci-

487 1079 600 1149 puli
624 1078 854 1135 Christi.
885 1080 1001 1147 Quo
1026 1081 1216 1138 ordine
1242 1083 1359 1139 haec
1389 1083 1657 1154 completa
1684 1091 1810 1139 sunt
1839 1097 2072 1154 sequens

489 1170 758 1242 signiﬁcat
801 1172 1052 1240 historia,
1097 1191 1326 1231 narrans
1364 1177 1633 1246 quomodo
1657 1175 1824 1232 Judas
1851 1176 2074 1231 intravit

491 1263 556 1318 ad
591 1263 847 1330 Thamar,
879 1282 1000 1336 qua:
1027 1267 1168 1323 idem
1197 1268 1467 1340 signiﬁcat
1490 1269 1630 1339 quod
1659 1268 1786 1324 Sue.

561 1355 725 1413 Vens.
767 1359 802 1414 5
827 1400 842 1425 ,
873 1359 926 1414 4.
949 1390 1022 1401 -—
1056 1381 1073 1412 ι
1107 1361 1238 1429 Quae
1265 1362 1534 1433 concepit,
1570 1381 1589 1413 ι
1614 1372 1718 1417 etc.
1750 1360 1950 1416 Genuit
1975 1358 2075 1432 Sy-

490 1464 691 1519 nagoga
719 1449 1018 1522 principes,
1035 1453 1134 1522 qui
1158 1454 1205 1508 ei
1229 1463 1486 1523 tanquam
1511 1452 1687 1506 mariti
1711 1450 2072 1522 praefuerunt:

492 1557 722 1611 quorum
755 1541 845 1596 alii
879 1542 1099 1599 fuerunt
1140 1555 1398 1601 nocentes
1427 1587 1441 1609 ,
1473 1561 1612 1616 quos
1639 1545 1908 1616 signiﬁcat
1943 1543 2072 1608 Her,

489 1631 579 1700 qui
623 1631 1011 1702 interpretatur
1047 1633 1293 1704 pellicem
1333 1634 1508 1704 (pellis
1549 1636 1693 1689 enim
1734 1644 1965 1691 mortem
2003 1633 2078 1687 si-

489 1721 780 1794 gniﬁcat),
825 1723 952 1792 quia
991 1725 1153 1794 primi
1195 1734 1448 1794 parentes
1488 1724 1717 1795 pellibus
1763 1724 1936 1779 induti
1984 1723 2078 1778 ad-

490 1813 618 1868 dicti
655 1821 781 1868 sunt
809 1815 1001 1879 morti;
1041 1814 1131 1868 alii
1161 1815 1399 1880 inutiles,
1431 1831 1570 1885 quos
1605 1815 1874 1886 signiﬁcat
1899 1814 2073 1878 Onan,

2250 539 2268 573 ‹
2305 521 2458 577 Sedit
2486 522 2540 576 in
2568 523 2736 579 bivio.
2775 542 2793 574 ι
2821 520 3103 594 (Ηιειιοκ.)
3147 538 3166 571 ί
3198 518 3261 574 El
3293 519 3434 589 sedit
3459 519 3526 576 ad
3555 531 3774 591 portam

2170 615 2410 681 Enaiim,
2439 631 2560 686 qua:
2593 624 2679 672 est
2710 617 2765 672 in
2803 615 3034 671 transitu
3066 614 3335 670 Thamna.
3380 633 3401 668 ι
3438 613 3630 672 Sermo
3661 616 3778 674 He-

2169 707 2422 772 braicus,
2481 707 2734 775 Enaiim,
2794 707 3226 766 transferturin
3269 705 3468 762 oculos.
3521 705 3638 763 Non
3689 717 3781 764 est

2172 797 2336 870 igitur
2362 813 2557 854 nomen
2593 798 2720 865 loci,
2757 806 2815 854 et
2848 808 2934 854 est
2963 813 3156 854 sensus
3177 837 3192 863 ,
3221 816 3240 849 ‹
3271 796 3426 853 Sedit
3455 798 3508 853 in
3545 797 3720 864 bivio,
3749 816 3774 852 ι

2171 888 2284 943 sive
2312 888 2365 942 in
2387 889 2646 958 compito,
2679 890 2771 946 ubi
2797 889 3112 962 diligentius
3133 889 3294 946 debet
3325 890 3503 946 viator
3523 892 3780 962 aspicere

2171 992 2279 1047 quo
2316 978 2622 1048 gradiatur.-

2243 1067 2409 1123 Vens.
2437 1069 2724 1125 20-24.-¢
2758 1069 2903 1127 Misit
2927 1081 3109 1127 autem
3131 1071 3324 1129 Judas.
3351 1091 3370 1126 ι
3398 1073 3628 1130 Mittitur
3651 1090 3782 1146 pro-

2173 1161 2373 1217 missus
2403 1163 2590 1220 haedus
2619 1172 2874 1234 tanquam
2903 1167 3211 1233 meretrici,
3240 1167 3293 1222 id
3316 1175 3400 1222 est
3429 1168 3781 1240 exprobratio

2173 1255 2415 1328 peccati,
2463 1271 2562 1327 per
2606 1256 3005 1322 Odolamitem,
3057 1267 3313 1331 tanquam
3363 1260 3778 1330 increpantem,

2179 1367 2198 1400 ‹
2226 1349 2497 1419 genimina
2533 1351 2874 1420 viperarum,
2901 1361 3047 1408 ietc.
3091 1352 3197 1408 Sed
3244 1369 3364 1408 eam
3413 1369 3519 1408 non
3568 1353 3782 1408 invenit

2173 1443 2382 1514 peccati
2407 1445 2784 1514 exprobratio,
2811 1461 2972 1516 quam
2997 1446 3225 1501 mutavit
3246 1444 3604 1501 confessionis
3626 1461 3782 1500 ama-

2176 1537 2377 1593 ritudo.
2406 1537 2462 1593 In
2488 1540 2589 1594 hoc
2610 1540 2753 1595 facto
2773 1539 2924 1596 Judae
2947 1555 3050 1595 non
3068 1539 3298 1610 justitize
3323 1540 3569 1596 cernitur
3597 1540 3783 1595 since-

2177 1629 2342 1697 ritas,
2384 1631 2480 1685 sed
2511 1631 2886 1702 promissionis
2921 1631 3175 1687 ﬁdelitas.
3217 1629 3278 1686 Si
3323 1631 3468 1686 enim
3521 1639 3776 1687 servaret

2172 1719 2444 1791 justitiam
2493 1724 2761 1779 servando
2808 1725 3152 1790 castitatem,
3199 1739 3302 1778 non
3351 1724 3664 1788 introisset,
3721 1731 3783 1776 ut

2177 1811 2526 1881 Opinabatnr,
2581 1812 2648 1867 ad
2703 1813 3086 1880 meretricem;
3144 1815 3238 1870 sed
3287 1814 3433 1884 quod
3485 1814 3780 1885 promisit,

490 1905 582 1975 qui
612 1906 997 1975 interpretatur
1027 1923 1216 1961 maror
1239 1924 1443 1974 eorum,
1482 1885 1679 1978 quibus
1720 1907 1928 1963 scilicet
1970 1921 2079 1962 non
2108 1885 2156 1948 Β
2185 1901 2414 1958 ﬁdeliter
2441 1918 2539 1974 per
2568 1912 2842 1973 pastorem
2875 1904 3198 1960 transmisit.

531 2012 589 2050 ro
621 2006 738 2050 unt.

489 2010 525 2065 Ρ
567 2013 724 2141 Vssns.
758 2087 907 2141 5-12.
938 2119 1008 2128 —
1049 2107 1067 2140 ‹
1106 2088 1346 2144 Tertium
1394 2105 1606 2160 quoque
1649 2091 1876 2160 peperit,
1910 2110 1928 2142 ι
1969 2099 2076 2145 etc.

490 2175 641 2247 (lsm.
676 2179 728 2231 in
771 2176 901 2234 Gen.
928 2220 942 2244 ,
989 2188 1114 2234 tom.
1149 2180 1236 2250 V.)
1276 2180 1493 2235 Tertius
1539 2181 1680 2236 ﬁlius
1709 2182 1800 2250 qui
1846 2180 2083 2239 Thamar

488 2284 597 2323 non
623 2268 901 2339 jungitur,
930 2281 1033 2326 etc.
1057 2311 1071 2336 ,
1097 2289 1255 2342 usque
1285 2271 1353 2325 ad
1390 2281 1445 2326 et
1477 2272 1596 2326 ideo
1639 2281 1891 2342 tanquam
1922 2270 2081 2326 Odol-

489 2358 705 2412 lamites
733 2358 1007 2428 perhibuit
1040 2361 1407 2414 testimonium
1443 2360 1495 2414 in
1525 2376 1684 2430 aqua.

565 2469 582 2500 ι
627 2447 794 2504 Judas
821 2491 836 2515 ,
885 2469 904 2500 ι
942 2459 1047 2506 etc.
1089 2451 1164 2504 De
1207 2448 1342 2504 Juda
1386 2451 1535 2522 regia
1577 2451 1749 2506 tribus
1793 2449 2079 2521 prooessit,

487 2557 607 2612 qua:
664 2543 754 2596 diu
808 2541 1024 2611 praefuit
1070 2540 1309 2596 Iudaica:
1357 2543 1548 2613 plebi,
1593 2557 1755 2612 quam
1815 2541 2085 2612 signilicat

491 2633 752 2698 Thamar,
776 2649 896 2703 qua:
922 2634 1314 2704 interpretatur
1336 2633 1660 2698 amaritudo,
1692 2633 1816 2703 quia
1839 2648 2081 2687 amaram

492 2742 550 2782 se
579 2727 633 2780 in
666 2726 920 2796 passione
947 2726 1153 2781 exibuit
1191 2725 1429 2781 Christo.

561 2815 740 2887 (ιειο.)
764 2815 922 2871 Plebs
948 2813 1198 2883 Judaica,
1223 2817 1310 2872 cui
1335 2817 1400 2871 de
1425 2817 1568 2871 tribu
1593 2814 1730 2871 Juda
1753 2831 1927 2888 reges,
1949 2825 2079 2883 etc.,

491 2926 648 2979 usque
685 2910 752 2964 ad
783 2909 924 2965 Deus
962 2919 1142 2966 tamen
1166 2919 1425 2982 utrosque
1453 2911 1675 2976 occidit,
1707 2913 1834 2981 quia
1857 2927 2082 2982 regnum

491 3018 522 3056 a
557 3001 754 3057 talibus
783 3001 940 3058 tollit.

557 3093 832 3150 Venle’i.
867 3125 941 3136 —
974 3115 992 3149 ι
1029 3097 1111 3154 Ad
1142 3099 1440 3154 tondendas
1457 3113 1606 3154 oves.
1647 3118 1664 3151 ›
1701 3098 1953 3172 (Suum)
1984 3097 2079 3154 Αι-

487 3189 730 3258 iegarice.
769 3187 931 3244 Venit
971 3189 1233 3248 Dominus
1277 3193 1341 3247 ad
1383 3207 1514 3246 oves
1555 3191 1875 3258 tondendas,
1919 3192 1972 3246 id
2000 3197 2084 3246 est

487 3280 726 3351 peccatis
754 3284 1132 3338 exonerandas
1156 3323 1171 3348 ,
1205 3283 1269 3338 de
1309 3283 1506 3352 quibus
1532 3282 1734 3337 dicitur
1764 3301 1776 3336 :
1822 3302 1839 3334 ι
1884 3283 2084 3338 Dentes

488 3372 568 3426 tui
592 3371 736 3427 sicut
767 3388 960 3444 greges
991 3384 1290 3430 tonsarum.
1338 3393 1363 3450 i
1392 3374 1630 3428 Thamar
1670 3374 1916 3430 habitum
1962 3391 2085 3429 mu-

488 3473 568 3520 tat
599 3482 614 3524 :
646 3482 772 3520 nam
812 3475 868 3521 et
896 3476 1224 3522 commutam
1245 3467 1684 3537 interpretatur;
1729 3477 1902 3542 mutat
1932 3468 2087 3522 habi-

489 3566 602 3612 tum
631 3567 688 3613 et
713 3575 935 3626 nomen,
963 3569 1022 3613 ut
1043 3550 1113 3614 sit
1139 3559 1205 3615 de
1229 3559 1512 3631 Syuagoga
1544 3559 1810 3615 Ecclesia.
1846 3560 1954 3615 Sed
1985 3577 2084 3616 no-

489 3671 613 3712 men
648 3654 1031 3709 amaritudinis
1070 3662 1253 3709 manet
1295 3674 1307 3708 :
1358 3671 1462 3710 non
1496 3655 1549 3710 in
1590 3670 1696 3726 qua
1736 3655 1806 3709 fel
1859 3655 2085 3711 Domino

490 3744 838 3807 ministravit,
869 3745 964 3800 sed
1004 3746 1058 3799 in
1094 3761 1198 3812 qua
1225 3743 1418 3800 Petrus
1449 3763 1634 3802 amare
1674 3747 1840 3803 ﬂevit.
1871 3747 2003 3803 Nam
2029 3756 2084 3803 et

488 3838 658 3894 Judas
677 3836 954 3907 Confessio
985 3837 1214 3902 dicitur,
1244 3837 1584 3895 Confessioni
1620 3856 1752 3910 ergo
1774 3841 2084 3896 amaritudo

492 3930 787 3985 misceatur
818 3969 833 3991 ,
889 3936 949 3981 ut
1002 3943 1127 3982 vera
1177 3930 1496 3998 poenitentia
1536 3933 1915 4003 prtesignetur.
1959 3932 2084 3988 Haec

489 4021 810 4092 poenitentia
834 4019 1174 4083 fecundatur,
1211 4020 1264 4074 in
1287 4022 1541 4076 omnibus
1567 4023 1816 4092 gentibus
1841 4024 2084 4080 Ecclesia

491 4111 810 4168 constituta.
847 4110 1146 4182 Oportebat
1166 4112 1309 4166 enim
1337 4113 1450 4182 pati
1481 4113 1778 4180 Christum,
1811 4125 1865 4172 et
1898 4131 2084 4171 resur-

492 4220 639 4276 gere,
687 4212 741 4258 et
777 4202 1058 4272 prmdicari
1099 4201 1153 4256 in
1197 4203 1416 4260 nomine
1453 4203 1572 4274 ejus
1607 4207 1979 4276 paenitentiam
2029 4215 2086 4262 et

493 4295 873 4351 remissionem
902 4301 1247 4366 peccatorum
1276 4310 1373 4365 per
1400 4311 1590 4352 omnes
1617 4305 1823 4368 gentes.
1857 4297 2085 4355 Habitus

492 4403 707 4458 quoque
748 4386 1054 4442 meretricis
1083 4386 1353 4442 confessio
1385 4397 1733 4458 peccatorum
1765 4400 1849 4446 est
1897 4409 1910 4446 :
1942 4392 2086 4446 Tha-

494 4495 610 4534 mar
643 4480 840 4549 qnippe
869 4479 1167 4535 Ecclesiam
1209 4479 1275 4534 de
1323 4480 1577 4551 gentibus
1619 4491 1867 4538 vocatam
1911 4484 2081 4555 signi-

494 4571 652 4635 ﬁcat;
703 4570 897 4624 sedens
941 4585 1063 4624 cum
1115 4571 1216 4625 hoc
1273 4571 1459 4626 habitu
1513 4571 1580 4626 ad
1614 4581 1825 4642 portam
1869 4573 2079 4629 Enaiim

2256 1997 2418 2054 Vens.
2448 1997 2538 2053 25.
2562 2028 2633 2038 --
2662 2017 2680 2048 ‹
2709 2000 2839 2066 Quae
2866 2014 2990 2053 cum
3023 1999 3335 2064 duceretur,
3367 2006 3473 2054 etc.
3506 2017 3524 2052 ι
3553 2005 3570 2063 <
3596 1997 3728 2054 Isin.
3759 1999 3780 2070 )

2181 2089 2376 2146 Postea
2409 2105 2539 2144 vero
2571 2090 2801 2160 publicis
2828 2089 3002 2160 signis
3025 2090 3243 2153 annuli.
3271 2090 3487 2145 monilis
3511 2099 3566 2146 et
3591 2090 3782 2162 virgm,

2181 2182 2310 2238 vicit
2349 2194 2553 2237 temere
2583 2179 2894 2250 iudicantes
2921 2181 3157 2246 Judaaos,
3188 2197 3324 2252 quos
3346 2181 3458 2249 jam
3503 2181 3675 2238 Judas
3701 2183 3785 2238 si-

2181 2273 2502 2345 gniﬁcabat;
2524 2273 2613 2343 qni
2632 2274 2789 2329 hodie
2809 2289 3024 2345 quoque
3043 2273 3231 2328 dicunt
3253 2290 3362 2329 non
3388 2275 3532 2328 hunc
3544 2289 3667 2329 esse
3681 2290 3783 2344 po-

2180 2365 2362 2437 pulum
2384 2365 2610 2430 Christi,
2637 2382 2735 2422 nec
2761 2365 3227 2432 Abrahm'semen,
3248 2367 3342 2422 sed
3359 2367 3588 2438 prolatis
3616 2368 3785 2421 docu-

2183 2460 2596 2514 mentisnostra:
2614 2461 2938 2525 vocationis,
2965 2460 3397 2531 justiﬁcationis,
3426 2471 3481 2519 et
3506 2463 3786 2534 gloriﬁca-

2186 2551 2367 2616 tionis,
2392 2552 2819 2618 confunduntur,
2843 2563 2899 2608 et
2925 2569 3025 2608 nos
3050 2554 3225 2626 magis
3246 2569 3407 2624 quam
3432 2570 3490 2609 se
3513 2554 3790 2625 justiﬁca-

2184 2651 2270 2697 tos
2291 2659 2412 2699 esse
2436 2642 2856 2699 conﬁtebuntur.
2883 2645 3116 2716 Pignora
3135 2646 3280 2701 enim
3303 2662 3361 2702 se
3391 2646 3594 2702 habere
3615 2645 3789 2701 refert

2183 2731 2448 2799 Ecclesia,
2478 2749 2598 2803 qua:
2633 2743 2920 2790 accusatur
2947 2751 2978 2789 a
3007 2735 3210 2791 Judzeis
3235 2736 3391 2806 quasi
3423 2735 3668 2791 adultera
3698 2734 3784 2791 le-

2184 2825 2268 2896 gis
2296 2841 2310 2879 :
2335 2825 2428 2881 sed
2452 2827 2691 2882 ostendit
2709 2829 2916 2898 virgam
2940 2829 3152 2900 signum
3172 2829 3463 2900 passionis,
3501 2840 3558 2885 et
3584 2829 3787 2886 monile

2183 2915 2425 2987 legitima
2455 2916 2608 2988 legis,
2636 2925 2692 2972 et
2724 2919 2982 2972 annulum
3013 2919 3210 2991 pignus
3241 2919 3691 2976 immortalitatis.

2258 3011 2422 3065 Vens.
2453 3009 2542 3065 26.
2568 3041 2635 3050 —
2699 3011 2801 3078 Qui
2831 3012 3032 3082 agnitis
3051 3053 3067 3078 ,
3099 3031 3116 3063 ι
3142 3021 3248 3068 etc.
3279 3015 3299 3084 (
3326 3013 3556 3069 lituos.
3581 3013 3601 3083 )
3630 3033 3648 3064 ι
3679 3013 3784 3070 Co-

2184 3103 2370 3174 gnovit
2396 3113 2575 3158 autem
2601 3101 2802 3168 Judas,
2831 3113 2938 3159 etc.
2973 3103 3029 3158 ln
3063 3103 3290 3160 Hebraeo
3321 3105 3553 3161 habetur
3580 3123 3593 3159 :
3623 3125 3640 3156 ι
3666 3105 3787 3176 jus-

2187 3196 2392 3251 tilicata
2413 3205 2496 3251 est
2523 3211 2590 3251 ex
2621 3212 2738 3262 me;
2779 3215 2798 3248 ι
2825 3212 2931 3250 non
2961 3196 3104 3266 quod
3129 3195 3278 3264 justa
3309 3197 3491 3263 fuerit,
3513 3198 3608 3251 sed
3637 3197 3785 3267 quod

2187 3285 2597 3357 comparatione
2632 3285 2776 3340 illius
2812 3286 2993 3340 minus
3027 3286 3169 3340 male
3217 3285 3442 3354 fecerit,
3481 3302 3589 3342 non
3643 3302 3782 3359 vaga

2188 3377 2559 3447 turpitudine,
2595 3377 2690 3431 sed
2723 3377 3049 3447 requirendo
3082 3377 3258 3433 ﬁlios-

2263 3467 2424 3522 Vsns.
2457 3467 2558 3533 27,
2585 3466 2676 3522 28.
2708 3497 2776 3508 —
2809 3485 2827 3518 ι
2856 3467 3096 3523 Instante
3144 3477 3325 3523 autem
3353 3508 3368 3534 ,
3399 3488 3418 3520 ι
3466 3478 3571 3525 etc.
3623 3468 3783 3537 Quod

2187 3557 2430 3627 primus,
2461 3559 2554 3627 qui
2585 3557 2783 3612 dicitur
2811 3557 2982 3621 Zara,
3017 3574 3234 3611 manum
3268 3559 3481 3626 emisit,
3513 3569 3570 3616 et
3597 3559 3786 3616 obste-

2187 3653 2296 3706 trix
2315 3652 2599 3707 coccinum
2624 3651 2809 3722 ligavit
2831 3660 2886 3706 et
2914 3652 3030 3722 ipso
3054 3668 3216 3706 manu
3245 3655 3574 3718 retrahente,
3604 3664 3792 3724 poste-

2189 3742 2326 3808 rior,
2356 3742 2449 3814 qui
2481 3752 2708 3798 vocatur
2735 3741 2970 3808 Phares,
3003 3758 3223 3797 manum
3267 3745 3548 3815 porrexit,
3576 3755 3633 3800 et
3679 3759 3782 3799 na-

2188 3837 2387 3889 scendo
2413 3836 2731 3904 praecessit,
2776 3835 3104 3906 signiﬁcavit
3135 3837 3280 3906 quod
3316 3836 3484 3892 lsrael
3522 3837 3575 3893 in
3615 3853 3782 3910 opere

2186 3926 2319 3997 legis
2361 3942 2583 3982 manum
2619 3929 2970 3995 extenderet,
3007 3937 3063 3984 et
3091 3929 3482 4000 prophetarum
3522 3940 3578 3986 et
3611 3931 3784 4001 ipsius

2185 4016 2390 4073 Christi
2425 4032 2620 4089 cruore
2647 4018 2909 4090 pollutam
2948 4022 3298 4076 contraheret
3331 4038 3344 4073 :
3374 4021 3605 4092 populus
3651 4039 3782 4079 vero

2186 4111 2426 4181 gentium
2463 4120 2651 4180 postea
2687 4121 3093 4184 prorumperet,
3139 4122 3200 4168 ut
3225 4122 3408 4169 essent
3439 4131 3458 4164 ι
3491 4115 3656 4186 primi
3684 4132 3782 4172 no-

2184 4201 2396 4256 vissimi
2416 4243 2430 4268 ,
2462 4211 2519 4256 et
2547 4203 2826 4258 novissimi
2859 4204 3042 4275 primi.
3081 4225 3101 4258 υ

2257 4294 2421 4349 Vens.
2456 4294 2527 4350 29
2546 4336 2560 4362 ,
2585 4295 2676 4349 50.
2704 4327 2775 4336 -
2793 4316 2811 4347 ‹
2831 4297 3011 4364 Quare
3039 4299 3214 4356 divisa
3232 4341 3247 4368 ,
3273 4321 3293 4355 ι
3320 4311 3426 4358 etc.
3457 4300 3732 4374 (Htenoa'.
3760 4302 3778 4376 )

2183 4385 2291 4442 Pro
2317 4387 2548 4441 maceria
2575 4387 2770 4458 Aquila
2799 4397 2853 4445 et
2882 4389 3240 4461 Symmachus
3261 4396 3570 4450 divisionem
3601 4406 3780 4452 trans—
3813 4461 3816 4464 _

2185 4479 2460 4544 tulerunt,
2489 4484 2631 4552 quod
2655 4481 2921 4538 Hebraice
2948 4485 3148 4542 dicitur
3170 4485 3395 4545 Phares.
3415 4491 3498 4547 Ab
3521 4507 3588 4547 eo
3614 4492 3780 4563 igitur

2188 4571 2334 4642 quod
2365 4572 2614 4627 diviserit
2641 4575 3076 4632 membranulam
3105 4581 3526 4637 secundinarum
3555 4584 3775 4638 divisio-

491 4669 668 4724 οων,
695 4659 838 4729 quod
862 4659 1246 4729 interpretatur
1284 4664 1399 4730 fons
1439 4678 1452 4715 :
1483 4661 1608 4731 quia
1645 4664 1901 4717 currebat
1934 4665 2080 4718 velut
2106 4643 2160 4704 Ῑ)
2187 4666 2266 4718 nis
2301 4680 2494 4720 nomen
2530 4666 2761 4736 accepit.
2807 4666 2959 4724 Unde
2992 4679 3048 4724 et
3083 4669 3370 4750 Pharisazi,
3406 4674 3499 4744 qui
3529 4691 3588 4730 se
3620 4675 3777 4745 quasi

491 4766 688 4805 cervus
749 4750 817 4804 ad
873 4747 1051 4804 fontes
1103 4765 1390 4818 aquarum,
1441 4753 1725 4821 pervenire
1779 4754 1848 4808 ad
1895 4770 2080 4810 semen

492 4846 744 4900 Ahrahre.
765 4844 863 4899 Illo
892 4861 999 4899 non
1023 4853 1383 4915 cognoscente
1411 4845 1754 4913 fecundatur,
1785 4851 2077 4904 secumlum

493 4937 625 4992 illud
651 4935 850 4992 Psahni
877 4952 1008 4990 xvn.
1039 4957 1056 4986 ι
1088 4935 1343 5007 Populus,
1367 4953 1526 5006 quem
1555 4955 1659 4993 non
1688 4942 1934 5011 cognovi,
1964 4956 2079 4995 ser—

493 5031 628 5085 vivit
668 5031 820 5086 mihi.
853 5049 871 5082 ι
907 5030 1126 5100 Accepit
1153 5030 1207 5084 in
1238 5030 1452 5087 occulto
1472 5032 1753 5097 annulum,
1782 5034 2000 5097 monile,
2025 5043 2081 5089 et

496 5121 722 5192 virgam,
770 5122 896 5192 quia
943 5120 1221 5176 vocatione
1263 5121 1529 5191 signatur,
1567 5123 1954 5193 justiﬁcalione
1989 5126 2081 5181 de-

493 5221 734 5277 coratur,
759 5212 1156 5284 gloriﬁcatione
1181 5212 1472 5268 exaltatur.
1506 5233 1523 5264 ι
1554 5213 1699 5280 Quos
1727 5224 1906 5271 autem
1937 5232 2077 5287 pne-

495 5305 820 5380 destinavit,
855 5306 954 5360 hos
981 5317 1034 5360 et
1065 5307 1308 5372 vocavit;
1349 5315 1402 5362 ct
1439 5322 1576 5376 quos
1609 5310 1858 5376 vocavit,
1888 5311 1987 5368 hos
2025 5323 2082 5370 et

495 5396 805 5466 justilicavit
832 5395 1004 5467 (Rom.
1030 5399 1183 5469 vin);
1238 5417 1254 5448 ι
1304 5399 1397 5453 sed
1440 5398 1491 5451 in
1533 5400 1774 5465 occulto,
1821 5404 1912 5458 ubi
1953 5421 2080 5461 con-

495 5491 670 5561 ceptio
701 5499 900 5545 sanctae
931 5489 1195 5546 ubertatis
1229 5490 1306 5544 ﬁt.

573 5580 738 5637 Vsus.
773 5582 959 5638 ιιι-19.
989 5613 1061 5623 -
1098 5601 1116 5633 ‹
1150 5580 1280 5649 Quae
1309 5581 1570 5652 depositis
1607 5585 1888 5644 viduitatis
1916 5593 2083 5647 vesti-

504 5689 522 5724 ι
551 5671 671 5738 bus,
707 5692 727 5724 ι
752 5682 856 5729 etc.
879 5673 1183 5730 Notandum
1208 5674 1373 5728 etiam
1405 5675 1460 5729 in
1486 5679 1817 5748 temporibus
1845 5685 2080 5752 patriar-

498 5768 722 5825 charum
751 5781 896 5827 certa
927 5772 1092 5828 fuisse
1121 5774 1442 5831 vestimenta
1470 5776 1775 5858 viduarum,
1815 5797 1919 5839 nec
1945 5799 2080 5854 qua-

500 5858 569 5917 lia
597 5863 1025 5935 conjugatarum.

2177 4753 2355 4824 justos
2383 4774 2412 4812 a
2457 4760 2656 4828 populo
2686 4773 3100 4831 separaverant,
3135 4761 3427 4832 Pharisaei,
3456 4766 3511 4822 id
3557 4777 3642 4823 est
3689 4768 3774 4821 di-

2183 4849 2281 4902 visi
2312 4849 2650 4904 dicebantur.

2254 4937 2390 4992 Zara
2422 4939 2814 5010 interpretatur
2841 4943 3037 4999 oriens.
3077 4945 3216 5013 Quia
3247 4946 3458 5017 primus
3487 4951 3772 5021 apparuit,

2183 5031 2267 5086 vel
2295 5033 2420 5102 quia
2454 5033 2672 5103 plurimi
2703 5033 2839 5104 justi
2875 5051 2941 5092 ex
2979 5053 3043 5094 eo
3074 5039 3188 5094 nati
3217 5049 3371 5106 sunt,
3405 5044 3546 5099 sicut
3575 5044 3776 5100 dicitur

2183 5120 2237 5175 in
2263 5120 2705 5193 Paralipomenis.

2719 5215 2949 5274 CAPUT
2987 5219 3231 5276 XXXIX.

2262 5327 2418 5382 Vens.
2459 5328 2510 5394 l,
2550 5327 2602 5382 6.
2633 5359 2705 5371 -—
2731 5348 2750 5381 ι
2778 5331 2947 5403 Igitur
2969 5333 3169 5406 Joseph
3195 5337 3391 5396 ductus
3413 5349 3499 5397 est
3527 5341 3580 5397 in
3607 5341 3774 5415 Egy-

2191 5437 2211 5472 σ
2239 5429 2412 5491 ptum,
2444 5441 2461 5474 ι
2485 5431 2589 5477 etc.
2615 5423 2774 5494 (Avo.
2795 5427 2852 5479 in
2869 5423 3026 5499 Gen.)
3048 5429 3128 5484 Ad
3153 5431 3402 5488 ordinem
3428 5434 3602 5490 tendit
3626 5433 3778 5490 Scri-

2187 5520 2346 5584 ptura
2369 5514 2512 5569 unde
2538 5525 2864 5582 recesserat,
2888 5527 2947 5571 ut
2971 5517 3061 5572 illa
3088 5528 3277 5576 narret
3295 5537 3418 5592 qua
3437 5538 3597 5594 supra
3620 5533 3774 5597 gesta

2187 5613 2332 5660 sunt.
2365 5624 2385 5657 ι
2408 5604 2669 5677 Fuitque,
2705 5627 2724 5659 ι
2750 5615 2856 5663 etc.
2891 5607 3125 5679 ((ῗιιιεθη
3155 5612 3249 5668 lib.
3284 5629 3338 5669 vi
3370 5613 3592 5682 Horal.,
3619 5632 3670 5672 c.
3711 5615 3772 5672 11

2185 5696 2326 5767 seq.)
2357 5696 2504 5752 Multi
2537 5699 2774 5754 humana
2803 5701 3065 5770 sapientia
3103 5705 3296 5771 inflati,
3328 5708 3455 5764 dum
3487 5709 3776 5768 desideriis

2184 5789 2298 5844 suis
2317 5788 2498 5844 divina
2515 5789 2718 5859 judicia
2741 5794 3014 5850 contrarie
3036 5798 3340 5868 aspiciunt,
3367 5810 3496 5867 etc.,
3521 5819 3683 5875 usque
3703 5803 3774 5858 ad

2183 5878 2406 5951 ejusque
2435 5882 2672 5952 pondera
2699 5883 2860 5940 leviat
2880 5926 2895 5952 ,
2925 5903 3044 5958 qua:
3069 5889 3255 5950 volens
3283 5903 3482 5963 portat.

4023 1109 4025 1198 ἲ

4023 1229 4025 1302 l

4023 1625 4025 1710 l
