4074 6334
195 409 306 467 169

1226 397 1492 457 GLOSSA
1528 393 1919 454 ORDINABIA.
1959 425 2027 441 μ-
2061 395 2188 450 LIB.
2230 394 2386 453 GEN.

3345 403 3448 458 170

269 521 438 578 Vens.
469 518 550 572 7-
575 515 662 572 11.
686 546 757 557 —
793 535 811 569 ι
838 515 968 573 Post
999 515 1194 572 multos
1224 514 1404 583 itaque
1446 512 1561 566 dies
1597 509 1778 580 injecit
1805 522 1853 578 Α
1881 510 2001 564 dem
2050 521 2148 579 per
2191 509 2576 565 exhibitionem
2622 511 3020 579 praeteritorum
3067 529 3127 571 se
3173 518 3352 572 intulit
3397 521 3452 576 in

197 633 225 669 ι
250 612 494 676 domina,
519 631 537 663 ι
565 619 671 665 etc.
698 609 891 682 (Gneo.
918 609 1012 665 lib.
1042 625 1149 662 xxx
1175 606 1392 672 Moral.,
1410 620 1528 674 cap.
1549 605 1657 674 19.)
1682 603 1783 668 Qui

191 705 390 764 mundi
438 703 780 757 successibus
825 701 1095 765 elevatus,
1148 707 1278 764 etc.,
1329 715 1490 768 usque
1542 697 1610 751 ad
1660 696 1784 765 quia

192 798 347 855 enim
395 795 642 864 voluptas
689 807 754 848 ex
806 793 1169 865 prosperitate
1221 790 1487 853 nascitur,
1543 788 1784 856 ejusdem

193 885 643 945 consideratione
670 883 918 939 feriatur.

275 997 296 1030 ι
329 975 515 1046 Injecit
552 975 772 1031 domina
809 988 904 1030 sua
929 1013 944 1039 ,
981 991 1000 1024 ι
1043 980 1152 1028 etc.
1189 967 1400 1042 (Ism.)
1439 967 1567 1024 Haec
1615 967 1784 1038 ﬁgura

195 1079 287 1126 est
317 1051 646 1142 Synagogae,
685 1075 817 1132 etc.,
854 1081 1018 1135 usque
1050 1063 1120 1118 ad
1165 1062 1257 1117 ubi
1291 1059 1436 1115 enim
1477 1058 1642 1114 veluti
1686 1072 1786 1128 pu-

195 1161 434 1216 niendus
463 1158 849 1222 descenderat,
877 1156 1003 1211 inde
1039 1154 1172 1209 alios
1200 1151 1467 1207 liberavit.

269 1249 437 1305 Vens.
472 1247 540 1303 12
567 1276 589 1288 -
611 1246 777 1302 25.—
803 1264 822 1298 ‹
853 1244 974 1312 Qui,
1013 1243 1204 1299 relicto
1235 1242 1290 1296 in
1323 1255 1488 1295 manu
1520 1237 1636 1308 ejus
1665 1237 1785 1308 pal-

202 1361 222 1393 τ
251 1341 347 1407 lio,
376 1361 395 1392 ι
425 1348 532 1395 etc.
551 1338 643 1395 Sic
663 1352 762 1394 nos
787 1334 1190 1391 tentantcarnis
1213 1332 1498 1393 illecebras,
1519 1338 1574 1385 et
1595 1343 1786 1384 succu-

202 1433 351 1487 tiunt
373 1437 582 1486 vestem
612 1443 865 1484 carneam
893 1446 906 1480 :
939 1426 1034 1482 sed
1058 1425 1144 1481 vir
1169 1433 1352 1480 castus
1375 1421 1582 1478 mavult
1604 1419 1787 1476 omnia

197 1522 420 1577 vincula
457 1521 797 1591 dirumpere,
836 1533 998 1588 quam
1034 1530 1093 1572 se
1124 1514 1443 1584 turpitudini
1475 1511 1783 1583 subjugare.

329 1611 434 1679 Qui
463 1611 654 1666 relicto
673 1649 689 1674 ,
722 1628 741 1662 ι
772 1617 877 1664 etc.
911 1606 1129 1680 (Gnec.)
1161 1605 1464 1676 Allegorice.
1494 1603 1630 1671 Quia
1658 1602 1787 1658 dum

197 1704 490 1776 Synagoga
512 1700 787 1758 Christum
807 1739 824 1763 ,
844 1714 1042 1769 purum
1069 1696 1341 1753 hominem
1363 1695 1612 1759 credens,
1634 1690 1786 1746 adul-

197 1794 380 1850 terino
427 1789 712 1862 complexu
755 1787 1128 1859 constringere
1170 1785 1366 1850 voluit,
1409 1784 1524 1855 ipse
1569 1789 1786 1855 tegmen

1883 615 2029 668 spem
2058 598 2378 655 futurorum.

1955 691 2114 746 Vens.
2150 692 2252 745 17-
2271 693 2359 747 52.
2384 723 2455 733 -
2480 710 2500 744 ι
2527 691 2789 748 Putabam
2815 709 2903 749 me
2932 703 3108 764 stare,
3139 716 3158 749 ι
3187 705 3292 753 etc.
3325 697 3455 771 Sep-

1883 792 1990 838 tem
2019 785 2178 850 anni,
2209 785 2300 854 qui
2328 793 2534 854 septem
2565 785 2728 856 spicis
2758 785 2958 856 plenis,
2990 787 3075 841 vel
3099 796 3304 858 septem
3333 803 3456 844 vac-
3559 851 3562 856 _

1881 877 1960 931 cis
1997 877 2284 948 pinguibus
2321 877 2702 942 ostenduntur,
2743 878 3041 947 spiritualia
3077 879 3215 935 dona
3248 879 3454 951 signiﬁ-

1883 979 2043 1033 cant,
2079 970 2274 1040 quibus
2307 969 2528 1024 ubertas
2565 969 2690 1026 ﬁdei
2734 969 2884 1041 larga
2921 971 3124 1040 pietate
3169 972 3453 1028 redundat.

1885 1055 2106 1127 Septem
2141 1072 2270 1112 vero
2304 1057 2516 1114 steriles
2549 1067 2604 1114 et
2631 1058 2838 1130 jejuni,
2877 1061 3120 1116 veritatis
3149 1069 3206 1117 et
3231 1061 3458 1132 justitiaa

1881 1147 2083 1203 famem
2113 1147 2167 1202 in
2201 1148 2497 1203 novissimo
2525 1155 2786 1219 tempore.

1955 1259 2118 1314 Vens.
2152 1259 2241 1314 55.
2261 1288 2332 1299 -
2355 1278 2375 1310 ‹
2402 1258 2554 1315 Nunc
2579 1273 2728 1332 ergo,
2759 1280 2778 1312 ι
2807 1269 2914 1317 etc.
2937 1260 3052 1318 Hoc
3076 1270 3315 1334 tempore
3340 1279 3462 1335 gra-

1887 1347 1974 1403 tiae
2022 1348 2266 1404 videmus
2314 1348 2592 1419 impletum
2628 1367 2640 1403 :
2687 1351 2816 1420 quia
2861 1351 3168 1407 abundante
3213 1352 3460 1408 doctrina

1885 1439 2199 1510 apostolica,
2229 1439 2530 1512 septiformi
2560 1441 2762 1511 Spiritu
2793 1442 3121 1509 ministrata,
3143 1443 3325 1498 divina
3352 1445 3461 1500 dis-

1885 1531 2154 1602 positione
2190 1547 2290 1602 per
2335 1531 2574 1603 singulas
2620 1533 2782 1588 urbes
2824 1534 3064 1604 episcopi
3109 1542 3166 1589 et
3210 1535 3460 1594 doctores

1885 1622 2117 1677 ordinati
2143 1633 2291 1690 sunt,
2319 1623 2413 1693 qui
2439 1624 2771 1680 abundantia
2796 1625 3053 1682 doctrinm
3075 1627 3334 1682 divinitus
3357 1628 3458 1683 sibi

1887 1714 2093 1769 collatae
2120 1715 2289 1772 libros
2313 1725 2530 1772 sanctos
2554 1717 2920 1789 scripserunt,
2943 1720 3138 1789 quibus
3158 1719 3462 1779 abundante

1887 1801 2028 1860 fame
2055 1805 2240 1872 verbi,
2268 1813 2324 1862 et
2350 1806 2723 1864 deﬁcientibus
2748 1809 3083 1878 doctoribus,
3110 1811 3461 1882 indigentiam

196 1883 400 1938 littera:
434 1880 609 1938 oculis
644 1879 762 1951 ejus
793 1876 1022 1947 objecit,
1049 1884 1106 1932 et
1134 1877 1202 1931 ad
1231 1873 1663 1947 cognoscendam
1693 1871 1778 1927 di-
1809 1877 1859 1937 B
1887 1904 2130 1952 nostram
2158 1897 2524 1955 maceremus.

199 1974 451 2030 vinitatis
474 1970 774 2044 potentiam
799 1970 1149 2039 conspicuum
1177 1983 1236 2024 se
1261 1967 1510 2039 gentibus
1535 1963 1782 2036 praebuit.

198 2067 361 2124 Unde
389 2080 563 2135 usque
587 2063 750 2119 hodie
779 2063 904 2118 dum
933 2063 1133 2136 legitur
1173 2062 1378 2128 Moses,
1421 2059 1665 2115 velamen
1704 2065 1790 2113 est

195 2175 371 2230 super
413 2157 596 2214 oculos
638 2155 822 2212 cordis
866 2170 1084 2219 eorum,
1123 2155 1250 2226 quia
1290 2152 1501 2210 scilicet
1544 2149 1787 2206 adultera

197 2251 430 2322 pallium
482 2248 708 2307 retinuit
732 2289 748 2316 ,
797 2255 853 2305 et
905 2263 1067 2318 quem
1124 2246 1266 2304 male
1318 2245 1535 2301 tenebat
1583 2241 1788 2298 nudum

198 2342 408 2399 amisit.

797 2429 1025 2488 CAPUT
1063 2428 1175 2485 XL.

273 2590 446 2644 Vens.
483 2589 510 2643 1
531 2619 559 2630 -
579 2587 633 2645 8.
662 2617 731 2628 -
756 2605 776 2639 ‹
809 2584 905 2642 His
935 2585 1010 2640 ita
1045 2575 1239 2656 gestis,
1273 2583 1470 2640 accidit
1497 2589 1558 2638 ut
1584 2596 1786 2653 pecca-

205 2703 226 2736 ι
261 2691 389 2737 rent
421 2679 528 2735 duo
554 2678 818 2744 eunuchi,
853 2697 873 2731 ›
909 2685 1014 2732 etc.
1049 2674 1212 2747 (Isin.
1241 2675 1297 2728 in
1324 2672 1455 2729 Gen.
1481 2713 1497 2738 ,
1532 2680 1666 2728 tom.
1692 2671 1786 2740 V.)

199 2772 413 2828 Invenit
437 2769 635 2841 Joseph
660 2769 794 2824 duos
819 2768 1095 2824 eunuchos
1119 2766 1174 2820 in
1201 2779 1444 2842 carcere,
1468 2772 1601 2830 etc.,
1626 2780 1788 2834 usque

203 2871 276 2918 ad
306 2862 727 2935 trangressionis
753 2861 897 2933 ligno
923 2859 1288 2930 suspenditur.

277 2974 297 3008 ι
322 2955 590 3010 Pincerna
615 2954 756 3024 regis
786 2951 1006 3024 Egypti
1023 2993 1037 3017 ,
1067 2959 1123 3006 et
1161 2951 1354 3021 pistor,
1382 2950 1598 3006 domino
1620 2965 1738 3015 suo,
1761 2969 1780 3003 ι

199 3053 309 3103 etc.
345 3044 660 3116 (menon)
691 3043 792 3100 Ubi
824 3057 926 3098 nos
955 3043 1232 3112 posuimus
1259 3061 1278 3094 ι
1307 3041 1606 3112 principem
1640 3041 1786 3096 vina-

209 3137 418 3192 riorum
451 3155 470 3188 ι
503 3137 558 3191 in
595 3134 821 3190 Hebraeo
855 3132 1086 3188 habetur
1121 3132 1369 3204 masqueh
1403 3141 1616 3219 apum,
1655 3131 1786 3185 illud

1958 2012 2120 2069 Vens.
2145 2013 2356 2072 34-57.
2374 2047 2445 2056 —
2462 2036 2481 2070 ί
2507 2017 2575 2072 Εῑ
2593 2018 2838 2088 quintam
2865 2028 3076 2090 partem
3103 2019 3410 2086 fructuum,
3438 2041 3455 2072 ι

1887 2111 1992 2159 etc.
2012 2103 2315 2160 Notandum
2327 2104 2569 2178 Egyptii
2591 2110 2733 2178 quod
2751 2109 2998 2178 quintam
3017 2119 3224 2180 partem
3249 2110 3463 2183 frugum

1888 2194 1945 2248 in
1977 2195 2172 2250 horrea
2217 2197 2360 2267 regis
2397 2209 2726 2270 congregant
2757 2218 2769 2254 :
2811 2201 2937 2269 quia
2959 2201 3055 2256 ﬁlii
3095 2204 3462 2269 tenebrarum,

1888 2284 2128 2354 quinque
2173 2287 2422 2344 sensibus
2453 2287 2656 2354 dediti,
2687 2289 2927 2344 caelestia
2963 2306 3070 2346 non
3101 2301 3293 2346 curant
3323 2311 3334 2346 :
3369 2293 3466 2347 sed

1887 2375 2002 2428 veri
2024 2374 2279 2432 lsraelitae
2308 2377 2546 2433 decimas
2567 2379 2718 2445 dant,
2739 2379 2864 2450 quia
2889 2380 3164 2436 caelestem
3192 2383 3425 2452 patriam
3445 2423 3461 2450 ,

1889 2463 2044 2534 cujus
2072 2466 2281 2521 decima
2307 2481 2434 2537 pars
2460 2469 2691 2533 corruit,
2727 2469 3028 2528 reformare
3055 2472 3320 2529 laborant.

1959 2575 2147 2648 (,Ism.)
2169 2575 2528 2650 Congregavit
2552 2577 2751 2651 Joseph
2780 2595 2877 2650 per
2902 2591 3110 2653 septem
3139 2599 3310 2640 annos
3339 2601 3459 2642 oni-

1889 2661 2019 2722 neni
2057 2667 2270 2738 frugum
2312 2670 2698 2726 abundantiam
2731 2686 2748 2726 :
2792 2672 2846 2726 id
2887 2681 2998 2740 est,
3042 2673 3314 2732 frumenta
3343 2675 3466 2734 ﬁdei

1889 2767 2196 2813 sanctorum
2221 2759 2432 2816 horreis
2457 2761 2695 2818 condens
2711 2803 2726 2828 ,
2755 2777 2853 2832 per
2876 2773 3080 2835 septem
3103 2767 3427 2823 charismata
3451 2811 3464 2835 ,

1889 2850 2045 2918 quasi
2088 2865 2185 2920 per
2225 2859 2434 2922 septem
2475 2868 2681 2920 annos,
2711 2865 2772 2910 ut
2799 2870 2923 2910 cum
2959 2865 3166 2926 septem
3213 2860 3338 2914 anni
3385 2861 3468 2916 in-

1889 2943 2026 3012 opiae
2055 2943 2336 3014 coeperint,
2358 2943 2411 2999 id
2439 2953 2545 3010 est,
2575 2959 2697 3000 cum
2727 2947 2985 3017 iniquitas
3013 2951 3314 3006 occurrerit
3341 2967 3464 3023 sep-

1891 3040 2000 3088 tem
2042 3033 2352 3102 capitalium
2387 3034 2684 3088 criminum
2720 3035 2820 3090 sub
2855 3036 3225 3104 Antichristo,
3252 3039 3468 3110 quando

1890 3121 2060 3177 fames
2087 3121 2211 3178 ﬁdei
2243 3121 2404 3178 fuerit
2433 3132 2488 3179 et
2518 3124 2723 3191 salutis,
2754 3133 2882 3182 tunc
2911 3130 3081 3184 sancti
3108 3129 3343 3186 habeant
3372 3145 3466 3186 co-

199 3229 434 3284 verhum
469 3229 616 3298 quod
648 3228 702 3282 in
737 3227 956 3282 nomine
987 3224 1130 3281 servi
1177 3223 1409 3278 Abrahae
1446 3213 1657 3277 'dudum
1703 3222 1782 3278 lc-
1813 3233 1858 3298 ο
1888 3215 2098 3285 piosam
2135 3213 2364 3284 iustitiae
2399 3215 2642 3288 frugem,
2675 3232 2742 3274 ne
2765 3217 2901 3275 ﬁdes
2928 3236 3114 3276 eorum
3146 3221 3324 3294 inopia
3355 3239 3470 3280 ser-

203 3321 408 3395 gimus,
449 3334 610 3391 quem
644 3334 743 3374 nos
770 3332 1056 3389 possumus
1087 3329 1238 3370 more
1270 3313 1415 3385 vulgi
1453 3328 1646 3368 vocare
1675 3313 1788 3383 pin-

203 3429 452 3478 cernam,
487 3419 542 3467 et
574 3425 746 3480 usque
775 3409 938 3464 hodie
974 3406 1115 3478 apud
1143 3404 1404 3462 barbaros
1430 3403 1680 3459 maximae
1709 3403 1788 3458 di-

204 3506 434 3579 gnitatis
466 3512 582 3569 est,
611 3503 724 3574 regi
751 3501 1001 3573 poculum
1033 3499 1360 3571 porrexisse.

277 3615 448 3671 Vens.
477 3615 511 3671 9
526 3646 553 3655 -
569 3615 656 3670 15.
679 3644 752 3655 -
773 3633 792 3665 ‹
819 3611 1080 3667 Videbam
1104 3625 1286 3666 coram
1309 3624 1394 3665 me
1416 3609 1582 3663 vitem
1597 3648 1614 3676 ,
1636 3627 1656 3660 ›
1679 3615 1785 3664 etc.

1889 3303 2066 3360 monis
2096 3304 2329 3360 deﬁciat.

1962 3415 2128 3471 Vens.
2161 3415 2374 3472 58-40.
2400 3447 2470 3458 -
2498 3437 2516 3468 ε
2545 3418 2649 3485 Qui
2679 3419 2914 3490 Spiritus
2944 3423 3035 3478 Dei
3067 3424 3257 3495 plenus
3299 3428 3402 3493 sit,
3439 3447 3459 3480 ι

1892 3513 1996 3562 etc.
2025 3504 2200 3580 (Anc.
2227 3506 2293 3573 ρ.
2322 3509 2376 3561 in
2406 3505 2571 3580 Gen.)
2598 3509 2804 3578 Tertio,
2832 3513 2934 3568 nisi
2960 3513 3136 3581 fallor,
3163 3517 3469 3574 insinuatur

1895 3600 2051 3655 nobis
2084 3601 2140 3655 in
2177 3601 2281 3658 hoc
2321 3601 2460 3656 libro
2509 3601 2740 3672 Spiritus
2783 3613 3022 3663 sanctus.
3053 3606 3238 3665 Primo
3265 3610 3357 3664 ubi
3385 3612 3468 3666 di-

205 3705 530 3782 (HIERON.)
569 3724 588 3757 ‹
622 3705 690 3760 Et
720 3717 850 3760 ecce
886 3703 1012 3758 vitis
1047 3703 1101 3758 in
1141 3709 1432 3772 conspectu
1471 3717 1614 3766 meo,
1647 3709 1702 3755 et
1735 3701 1790 3755 in
1895 3700 2042 3747 Otum
2061 3701 2326 3764 est‘supl‘a
2343 3693 2480 3765 (cap.
2498 3693 2569 3765 1):
2598 3715 2616 3748 ι
2641 3695 2875 3767 Spiritus
2892 3697 2990 3756 Dei
3010 3699 3284 3758 ferebatur
3303 3717 3469 3774 super

204 3800 319 3854 vite
349 3805 459 3852 tres
486 3794 728 3860 fundi,et
755 3793 867 3864 ipsa
894 3793 1204 3864 germinans
1233 3801 1342 3846 tres
1370 3789 1586 3845 fundos.
1613 3810 1631 3842 ι
1664 3789 1792 3844 'l‘ria
1895 3800 2083 3855 aquas,
2106 3805 2124 3838 ι
2153 3787 2386 3850 secundo
2406 3787 2498 3843 ubi
2519 3788 2651 3845 dicit
2670 3789 2812 3847 Deus
2831 3807 2990 3864 supra
3016 3794 3150 3867 (cap.
3175 3795 3252 3868 vt)
3277 3814 3291 3851 :
3313 3817 3331 3849 ι
3351 3796 3469 3854 Non

209 3890 454 3962 ﬂagella,
493 3898 606 3944 tres
634 3902 814 3942 ramos
835 3926 849 3952 ,
881 3886 996 3940 sive
1022 3884 1367 3955 propagines,
1396 3881 1652 3938 Hebraeus
1681 3896 1795 3936 ser-
1894 3875 2233 3946 permanebit
2269 3874 2503 3948 Spiritus
2531 3893 2684 3936 meus
2711 3880 2768 3935 in
2797 3882 3101 3941 hominibus
3127 3886 3243 3942 istis
3261 3928 3276 3954 ,
3307 3906 3328 3940 ›
3359 3897 3464 3946 etc.

213 3997 300 4038 mo
327 3978 632 4052 signiﬁcat,
657 3992 777 4047 qua,
801 3975 870 4031 ab
894 3974 999 4030 illis
1021 3982 1282 4029 vocamur
1303 3970 1530 4041 sarigim
1554 3978 1788 4032 nua-rm.
1896 3967 2081 4024 Tertio
2126 3983 2248 4024 cum
2290 3970 2419 4025 dicit
2459 3969 2672 4030 Pharao
2711 3973 2766 4028 in
2803 3973 3002 4046 Ioseph
3039 3991 3160 4034 esse
3201 3977 3464 4050 Spiritum

288 4073 453 4128 Vens.
484 4071 670 4126 16-19.
691 4100 762 4110 -—
787 4088 807 4122 ι
840 4069 966 4125 Tria
991 4068 1248 4123 canistra.
1279 4085 1298 4117 ι
1327 4063 1483 4136 (Anc.
1510 4063 1709 4130 Quaest.
1740 4063 1796 4117 in
1898 4056 1995 4112 Dei
2020 4076 2032 4112 :
2067 4059 2304 4114 nondum
2332 4068 2512 4117 tamen
2539 4062 2766 4134 legimus
2793 4064 3052 4136 Spiritum
3080 4078 3348 4126 sanctum.

216 4162 389 4236 Gen.)
440 4161 542 4218 Ubi
574 4163 630 4218 in
666 4160 874 4216 Latinis
903 4159 1180 4216 codicibus
1219 4175 1238 4209 ι
1275 4157 1376 4212 tria
1429 4157 1668 4212 canistra
1716 4154 1799 4210 fa-
1969 4168 2134 4226 vus,
2187 4171 2275 4227 41,
2314 4201 2388 4215 ....
2430 4191 2449 4225 ι
2479 4173 2732 4246 Dixitque
2776 4192 2962 4233 rursus
3008 4177 3255 4248 pham),
3289 4201 3308 4235 ,
3359 4190 3466 4240 οιο,

217 4256 348 4310 rima
381 4275 400 4307 ι
434 4254 693 4324 scriptum
721 4259 844 4317 est,
876 4261 982 4308 etc.
1002 4292 1018 4317 ,
1043 4267 1213 4343 iusque
1243 4249 1313 4343 ad
1340 4257 1396 4304 et
1425 4263 1492 4305 ex
1525 4248 1672 4343 omni
1707 4261 1799 4318 ge-
1903 4256 2072 4330 (lsm.
2097 4258 2117 4332 )
2145 4259 2456 4332 Allegorice.
2485 4262 2718 4335 Ioseph,
2747 4267 2840 4336 qui
2870 4275 3053 4339 typum
3084 4268 3284 4326 Christi
3315 4287 3467 4343 gere-

217 4361 348 4403 nere
386 4344 599 4415 pistorii
641 4343 821 4414 operis
865 4343 918 4397 in
957 4342 1147 4398 eodem
1186 4340 1392 4397 scilicet
1426 4341 1664 4396 canistro
1702 4355 1796 4395 811-
1900 4350 2026 4416 bat,
2047 4365 2266 4406 currum
2293 4353 2518 4419 meruit,
2542 4361 2597 4410 et
2621 4370 2801 4424 praeco
2823 4359 3152 4426 praeconavit
3175 4368 3300 4416 ante
3322 4340 3474 4429 eum,

217 4438 451 4509 potiore.
1902 4449 1957 4496 et
1986 4443 2268 4499 constituit
2307 4460 2432 4500 eum
2472 4446 2686 4503 Pharao
2724 4463 2886 4518 super
2925 4452 3230 4507 universam
3273 4463 3474 4512 terram

287 4525 458 4580 Vens.
488 4523 792 4581 20-25.—
818 4541 838 4575 ι
865 4523 1152 4578 Natalitius
1180 4522 1501 4578 Pharaonis.
1537 4541 1556 4576 ›
1587 4522 1800 4577 Pharao
1825 4589 1878 4612 ἢ
1901 4533 2119 4606 Ᾱζςγριί
2148 4553 2161 4588 ε
2211 4543 2267 4591 ει
2304 4535 2564 4593 Dominus
2609 4546 2812 4605 noster,
2855 4550 3138 4612 postquam
3187 4545 3476 4604 distractus

218 4627 272 4673 et
312 4616 554 4672 Herodes
594 4615 736 4671 diem
781 4615 1082 4670 nativitatis
1105 4614 1545 4681 celebraverunt,
1579 4615 1704 4685 quia
1732 4629 1799 4670 ex
1825 4589 1878 4650 D
1903 4589 2065 4681 est“;
2094 4625 2230 4682 Juda
2254 4668 2269 4695 ,
2311 4628 2452 4684 sicut
2489 4627 2689 4699 Joseph
2729 4646 2758 4685 a
2797 4589 3059 4689 ,frzu-ibhs
3094 4642 3150 4690 et
3189 4637 3255 4692 de
3281 4589 3478 4695 inter";

219 4710 351 4768 hora
383 4709 684 4765 nativitatis
711 4723 770 4764 se
798 4723 954 4781 reges
983 4708 1148 4765 fuisse
1174 4717 1518 4780 putaverunt.
1904 4734 2126 4775 carcere
2168 4721 2432 4782 surrexit,
2476 4722 2716 4777 ascendit
2753 4739 2972 4779 currum
3015 4726 3251 4782 caelestis
3289 4731 3474 4802 regni,

1905 4809 1972 4864 de
2015 4823 2122 4879 quo
2171 4809 2369 4864 dicitur
2413 4810 2622 4881 psalmo
2669 4829 2813 4868 van
2845 4833 2856 4868 :
2889 4833 2908 4866 ι
2939 4814 3142 4870 Currus
3171 4817 3265 4873 Dei
3293 4819 3476 4874 decem

809 4864 1036 4921 CAPUT
1074 4864 1210 4920 ΧΠ·
1905 4864 2141 4956 millibus
2180 4864 2500 4970 multiple‘xv;
2535 4864 2642 4958 iet

293 4997 458 5055 Vens.
492 4999 544 5054 1.
572 5030 644 5040 —
673 5017 691 5050 ‹
721 4998 851 5054 Post
875 5000 1009 5056 duos
1039 5015 1210 5056 annos
1238 5001 1374 5057 vidit,
1403 5001 1615 5056 Pharao
1655 5017 1801 5057 som.
1905 4993 2060 5048 candi
2103 5005 2157 5048 et
2189 4992 2470 5062 iudicandi
2511 5009 2542 5049 a
2583 4993 2764 5050 Patre.
2800 4995 2952 5052 Unde
2979 4995 3116 5052 Phil.
3151 5013 3189 5052 tl
3217 5013 3234 5074 ξ
3269 5015 3289 5049 t
3324 4999 3483 5054 Dedit

229 5107 248 5143 ι
277 5091 449 5146 nium.
482 5090 714 5145 Putabat
740 5105 799 5146 se
825 5098 1004 5155 stare,
1036 5109 1055 5144 ι
1089 5099 1194 5147 etc.
1245 5090 1418 5164 (Avo.
1455 5091 1522 5158 ρ.
1554 5095 1608 5146 in
1639 5089 1796 5158 Gem,

221 5187 357 5237 tom.
384 5178 514 5252 Ill.)
547 5178 701 5234 Sicut
728 5195 916 5235 servus
939 5180 1170 5236 Abrahze
1191 5181 1360 5248 dixit,
1387 5189 1517 5248 etc.,
1546 5199 1706 5252 usque
1728 5182 1799 5237 ad

224 5271 315 5327 ubi
347 5270 599 5325 habitant
629 5278 844 5325 terrena
871 5270 1145 5327 animalia.

298 5357 461 5414 Vens.
489 5359 632 5415 2-8.
659 5389 731 5398 —
762 5376 780 5411 ι
810 5360 886 5414 De
914 5374 1022 5431 quo
1063 5361 1428 5416 ascendebant
1467 5369 1673 5433 septem
1702 5362 1800 5418 bo-

232 5471 251 5504 ι
284 5466 402 5517 ves,
425 5471 443 5503 ι
467 5460 575 5506 etc.
596 5449 846 5523 (IIIEBON.
875 5450 940 5517 Ω.
962 5449 1146 5522 Hebr.)
1172 5452 1312 5508 Ecce
1333 5452 1401 5508 de
1430 5452 1590 5511 ﬂuvio
1614 5469 1805 5510 ascen-

226 5541 430 5600 debant
467 5551 676 5613 septem
717 5544 883 5598 boves
917 5542 1175 5613 speciosae
1212 5544 1280 5599 ad
1306 5543 1592 5600 videndum
1613 5587 1628 5614 ,
1659 5553 1802 5612 etc.,

226 5650 390 5705 usque
419 5635 489 5688 ad
520 5656 565 5706 χ
596 5633 842 5690 Graecam
871 5633 1278 5714 copulaverunt.

1905 5087 1953 5142 ei
1986 5099 2183 5141 nomen
2211 5085 2356 5156 quod
2385 5094 2468 5142 est
2495 5103 2659 5158 super
2687 5103 2846 5144 omne
2874 5104 3099 5154 nomen,
3133 5111 3152 5142 ι
3183 5099 3290 5146 etc.
3319 5091 3482 5147 Acce-

1905 5178 1986 5247 pit
2008 5192 2220 5247 quoque
2246 5177 2501 5232 annulum
2521 5218 2534 5243 ,
2567 5179 2618 5233 id
2649 5187 2764 5246 est,
2790 5178 3163 5249 pontiﬁcatum
3191 5180 3348 5247 ﬁdei,
3373 5198 3480 5252 quo

1908 5269 2240 5324 credentium
2281 5268 2476 5324 animae
2519 5267 2707 5325 salutis
2748 5269 2904 5342 signo
2945 5269 3246 5341 signantur,
3288 5271 3482 5328 fronti-

1909 5361 2116 5430 busque
2156 5368 2212 5415 et
2236 5361 2487 5417 cordibus
2517 5363 2717 5419 nostris
2741 5375 2840 5434 per
2867 5362 3076 5435 signum
3108 5365 3284 5420 crucis
3310 5365 3481 5437 ﬁgura

1911 5451 2099 5507 aeterni
2137 5453 2282 5524 regis
2320 5453 2666 5523 imprimitur.
2709 5453 2951 5508 Induitur
2978 5453 3116 5510 stola
3143 5455 3394 5528 byssina,
3427 5456 3483 5511 id

1907 5551 2020 5608 est,
2069 5557 2232 5600 carne
2269 5553 2456 5600 sancta
2491 5545 2654 5616 bysso
2688 5544 3085 5616 splendidiore,
3119 5553 3176 5602 et
3202 5545 3337 5602 stola
3377 5546 3480 5601 im-

1899 5635 2273 5691 mortalitatis.
2307 5635 2529 5706 Accepit
2570 5650 2782 5706 quoque
2826 5646 3074 5707 torquem
3119 5650 3340 5690 auream
3366 5675 3382 5699 ,
3430 5636 3484 5690 id

297 5725 468 5779 Vens.
499 5725 572 5780 9-
591 5724 675 5779 16.
703 5755 774 5764 —
803 5744 820 5776 ‹
855 5723 1007 5780 Tunc
1045 5724 1257 5778 demum
1296 5724 1649 5780 reminiscens
1688 5725 1810 5796 pin-
1909 5735 2014 5793 est,
2038 5727 2364 5783 intellectum
2386 5730 2605 5784 bonum.
2630 5729 2812 5785 Przeco
2837 5730 3105 5785 antecedit
3126 5742 3282 5792 eum,
3304 5727 3357 5782 id
3377 5737 3482 5795 est,

236 5835 253 5866 ι
283 5831 574 5873 cernarum
603 5815 879 5884 magister,
904 5834 921 5866 ›
950 5823 1054 5870 etc.
1074 5815 1209 5880 Quia
1226 5813 1442 5885 gentilis
1455 5816 1812 5885 populustan-

677 5909 937 5972 ΡΔτιοι.
973 5907 1194 5970 CXIII.

1909 5817 2144 5876 Joannes
2173 5820 2412 5890 Baptista
2435 5862 2449 5886 ,
2477 5821 2568 5891 qui
2598 5821 2675 5876 ait
2701 5820 2890 5875 Matth.
2923 5838 2982 5875 ιιι
3019 5839 3031 5874 :
3067 5841 3084 5872 1
3121 5820 3312 5876 Parate
3338 5820 3482 5878 viam

2968 5918 3006 5976 6
