4074 6334
563 316 661 371 171

1069 310 1458 370 WALAFRlDl
1496 306 1745 366 STRABI
1780 305 1987 365 rem.
2010 284 2389 362 ‘i’fdﬁf’oﬁ.
2427 304 2611 361 PARS
2645 305 2687 360 1.
2723 334 2795 348 -
2832 302 3291 362 THEOLOGICA.

3730 305 3855 362 I72

560 425 810 505 Domini.
846 447 866 481 ι
894 425 1126 483 Habebit
1164 434 1220 481 et
1257 426 1422 480 alium
1450 439 1786 493 praeconem,
1818 421 1942 493 quia
1968 420 2150 478 veniet
2173 425 2225 488 Α
2252 421 2413 494 (Anc.
2466 420 2669 487 Quart.
2711 421 2769 474 in
2807 418 2964 488 Gen.)
3017 419 3155 488 Quid
3180 428 3265 476 est
3301 419 3445 492 quod
3487 418 3711 494 Ioseph,
3756 423 3857 481 vir

561 516 620 570 in
639 510 793 593 .‘tuba
827 517 1025 586 angeli.

644 610 808 666 Vens.
828 608 892 664 Il
915 648 933 675 ,
952 608 1043 664 42.
1066 639 1137 648 -
1161 626 1180 659 ‹
1208 607 1347 663 Ecce
1373 608 1632 663 constitui
1661 615 1718 663 te
1743 621 1905 677 super
1932 606 2152 661 univer—

576 722 601 755 v
634 719 748 759 sam
778 712 978 759 terram
1009 701 1260 773 zEgypti,
1293 722 1311 754 ι
1339 709 1444 757 etc.
1466 700 1664 772 Ioseph
1687 701 1755 756 de
1784 716 2005 757 carcere
2024 700 2155 756 edu-

577 803 734 861 ctus,
769 808 929 865 super
968 792 1261 865 Egyptum
1303 793 1686 859 constituitur;
1716 800 1772 848 et
1792 791 2044 848 Christus
2069 806 2157 848 re-

581 900 811 956 surgens
855 883 1061 955 accepit
1093 902 1112 934 ι
1143 897 1338 937 nomen
1380 881 1521 952 quod
1556 890 1640 937 est
1670 896 1833 952 super
1857 896 2018 937 omne
2054 895 2155 936 no-

582 992 738 1042 men,
766 985 828 1031 ut
863 976 917 1030 in
946 974 1163 1029 nomine
1190 972 1317 1029 Iesu
1346 987 1505 1028 omne
1532 986 1671 1043 genu
1701 969 1954 1026 ﬂectatur
1981 970 2003 1042 (
2026 966 2158 1023 Phi-

583 1066 709 1138 lipp.
740 1064 823 1138 ιι).
859 1084 878 1117 ι

653 1154 818 1211 Vens.
867 1154 971 1219 45,
1018 1154 1108 1208 44.
1153 1184 1219 1194 -—-
1272 1171 1290 1203 ε
1321 1150 1601 1207 Clamante
1649 1167 1937 1220 praecone,
1978 1171 1997 1203 ι
2047 1162 2153 1209 etc.

583 1245 773 1317 (illan.
820 1247 876 1301 in
925 1243 1125 1310 Qua’st.
1172 1241 1371 1312 Hebr.)
1405 1261 1423 1293 ι
1470 1250 1524 1296 et
1570 1241 1821 1297 clamavit
1868 1252 1994 1299 ante
2035 1259 2160 1299 eum

584 1351 764 1407 praeco
790 1376 804 1401 ,
860 1344 914 1391 et
967 1334 1247 1390 constituit
1293 1347 1414 1387 eum
1470 1348 1630 1402 super
1683 1348 1897 1389 omnem
1956 1344 2161 1391 terram

585 1429 823 1501 Egypti.
859 1449 878 1480 ι
913 1427 1018 1483 Pro
1044 1443 1152 1498 quo
1182 1425 1376 1497 Aquila
1407 1426 1722 1480 transtulit:
1762 1445 1779 1478 ι
1812 1426 1881 1482 Et
1909 1426 2162 1483 clamavit

586 1522 639 1574 in
665 1526 955 1592 conspectu
981 1519 1097 1590 ejus
1137 1517 1202 1572 ad
1224 1516 1694 1586 geniculationem.
1729 1537 1747 1568 ι
1784 1516 2161 1589 Symmachus,
2208 1523 2215 1591 ζ

586 1622 692 1668 etc.
724 1652 739 1678 ,
798 1626 959 1682 usque
1013 1610 1083 1663 ad
1138 1608 1281 1680 quod
1317 1607 1475 1677 juxta
1531 1608 1872 1678 prudentiam
1919 1610 2161 1665 omnium

591 1710 748 1771 pater
776 1701 907 1767 fuit,
940 1700 1034 1755 sed
1061 1699 1214 1769 juxta
1243 1705 1459 1754 :etatem
1490 1696 1817 1753 tenerrimus
1847 1696 2164 1756 adolescens
2206 1696 2226 1719 "

589 1803 645 1850 et
670 1808 822 1863 puer.

659 1884 818 1940 Vens.
850 1884 955 1937 45-
973 1882 1062 1938 49.
1086 1913 1155 1923 —-
1180 1900 1199 1934 ι
1220 1882 1288 1937 Et
1316 1883 1561 1950 vocavit,
1583 1901 1601 1935 ι
1622 1892 1728 1938 etc.
1757 1882 1969 1954 (litem,
1998 1882 2162 1953 ibid.)

589 1975 651 2029 Et
680 1974 890 2029 vocavit
916 1973 1131 2031 Pharao
1159 1986 1354 2029 nomen
1382 1971 1583 2042 Ioseph
1604 2014 1618 2039 ,
1650 1981 1753 2028 etc.
1776 2014 1790 2040 ,
1818 1988 1981 2044 usque
2009 1973 2078 2028 ad
2108 1981 2168 2028 ut

588 2082 717 2122 vera
761 2065 851 2121 illa
890 2064 1239 2120 Hebraeorum
1278 2078 1441 2135 super
1482 2079 1547 2119 eo
1582 2064 1725 2134 quod
1766 2071 1893 2120 ante
1932 2064 2168 2121 diximus

588 2155 821 2226 suspicio
851 2155 1250 2223 comprobetur.

664 2268 683 2301 ι
717 2249 978 2319 Deditque
1005 2247 1083 2303 illi
1113 2261 1369 2313 uxorem,
1399 2266 1418 2298 ι
1451 2253 1559 2302 etc.
1591 2246 1611 2311 (
1632 2246 1794 2313 Anc.,
1821 2247 1912 2301 ubi
1936 2264 2117 2318 supra.
2147 2247 2167 2322 )

588 2339 771 2407 Quaeri
801 2337 941 2394 solet
967 2335 1123 2406 cuius
1148 2335 1461 2407 Putipharis
1479 2376 1493 2401 ,
1523 2335 1663 2391 alias
1691 2334 1935 2401 Petefre,
1968 2343 2027 2389 ut
2057 2335 2171 2406 plc-

588 2429 741 2498 rique
763 2426 966 2482 habent
987 2431 1043 2481 et
1067 2434 1341 2497 corrupte,
1380 2434 1440 2479 nt
1476 2440 1639 2495 supra
1665 2425 1867 2481 dictum
1895 2434 2012 2490 est,
2036 2435 2168 2491 etc.,

588 2534 750 2590 usque
778 2515 849 2571 ad
878 2531 986 2575 non
1014 2523 1098 2573 est
1126 2515 1251 2571 ﬁdei
1280 2515 1645 2585 periculosum
1662 2555 1678 2583 ,
1710 2530 1811 2575 nec
1837 2516 2170 2572 contrarium

588 2608 808 2665 veritati
836 2606 1262 2678 Scripturarum.

660 2698 823 2755 Vens.
866 2696 1059 2755 50-58.
1084 2726 1153 2738 --
1183 2715 1202 2749 ι
1237 2695 1360 2752 Nati
1418 2705 1548 2755 sunt
1598 2706 1779 2754 autem
1825 2697 2026 2770 Ioseph
2073 2699 2169 2755 ﬁlii

595 2809 614 2843 ι
646 2788 774 2856 duo,
812 2808 832 2842 ι
865 2795 971 2845 etc.
1007 2784 1283 2859 (HIEBON.)
1312 2786 1551 2843 Observa
1570 2796 1792 2858 propter
1813 2789 2172 2859 quaestionem

590 2896 710 2952 quae
748 2888 870 2951 post
894 2880 960 2935 de
987 2878 1112 2934 ﬁliis
1137 2872 1337 2948 Ioseph
1364 2879 1709 2949 proponenda
1736 2888 1843 2946 est,
1870 2880 2016 2949 quod
2044 2888 2172 2935 ante

592 2973 753 3028 famis
800 2980 1048 3044 tempus,
1109 2988 1216 3045 quo
1264 2970 1431 3029 Iacob
1482 2972 1706 3028 intravit
1749 2973 1803 3027 in
1852 2971 2167 3045 IEgyptnm,

591 3065 727 3120 duos
774 3070 982 3119 tantum
1040 3062 1179 3119 ﬁlios
1230 3062 1433 3135 Ioseph
1490 3064 1703 3131 habuit,
1760 3063 2067 3119 Manassem
2116 3071 2172 3119 et

592 3155 870 3225 Ephraim.

662 3243 825 3300 Vens.
848 3242 934 3309 56,
960 3242 1048 3298 57.
1064 3272 1137 3284 --
1154 3242 1512 3313 «Aperuitque
1536 3241 1739 3314 Ioseph
1768 3244 2022 3298 universa
2050 3242 2174 3297 hor~

597 3357 617 3390 ε
650 3351 764 3402 rea,
795 3356 814 3388 ι
865 3344 973 3391 etc.
1001 3334 1310 3406 Aliegorice.
1343 3333 1542 3404 Ioseph
1584 3348 1615 3388 a
1658 3333 1885 3404 penuria
1912 3331 2174 3389 frumenti

593 3430 769 3487 salvat
802 3427 1092 3500 .Egyp‘tum
1114 3468 1128 3493 ,
1174 3435 1229 3480 et
1263 3424 1514 3481 Christus
1538 3441 1569 3479 a
1602 3422 1749 3481 fame
1787 3424 1939 3480 verbi
1981 3424 2176 3481 liberat

594 3520 874 3577 mundum.
924 3518 1150 3589 Aperuit
1197 3516 1395 3572 horrea
1442 3531 1541 3573 sua
1588 3516 1840 3574 Christus
1883 3517 1941 3572 in
1987 3516 2176 3572 orbem

592 3622 882 3677 terrarum,
926 3618 982 3666 et
1018 3610 1331 3680 erogatione
1370 3606 1625 3663 frumenti
1662 3609 1746 3665 uti
1779 3594 1960 3663 omnia
1986 3608 2176 3679 subju-

594 3705 760 3775 gavit.
812 3701 923 3757 Nisi
968 3701 1167 3756 fratres
1201 3699 1401 3770 Ioseph
1446 3699 1850 3766 vendidissent,
1903 3699 2177 3756 defecerat

594 3793 863 3865 Egyptus
897 3812 910 3845 :
943 3791 1045 3846 nisi
1076 3790 1247 3847 Iudaei
1281 3789 1555 3845 Christum
1597 3789 2018 3857 crucifixissent,
2052 3806 2177 3863 per-

594 3885 739 3941 ierat
792 3883 1046 3939 mundus.
1120 3881 1321 3955 Ioseph
1384 3882 1773 3953 interpretatur
1825 3883 2175 3953 augmentatio

595 3974 711 4030 sive
740 3972 1012 4044 ampliatio
1040 3985 1060 4024 :
1083 3973 1177 4028 sed
1209 3972 1263 4026 in
1292 3970 1382 4026 illo
1407 3969 1606 4043 Ioseph
1637 3973 2040 4042 ampliationem
2068 3989 2177 4029 non

596 4064 787 4122 habuit
818 4064 923 4119 nisi
952 4062 1065 4118 sola
1093 4061 1391 4133 Egyptus;
1414 4062 1470 4115 in
1499 4071 1687 4118 nostro
1707 4077 1859 4129 vero,
1891 4065 2176 4121 universus

594 4158 851 4215 mundus.
882 4156 976 4212 Ille
1000 4156 1245 4225 erogavit
1286 4155 1562 4221 triticum;
1596 4164 1783 4213 noster
1813 4156 1906 4212 Dei
1926 4157 2172 4213 verbum.

601 4268 622 4303 c
651 4250 711 4306 ln
766 4263 984 4305 omnem
1039 4254 1242 4304 terram
1294 4246 1678 4335 exivikscnus
1718 4263 1909 4304 eorum
1965 4248 1986 4321 (
2025 4244 2175 4303 Psal.

595 4340 774 4412 xvm).
802 4358 822 4394 ο

1179 4448 1409 4509 CAPUT
1431 4448 1589 4506 XLI].

670 4604 833 4663 Vens.
867 4605 1107 4661 l-ili.-
1129 4625 1150 4659 ι
1173 4607 1415 4663 Audiens
1455 4617 1639 4664 autem
1677 4606 1846 4666 Iacob
1894 4610 2037 4680 quod
2084 4611 2181 4666 ali-

604 4716 625 4750 ¢
661 4706 841 4753 menta
868 4696 1236 4753 venderentur
1255 4698 1311 4752 in
1334 4697 1622 4770 Egypto,»
1653 4710 1759 4756 etc.
1787 4700 2005 4773 (lsm.in
2021 4699 2177 4768 Gem,

600 4796 733 4845 tom.
764 4788 856 4861 V.)
883 4787 980 4845 Est
1019 4786 1353 4844 frumentum
1397 4790 1449 4844 in
1490 4789 1725 4863 Egypto
1754 4811 1767 4845 :
1801 4792 1933 4847 dicit
1956 4802 2011 4848 et
2039 4793 2180 4851 Deus

599 4881 787 4947 Pater,
810 4879 949 4936 Osee
971 4894 1025 4933 xl
1049 4896 1063 4933 :
1094 4897 1115 4931 ι
1143 4877 1223 4934 Ex
1244 4878 1480 4951 Egypto
1499 4882 1686 4937 vocavi
1713 4880 1909 4937 Filium
1933 4898 2131 4939 meum.
2157 4905 2174 4939 ›

600 4969 945 5027 Descendunt
971 4968 1157 5025 decem
1194 4971 1593 5040 provectiores,
1636 4971 1690 5027 id
1727 4981 1809 5029 est
1845 4971 2038 5042 Iudaei,
2083 4976 2184 5032 sub

602 5061 858 5134 decalogo
888 5062 1204 5129 constituti;
1238 5078 1373 5132 quos
1403 5063 1520 5133 ipse
1562 5057 2056 5136 cognoscens,'non
2099 5075 2185 5123 est

603 5153 817 5225 agnitus
848 5153 919 5208 ab
942 5153 1061 5220 eis;
1091 5164 1494 5226 cognoscuntur
1538 5154 1745 5212 Hebraei
1779 5172 1811 5212 a
1843 5158 2083 5226 Christo,
2129 5168 2183 5214 et

603 5242 705 5312 ipsi
752 5256 858 5297 non
902 5253 1201 5314 agnoscunt
1224 5259 1378 5310 eum;
1431 5245 1692 5300 dederunt
1738 5247 1813 5302 illi
1859 5250 2176 5319 pecuniam;

603 5333 699 5390 sed
717 5330 938 5405 Ioseph,
961 5334 1019 5391 id
1043 5345 1128 5392 est
1155 5334 1422 5402 Christus,
1456 5338 1698 5393 triticum
1725 5341 1889 5409 dedit,
1918 5351 1972 5397 et
1995 5359 2181 5415 argen-

605 5433 722 5485 tum
768 5425 1041 5493 reddidit,
1083 5428 1207 5498 quia
1255 5442 1363 5482 non
1398 5429 1627 5499 pecunia
1678 5430 1875 5486 emitur
1915 5433 2182 5502 Christus,

607 5514 705 5573 sed
730 5518 927 5589 gratia.

680 5609 844 5665 Vens.
875 5609 1155 5665 l6-22.—
1182 5629 1201 5662 ι
1232 5610 1425 5665 Μίιίιῑθ
1452 5627 1520 5666 ex
1558 5613 1709 5667 vobis
1738 5630 2020 5670 unum.....
2057 5617 2188 5675 alio-

616 5718 639 5753 ι
662 5700 795 5771 quin
825 5717 925 5772 per
970 5702 1196 5777 salutem
1230 5701 1526 5758 Pharaonis
1562 5705 1932 5778 exploratores
1980 5714 2129 5768 estis.
2163 5735 2181 5769 ι

2198 3137 2245 3201 C

2253 512 2491 583 sapiens,
2518 519 2652 577 etc.,
2676 525 2838 581 usque
2863 508 2934 564 ad
2952 509 3059 566 erit
3092 508 3252 576 Deus,
3283 525 3392 566 non
3414 511 3559 565 enim
3584 512 3717 580 erit,
3747 513 3857 568 sed

2253 602 2541 659 habebitur

2292 716 2301 735 ι
2324 690 2490 748 Vens.
2521 693 2715 750 22-26.
2736 724 2806 735 —
2830 711 2849 747 ι
2880 692 3203 749 Nesciebant
3227 702 3432 762 autem,
3453 715 3473 749 ι
3501 702 3607 753 etc.
3638 696 3847 770 (Δυςη

2254 784 2409 853 ibid.)
2453 783 2591 853 Quid
2628 794 2712 841 est
2751 786 2895 857 quod
2940 801 3065 841 cum
3104 787 3250 842 inter
3293 802 3351 844 se
3382 790 3713 859 pmnitentes
3768 790 3858 847 lo-

2258 882 2553 948 querentur
2585 876 2650 931 de
2689 873 2907 947 Ioseph,
2948 883 3077 941 etc.,
3104 891 3268 946 usque
3303 878 3373 935 ad
3403 879 3544 935 sicut
3572 880 3759 952 ipsum
3791 881 3853 935 in

2257 976 2476 1022 exteras
2496 966 2802 1036 provincias
2824 966 3199 1023 vendiderant.

2329 1058 2493 1113 Vens.
2540 1056 2729 1115 27-34.
2766 1056 3133 1128 «Apertoque,
3165 1075 3184 1110 ι
3214 1064 3323 1115 etc.
3366 1056 3593 1115 Fratres
3630 1058 3852 1132 Ioseph

2261 1149 2394 1205 dant
2417 1155 2736 1219 argentum,
2782 1147 2909 1218 quia
2943 1146 3115 1203 Iudaei
3142 1149 3391 1204 conversi
3436 1149 3722 1205 dimittunt
3750 1150 3855 1206 lit-

2262 1251 2436 1297 teram
2462 1241 2828 1307 occidentem,
2863 1248 2920 1296 et
2957 1239 3230 1311 accipiunt
3262 1241 3511 1312 spiritum
3552 1241 3857 1297 viviﬁcan-

2262 1342 2374 1391 tem
2407 1352 2420 1389 :
2452 1333 2723 1404 reperitur
2763 1342 2944 1391 tamen
2983 1342 3265 1405 argentum
3290 1334 3349 1389 in
3384 1348 3481 1389 ore
3525 1348 3855 1399 saccorum,

2266 1426 2391 1499 quia
2439 1432 2662 1496 propter
2711 1422 2946 1479 fructum
2989 1422 3285 1494 spiritualis
3327 1423 3699 1494 intelligentia:
3738 1438 3857 1478 non

2267 1514 2536 1571 deseritur
2557 1515 2704 1570 nitor
2738 1514 3079 1585 eloquentia.

2341 1606 2502 1663 Vens.
2530 1606 2828 1673 35,56.-—-c
2858 1606 3070 1678 Singuli
3090 1616 3465 1678 repererunt,»
3484 1617 3593 1664 etc.
3621 1608 3859 1665 Fratres

2267 1699 2466 1771 Ioseph
2512 1700 2775 1757 dederunt
2814 1700 3095 1771 pecuniam
3144 1700 3200 1754 in
3244 1701 3517 1771 emptione
3562 1699 3854 1763 frumenti,

2194 1779 2243 1843 Β
2269 1792 2366 1848 sed
2396 1806 2520 1847 eam
2567 1799 2790 1863 accepto
2822 1791 3093 1849 frumento
3120 1802 3460 1863 receperunt,
3500 1793 3626 1862 quia
3660 1800 3860 1847 noster

2268 1882 2465 1953 Ioseph
2497 1899 2604 1939 non
2630 1884 2824 1954 quaerit
2865 1891 3071 1948 nostra,
3099 1884 3195 1939 sed
3214 1899 3335 1939 nos.
3373 1883 3556 1941 Gratis
3579 1885 3732 1939 enim
3762 1886 3859 1939 dat

2269 1991 2365 2032 sua
2416 1991 2663 2042 munera,
2719 1984 2774 2032 et
2819 1976 2875 2031 in
2922 1986 3109 2031 nostra
3154 1976 3427 2046 emptione
3480 1990 3583 2032 nos
3622 1975 3857 2030 ditiores

2270 2065 2421 2139 facit.

2341 2158 2504 2213 Vens.
2527 2157 2718 2213 57.--‹
2740 2153 2841 2211 Cui
2863 2154 3138 2224 respondit
3163 2153 3384 2217 Ruben,
3409 2174 3428 2207 ι
3464 2162 3568 2210 etc.
3598 2153 3861 2225 (ετω.)

2272 2245 2461 2301 Ruben
2490 2245 2605 2299 ait:
2643 2264 2660 2297 ι
2692 2245 2835 2299 Duos
2878 2244 3019 2299 ﬁlios
3054 2258 3203 2299 meos
3240 2242 3510 2310 interfice,
3540 2244 3587 2298 si
3628 2259 3743 2299 non
3770 2258 3863 2298 re-

2272 2337 2477 2392 duxero
2500 2335 2649 2390 illum
2684 2335 2803 2399 tibi,
2827 2354 2847 2388 ι
2873 2343 3004 2401 etc.,
3046 2349 3147 2389 nec
3175 2343 3353 2390 tamen
3382 2334 3638 2389 obtinuit.
3662 2334 3739 2388 At
3762 2332 3863 2389 Iu-

2274 2427 2370 2483 das
2399 2427 2617 2482 dicens:
2654 2445 2672 2479 (
2702 2424 2847 2480 Reus
2878 2440 2971 2481 ero
2990 2424 3198 2495 peccati
3224 2425 3277 2479 in
3300 2434 3508 2494 patrem
3532 2425 3683 2479 omni
3721 2434 3865 2480 tem-

2272 2532 2424 2589 pore,
2451 2537 2470 2571 ι
2504 2517 2835 2588 impetravit,
2858 2516 2984 2587 quia
3007 2517 3058 2573 ei
3087 2517 3408 2571 commissus
3433 2525 3519 2571 est
3547 2514 3860 2584 Beniamin.

2272 2606 2403 2665 Plus
2430 2591 2514 2663 est
2540 2623 2670 2681 ergo
2706 2622 2859 2663 reum
2882 2620 3003 2662 esse
3028 2607 3259 2677 peccati,
3293 2620 3456 2677 quam
3491 2605 3862 2679 corporaliter

2273 2700 2467 2756 occidi.
2700 2751 2723 2775 κ

2348 2791 2508 2847 Vens.
2537 2791 2728 2848 58.—¢
2752 2792 3037 2848 Deducetis
3069 2807 3235 2848 canos
3264 2808 3414 2849 meos
3433 2835 3447 2859 ,
3473 2812 3491 2845 ι
3529 2802 3635 2850 etc.
3666 2792 3863 2866 (Acc.)

2275 2881 2545 2951 Quaeritur
2566 2891 2747 2938 utrum
2782 2884 2903 2939 ideo
2940 2885 3007 2940 ad
3040 2882 3333 2950 infernum,
3362 2885 3489 2955 quia
3528 2900 3651 2939 cum
3689 2886 3866 2941 tristi-

2276 2976 2371 3041 tia,
2398 2992 2464 3030 an
2488 2977 2651 3031 etiam
2678 2978 2723 3032 si
2752 2977 2967 3033 abesset
3019 2977 3254 3045 tristitia,
3296 2989 3557 3047 tanquam
3588 2979 3657 3032 ad
3687 2970 3863 3033 infer-

2276 3085 2404 3125 num
2427 3072 2708 3128 moriendo
2727 3072 3085 3129 descensurus
3099 3074 3215 3130 haec
3233 3073 3524 3145 loquatur?
3545 3074 3620 3130 De
3644 3072 3866 3130 inferno

2275 3163 2420 3218 enim
2472 3177 2668 3235 magna
2721 3165 2949 3234 quaestio
2986 3172 3090 3231 est,
3134 3173 3191 3221 et
3233 3167 3360 3236 quid
3402 3166 3525 3222 inde
3572 3165 3863 3236 Scriptura

2276 3256 2491 3322 sentiat,
2538 3256 2850 3328 ubicunque
2890 3259 2994 3314 hoc
3039 3268 3394 3316 memoratum
3436 3258 3619 3327 fuerit,
3665 3262 3864 3317 obser-

2275 3347 2512 3403 vandum
2535 3354 2638 3403 est.

2848 3438 3076 3497 CAPUT
3104 3438 3282 3498 XLIII.

2349 3530 2513 3587 Vens.
2557 3530 2745 3587 11-22.
2774 3562 2846 3573 —-
2875 3550 2894 3584 ι
2928 3532 3197 3588 Modicum
3252 3532 3444 3590 resinae
3490 3542 3545 3590 et
3587 3534 3767 3590 mellis
3812 3542 3869 3589 et

2283 3640 2303 3677 ι
2331 3623 2581 3690 storacis,
2613 3642 2632 3674 ι
2661 3631 2767 3679 etc.
2790 3621 2971 3695 (Hine.
2997 3624 3199 3689 Quwst.
3232 3623 3418 3690 Helm,
3456 3635 3585 3679 tom.
3609 3624 3730 3698 Ill.)
3753 3622 3870 3679 Ali-

2277 3712 2407 3784 quid
2444 3713 2658 3778 resinm,
2712 3721 2768 3768 et
2797 3713 2989 3778 mellis,
3041 3722 3185 3781 etc.,
3232 3732 3396 3786 usque
3426 3716 3494 3770 ad
3522 3730 3589 3771 eo
3625 3717 3771 3786 quod
3811 3715 3868 3770 in

2278 3801 2370 3859 illo
2394 3811 2521 3858 sunt
2548 3812 2794 3860 aromata
2819 3804 3032 3859 diversa
3063 3804 3303 3861 condita.

2351 3890 2513 3949 Vens.
2546 3894 2738 3950 25-28.
2763 3924 2834 3936 —
2865 3914 2885 3947 ‹
2920 3895 3063 3951 Deus
3096 3904 3280 3951 vester
3308 3904 3364 3953 et
3390 3897 3531 3953 Deus
3563 3897 3739 3968 patris
3771 3913 3867 3954 ve-

2286 4009 2306 4044 ι
2333 3989 2433 4046 stri
2457 3987 2605 4043 dedit
2633 3985 2785 4042 vobis
2808 3987 3113 4053 thesauros,
3143 4006 3164 4040 ι
3190 3996 3295 4045 etc.
3320 3988 3502 4062 (Ama)
3524 3987 3867 4045 Mendacium

2279 4080 2511 4144 videtur,
2555 4079 2649 4134 sed
2681 4078 2882 4149 aliquid
2924 4079 3231 4151 signiﬁcare
3263 4082 3589 4139 credendum
3622 4094 3727 4141 est.
3752 4084 3861 4139 Ar-

2279 4177 2500 4243 gentum
2528 4169 2705 4235 enim,
2743 4169 2889 4240 quod
2918 4169 3077 4226 datur
3096 4178 3280 4227 etnon
3317 4173 3597 4239 minuitur,
3634 4173 3777 4245 quod
3806 4180 3863 4229 et

2277 4263 2566 4334 probatum
2606 4261 2931 4332 appellatum
2960 4270 3063 4327 est,
3104 4262 3234 4319 illud
3262 4263 3399 4321 forte
3434 4273 3519 4321 est
3544 4267 3612 4322 de
3641 4282 3751 4337 quo
3778 4266 3866 4321 di-

2280 4353 2423 4408 citur
2474 4351 2681 4422 psalmo
2724 4368 2781 4407 ιι
2807 4369 2821 4407 :
2849 4371 2868 4404 c
2897 4352 3123 4423 Eloquia
3168 4355 3378 4410 Domini
3427 4342 3637 4425 eloquia
3688 4364 3865 4421 casta,

2281 4452 2563 4515 argentum
2600 4445 2725 4515 igne
2752 4444 3142 4509 examinatum,
3179 4447 3464 4515 probatum
3508 4457 3692 4515 terrm,
3736 4463 3867 4519 pur-

2283 4547 2468 4608 gatum
2495 4537 2833 4608 septuplum,
2866 4557 2886 4590 ι
2922 4538 2976 4593 id
2999 4547 3083 4593 est
3110 4541 3397 4609 probatum
3423 4541 3681 4612 perfecte.

2354 4622 2520 4677 Vens.
2555 4624 2742 4681 29-31.
2770 4656 2842 4666 —
2879 4614 3185 4683 «Attollens
3222 4638 3404 4686 autem
3444 4628 3646 4701 Ioseph
3679 4631 3869 4688 oculos

2289 4735 2308 4768 ‹
2335 4716 2471 4771 vidit
2498 4716 2776 4788 Benjamin
2796 4761 2811 4785 ,
2844 4739 2862 4772 ι
2891 4729 2996 4776 etc.
3027 4721 3200 4795 (lsm.)
3224 4720 3345 4777 Act.
3377 4739 3432 4780 Ix
3454 4723 3682 4779 Paulum
3711 4724 3865 4794 quasi

2282 4807 2373 4863 lux
2413 4810 2790 4876 circumfulsit,
2824 4814 2915 4883 qui
2946 4814 3222 4884 parvulus,
3267 4817 3391 4885 quia
3427 4818 3664 4873 nondum
3692 4826 3868 4872 matu-

2284 4916 2401 4955 ram
2424 4900 2546 4957 fidei
2568 4911 2778 4959 natalem
2802 4906 3041 4976 gerebat.
3074 4906 3225 4963 Unde
3244 4907 3410 4964 etiam
3441 4908 3761 4964 adolescens
3790 4908 3867 4964 le-

2290 4992 2454 5062 gitur,
2479 4994 2605 5048 dum
2637 4995 2988 5066 lapidantium
3029 4996 3365 5069 Stephanum
3399 5001 3723 5056 vestimenta
3751 5014 3867 5057 ser—

2288 5081 2471 5137 vabat.
2506 5083 2677 5138 Flevit
2706 5084 2942 5156 Ioseph;
2985 5089 3202 5145 caecitas
3230 5089 3381 5146 Pauli
3406 5089 3564 5145 ﬂetus
3603 5098 3691 5146 est
3714 5090 3871 5146 Chri-

2289 5171 2396 5233 sti;
2439 5172 2570 5227 lavit
2613 5173 2806 5230 faciem
2848 5177 3117 5247 Christus,
3144 5198 3266 5237 cum
3296 5184 3605 5253 baptizatur
3648 5183 3865 5248 Paulus,

2287 5274 2385 5332 per
2410 5277 2571 5331 quem
2606 5278 2635 5317 a
2664 5263 2908 5333 plurimis
2936 5269 3200 5327 videndus
3226 5280 3309 5326 est
3328 5272 3598 5329 Christus.

2361 5353 2544 5426 (Auc.)
2594 5355 2831 5414 Affectus
2879 5360 3006 5416 boni
3052 5363 3219 5417 animi
3254 5378 3465 5434 semper
3491 5364 3750 5436 proclivis
3787 5376 3868 5422 est

2284 5442 2352 5497 ad
2398 5445 2675 5515 pietatem.
2719 5448 2872 5505 Unde
2924 5451 2980 5504 in
3026 5450 3225 5522 Ioseph
3267 5455 3527 5511 virtutum
3577 5472 3867 5529 possumus

2284 5533 2633 5591 considerare
2670 5539 2900 5607 copiam.
2933 5541 3128 5599 Castus
3164 5554 3302 5610 erat,
3344 5563 3467 5602 cum
3510 5550 3719 5618 sprevit
3762 5552 3866 5606 im-

2283 5627 2599 5696 pudicitiam
2637 5629 2898 5697 dominte;
2945 5635 3183 5703 sapiens,
3207 5652 3329 5691 cum
3364 5638 3607 5707 diligenti
3636 5640 3865 5697 investi-

2285 5721 2500 5791 galione
2528 5720 2756 5779 fratrum
2805 5728 3015 5783 animos
3057 5732 3403 5801 explorabat,
3438 5736 3674 5807 qualiter
3704 5738 3867 5795 senti-
