4074 6334
219 325 334 404 νδ

1255 327 1522 385 GLOSSA
1561 324 1958 383 ORDINARIA.
1994 356 2065 368 —
2099 326 2228 382 LIB.
2270 326 2428 384 GEN.

3366 331 3471 394 I'ﬂ

123 434 134 440 “
218 451 351 500 rent
389 440 458 498 de
501 440 670 498 fratre
712 455 812 496 suo
847 440 1089 506 uterino;
1125 410 1304 512 justus
1337 448 1455 496 erat
1501 441 1554 495 in
1587 438 1798 494 adhihi-
1828 439 1880 500 Α
1905 437 2045 492 brem
2087 439 2349 506 vertitur,
2393 439 2485 518 ubi
2531 448 2586 495 et
2613 440 2668 496 in
2721 440 2991 513 plerisque
3037 441 3259 501 Gessem
3309 461 3469 520 repe-

217 534 376 592 tione
413 532 713 603 disciplinze
754 531 1223 603 delinquentibus;
1271 532 1423 604 pius,
1474 531 1528 586 in
1571 545 1797 587 conver-

217 628 382 700 sione
405 625 809 697 penitentiam.

295 718 464 774 Vens.
495 716 590 782 52,
619 715 832 774 33.—¢
853 714 1060 786 Quibus
1107 715 1394 786 appositis,
1428 735 1448 770 ι
1497 723 1602 772 etc.
1641 714 1802 770 Scor-

217 822 349 864 sum
404 807 638 879 appositi
683 816 808 863 sunt
859 807 965 863 cibi
1013 806 1211 878 Ioseph
1256 808 1410 879 quasi
1461 808 1698 872 advenae,
1747 815 1803 862 et

217 915 472 974 seorsum
501 899 782 966 fratribus,
826 891 978 971 quasi
1007 901 1213 955 exteris
1243 901 1459 955 natione
1491 919 1503 954 :
1533 899 1801 970 Egyptiis

215 1004 440 1061 quoque
469 1004 734 1054 seorsum,
767 990 920 1058 quasi
944 989 1232 1060 indigenis,
1263 990 1353 1059 qui
1384 989 1646 1059 putabant
1677 1004 1801 1060 pro-

218 1081 411 1136 fanum
447 1094 567 1136 esse
591 1095 714 1136 cum
749 1080 1050 1151 peregrinis
1086 1081 1413 1135 convivium.

295 1174 462 1228 Vens.
495 1170 673 1225 54.—
692 1191 709 1222 ι
730 1170 1098 1241 Biberuntque
1127 1181 1178 1226 et
1201 1170 1450 1226 inebriati
1479 1179 1618 1234 sunt,
1652 1189 1670 1222 ι
1692 1177 1796 1224 etc.

218 1262 410 1336 (Αυς.)
443 1261 632 1317 Solent
652 1263 851 1322 ebriosi
882 1263 984 1316 hoc
1011 1263 1372 1316 testimonium
1406 1261 1662 1316 adhibere
1699 1259 1800 1314 sibi

217 1355 280 1414 in
321 1351 683 1426 patrocinium
732 1362 952 1423 propter
991 1352 1222 1422 Ioseph,
1263 1353 1355 1422 qui
1397 1352 1550 1407 valde
1589 1351 1802 1421 sapiens

221 1445 654 1504 commendatur.
685 1442 790 1500 Sed
817 1446 920 1499 hoc
948 1445 1168 1499 verbum
1199 1459 1298 1514 pro
1327 1443 1608 1499 saturitate
1643 1442 1800 1514 poni-

222 1545 315 1594 tur
339 1541 392 1592 in
424 1536 740 1606 Scripturis,
781 1535 921 1590 unde
949 1536 1154 1606 psalmo
1179 1551 1338 1590 an:
1369 1554 1389 1586 ο
1425 1534 1664 1589 Visitasti
1688 1543 1797 1587 ter—

218 1644 343 1685 ram
369 1636 425 1683 et
448 1627 730 1682 inebriasti
759 1642 900 1693 eam,
928 1647 946 1679 ι
982 1627 1106 1698 quia
1135 1627 1189 1680 in
1218 1626 1372 1680 laude
1410 1624 1802 1681 benedictionis

219 1721 332 1780 hoc
353 1721 591 1792 positum
619 1729 721 1784 est,
753 1731 810 1776 et
837 1719 1035 1776 donum
1063 1721 1155 1774 Dei
1183 1727 1668 1782 commemoratur;
1702 1734 1797 1788 ap-

1904 532 2058 585 ritur.

1973 623 2137 679 Vens.
2190 624 2586 679 lﬁ-2l.-—¢Et
2637 626 2856 696 gavisus
2910 637 2994 682 est
3041 627 3317 697 Pharao,»
3361 641 3467 686 etc.

1901 712 2028 768 Hzec
2072 715 2236 768 verba
2281 714 2580 770 Pharaonis
2625 730 2743 785 quae
2775 717 2840 772 ad
2871 716 3068 789 Ioseph
3116 721 3181 776 de
3214 718 3382 776 Jacob
3417 731 3473 778 et

1900 803 2030 860 ﬁliis
2053 803 2169 875 ejus
2196 805 2406 861 locutus
2436 815 2537 873 est,
2577 807 2882 878 signiﬁcant
2909 810 3104 880 gaudia
3133 810 3351 882 gentilis
3379 828 3473 883 po-

1899 898 2010 968 puli
2041 897 2108 953 de
2139 899 2491 953 conversione
2529 897 2854 956 Judzeorum.
2899 902 3088 974 Magna
3123 905 3267 959 enim
3308 905 3473 960 devo-

1901 990 1978 1044 tio
2012 998 2094 1044 est
2129 990 2382 1046 Ecclesiae
2417 991 2654 1060 gentium
2696 993 2838 1062 quod
2884 992 3210 1050 Israeliticus
3247 996 3475 1066 populus

1902 1081 1970 1136 ad
2009 1081 2168 1136 ﬁdem
2216 1084 2416 1145 veniat,
2464 1082 2690 1151 quibus,
2744 1085 2786 1138 si
2835 1094 3221 1140 convertantur
3255 1094 3310 1140 et
3350 1085 3474 1141 ﬁdei

1903 1172 2196 1244 participes
2252 1173 2600 1236 exstiterint,
2662 1175 2928 1244 promittit
2981 1176 3288 1246 spirituales
3343 1192 3475 1246 opes

1901 1265 2184 1330 virtutum,
2211 1274 2262 1320 et
2288 1267 2518 1335 gratiam
2542 1265 2777 1335 Spiritus
2801 1269 2991 1332 sancti,
3024 1284 3186 1338 quam
3209 1269 3301 1339 qui
3329 1271 3475 1326 acci-

1901 1355 2000 1424 pit,
2040 1351 2332 1426 indigentia
2365 1357 2490 1412 boni
2528 1372 2632 1410 non
2672 1357 2954 1412 laborabit.

1973 1447 2134 1502 Vens.
2167 1448 2354 1503 22-28.
2379 1479 2448 1488 ——
2479 1467 2496 1495 ε
2524 1448 2801 1518 Benjamin
2825 1466 2954 1504 vero
2976 1451 3138 1514 dedit,
3164 1471 3181 1502 ι
3212 1459 3317 1507 etc.
3346 1452 3478 1508 Tre-

1903 1539 2045 1594 centi
2074 1539 2310 1608 argentei
2340 1540 2537 1592 dantur
2567 1537 2865 1606 Bcnjamin,
2912 1555 3046 1608 quos
3069 1556 3098 1594 a
3130 1540 3348 1597 Christo
3388 1557 3478 1599 ac-

1903 1630 2046 1702 cepit
2099 1630 2190 1700 qui
2219 1630 2476 1700 prtedicat
2507 1628 2848 1694 Trinitatem,
2879 1631 2963 1683 vel
3004 1632 3202 1686 Christi
3237 1648 3474 1708 crucem.

1908 1720 2062 1778 Unde
2089 1720 2285 1775 Paulus
2313 1720 2388 1774 ait
2415 1720 2434 1773 I
2459 1720 2524 1773 ad
2554 1718 2798 1774 Corinth.
2826 1735 2864 1774 ιι
2901 1738 2913 1773 :
2948 1738 2966 1770 ί
2997 1720 3364 1792 Nonjudicavi
3393 1738 3479 1779 me

221 1787 384 1884 parcit
409 1813 549 1868 hanc
577 1813 894 1868 ebrietatem
932 1813 1272 1867 saturitatem
1301 1811 1608 1882 signiﬁcare
1637 1829 1649 1864 :
1677 1787 1799 1864 nam
1833 1787 1881 1850 Β
1905 1811 2108 1882 aliquid
2162 1812 2303 1865 scire
2356 1813 2500 1866 inter
2529 1826 2643 1875 vos,
2698 1811 2799 1866 nisi
2853 1787 3144 1868 Christumv
3175 1813 3381 1881 Jesum,
3424 1822 3480 1870 et

221 1903 300 1960 ita
331 1905 589 1960 inebriari
629 1915 688 1960 ut
729 1906 1064 1960 inebriantur
1103 1904 1322 1969 ebriosi,
1370 1919 1470 1958 nec
1506 1903 1606 1974 ipsi
1648 1912 1805 1958 terra:

222 1997 364 2052 utile
407 2006 521 2062 est;
567 1997 822 2066 quoniam
869 1995 1070 2065 majore
1120 1996 1347 2051 humore
1388 2010 1548 2064 quam
1592 1992 1802 2059 sullicit,

219 2088 626 2158 corrumpitur;
669 2087 811 2144 sicut
836 2089 945 2142 vita
987 2086 1222 2151 ebriosi,
1261 2085 1355 2156 qui
1402 2099 1509 2141 non
1557 2085 1807 2142 satietate

223 2181 288 2238 se
330 2180 521 2252 replet,
561 2180 656 2236 sed
679 2180 876 2252 mergit
907 2178 1131 2234 diluvio.

831 2313 983 2370 CAP.
1028 2313 1209 2374 XLIV.

303 2449 472 2506 Vens.
494 2448 646 2504 5-14.
669 2478 740 2488 —
770 2466 789 2500 ‹
811 2447 1057 2518 Scyphus
1085 2461 1244 2515 quem
1270 2444 1433 2500 furati
1463 2444 1615 2510 estis,
1652 2464 1670 2496 ι
1702 2453 1804 2497 etc.

227 2541 410 2616 (1510.)
456 2540 596 2608 Quid
621 2541 725 2596 sibi
752 2539 869 2595 vult
896 2539 1038 2610 quod
1076 2538 1325 2592 inventus
1352 2545 1435 2591 est
1465 2537 1700 2608 scyphus
1720 2531 1810 2587 .lo-

227 2635 364 2704 seph
404 2634 458 2689 in
502 2633 718 2688 sacculo
750 2631 1048 2702 Benjamin,
1089 2629 1192 2684 nisi
1219 2629 1344 2700 quia
1375 2628 1429 2681 in
1457 2627 1618 2681 corde
1658 2624 1808 2678 Pauli

230 2725 480 2781 caelestis
527 2722 788 2779 doctrinae
822 2723 933 2793 jam
959 2717 1303 2793 praefulgebat
1329 2718 1600 2788 eloquium
1620 2758 1633 2782 ,
1679 2717 1806 2784 dum

227 2825 376 2872 esset
400 2815 646 2871 eruditus
675 2815 731 2869 in
774 2813 924 2884 lege?
949 2813 1053 2868 Sed
1089 2813 1214 2884 quia
1243 2811 1513 2880 subjectus
1560 2826 1662 2864 non
1695 2816 1810 2864 erat

225 2906 368 2973 Deo,
403 2907 544 2962 intra
581 2921 803 2962 saccum
833 2915 950 2962 erat
994 2906 1246 2977 scyphus,
1281 2903 1525 2958 doctrina
1563 2903 1704 2956 intra
1737 2901 1810 2956 lc-

225 3011 376 3070 gem,
408 2996 627 3052 lucerna
656 2996 796 3050 intra
829 2995 1088 3050 modium.
1133 2993 1326 3048 Missus
1360 3002 1540 3047 tamen
1572 2991 1811 3047 Ananias

226 3073 454 3150 inanem
501 3087 775 3158 imposuit,
831 3086 1162 3156 marsupium
1213 3085 1394 3152 solvit,
1439 3093 1494 3138 et
1525 3093 1806 3155 argentum

227 3181 586 3250 respleuduit,
614 3189 668 3237 et
689 3180 1060 3236 decidentibus
1087 3179 1349 3250 squamis,
1379 3179 1532 3250 quasi
1556 3177 1804 3242 vinculis,

227 3274 412 3330 soluto
439 3289 616 3337 sacco,
647 3273 700 3328 id
726 3284 809 3328 est
833 3272 1078 3344 deposito
1101 3272 1234 3341 legis
1262 3271 1548 3336 velamine,
1583 3270 1810 3340 adeptus

226 3374 312 3420 est
342 3365 530 3437 gratiae
587 3365 914 3430 libertatem,
971 3375 1024 3420 et
1071 3363 1305 3418 revelata
1354 3361 1489 3418 facie
1544 3361 1810 3418 sermonis

225 3457 584 3526 Evangelium
614 3457 892 3528 przedicat.

302 3552 468 3608 Vens.
505 3552 591 3607 15.
621 3582 692 3591 -
727 3570 746 3602 ι
788 3551 868 3606 An
902 3552 1159 3622 ignoratis
1197 3554 1339 3622 quod
1372 3570 1479 3608 non
1517 3552 1586 3606 sit
1620 3549 1812 3605 similis

235 3663 256 3696 ι
289 3644 398 3698 mei
427 3644 480 3698 in
520 3643 815 3713 augurandi
845 3645 1104 3699 scientia?
1135 3665 1152 3696 ι
1177 3644 1330 3715 (Ave.
1360 3645 1626 3710 Quu’stin
1654 3642 1810 3706 Cen.,

230 3739 369 3786 tom.
421 3731 529 3803 Ill.)
561 3731 697 3799 Quid
731 3733 835 3786 hoc
869 3733 970 3787 sibi
996 3732 1124 3787 velit
1169 3734 1338 3802 quani
1372 3734 1526 3787 solet.
1557 3734 1637 3787 An
1683 3733 1811 3801 quia

231 3839 345 3878 non
376 3825 520 3878 serio
549 3824 642 3879 sed
651 3823 775 3892 joco
799 3825 1002 3880 dictum
1023 3833 1124 3892 est,
1151 3835 1282 3892 etc.,
1313 3843 1474 3897 usque
1500 3826 1567 3879 ad
1598 3827 1812 3896 cognito

231 3913 425 3978 fratre,
461 3929 622 3984 quem
648 3929 679 3967 a
709 3929 769 3970 se
796 3916 1067 3985 perditum
1099 3917 1503 3972 existimabant.

311 4004 473 4058 Vens.
508 4003 690 4059 {6-54.
713 4034 785 4044 —
817 4024 836 4056 ‹
866 4004 961 4060 Cui
993 4004 1179 4071 Judas,
1201 4026 1221 4058 ι
1254 4015 1359 4062 etc.
1386 4007 1567 4077 (AUG.,
1592 4006 1681 4060 ubi
1719 4023 1812 4060 su-

230 4094 379 4168 pra.)
429 4094 596 4149 Multa
653 4097 706 4150 in
752 4097 1062 4151 narratione
1107 4095 1258 4153 Iuda;
1298 4095 1455 4152 aliter
1501 4097 1642 4152 dicta
1691 4106 1818 4153 sunt

233 4204 402 4259 quam
433 4203 555 4243 cum
583 4188 690 4244 illis
735 4199 921 4258 egerat
965 4189 1184 4260 Ioseph,
1227 4199 1357 4256 etc.,
1402 4207 1562 4261 usque
1603 4190 1672 4243 ad
1721 4191 1814 4245 sed

233 4280 331 4350 qui
357 4287 585 4334 noverat
619 4295 740 4334 eum
781 4281 940 4344 scire,
974 4289 1032 4334 ut
1066 4295 1188 4335 eum
1227 4279 1468 4336 ﬂecteret
1491 4281 1559 4334 ad
1605 4279 1817 4334 miseri-

235 4370 488 4426 cordiam
513 4371 808 4426 narrationi
838 4363 1126 4427 inserebat.

821 4501 1047 4558 CAPUT
1087 4501 1245 4558 XLV.

316 4637 483 4695 Vens.
515 4639 745 4695 7-9.—t
768 4638 912 4695 Misit
937 4655 1022 4694 me
1045 4640 1208 4707 Deus,
1233 4659 1250 4691 ι
1285 4651 1389 4694 etc.
1423 4639 1582 4711 (Auc.
1616 4639 1815 4706 Quam.

239 4734 301 4788 in
327 4731 488 4798 Gem,
518 4741 650 4788 tom.
671 4731 782 4803 Ill.)
805 4727 944 4801 Quid
968 4743 1052 4788 est
1075 4735 1216 4804 quod
1234 4734 1388 4804 juxta
1414 4733 1517 4787 alia
1546 4733 1818 4802 exempla-

243 4825 330 4880 ria
355 4825 430 4878 ita
455 4823 653 4896 legitur
683 4837 698 4877 :
728 4842 747 4874 ι
777 4823 924 4878 Misit
961 4824 1104 4878 enim
1137 4839 1220 4878 me
1261 4824 1403 4878 Deus
1432 4831 1557 4878 ante
1585 4838 1702 4886 vos,
1735 4838 1818 4876 re-

243 4928 474 4970 manere
503 4913 760 4984 reliquias
788 4923 1000 4969 vestras
1031 4928 1197 4984 super
1225 4922 1458 4980 terram,
1491 4923 1547 4969 et
1578 4912 1823 4969 enutrirc

245 5018 434 5061 semen
457 5003 806 5074 reliquiarum
827 5011 1129 5060 vestrarum
1162 5020 1416 5076 magnum
1432 5005 1455 5058 ?
1474 5024 1493 5057 ι
1537 5002 1653 5059 Hoc
1677 5004 1824 5058 enim

247 5111 359 5153 non
387 5110 770 5166 usquequaque
807 5105 1100 5163 consonat,
1130 5106 1238 5154 etc.
1260 5137 1278 5164 ,
1325 5113 1487 5170 usque
1511 5096 1580 5152 ad
1611 5116 1630 5149 ι
1652 5104 1708 5152 et
1746 5097 1826 5154 sic

248 5186 429 5242 omnis
448 5185 612 5240 lsrael
641 5185 823 5242 salvus
849 5187 1023 5243 ﬁeret.
1049 5207 1068 5239 ι

325 5277 492 5334 Vens.
519 5277 703 5334 10-15.
728 5309 799 5320 -
821 5298 840 5332 ι
874 5278 1154 5336 Habitabis
1181 5281 1236 5336 in
1257 5291 1403 5338 terra
1424 5280 1649 5348 Gessen,
1681 5301 1698 5336 ι
1719 5293 1824 5339 etc.

251 5375 534 5450 (Ηιικοκ.)
573 5376 630 5432 ln
675 5376 900 5432 Hebraeo
939 5377 1171 5433 habetur
1217 5375 1389 5432 Gosen
1427 5376 1636 5449 (m).
1673 5377 1828 5434 Unde

250 5482 411 5526 error
460 5470 690 5525 increvit
737 5469 882 5540 quod
926 5478 1071 5524 terra
1122 5469 1324 5526 Gessen
1373 5471 1426 5524 in
1479 5471 1679 5526 Arabia
1733 5473 1822 5528 sit.

249 5557 449 5620 Porro.
481 5561 620 5614 sicut
649 5561 700 5614 in
727 5561 927 5615 nostris
953 5561 1228 5617 codicibus
1259 5571 1362 5625 est,
1393 5578 1488 5631 per
1525 5573 1826 5618 extremum

252 5666 310 5705 II
341 5651 599 5706 scribitur
634 5651 877 5716 Cessent,
933 5653 1074 5719 quod
1106 5652 1236 5705 mibi
1281 5668 1616 5722 nequaquam
1653 5654 1828 5723 placet

255 5752 463 5797 terram
501 5745 806 5814 signiﬁcare
835 5745 1182 5813 complutam.
1217 5744 1440 5799 Gesscm
1463 5747 1606 5799 enim
1641 5747 1690 5798 in
1722 5748 1824 5799 im-

1847 4504 1903 4565 D

1905 1899 2050 1955 hunc
2097 1901 2432 1955 cruciﬁxum.
2465 1919 2482 1951 ι
2536 1900 2784 1970 Quinque
2829 1903 2994 1957 stolas
3033 1903 3261 1973 accepit,
3303 1905 3356 1959 id
3396 1913 3482 1960 est

1908 1989 2226 2059 sapientiam
2254 1991 2494 2044 omnium
2530 2005 2803 2046 sensuum.
2839 1992 3104 2049 Praeccllit
3130 2010 3257 2064 ergo
3279 1994 3480 2050 Paulus

1907 2080 2233 2136 abundantia
2287 2081 2642 2137 meritorum:
2681 2067 2792 2138 sedi
2818 2093 2874 2140 et
2910 2083 3126 2153 fratres,
3171 2086 3224 2142 id
3269 2094 3351 2142 est
3388 2085 3480 2140 alii

1905 2173 2306 2248 prmdicatores,
2358 2176 2558 2230 habent
2604 2176 2832 2246 gratiam
2873 2192 3049 2242 suam,
3097 2179 3147 2232 id
3196 2188 3278 2234 est
3320 2178 3476 2232 binas

1907 2253 2097 2330 stolas,
2124 2273 2184 2319 ut
2207 2265 2566 2320 conﬁteantur
2594 2267 2868 2321 Christum
2903 2269 3068 2322 Deum
3097 2278 3150 2324 et
3178 2271 3472 2329 hominem.

1909 2355 2062 2412 Unde
2103 2354 2262 2410 Prov.
2315 2372 2443 2410 xxxr
2477 2375 2488 2410 :
2530 2375 2547 2408 ‹
2583 2356 2782 2412 Omnes
2825 2358 3104 2414 domestici
3143 2360 3258 2428 ejus
3303 2367 3481 2421 vestiti

1907 2445 2230 2516 duplicibus,
2261 2467 2280 2500 ι
2313 2449 2366 2504 id
2393 2457 2477 2504 est
2518 2449 2746 2519 mystica
2781 2458 2837 2504 et
2878 2452 3066 2506 morali
3109 2452 3477 2527 intelligentia.

1909 2539 2194 2596 Mittuntur
2241 2549 2293 2594 et
2335 2541 2474 2611 patri
2515 2557 2772 2602 munera.
2825 2550 2878 2598 et
2908 2541 3157 2599 Christus
3200 2549 3483 2617 promissis

1908 2633 2223 2686 muneribus
2268 2632 2458 2686 invitat.
2494 2633 2746 2702 populum
2785 2649 2958 2688 suum.
3003 2621 3220 2691 Munera
3264 2650 3486 2708 portant

1909 2721 2069 2785 asini,
2101 2721 2152 2775 id
2177 2730 2258 2776 est
2280 2723 2524 2792 gentiles,
2561 2723 2777 2778 inutiles
2808 2732 2861 2778 et
2885 2724 3140 2780 laboriosi
3172 2745 3183 2781 :
3219 2745 3363 2785 nunc
3385 2748 3484 2786 au-

1908 2820 2016 2866 tem
2045 2819 2261 2880 portant
2290 2812 2448 2866 utiles
2477 2812 2526 2866 in
2573 2823 2699 2883 typo
2722 2813 2922 2868 Christi
2958 2831 3205 2883 munera,
3238 2821 3290 2874 in
3317 2821 3490 2878 Evan-

1903 2901 2046 2976 gelio
2075 2918 2356 2957 munerum
2389 2903 2661 2974 largitore.

1983 2992 2152 3064 (lsm.)
2186 2992 2412 3066 Expavit
2439 2993 2624 3061 Jacob,
2659 2997 2708 3050 id
2733 3008 2814 3052 est
2841 2998 2992 3068 plebs
3038 3001 3315 3059 incredula
3348 3025 3359 3059 :
3393 3009 3488 3063 sed

1907 3092 2196 3156 postquam
2237 3095 2387 3156 gesta
2433 3086 2632 3166 Christi
2681 3091 2970 3160 cognovit,
3025 3093 3219 3148 revixit
3268 3097 3490 3166 spiritus

1913 3175 2050 3244 ejus,
2082 3184 2135 3229 et
2173 3176 2264 3245 qui
2293 3186 2538 3233 mortuus
2582 3178 2886 3247 videbatur,
2933 3183 3036 3238 ﬁde
3075 3191 3490 3248 resurrectionis

1913 3265 2118 3322 Christi
2147 3267 2467 3323 viviﬁcatur.
2499 3271 2734 3325 Vocatur
2765 3288 2894 3344 ergo
2925 3291 2951 3327 a
2983 3275 3108 3330 ﬁliis
3136 3279 3268 3344 suis,
3303 3281 3354 3335 id
3385 3293 3486 3348 est,

1910 3373 1942 3414 a
1975 3359 2161 3425 Petro,
2209 3358 2376 3415 Paulo
2421 3371 2476 3416 et
2520 3362 2746 3428 Joanne,
2799 3367 3027 3435 populus
3070 3367 3376 3428 Iudaeorum
3423 3378 3491 3431 ad

1911 3450 2162 3526 gratiam.
2205 3450 2455 3507 Occurrit
2483 3453 2556 3507 illi
2595 3454 2792 3520 Judas,
2827 3460 2918 3526 qui
2951 3460 3338 3530 interpretatur
3365 3483 3490 3522 ron-

1915 3540 2090 3610 fessio,
2127 3543 2252 3611 quia
2286 3545 2541 3614 praecedit
2594 3545 2863 3601 confessio
2904 3563 3039 3617 quos
3098 3563 3222 3607 ante
3267 3554 3490 3622 perﬁdia

1911 3633 2223 3704 possidebat
2253 3654 2266 3688 ;
2293 3644 2346 3687 et
2377 3635 2453 3690 sic
2479 3633 2698 3705 Ioseph,
2731 3636 2783 3692 id
2818 3649 2901 3693 est
2926 3640 3194 3707 Christus,
3231 3647 3487 3711 occurrit,

1913 3727 2005 3796 qui
2038 3742 2220 3781 senem
2236 3727 2350 3797 jam
2372 3737 2528 3784 aztate
2551 3730 2809 3800 suscipiat
2841 3732 3028 3787 ultimo
3055 3744 3293 3805 tempore
3324 3754 3493 3809 popu-

1913 3819 2027 3875 lum
2063 3819 2395 3888 Judzeorum,
2439 3838 2546 3876 non
2575 3825 2868 3879 secundum
2910 3829 3121 3895 merita,
3167 3831 3259 3886 sed
3303 3847 3495 3888 secun-

1917 3911 2043 3966 dum
2089 3911 2406 3967 electionem
2456 3913 2661 3983 gratiae,
2702 3923 2757 3968 et
2799 3915 3039 3987 imponat
3076 3936 3292 3976 manum
3330 3938 3495 3994 super

1917 4003 2102 4060 oculos
2131 4003 2280 4074 ejus,
2313 4012 2367 4060 et
2393 4005 2690 4060 cazcitatem
2725 4007 2966 4078 auferat;
2997 4015 3138 4082 quod
3173 4014 3400 4083 distulit,
3433 4026 3494 4073 ut

1917 4105 2224 4169 postremus
2269 4097 2534 4168 crederet,
2567 4100 2656 4168 qui
2698 4109 2823 4155 ante
2853 4118 2957 4156 non
2986 4105 3194 4173 putavit
3233 4122 3352 4162 csse
3377 4121 3494 4164 cre-

1920 4189 2174 4244 dendum.
2204 4189 2355 4244 Unde
2385 4191 2452 4244 ad
2475 4189 2746 4246 Romanos
2773 4193 3057 4248 undecimo
3078 4196 3253 4266 capite
3279 4214 3334 4252 :c
3357 4198 3492 4264 Quia

1920 4282 2138 4337 caecitas
2167 4298 2232 4335 cx
2259 4291 2412 4352 parte
2443 4282 2494 4336 in
2521 4281 2682 4336 Israel
2713 4281 2854 4336 facta
2887 4293 2988 4346 est,
3022 4287 3190 4340 donec
3220 4288 3494 4356 plenitudo

1921 4375 2163 4446 gentium
2191 4375 2440 4440 intraret,
2471 4384 2522 4428 et
2553 4375 2632 4428 sic
2660 4376 2834 4428 omnis
2861 4375 3023 4430 Israel
3057 4378 3236 4434 salvus
3267 4381 3436 4436 ﬁeret.
3471 4402 3488 4433 ι

2495 4505 2723 4560 CAPUT
2756 4505 2932 4560 XLVI.

1998 4639 2161 4694 Vens.
2189 4638 2277 4692 26.
2300 4669 2370 4679 —
2403 4656 2420 4688 ι
2455 4638 2674 4693 Cunctae
2711 4639 2904 4694 anitme
2930 4655 3048 4709 quae
3084 4641 3337 4712 ingressa:
3371 4656 3498 4700 sunt

1931 4752 1950 4785 ι
1990 4747 2112 4787 cum
2150 4729 2317 4784 Jacob
2344 4730 2397 4783 in
2426 4727 2742 4798 Egyptum,
2778 4748 2796 4780 ι
2829 4739 2933 4784 etc.
2984 4731 3166 4806 (Auc.)
3198 4731 3498 4790 Videndum

1924 4831 2009 4878 est
2037 4823 2166 4891 quid
2213 4821 2596 4890 respondeatur
2633 4821 2712 4874 eis
2741 4821 2831 4890 qui
2870 4821 2972 4877 hoc
3018 4826 3325 4881 testimonio
3375 4844 3502 4882 con-

1929 4914 2147 4970 ﬁrmant
2175 4928 2206 4966 a
2229 4911 2544 4980 parentibus
2577 4912 2784 4966 animas
2812 4928 2932 4967 cum
2963 4917 3277 4985 corporibus
3306 4935 3501 4990 propa-

1932 5005 2092 5078 gari:
2134 5004 2342 5058 animas
2387 5003 2531 5056 enim
2573 5003 2744 5058 dictas
2770 5019 2870 5073 pro
2915 5006 3243 5071 hominibus,
3292 5026 3321 5063 a
3348 5021 3503 5080 parte

1935 5101 2105 5149 totum
2131 5093 2359 5164 ﬁgurata
2399 5091 2689 5158 locutione,
2729 5093 2909 5147 nullus
2936 5093 3174 5166 ambigit.
3216 5095 3320 5153 Sed
3371 5116 3504 5169 quo-

1935 5186 2096 5242 modo
2135 5186 2306 5254 ipsam
2337 5194 2564 5255 partem,
2611 5183 2662 5237 id
2691 5190 2774 5238 est
2822 5184 3056 5238 animam
3104 5187 3255 5257 cujus
3285 5192 3504 5249 nomine

1937 5285 2078 5332 totus
2126 5277 2286 5331 homo
2313 5275 2644 5346 signiﬁcatus
2680 5285 2780 5340 est,
2810 5275 3110 5332 alienamus
3157 5279 3223 5333 ab
3251 5295 3316 5334 co
3360 5284 3501 5352 quod

1937 5370 2138 5426 dictum
2168 5378 2270 5432 est,
2314 5386 2332 5417 ι
2367 5369 2616 5424 exierunt
2662 5367 2727 5420 de
2753 5364 3049 5422 femoribus
3078 5367 3214 5438 ejus,
3249 5391 3265 5423 ι
3303 5382 3362 5427 ιιι
3387 5388 3506 5427 car-

1936 5477 2032 5516 nes
2058 5476 2122 5515 cx
2144 5460 2233 5514 illo
2254 5468 2458 5516 tantum
2475 5467 2627 5514 natas
2651 5459 2915 5529 (quamvis
2943 5459 3069 5528 sola:
3109 5463 3301 5518 anima:
3341 5464 3506 5519 nomi-

1935 5552 2149 5624 nentur)
2173 5552 2522 5621 accipiamus,
2551 5549 2825 5620 quwrcndi
2856 5559 2980 5603 sunt
3003 5553 3146 5605 modi
3173 5553 3502 5612 locutionum

1935 5645 1986 5698 in
2019 5644 2328 5713 Scripturis.

2008 5743 2167 5796 Vens.
2201 5743 2410 5794 '21—:
2445 5741 2559 5794 l’ilii
2589 5747 2764 5792 autem
2813 5737 3042 5807 Ioseph.
3085 5758 3099 5788 ι
3127 5749 3230 5791 etc.
3258 5739 3503 5810 ("leuem
