4074 6334
616 368 722 426 1-75

1111 367 1505 424 WALAFBIDI
1545 365 1791 423 STRABI
1831 368 2034 427 FULD.
2077 369 2244 426 MON.
2286 371 2436 429 OPP.
2480 371 2659 428 PARS
2697 371 2736 426 1.
2777 403 2847 414 -
2884 370 3338 429 THEOLOGICA.

3755 374 3867 431 176

617 483 814 548 ραωεε.
867 477 1052 544 Hebr.,
1108 489 1239 534 tom.
1276 479 1360 534 111.
1386 479 1405 550 )
1455 479 1655 535 Omnes
1729 479 1923 534 animze
1995 481 2186 535 domus
2211 485 2262 544 Α
2290 492 2432 548 tuus,
2460 484 2551 553 qui
2579 485 2736 539 eduxi
2765 493 2817 541 te
2852 484 2916 540 de
2942 484 3191 556 .‘Egypto,
3235 485 3304 542 de
3324 487 3484 543 domo
3508 488 3812 545 servitutis.
3839 512 3858 543 ι

611 575 801 642 Iacob,
829 583 960 639 etc.,
984 591 1144 645 usque
1181 575 1250 629 ad
1271 575 1396 630 licet
1419 576 1660 646 plerique
1707 578 1924 632 tradant
1962 576 2180 645 Lucam,

621 676 677 722 at
705 667 1060 739 proselytum,
1093 665 1346 721 Hebr-ams
1373 667 1579 722 litteras
1605 669 1900 738 ignorasse.

686 757 849 812 Vens.
870 757 1054 812 28-31.
1075 788 1143 796 —
1160 775 1179 809 ς
1211 757 1545 812 Misitautem
1565 757 1778 822 Judam,
1805 778 1821 810 ι
1847 766 1950 814 etc.
1981 757 2183 829 (11mm,

622 849 770 920 .bid.)
797 847 989 904 Judam
1002 864 1132 904 vero
1153 849 1432 905 misitante
1457 865 1514 905 se
1542 851 1609 905 ad
1627 849 1850 920 Joseph,
1875 860 2001 912 etc.,
2023 867 2187 922 usque

621 941 688 994 ad
717 956 914 1011 pagum
945 941 1282 1012 Arsenoyten
1323 941 1403 996 sic
1437 941 1566 996 olim
1593 951 1841 997 vocatum
1883 951 2185 998 autumant.

685 1029 851 1087 Vens.
876 1032 1054 1088 52-34.
1080 1063 1152 1072 —
1206 1049 1224 1084 ‹
1255 1032 1322 1086 Et
1360 1042 1485 1087 sunt
1528 1033 1628 1087 viri
1685 1043 1928 1104 pastores
1953 1075 1968 1098 ,
2005 1053 2023 1084 ι
2080 1042 2184 1088 etc.

623 1121 772 1193 ζΑυο.
803 1121 867 1188 ρ.
891 1123 946 1176 in
969 1119 1123 1188 Gen.,
1150 1131 1278 1177 tom.
1305 1121 1414 1192 111.)
1438 1122 1856 1178 Commendatur
1881 1123 1933 1176 in
1957 1123 2188 1192 patriar-

623 1212 733 1266 :bis
761 1251 776 1277 ,
817 1212 960 1282 quod
1005 1227 1258 1282 pecorum
1322 1211 1614 1267 nutritores
1676 1221 1834 1267 erant
1889 1226 1920 1265 a
1957 1211 2188 1281 pueritia

622 1317 738 1366 sua,
765 1312 893 1368 etc.,
923 1319 1086 1374 usque
1128 1303 1196 1356 ad
1229 1303 1282 1358 in
1315 1304 1420 1358 line
1457 1303 1694 1358 habituri
1726 1303 2188 1359 ordinatissimam

621 1403 671 1447 et
703 1395 1089 1466 sempiternam
1120 1393 1456 1450 felicitatem.

1168 1528 1398 1587 CAPUT
1425 1528 1632 1586 XLVII.

685 1668 850 1724 Vens.
871 1667 929 1734 9,
963 1667 1052 1722 10.
1083 1696 1158 1709 —
1225 1686 1243 1720 ι
1283 1666 1407 1722 Dies
1455 1665 1908 1737 peregrinationis
1940 1706 1956 1732 ,
1995 1685 2016 1720 ι
2077 1673 2186 1722 etc.

619 1759 775 1828 (Anc.
801 1759 867 1826 Q.
897 1760 953 1813 in
969 1757 1126 1826 Gem,
1151 1765 1282 1813 tom.
1313 1757 1425 1827 111.)
1441 1756 1580 1825 Quid
1601 1765 1685 1813 est
1704 1757 1847 1828 quod
1869 1757 2001 1813 dicit
2023 1755 2192 1812 Jacob

2290 574 2440 630 Unde
2470 575 2624 630 Rom.
2661 593 2759 631 vt:
2806 593 2824 627 ι
2862 575 2977 630 Non
3023 585 3210 647 regnet
3258 587 3537 646 peccatum
3581 579 3632 632 in
3674 590 3866 635 vestro

2287 665 2500 720 mortali
2545 681 2786 736 corpore.
2831 686 2850 719 ι
2905 677 3009 722 etc.
3052 667 3119 720 Et
3164 667 3395 722 ibidem:
3461 687 3479 719 ι
3526 667 3679 724 Servi
3725 672 3869 727 estis

2286 755 2402 825 ejus
2427 757 2512 812 cui
2559 758 2838 822 obcdistis,
2871 759 2982 812 sive
3007 759 3210 826 peccati
3241 758 3297 812 in
3325 767 3572 824 mortem,
3593 761 3707 816 sive
3726 761 3868 817 obe-

2287 849 2510 905 ditionis
2552 847 2930 917 adjustitiam.
2973 869 2991 902 »
3029 849 3266 922 Egyptii
3309 859 3486 905 autem
3517 851 3790 906 violenter
3813 853 3868 907 in

2287 941 2602 995 servitutem
2651 940 2853 996 redacti
2901 949 3050 1005 sunt,
3083 939 3293 996 Hebraei
3328 955 3457 996 vero
3496 941 3763 997 violenter
3813 943 3871 997 in

2288 1032 2585 1087 servitium.
2613 1031 2984 1086 Vendiderunt
3020 1039 3200 1086 autem
3239 1029 3477 1102 Egyptii
3519 1032 3868 1103 semetipsos,

2288 1142 2388 1183 nec
2423 1126 2809 1198 dispensatoris
2852 1126 3009 1195 culpa
3035 1133 3138 1190 est,
3162 1126 3252 1181 ubi
3288 1125 3451 1196 digna
3498 1136 3872 1196 repensantur

2288 1234 2387 1291 pro
2429 1217 2659 1274 meritis.
2693 1217 2805 1272 lloc
2835 1227 2888 1272 et
2908 1217 3104 1272 Paulus
3141 1216 3288 1282 fecit,
3320 1233 3442 1273 cum
3483 1217 3630 1271 illum
3671 1218 3768 1288 qui
3793 1219 3874 1272 in-

2289 1311 2483 1380 dignus
2511 1324 2736 1364 numero
2759 1318 3071 1364 sanctorum
3098 1308 3179 1363 vel
3205 1309 3477 1364 consortio
3500 1308 3618 1371 fuit,
3648 1308 3873 1364 Satanae

2291 1399 2533 1471 tradit(1
2570 1396 2694 1454 Cor.
2717 1403 2793 1470 v).
2838 1398 3008 1455 Nemo
3036 1413 3165 1470 ergo
3211 1399 3356 1454 dicat
3402 1399 3626 1452 Paulum
3678 1399 3874 1453 durius

2289 1491 2484 1560 egisse,
2519 1489 2610 1559 qui
2641 1489 2918 1544 hominem
2955 1490 3021 1543 de
3041 1488 3280 1544 Ecclesia
3313 1488 3494 1558 ejecit,
3525 1498 3586 1544 ut
3614 1489 3874 1560 expulsus

2289 1583 2528 1639 disceret
2574 1599 2682 1639 non
2734 1582 3108 1654 blasphemare
3140 1601 3152 1636 :
3180 1582 3413 1636 hominis
3443 1582 3586 1636 enim
3619 1581 3875 1636 voluntas

2288 1683 2374 1731 est
2399 1675 2602 1745 iniqua,
2626 1690 2748 1730 cum
2774 1688 2962 1728 amans
2999 1681 3219 1727 terrena
3247 1673 3478 1742 despicit
3520 1671 3794 1737 ccelestia,
3821 1681 3876 1726 et

2291 1779 2514 1840 propter
2560 1769 2846 1823 avaritiam
2892 1780 2949 1822 se
2996 1765 3215 1835 subjicit
3259 1765 3494 1821 diabolo.
3543 1765 3638 1820 Dei
3687 1775 3878 1819 autem

618 1851 910 1918 Pharaoni.
940 1858 1073 1918 θιοοο
1102 1865 1263 1921 usque
1301 1849 1370 1903 αά
1423 1863 1529 1904 ηοη
1581 1855 1800 1904 manem
1839 1848 1894 1903 ίῐι
1939 1848 2098 1904 domo
2136 1847 2194 1902 in
2221 1851 2270 1912 B
2295 1859 2581 1931 permissio
2617 1868 2702 1914 est
2722 1859 2890 1930 justa,
2920 1873 3043 1913 cum
3070 1871 3193 1912 eum
3214 1856 3307 1926 qui
3336 1871 3596 1925 spernens
3617 1855 3872 1921 meliora,

622 1956 901 2002 .eternum.

692 2035 856 2091 Vnus.
887 2036 974 2090 11.
993 2064 1061 2076 ——
1093 2052 1112 2086 ς
1135 2033 1334 2105 Joseph
1355 2049 1484 2089 vero
1508 2034 1644 2104 patri
1668 2033 1990 2090 etfratribus
2011 2033 2191 2088 suis...

625 2151 644 2183 ‹
679 2132 952 2188 Ramesse.
991 2151 1010 2184 ι
1041 2129 1397 2198 Quaerendum
1427 2137 1512 2182 est
1535 2137 1713 2183 utrum
1743 2135 1884 2180 terra
1907 2125 2195 2180 Ramesses

624 2227 737 2296 ipsa
791 2224 861 2278 sit
906 2223 1108 2279 Gessen
1137 2239 1150 2275 :
1177 2223 1317 2277 hanc
1360 2222 1503 2276 enim
1554 2218 1843 2290 petierant,
1892 2225 1947 2272 et
1983 2203 2195 2271 Pharao

622 2323 960 2387 praeceperat
987 2314 1124 2369 dari.
2195 2296 2203 2304 ’

689 2403 1189 2477 (lsm.)Allegorice.
1239 2402 1478 2458 Tradidit
1530 2399 1727 2470 Joseph
1779 2398 1925 2469 patri
1978 2406 2034 2452 et
2085 2394 2194 2450 fra-

620 2499 792 2553 tribus
815 2497 1074 2566 optimam
1109 2505 1309 2551 terram
1334 2491 1559 2556 Gessen,
1584 2491 1828 2561 praebens
1851 2489 1932 2543 eis
1967 2486 2192 2550 cibaria,

621 2589 742 2657 quia
773 2587 946 2642 fames
969 2595 1167 2640 terram
1202 2590 1578 2654 oppresserat:
1612 2580 1691 2634 sic
1733 2588 1786 2633 et
1813 2576 2068 2632 Dominus
2093 2592 2194 2644 pa-

622 2679 883 2741 rentibus,
919 2676 972 2731 id
1023 2684 1105 2730 est
1127 2673 1457 2744 patriarchis
1481 2680 1535 2726 et
1565 2670 1860 2740 prophetis,
1905 2683 1968 2723 ex
2000 2667 2194 2737 qubus

622 2781 707 2828 est
753 2769 1048 2826 secundum
1103 2779 1344 2831 carnem,
1392 2763 1504 2818 sive
1557 2761 1807 2816 omnibus
1852 2759 2073 2822 sanctis,
2129 2757 2195 2813 de

621 2868 816 2938 quibus
869 2865 921 2920 in
977 2861 1268 2934 Evangelio
1316 2858 1442 2913 dicit
1485 2855 1671 2910 Matth.
1732 2869 1769 2908 ιι
1823 2871 1835 2906 :
1879 2871 1897 2904 ί
1944 2850 2009 2906 lli
2069 2857 2197 2905 sunt

621 2961 817 3016 fratres
857 2955 986 3022 mei,
1026 2955 1117 3026 qui
1166 2951 1372 3008 faciunt
1419 2947 1749 3004 voluntatem
1787 2943 1964 3000 Patris
2003 2941 2130 3008 mei,
2168 2959 2187 2993 ι

620 3053 703 3106 nis
731 3050 824 3105 dat
872 3058 1074 3103 terram
1115 3044 1397 3114 optimam,
1421 3041 1486 3095 de
1509 3055 1613 3110 qua
1637 3038 1833 3093 dicitur
1869 3033 2004 3105 psal.
2031 3047 2159 3088 xxvr
2177 3048 2196 3085 ι

625 3164 643 3196 ι
681 3141 855 3198 Credo
890 3138 1075 3193 videre
1115 3135 1255 3191 bona
1296 3129 1505 3189 Domini
1551 3129 1603 3184 in
1635 3137 1781 3182 terra
1807 3123 2123 3180 viventium.
2167 3139 2186 3173 ι

2292 1949 2456 2021 elegit
2483 1948 2690 2020 pejora,
2719 1949 2942 2005 dimittit
2979 1947 3202 2002 arbitrio
3240 1961 3338 2002 suo
3368 1955 3426 2000 ut
3460 1945 3640 2000 cadat.
3673 1964 3691 1995 ι
3733 1945 3878 1998 Emit

2296 2039 2480 2111 igitur,
2518 2059 2538 2092 ι
2564 2048 2671 2093 etc.
2697 2039 2996 2109 Allegorice
3024 2038 3224 2108 emptio
3249 2036 3468 2106 Joseph,
3497 2037 3588 2105 qui
3625 2034 3876 2108 frugibus

2293 2133 2424 2186 emit
2451 2139 2650 2187 terram
2675 2129 2918 2201 Egypti,
2950 2128 3218 2200 significat
3237 2127 3512 2183 Christum
3543 2126 3794 2182 doctrina
3823 2135 3878 2180 et

2295 2223 2572 2294 sanguinis
2622 2222 2796 2291 pretio
2842 2221 3106 2276 redimere
3153 2219 3432 2273 mundum.
3467 2217 3622 2284 Quod
3686 2226 3875 2271 autem

2293 2313 2465 2368 dicit:
2506 2331 2525 2364 ι
2562 2312 2806 2382 Accipite
2833 2310 3060 2376 semina,
3084 2318 3139 2364 et
3186 2309 3348 2364 serite
3391 2323 3552 2376 agros
3583 2315 3641 2361 ut
3689 2306 3878 2377 fruges

2292 2405 2493 2459 habere
2534 2403 2770 2474 possitis,
2805 2421 2824 2454 ι
2855 2410 2984 2466 etc.,
3020 2415 3203 2456 semen
3231 2409 3314 2454 est
3348 2399 3570 2454 verbum
3603 2397 3720 2462 Dei,
3758 2399 3878 2469 agri

2294 2510 2521 2566 corpora
2558 2509 2677 2564 qua:
2701 2507 2919 2548 vomere
2943 2491 3252 2563 evangelico
3278 2498 3522 2555 exarata,
3572 2498 3626 2544 et
3661 2489 3880 2543 semine

2293 2585 2559 2659 spirituali
2606 2569 2900 2650 seminata,
2945 2583 3179 2638 fructum
3223 2582 3484 2636 virtutum
3539 2579 3876 2650 germinant.

2294 2683 2490 2750 Quinta
2534 2696 2680 2752 pars,
2736 2695 2855 2750 qua:
2891 2679 3005 2749 regi
3036 2679 3281 2743 dabatur,
3323 2676 3559 2746 quinque
3613 2687 3878 2728 sensuum

2295 2787 2513 2840 census,
2536 2772 2628 2843 qui
2653 2770 2873 2826 Christo
2903 2771 3018 2842 regi
3041 2769 3352 2824 solvendus.
3376 2767 3618 2833 Quatuor
3647 2763 3880 2834 reliqua:

2294 2866 2349 2920 in
2394 2874 2689 2921 sementem
2722 2872 2776 2919 et
2816 2863 2964 2918 cibos
3007 2858 3410 2931 possessoribus
3454 2856 3878 2928 permittuntur,

2293 2957 2424 3030 quia
2471 2957 2697 3034 actualis
2745 2955 2870 3010 vita:
2904 2970 3034 3010 usus
3082 2952 3372 3022 unicuique
3419 2949 3751 3011 conceditur,
3824 2955 3881 3001 ut

2296 3050 2528 3105 seminet
2560 3048 2818 3103 virtutum
2847 3061 3030 3116 opera,
3073 3051 3129 3099 et
3148 3041 3601 3110 fructusjustitim
3628 3047 3806 3094 metut
3827 3038 3879 3092 in

2297 3142 2465 3198 vitam
2484 3149 2766 3206 aeternam,
2800 3139 2891 3208 qui
2919 3153 2950 3192 a
2978 3137 3197 3192 Christo
3222 3135 3377 3190 nobis
3415 3132 3689 3187 tribuitur.
3718 3129 3882 3186 Unde

691 3233 854 3288 Vsus.
892 3227 1082 3286 12-15.
1119 3255 1190 3266 -—
1221 3243 1239 3277 ι
1275 3221 1528 3278 Praebens
1575 3218 1777 3274 cibaria
1803 3256 1818 3280 ,
1874 3213 2128 3286 singulis,
2167 3230 2186 3264 ι

2299 3233 2498 3304 Joseph
2546 3204 2783 3288 dicitur:
2814 3204 2836 3281 ξ
2868 3229 3026 3285 Salus
3075 3236 3258 3283 nostra
3306 3226 3360 3280 in
3396 3240 3556 3280 manu
3585 3233 3679 3278 tua
3710 3235 3824 3288 εει,
3855 3242 3874 3276 ι

623 3332 730 3380 etc.
756 3320 1076 3377 Metiebatnr
1096 3315 1336 3371 triticum
1360 3312 1500 3384 patri
1529 3325 1626 3365 suo
1645 3307 1864 3377 Ioseph,
1892 3319 1993 3360 nec
2017 3314 2195 3358 tamen

620 3429 745 3469 eum
775 3421 928 3482 pater
960 3407 1176 3479 quando
1223 3404 1376 3468 vidit,
1425 3415 1526 3456 nec
1582 3398 1795 3468 quando
1821 3396 2061 3450 triticum
2106 3407 2198 3448 ac-

619 3505 781 3576 cepit,
812 3500 1058 3557 adoravit
1084 3513 1099 3552 :
1131 3495 1399 3569 quomodo
1423 3507 1551 3565 ergo
1602 3490 1868 3546 somnium
1920 3486 2197 3557 impletum

623 3604 900 3673 putamus,
921 3590 1026 3645 nisi
1054 3585 1277 3656 majoris
1312 3585 1391 3641 rei
1413 3582 1686 3639 contineat
1704 3579 2066 3650 prephetiam.

693 3669 856 3738 V—sns.
891 3681 1075 3738 16-19.
1100 3709 1172 3722 --
1194 3697 1212 3730 ι
1242 3676 1506 3733 Adducite
1527 3688 1722 3745 pecora
1750 3680 1954 3736 vestra,
1977 3679 2032 3725 et
2056 3669 2197 3725 dabo

627 3799 644 3828 ι
685 3777 858 3840 vobis,
894 3792 915 3826 ι
950 3781 1056 3829 etc.
1090 3769 1382 3838 Quaeritur,
1414 3782 1536 3822 cum
1563 3763 1763 3834 Joseph
1793 3763 2061 3817 frumenta
2089 3759 2197 3815 col-

620 3871 831 3940 ligeret,
864 3866 1006 3921 unde
1036 3864 1283 3918 homines
1329 3841 1612 3923 viverent,
1643 3871 1840 3927 pecora
1877 3854 2016 3909 unde
2043 3851 2195 3907 vive-

626 3961 774 4023 bant,
815 3971 936 4011 cum
993 3961 1140 4008 tanta
1174 3952 1342 4006 fames
1401 3948 1738 4011 invaluisset,
1791 3955 1845 4000 et
1887 3943 2083 3999 fratres
2106 3942 2198 4000 Jo-

625 4048 754 4117 seph
789 4043 1058 4100 Pharaoni
1105 4041 1357 4096 dixerunt
1390 4047 1404 4090 1
1439 4057 1456 4088 ι
1491 4036 1607 4091 Non
1643 4043 1770 4090 sunt
1812 4047 2008 4102 pascua
2037 4047 2199 4102 peco-

623 4138 775 4193 ribus
827 4148 1116 4206 puerorum
1178 4141 1424 4192 tuorum,
1455 4146 1474 4180 ι
1510 4135 1616 4182 etc.
1673 4124 1730 4180 Si
1776 4140 1906 4195 ergo
1947 4138 2010 4177 ea
2055 4124 2198 4178 fame

623 4245 820 4300 pascua
848 4225 1162 4282 defecerant
1196 4223 1250 4276 in
1281 4230 1425 4277 terra
1451 4218 1731 4282 Chanaan,
1761 4233 1858 4270 cur
1886 4217 1939 4270 in
1963 4215 2197 4287 {Egypto

625 4339 729 4377 tum
771 4319 1100 4382 defecerant,
1141 4331 1264 4371 cum
1314 4314 1504 4370 eadem
1555 4311 1726 4365 fames
1781 4319 1923 4364 esset
1963 4309 2198 4377 ubique?

623 4419 727 4480 An,
750 4416 888 4471 sicut
914 4412 1230 4486 perhibetur
1256 4408 1325 4464 ab
1351 4406 1432 4462 eis
1452 4403 1546 4476 qui
1573 4403 1693 4458 loca
1718 4403 1914 4467 sciunt,
1943 4402 1996 4456 in
2014 4401 2200 4456 multis

625 4510 844 4581 Egypti
869 4506 1151 4578 paludibus
1170 4507 1419 4575 poterant
1447 4510 1646 4568 pascua
1667 4509 1774 4550 non
1798 4495 2007 4559 deesse,
2034 4493 2196 4548 etiam

623 4617 748 4655 cum
789 4599 959 4652 fames
1017 4602 1163 4650 esset
1223 4591 1636 4651 frumentorum,
1695 4602 1814 4656 qua:
1854 4586 2027 4640 solent
2094 4582 2199 4638 Nili

626 4691 974 4746 inundatione
1024 4685 1347 4758 provenire:
1398 4681 1654 4736 dicuntur
1711 4677 1814 4732 illa:
1846 4675 2079 4747 paludes
2123 4673 2202 4730 fe-

627 4783 806 4839 racius
841 4795 1039 4853 pascua
1071 4779 1307 4847 gignere,
1339 4773 1554 4843 quando
1593 4786 1732 4840 aqua
1765 4768 1868 4831 Nili
1900 4769 2079 4822 minus
2107 4781 2201 4822 ex-

633 4875 848 4931 crescit.

700 4971 862 5027 Vsus.
883 4963 1078 5030 20,21.
1101 4991 1174 5004 ——
1205 4979 1222 5012 ί
1253 4959 1398 5014 Emit
1443 4957 1624 5026 igitur,
1661 4974 1678 5005 ι
1707 4962 1810 5009 etc.
1856 4950 1970 5006 Non
1993 4949 2206 5019 injusti-

631 5061 718 5116 tize
741 5056 827 5114 vel
851 5053 1156 5126 iniquitatis
1181 5050 1424 5121 arguitur
1453 5046 1674 5116 Joseph.
1701 5059 1823 5099 cum
1872 5042 2035 5096 etiam
2067 5039 2199 5094 tide-

630 5151 753 5206 litas
791 5147 908 5218 ejus
932 5147 1056 5204 inde
1103 5139 1532 5204 commendetur,
1561 5137 1685 5206 quia
1717 5135 1913 5189 nullius
1951 5147 2199 5203 personae

629 5242 859 5314 gratiam
886 5237 1138 5307 suscepit,
1173 5233 1268 5289 sed
1286 5233 1440 5304 juxta
1482 5227 1742 5298 emptoris
1776 5227 2004 5296 pretium
2044 5239 2199 5295 aequo

631 5333 919 5391 libramine
948 5327 1272 5400 repensavit.

705 5422 926 5495 Mystice
955 5427 1134 5474 autem
1173 5414 1445 5487 significat
1501 5424 1691 5466 omnes
1725 5408 1817 5478 qui
1865 5408 1918 5462 in
1974 5405 2203 5495 spiritali

627 5494 860 5588 ,Εενρω
893 5519 1019 5568 sunt
1037 5518 1093 5564 et
1111 5507 1227 5576 ejus
1250 5520 1382 5577 opes
1405 5501 1671 5564 ambiunt,
1694 5514 1880 5554 servos
1900 5513 2041 5552 esse.
2073 5494 2202 5550 Nul-

628 5608 712 5661 lus
739 5614 824 5662 est
845 5603 989 5659 enim
1026 5601 1159 5654 liber
1187 5595 1489 5667 Egyptius,
1511 5591 1602 5660 qui
1628 5589 1860 5645 carnalis
1895 5597 1997 5650 est,
2023 5596 2080 5642 et
2107 5601 2200 5640 ve—

628 5698 898 5753 nundatus
909 5693 1009 5748 sub
1025 5697 1275 5761 peccato:
1302 5687 1509 5740 Pharao
1522 5684 1664 5738 enim
1679 5698 1772 5737 eos
1786 5678 2008 5749 subjecit
2027 5695 2041 5743 ;
2062 5678 2204 5732 unde

629 5787 855 5842 fortasse
895 5785 1092 5840 dicitur
1115 5779 1283 5835 Exod.
1311 5794 1405 5832 xx:
1440 5795 1456 5828 ε
1490 5776 1598 5843 Ego
1626 5790 1745 5831 sum
1777 5773 2032 5829 Dominus
2061 5773 2203 5827 Deus

2297 3327 2424 3398 quia
2453 3325 2598 3382 salus
2631 3323 2817 3380 mundi
2839 3324 2894 3378 in
2922 3329 3191 3393 potestate
3217 3319 3440 3376 Christi.

2369 3441 2533 3498 Vsus.
2559 3440 2742 3496 22-28.
2771 3470 2842 3480 —-
2870 3457 2888 3489 ‹
2934 3439 3137 3493 Praeter
3187 3445 3385 3490 terram
3433 3433 3776 3490 sacerdotum
3807 3472 3826 3499 ,
3858 3451 3876 3485 ι

2297 3542 2404 3590 etc.
2430 3532 2544 3588 Hoc
2563 3531 2857 3604 significat,
2882 3529 3138 3585 Ecclesiae
3156 3537 3380 3592 terram,
3404 3527 3456 3581 in
3485 3540 3590 3595 qua
3611 3525 3726 3579 veri
3748 3533 3882 3580 sunt

2299 3625 2632 3690 sacerdotes,
2681 3623 2906 3677 liberam
2957 3635 3078 3676 esse
3118 3637 3150 3675 a
3189 3633 3354 3675 censu
3407 3616 3701 3680 mundano,
3755 3632 3882 3686 quae

2300 3717 2466 3771 verbo
2511 3715 2694 3770 divino
2730 3712 3098 3768 indesinenter
3148 3709 3411 3781 pascitur,
3461 3722 3561 3763 nec
3618 3708 3879 3762 damnum

2300 3809 2455 3880 panis
2484 3806 2780 3878 spiritualis
2805 3804 3113 3861 sustinebit.

2372 3918 2536 3973 Vens.
2569 3917 2655 3983 29,
2681 3918 2768 3971 50.
2799 3946 2870 3956 —
2915 3933 2934 3966 ε
2986 3914 3227 3985 Cumque
3272 3915 3703 3985 appropinquare
3757 3930 3879 3969 cer-

2307 4028 2326 4063 ι
2355 4021 2506 4066 neret
2524 4011 2662 4065 diem
2688 4011 2878 4065 mortis
2895 4024 3058 4074 suae,»
3085 4017 3189 4062 etc.
3211 4006 3386 4078 (Auc.,
3419 4006 3614 4072 Qua’st.
3642 4006 3693 4059 in
3718 4004 3878 4070 Gem,

2303 4110 2430 4157 tom.
2461 4102 2570 4173 Ill.)
2595 4101 2669 4156 Ea
2701 4100 2869 4155 tilium
2889 4099 3160 4170 juratione
3184 4097 3528 4168 constringit,
3556 4106 3685 4162 etc.,
3715 4113 3879 4168 usque

2302 4191 2370 4245 ad
2391 4192 2482 4262 qui
2507 4192 2558 4244 iu
2587 4190 2853 4261 baptismo
2892 4188 3140 4258 apparuit
3170 4187 3285 4242 fere
3310 4187 3584 4258 trigesimo
3615 4202 3779 4241 anno.

2372 4285 2532 4338 Vens.
2559 4285 2646 4338 51.
2681 4314 2750 4323 —
2784 4302 2803 4333 ι
2840 4282 2958 4349 Quo
2997 4279 3234 4349 juraute.
3275 4299 3290 4331 ι
3328 4280 3509 4350 (Auc.,
3541 4279 3627 4331 ubi
3669 4277 3879 4349 supra.)

2303 4377 2453 4444 Quod
2481 4376 2680 4429 habent
2704 4372 2882 4428 Latini
2911 4372 3144 4434 codices,
3177 4390 3194 4421 ι
3225 4369 3480 4424 Adoravit
3525 4383 3688 4440 super
3715 4375 3882 4437 caput

2300 4468 2464 4535 virga:
2511 4465 2644 4536 ejus,
2686 4484 2705 4516 ι
2743 4462 2989 4518 nonnulli
3045 4461 3381 4516 emendatius
3429 4459 3669 4514 habent:
3714 4477 3734 4509 ι
3775 4458 3882 4513 Ad-

2230 4563 2279 4621 D
2305 4559 2482 4612 oravit
2507 4570 2668 4627 super
2696 4564 2859 4626 caput
2886 4555 3052 4624 virgae
3081 4567 3211 4617 suae,
3248 4571 3265 4602 ι
3300 4550 3382 4605 vel
3425 4570 3442 4600 ‹
3480 4550 3531 4604 in
3559 4550 3738 4620 capite
3774 4549 3883 4602 vir-

2302 4664 2384 4720 ga:
2405 4662 2538 4713 suae,
2571 4665 2590 4699 ι
2625 4646 2708 4701 vel
2753 4665 2772 4697 ι
2811 4645 2866 4699 in
2922 4643 3225 4706 cacumine,
3277 4639 3352 4695 vel
3403 4654 3563 4709 super
3615 4653 3878 4693 cacumen

2302 4742 2466 4810 virga:
2484 4754 2615 4793 sum.
2643 4756 2661 4790 ι
2691 4737 2758 4792 Et
2779 4736 2898 4790 ideo
2936 4733 3129 4788 merito
3168 4731 3430 4801 quaeritur
3465 4730 3594 4801 quid
3624 4730 3698 4782 sit
3737 4727 3881 4798 quod

2306 4832 2505 4886 dictum
2539 4836 2643 4893 est,
2666 4837 2797 4894 etc.,
2827 4842 2988 4897 usque
3011 4824 3080 4879 ad
3102 4824 3193 4879 ubi
3223 4822 3395 4893 ﬁgura
3421 4821 3499 4877 rei
3521 4819 3720 4874 futura:
3741 4833 3880 4891 pra:-

2307 4921 2641 4992 signabatur.

2374 5030 2647 5104 (Ηιειιοκ.)
2676 5050 2693 5081 ε
2731 5029 2796 5084 Et
2823 5028 3068 5084 adoravit
3101 5025 3266 5082 Israel
3292 5034 3481 5080 contra
3511 5022 3877 5078 summitatem

2311 5148 2328 5180 ‹
2360 5129 2524 5197 virga:
2553 5127 2688 5196 ejus.
2726 5146 2742 5176 ι
2792 5124 2906 5178 Hoc
2950 5123 3114 5176 etiam
3149 5121 3202 5174 in
3252 5121 3370 5174 loco
3410 5119 3628 5188 quidam
3678 5115 3878 5170 frustra

2306 5217 2562 5275 simulant
2587 5215 2840 5269 adorasse
2856 5212 3020 5268 Jacob
3046 5212 3410 5266 summitatem
3427 5208 3622 5278 sceptri
3644 5206 3844 5276 Joseph
3862 5221 3876 5258 :

2308 5310 2448 5381 quod
2487 5309 2691 5363 scilicet
2729 5309 3002 5361 honorans
3039 5303 3207 5357 filium
3238 5309 3560 5372 potestatem
3609 5297 3754 5352 illius
3786 5295 3880 5350 ad-

2307 5400 2564 5464 oraverit,
2594 5413 2714 5452 cum
2739 5396 2792 5450 in
2808 5395 3041 5450 Hebraeo
3078 5393 3246 5449 multo
3279 5393 3435 5446 aliter
3469 5390 3718 5460 legatur:
3774 5407 3791 5438 ι
3823 5387 3884 5440 Et

2304 5491 2546 5547 adoravit
2566 5487 2732 5544 Israel
2777 5487 2845 5541 ad
2885 5495 3046 5555 caput
3095 5483 3307 5548 lectuli;
3350 5503 3368 5534 ι
3413 5481 3540 5551 quia
3589 5487 3881 5548 postquam

2293 5581 2496 5652 juravit
2526 5581 2576 5636 ei
2597 5580 2760 5644 ﬁlius,
2793 5592 3017 5633 securus
3039 5576 3106 5630 de
3133 5574 3410 5645 petitione,
3438 5569 3685 5625 adoravit
3715 5568 3879 5621 Deum

2301 5689 2594 5732 conversus
2638 5674 2705 5727 ad
2754 5679 2916 5739 caput
2973 5668 3174 5724 lectuli.
3235 5665 3470 5720 Sanctus
3529 5663 3676 5716 enim
3718 5660 3803 5713 vir
3831 5665 3882 5711 et

2305 5769 2414 5824 Deo
2456 5765 2670 5821 deditus
2747 5770 3025 5818 senectute
3097 5772 3428 5828 oppressus.
3501 5754 3580 5810 sic
3647 5751 3879 5806 habebat
