4074 6334
236 395 343 451 17⁸1

1263 396 1529 454 GLOSSA
1567 389 1961 453 ORDINARIA.
2001 421 2071 433 —-
2105 392 2231 450 LIB.
2271 394 2426 452 GEN.

3379 401 3481 454 178

235 510 498 566 lectulum
530 511 785 581 poSitum,
837 519 896 564 ut
925 510 1038 581 ipse
1081 508 1311 578 jacentis
1361 510 1578 566 habitus
1605 507 1807 576 absque
1833 505 1888 567 A
1911 501 2064 558 Latet
2092 520 2220 578 ergo
2257 508 2344 563 hic
2381 511 2749 579 propheticum
2779 521 3194 580 sacramentum,
3235 515 3359 583 quia
3398 515 3486 570 Jo-

234 600 350 656 ulla
372 600 686 656 difﬁcultate
713 599 781 654 ad
801 600 1098 655 orationem
1123 607 1266 656 esset
1285 607 1529 671 paratus.

786 731 1014 788 CAPUT
1058 731 1286 788 XLVIII.

316 867 478 922 Vens.
500 867 653 921 l.-—¢
675 865 770 921 llis
793 866 868 920 ita
890 866 1273 921 transactis....
1297 865 1587 936 assumptis
1607 866 1816 922 duobus

241 975 261 1008 s
295 956 423 1010 ﬁliis
451 955 697 1011 Manasse
717 965 772 1011 et
793 956 1070 1026 Ephraim.
1095 977 1113 1008 1
1143 955 1418 1026 (1111111011.)
1442 955 1510 1009 Et
1537 955 1658 1010 tulit
1680 957 1815 1011 duos

236 1044 384 1100 ﬁlios
411 1059 618 1110 secum,
646 1043 928 1099 Manassen
949 1052 1002 1098 et
1030 1043 1306 1113 Ephraim.
1335 1045 1413 1098 Ex
1455 1045 1559 1099 hoc
1592 1051 1814 1114 apparet

236 1137 387 1205 quod
411 1151 571 1206 supra
595 1135 849 1201 diximus,
873 1135 1000 1206 quia
1021 1133 1218 1205 Joseph
1242 1136 1308 1190 ad
1339 1137 1393 1191 id
1415 1136 1654 1192 locorum
1681 1137 1815 1193 duos

239 1233 455 1281 tantum
486 1223 622 1281 ﬁlios
639 1223 846 1290 habuit,
861 1224 1117 1294 Ephraim
1143 1235 1197 1280 et
1219 1225 1525 1281 Manassen.
1557 1224 1614 1281 Si
1633 1236 1813 1282 autem

235 1325 366 1386 post
389 1315 586 1370 multos
621 1331 792 1371 annos
821 1317 1087 1370 moriente
1117 1314 1283 1371 Jacob
1309 1318 1444 1371 duos
1480 1325 1688 1371 tantum
1718 1317 1816 1372 du-

239 1411 322 1464 xit
349 1410 417 1463 ad
445 1408 892 1474 benedictionem,
924 1408 1013 1463 illo
1051 1409 1235 1478 utique
1281 1417 1521 1478 tempore
1565 1425 1686 1464 eum
1719 1409 1814 1464 ﬁlii

239 1499 363 1568 ejus
390 1513 648 1569 generare
685 1499 1064 1568 nequiverant,
1091 1499 1299 1568 parvuli
1331 1507 1493 1569 atque
1531 1499 1810 1566 lactentes,

241 1590 295 1643 in
329 1590 572 1660 ingressu
597 1589 765 1657 patris
786 1597 842 1643 et
862 1587 1113 1655 fratrum,
1149 1598 1368 1660 nepotes
1404 1605 1470 1646 ex
1500 1591 1585 1645 his
1612 1590 1814 1646 habere

239 1695 352 1734 non
377 1680 570 1749 potuit.

313 1769 478 1824 Vnus.
508 1769 623 1823 2-4.
650 1799 720 1810 -
747 1787 766 1821 1
797 1767 896 1838 Qui
944 1769 1300 1834 confortatus,
1335 1791 1352 1824 1
1386 1780 1489 1826 etc.
1536 1770 1811 1842 (Hreno-ra.)

1912 597 2047 666 seph
2087 599 2317 666 quadam
2351 601 2623 670 praecipua
2662 601 3058 672 signiﬁcatione
3091 603 3368 662 Christum
3412 609 3486 663 si-

1914 686 2189 755 gniﬁcavit
2229 708 2242 742 :
2282 699 2338 745 et
2379 692 2429 746 ei
2470 693 2628 747 datur
2665 692 2755 748 illa
2797 703 2941 750 terra
2979 696 3070 752 ubi
3103 697 3286 752 obruit
3320 694 3489 753 Jacob

1914 779 2043 836 deos
2083 781 2285 838 alienos
2312 783 2479 856 (Gen.
2518 787 2713 860 xxxv),
2760 797 2821 844 ut
2865 790 3112 848 Christus
3159 792 3492 864 intelligatur

1913 885 2263 940 possessurus
2283 885 2472 942 gentes
2497 877 2600 932 diis
2621 887 2835 947 patrum
2857 894 3074 935 suorum
3115 882 3490 937 renuntiantes

1914 970 1972 1014 et
1994 961 2047 1016 in
2069 961 2345 1018 Christum
2370 965 2671 1021 credentes.

2463 1096 2690 1155 CAPUT
2728 1098 2912 1154 XLIX.

1987 1222 2219 1296 (Amm)
2250 1224 2306 1280 In
2334 1227 2796 1286 benedictionibus
2833 1229 3001 1288 Jacob
3045 1232 3272 1290 historia
3301 1244 3493 1292 tenen-

1916 1313 2015 1377 da,
2059 1321 2115 1368 et
2151 1314 2401 1384 allegoria
2445 1317 2812 1389 investiganda
2839 1339 2851 1374 :
2881 1322 3107 1377 historia
3133 1305 3198 1379 de
3224 1325 3494 1381 divisione

1916 1410 2075 1458 terra:
2113 1405 2487 1474 promissionis
2509 1447 2524 1469 ,
2570 1408 2822 1478 allegoria
2859 1411 2925 1465 de
2952 1410 3169 1467 Christo
3212 1423 3268 1468 et
3304 1414 3492 1472 Eccle-

1916 1495 2018 1561 sia,
2047 1510 2167 1566 qure
2191 1497 2246 1553 in
2272 1499 2582 1555 novissimis
2613 1502 2942 1572 temporibus
2968 1505 3288 1575 revelanda;
3334 1508 3496 1579 prius

1917 1596 2094 1644 tamen
2127 1591 2366 1646 historiae
2404 1591 2757 1650 fundamenta
2795 1609 2924 1651 sunt
2954 1597 3225 1667 jaeienda.

1987 1677 2151 1734 Vens.
2184 1681 2239 1746 5,
2270 1680 2324 1734 4.
2356 1711 2426 1721 --
2453 1701 2471 1734 1
2502 1683 2691 1739 Ruben
2716 1685 3104 1756 primogenitus
3128 1702 3310 1752 meus,
3339 1705 3358 1739 1
3383 1696 3495 1744 etc.

1918 1771 2191 1838 (HIERON.,
2228 1772 2427 1839 Quwst.
2479 1777 2536 1830 in
2600 1774 2771 1846 Gen.)
2817 1794 2836 1827 1
2867 1776 3054 1832 Ruben
3107 1778 3496 1848 primogenitus

243 1862 310 1917 Et
336 1861 672 1917 confortatus
698 1861 862 1918 Israel
888 1863 1024 1917 sedit
1048 1879 1212 1932 super
1235 1862 1506 1918 lectulum.
1539 1861 1646 1917 Cur
1675 1861 1818 1917 LXX
1848 1853 1894 1914 Β
1921 1877 2075 1918 meus
2099 1903 2113 1927 ,
2165 1870 2222 1917 tu
2275 1862 2533 1921 fortitudo
2579 1880 2697 1920 mea
2723 1907 2736 1929 ,
2770 1885 2789 1918 1
2837 1875 2892 1922 et
2917 1867 3236 1938 principium
3267 1869 3495 1925 ﬁliorum

242 1956 390 2009 idem
429 1955 650 2008 verbum
703 1953 860 2029 aliter
912 1964 1071 2025 atque
1119 1956 1278 2009 aliter
1311 1955 1575 2011 ediderint
1614 1958 1818 2020 nescio,

241 2046 342 2100 sed
391 2047 648 2101 audacter
690 2046 810 2101 dico
856 2046 999 2115 quod
1026 2047 1167 2101 idem
1192 2048 1415 2102 verbum
1444 2048 1630 2102 mill/ta
1659 2059 1818 2114 mea,

237 2139 393 2206 quod
455 2139 538 2194 hic
583 2138 826 2193 lectulum
873 2139 1281 2204 transtulerunt,
1334 2155 1498 2209 supra
1553 2141 1643 2197 ubi
1687 2141 1824 2197 dixit

239 2230 507 2283 adorasse
531 2227 918 2299 Jacob,rirgam
933 2230 1378 2285 nominaverunt.

317 2323 479 2377 Vnus.
515 2322 571 2386 5,
600 2323 654 2376 6.
679 2352 746 2362 —
775 2341 793 2373 1
833 2323 947 2378 Duo
991 2323 1156 2392 igitur
1211 2322 1306 2377 ﬁlii
1355 2323 1445 2394 qui
1479 2324 1610 2388 nati,
1646 2344 1663 2375 1
1712 2335 1817 2379 etc.

242 2412 523 2484 (HIERON.,
552 2411 732 2478 Qumst
774 2413 828 2466 in
883 2411 1040 2484 Gen.)
1082 2413 1235 2468 Patet
1278 2415 1422 2482 quod
1481 2416 1817 2484 septuaginta

243 2505 445 2560 animm
499 2505 756 2575 ingressa:
797 2513 924 2560 sunt
963 2505 1016 2558 in
1045 2503 1360 2576 Egyptum,
1390 2513 1520 2572 etc.,
1559 2522 1722 2576 usque
1751 2505 1819 2558 ad

239 2596 339 2652 sed
375 2595 428 2649 in
457 2594 631 2650 tribus
660 2595 916 2666 Ephraim
957 2603 1013 2652 et
1042 2596 1286 2652 Manasse
1312 2596 1468 2666 quasi
1496 2597 1820 2668 appendices

240 2689 640 2743 miscebantur.

315 2779 480 2833 Vens.
511 2777 653 2832 7-H.
680 2795 786 2831 -1
811 2777 940 2835 Mihi
963 2779 1329 2851 enimquando
1341 2778 1621 2834 veniebam
1637 2779 1703 2835 de
1717 2778 1824 2835 Me-

250 2887 270 2918 ι
295 2869 622 2938 sopotamia,
639 2877 848 2924 mortua
867 2877 948 2923 est
966 2868 1167 2924 Rachel
1189 2878 1242 2924 et
1266 2870 1485 2939 sepelivi
1507 2885 1682 2936 eam,»
1709 2879 1816 2927 etc.

239 2959 445 3030 .loseph
475 2959 630 3030 quasi
655 2960 914 3015 nescienti
941 2959 1144 3015 indicat
1163 2961 1252 3016 ubi
1275 2969 1330 3015 et
1351 2961 1565 3030 quando
1591 2972 1819 3016 matrem

241 3051 544 3121 sepelierit,
576 3049 713 3106 forte
743 3053 1055 3124 pmphetice
1083 3067 1514 3109 commemorans
1540 3053 1612 3108 ibi
1644 3053 1820 3123 sepul-

245 3152 358 3197 tam
393 3157 510 3198 esse
535 3151 762 3196 matrem
784 3141 920 3210 ejus,
945 3143 1035 3198 ubi
1058 3153 1176 3199 erat
1196 3143 1442 3199 Christus
1490 3145 1816 3199 nasciturus.

321 3234 488 3289 Vens.
517 3233 700 3289 12-15.
731 3263 800 3273 -
827 3253 845 3285 1
879 3233 1122 3300 Cumque
1157 3235 1365 3290 tulisset
1405 3250 1499 3291 eos
1529 3233 1726 3306 Joseph
1755 3235 1823 3289 de

253 3345 274 3379 1
304 3327 515 3398 gremio
541 3327 734 3397 patris,
755 3345 774 3379 1
808 3337 914 3383 etc.
942 3325 1089 3400 (lsrn.
1123 3328 1176 3382 in
1204 3325 1359 3393 Gen.,
1389 3335 1521 3383 tom.
1550 3326 1638 3399 γ.)
1672 3326 1825 3382 Sicut

247 3418 456 3474 factum
480 3419 638 3473 estin
661 3419 804 3474 Esau
825 3426 880 3475 et
903 3417 1092 3484 Jacob,
1125 3419 1342 3475 dicente
1363 3419 1628 3476 Domino:
1660 3440 1678 3473 1
1712 3419 1827 3474 Ma-

241 3513 337 3584 jor
385 3513 582 3566 serviet
637 3511 858 3578 minori,
896 3531 916 3566 1
949 3513 1020 3566 ita
1072 3519 1128 3566 et
1167 3512 1221 3566 in
1262 3509 1387 3566 ﬁliis
1415 3509 1638 3582 Ioseph,
1695 3521 1822 3577 etc.,

250 3619 419 3674 usque
456 3602 525 3656 ad
550 3611 606 3659 et
625 3601 899 3671 juniorem
926 3603 994 3658 de
1019 3603 1244 3659 sinistro
1267 3603 1542 3659 dextrum.

324 3697 493 3752 Vsus.
553 3696 735 3750 16-21.
768 3727 840 3737 -
891 3715 910 3748 1
945 3695 1230 3751 lnvocetur
1281 3711 1445 3765 super
1493 3712 1588 3753 cos
1633 3711 1832 3752 nomen

256 3806 276 3838 ι
309 3801 513 3842 meum.
545 3805 563 3838 1
599 3785 783 3859 (Αυα.)
811 3785 1116 3843 Notandum
1145 3803 1212 3867 ex
1241 3787 1345 3841 hoc
1379 3787 1497 3842 loco
1524 3802 1631 3842 non
1658 3786 1833 3842 solum

252 3879 677 3943 exaudilionem,
724 3879 820 3934 sed
870 3879 1266 3934 invocationem
1322 3880 1486 3934 etiam
1534 3879 1662 3946 dici,
1715 3893 1835 3949 quae

253 3987 363 4025 non
394 3971 506 4034 Dei,
539 3970 634 4025 sed
664 3971 941 4024 hominum
967 3980 1112 4024 sunt.

333 4061 498 4118 Vens.
520 4062 614 4116 22.
649 4094 719 4102 —
748 4080 766 4113 1
800 4061 878 4117 Ι)ο
915 4063 1008 4117 tibi
1049 4071 1256 4132 partem
1281 4078 1465 4129 unam,
1497 4081 1515 4114 )
1551 4071 1655 4117 etc.
1686 4062 1840 4134 (Πιε-

256 4171 384 4210 nox.
430 4155 485 4208 in
509 4151 667 4219 Gem,
721 4163 851 4208 tom.
882 4152 992 4223 Ill.)
1027 4171 1046 4203 1
1082 4153 1194 4225 Ego
1227 4153 1349 4209 dedi
1401 4155 1497 4209 tibi
1538 4153 1840 4210 Sichimam

253 4247 588 4316 praecipuam
619 4261 779 4316 super
805 4245 1003 4300 fratres
1030 4253 1168 4311 tuos,
1204 4262 1365 4316 quam
1395 4247 1580 4318 accepi
1621 4247 1686 4303 de
1729 4262 1842 4302 ma-

257 4336 423 4390 nibus
446 4335 879 4390 Amorrhrcorum
899 4337 948 4390 in
963 4336 1139 4406 gladio
1162 4351 1280 4392 meo
1305 4346 1359 4392 et
1378 4338 1594 4409 sagitta.
1627 4358 1645 4390 1
1674 4339 1844 4393 Sichi-

261 4443 350 4481 ma
375 4426 529 4495 juxta
546 4426 786 4482 Graecam
805 4435 858 4480 et
873 4426 1114 4482 Latinam
1130 4430 1568 4484 consuetudinem
1581 4430 1843 4486 declinata

1921 1971 2185 2022 meorum,
2235 1965 2338 2012 etc.
2364 1998 2380 2024 ,
2411 1974 2572 2030 usque
2605 1959 2675 2012 ad
2713 1957 3054 2029 primogeniti
3095 1960 3336 2017 ordinem
3373 1973 3500 2028 per-

1920 2044 2122 2100 didisti.

1989 2135 2158 2190 Vens.
2190 2135 2244 2191 5.
2271 2166 2342 2176 —
2381 2153 2400 2186 1
2436 2135 2654 2192 Simeon
2693 2145 2749 2193 et
2793 2139 2920 2194 Levi
2949 2180 2964 2204 ,
3004 2159 3023 2192 1
3054 2148 3160 2196 etc.
3204 2141 3450 2211 (HIERON.
3479 2181 3498 2205 ,

1918 2227 2007 2281 ubi
2041 2231 2246 2300 supra.)
2288 2228 2434 2282 LXX
2471 2247 2484 2282 :
2520 2246 2538 2280 ι
2575 2227 2794 2285 Simeon
2841 2239 2897 2285 et
2939 2231 3066 2286 Levi
3121 2229 3319 2287 fratres
3367 2245 3500 2288 con-

1919 2327 2326 2373 summaverunt
2365 2319 2704 2388 iniquitatem
2733 2320 3129 2376 adinvcntionis
3157 2337 3288 2387 suae,
3318 2343 3337 2375 1
3365 2330 3499 2387 etc.,

1916 2425 2081 2481 usque
2123 2409 2192 2462 ad
2225 2429 2243 2462 1
2287 2409 2343 2464 in
2378 2409 2660 2465 consilium
2703 2426 2890 2466 eorum
2931 2426 3037 2467 non
3087 2413 3270 2468 veniat
3308 2411 3510 2468 anima'

1918 2513 2060 2553 mea.
2101 2518 2119 2550 )
3179 2521 3182 2524 ’

1992 2587 2156 2644 γης.
2185 2589 2239 2645 8.
2265 2620 2336 2632 -
2363 2607 2382 2644 t
2411 2589 2566 2656 Juda,
2598 2600 2651 2646 te
2678 2592 3000 2657 laudabunt,
3034 2613 3053 2647 1
3087 2601 3190 2650 etc.
3216 2593 3501 2667 (HIERON.,

1918 2684 2010 2740 ubi
2038 2683 2244 2756 supra.)
2273 2683 2408 2751 Quia
2445 2683 2583 2740 Juda
2613 2684 2868 2755 confessio
2911 2685 2995 2741 vel
3033 2684 3150 2740 laus
3180 2687 3504 2758 interpreta-

1922 2786 2040 2844 tur,
2068 2786 2172 2834 etc.
2192 2817 2208 2844 ,
2239 2793 2402 2849 usque
2443 2779 2511 2832 ad
2542 2777 2698 2848 juxta
2724 2778 2973 2834 eumdem
2995 2793 3214 2834 sensum
3239 2779 3359 2834 aliis
3381 2793 3504 2834 ver-

1920 2869 2005 2925 bis
2049 2869 2292 2944 Ecclesia
2322 2878 2654 2926 monstratur
2679 2911 2694 2935 ,
2731 2870 2798 2925 de
2826 2886 2931 2940 qua
2960 2871 3158 2926 dicitur
3193 2870 3385 2925 Matth.
3415 2886 3450 2925 v
3482 2890 3499 2925 ι

1927 2979 1946 3013 1
1983 2960 2101 3017 Non
2147 2970 2328 3032 potest
2377 2963 2569 3018 civitas
2617 2962 2875 3019 abscondi
2915 2977 3078 3034 super
3121 2971 3360 3019 montem
3409 2977 3509 3033 po-

1923 3037 2046 3107 sita.
2078 3072 2096 3104 )

1993 3142 2158 3199 Vsus.
2185 3143 2241 3200 9.
2289 3175 2359 3186 —
2392 3163 2410 3199 1
2448 3143 2670 3200 Catulus
2705 3144 2879 3202 leonis
2905 3143 3041 3202 Juda
3073 3161 3088 3201 :
3131 3146 3200 3202 ad
3228 3146 3466 3218 praedam
3489 3187 3508 3211 ,

1932 3252 1950 3287 1
1988 3234 2062 3288 illi
2091 3235 2197 3300 mi,
2221 3235 2511 3290 ascendisti
2538 3253 2551 3289 :
2579 3235 2922 3305 requiescens
2951 3237 3252 3293 accubuisti
3275 3245 3334 3292 ut
3357 3239 3461 3303 leo,
3483 3256 3504 3288 ι

1924 3336 2030 3385 etc.
2065 3327 2240 3400 (lsrn.)
2277 3327 2370 3384 γει
2407 3327 2618 3384 catulus
2656 3327 2828 3385 leonis
2872 3329 2926 3384 in
2967 3344 3160 3387 somno
3193 3329 3499 3400 requievit,

1925 3421 2052 3491 quia
2079 3436 2184 3476 non
2208 3420 2548 3484 necessitate,
2565 3420 2658 3475 sed
2684 3428 2973 3490 potestate.
3001 3419 3156 3477 Unde
3185 3437 3200 3476 :
3237 3420 3511 3476 «Potesta-

1928 3519 2038 3566 tem
2069 3510 2242 3564 habeo
2279 3508 2516 3579 ponendi
2563 3508 2799 3562 animam
2839 3524 3040 3573 meam,
3081 3517 3137 3564 et
3179 3524 3340 3565 nemo
3369 3508 3510 3566 tollit

1929 3615 2049 3656 eam
2073 3615 2104 3654 a
2123 3609 2210 3654 me
2229 3639 2244 3666 ,
2271 3599 2366 3654 sed
2391 3613 2492 3669 ego
2506 3613 2646 3668 pono
2663 3613 2784 3653 eam
2824 3599 3005 3672 (Joan.
3047 3598 3127 3672 x).
3159 3618 3180 3654 1
3206 3599 3360 3668 Quod
3380 3615 3513 3657 vero

1932 3690 2108 3755 addit,
2149 3707 2168 3740 1
2207 3697 2262 3743 et
2302 3697 2361 3743 ut
2391 3688 2602 3744 catulus
2627 3687 2819 3756 leonis,
2855 3707 2877 3744 1
2917 3690 3041 3745 inde
3077 3690 3220 3746 enim
3266 3699 3514 3748 mortuus

1934 3783 2075 3838 unde
2114 3791 2290 3838 natus.
2318 3781 2486 3837 Aiunt
2512 3783 2721 3855 physici
2758 3783 2898 3854 quod
2931 3783 3144 3840 catulus
3168 3783 3357 3851 leonis,
3383 3801 3512 3842 eum

1937 3874 2102 3930 fuerit
2131 3883 2313 3940 natus,
2344 3874 2517 3929 tribus
2541 3874 2730 3930 diebus
2755 3875 2954 3930 dormit
2972 3883 3028 3931 et
3055 3877 3227 3932 tribus
3245 3877 3510 3934 noctibus.

1937 3967 2139 4022 Deinde
2179 3968 2348 4037 patris
2377 3966 2591 4022 fremitu
2635 3967 2984 4023 tremefactus
3019 3968 3209 4024 cubilis
3237 3969 3387 4026 locus
3413 3987 3512 4027 ex-

1939 4059 2070 4114 citat
2114 4057 2471 4112 dormientem
2505 4073 2520 4111 :
2549 4057 2797 4113 Christus
2827 4073 3042 4129 quoque
3096 4060 3148 4113 in
3203 4061 3366 4116 cubili
3422 4077 3512 4117 se-

1938 4150 2109 4221 pulcri
2140 4151 2314 4206 tribus
2342 4151 2588 4206 noctibus
2615 4150 2806 4221 jacens
2834 4139 2856 4216 ,'
2895 4153 3162 4207 somnium
3190 4155 3380 4209 mortis
3407 4155 3515 4210 im—

1943 4243 2127 4314 plevit.
2159 4241 2304 4297 Bene
2331 4257 2460 4314 ergo
2483 4241 2733 4299 Christus
2768 4253 2826 4298 ut
2856 4243 2940 4299 leo
2967 4246 3250 4316 requievit,
3283 4247 3374 4316 qui
3405 4263 3512 4302 non

1943 4334 2114 4388 solum
2147 4333 2338 4388 mortis
2367 4333 2738 4398 acerbitatem,
2766 4334 2856 4389 sed
2882 4343 2939 4388 et
2969 4335 3248 4403 imperium
3281 4335 3430 4400 vicit,
3461 4346 3520 4392 et

1945 4433 2006 4478 ut
2033 4424 2244 4479 catulus
2271 4424 2462 4490 leonis,
2496 4426 2620 4495 quia
2656 4425 2742 4480 die
2781 4425 2938 4479 tertia
2997 4427 3314 4481 resurrexit.
3363 4427 3515 4484 Unde

260 4526 369 4583 est,
386 4527 514 4584 etc.,
535 4535 697 4590 usque
721 4519 790 4574 ad
816 4527 870 4574 et
899 4519 1227 4576 Mausoleum
1244 4521 1360 4592 ejus
1389 4522 1460 4577 ibi
1488 4537 1657 4592 usque
1682 4523 1843 4580 hodie
1873 4558 1922 4618 ι)
1946 4517 2160 4571 additur
2181 4533 2196 4549 ⁹

260 4609 527 4666 cernitur.

339 4701 524 4772 (Αυθ.)
550 4700 702 4769 Quod
734 4701 1030 4758 Sichimam
1065 4704 1190 4758 dicit
1222 4701 1388 4758 .lacob
1417 4703 1744 4775 praecipuam
1789 4721 1848 4762 se

265 4794 401 4847 dare
428 4791 537 4847 ﬁlio
561 4809 658 4848 suo
686 4791 905 4862 Joseph,
930 4802 985 4848 et
1008 4794 1212 4848 addidit
1233 4793 1374 4862 quod
1405 4796 1703 4863 possederit
1725 4810 1846 4850 eam

267 4883 326 4936 in
365 4882 543 4952 gladio
588 4891 644 4938 et
689 4899 851 4950 arcu,
898 4883 1156 4953 quaeritur
1195 4886 1465 4954 quomodo
1503 4885 1571 4939 ad
1613 4885 1848 4941 litteram

268 4974 561 5029 conveniat
592 4973 728 5029 Gen.
753 4990 939 5031 xxxiv.
964 4975 1107 5029 Emit
1130 4975 1273 5029 enim
1303 4985 1521 5030 centum
1543 4975 1694 5046 agnis
1727 4991 1851 5045 pos-

271 5063 574 5118 sessionem
607 5063 750 5118 illam
769 5105 783 5129 ,
814 5080 918 5118 non
951 5065 1093 5134 cepit
1109 5063 1232 5131 jure
1253 5064 1396 5120 belli.
1420 5063 1501 5118 An
1525 5065 1649 5134 quia
1672 5066 1850 5121 Salem

272 5153 548 5208 civitatem
589 5153 950 5209 Sichimorum
997 5154 1090 5208 ﬁlii
1134 5155 1250 5225 ejus
1293 5163 1754 5223 expugnaverant,
1799 5164 1853 5212 et

270 5244 393 5314 jure
427 5245 550 5300 belli
577 5245 750 5316 potuit
777 5246 894 5316 ejus
923 5245 1060 5313 ﬁeri,
1091 5257 1151 5301 ut
1171 5247 1376 5316 justum
1402 5248 1598 5304 bellum
1627 5265 1749 5304 cum
1773 5250 1852 5306 eis

275 5337 525 5391 videatur
546 5378 559 5400 ,
612 5339 703 5407 qui
746 5339 956 5408 priores
993 5337 1238 5393 fecerunt
1267 5339 1516 5409 injuriam
1543 5381 1558 5406 ,
1591 5343 1849 5396 contami-

278 5429 460 5482 nando
485 5426 603 5495 ejus
632 5428 841 5482 ﬁliam?
871 5427 982 5483 Cur
1018 5443 1146 5498 ergo
1185 5443 1287 5483 non
1325 5429 1472 5483 dedit
1515 5445 1634 5485 eam
1685 5431 1854 5501 majo-

281 5516 438 5570 ribus
477 5515 602 5571 ﬁliis
640 5518 770 5579 suis,
802 5519 894 5586 qui
939 5518 1042 5572 hoc
1067 5516 1352 5572 fecerunt?
1381 5518 1583 5575 Deinde
1621 5522 1665 5575 si
1696 5522 1854 5576 modo

281 5611 348 5664 de
377 5611 606 5664 victoria
647 5611 880 5681 glorians
925 5612 1014 5667 dat
1060 5625 1181 5665 eam
1223 5611 1444 5682 .Ioseph.
1493 5630 1591 5667 cur
1633 5615 1682 5668 ei
1728 5623 1855 5668 tunc

284 5703 675 5773 displicuerunl
698 5704 790 5757 filii
814 5705 902 5773 qui
929 5705 1029 5758 hoc
1051 5704 1474 5758 commiserunt?
1499 5705 1606 5759 Cur
1627 5705 1856 5773 denique

287 5810 410 5850 cum
448 5809 543 5850 eos
575 5794 948 5860 benediceret,
995 5796 1045 5850 id
1075 5797 1451 5866 exprobrando
1491 5799 1806 5862 memoravit
1835 5798 1858 5852 ?

2027 4626 2046 4660 1
2083 4607 2215 4676 Quis
2245 4607 2528 4662 suscitabit
2565 4607 2724 4661 eum?
2755 4625 2774 4660 1
2819 4615 2922 4662 etc.
2969 4606 3190 4675 Nullus,
3246 4611 3474 4666 subaudi
3497 4652 3515 4679 ,

1949 4699 2054 4752 nisi
2083 4699 2198 4767 ipse
2226 4696 2319 4766 qui
2348 4697 2425 4750 ait
2447 4696 2600 4750 Joan.
2630 4712 2667 4750 11
2695 4715 2707 4750 2
2746 4714 2764 4748 1
2794 4695 2995 4751 Solvite
3025 4698 3282 4768 templum
3325 4702 3426 4756 hoc
3462 4709 3544 4758 et.

1951 4789 2004 4844 in
2034 4790 2210 4844 triduo
2237 4787 2570 4844 resuscitabo
2592 4787 2738 4842 illud.
2775 4807 2794 4840 1

2021 4878 2186 4935 Vens.
2219 4881 2304 4934 l0.
2329 4907 2400 4920 —
2431 4896 2450 4929 ι
2483 4877 2600 4932 Non
2637 4879 2911 4934 auferetur
2934 4891 3205 4952 sceptrum
3233 4885 3298 4939 de
3326 4883 3516 4946 .luda.»

1953 4982 2062 5029 etc.
2099 4973 2306 5028 Tandiu
2332 4973 2474 5026 enim
2505 4986 2570 5026 ex
2606 4973 2811 5028 semine
2849 4973 3000 5030 Iudae
3048 4990 3214 5048 reges
3247 4979 3387 5048 apud
3429 4977 3522 5033 Juo

1957 5067 2102 5120 dmos
2128 5061 2366 5128 fuerunt,
2388 5063 2556 5118 donec
2579 5064 2823 5119 Christus
2845 5080 2908 5121 ex
2938 5064 3156 5135 Virgine
3187 5079 3518 5125 nasceretur.

1955 5155 2168 5210 Primus
2193 5154 2338 5209 enim
2367 5154 2418 5207 in
2451 5164 2607 5224 gente
2633 5153 2938 5210 Judzeorum
2962 5173 3054 5212 rex
3093 5159 3388 5231 alienigena
3421 5161 3527 5218 fuit

1957 5246 2214 5311 Herodes,
2255 5246 2468 5316 quando
2495 5246 2608 5317 jam
2637 5247 2882 5302 Christus
2925 5257 3083 5304 natus
3119 5259 3219 5306 est.
3254 5252 3353 5320 Qui
3395 5269 3528 5323 ergo

1956 5345 2116 5409 negat
2152 5336 2365 5390 venisse
2404 5335 2698 5401 Christum,
2753 5339 3001 5394 ostendat
3039 5356 3220 5413 regem
3269 5343 3337 5400 de
3381 5344 3532 5398 tribu.

1958 5427 2090 5483 Juda
2120 5428 2171 5480 in
2197 5435 2356 5496 gente
2384 5426 2712 5482 Iudaeorum.

2029 5518 2191 5575 Vsus.
2207 5519 2366 5572 li.—
2384 5537 2402 5570 1
2426 5519 2624 5588 Ligans
2649 5521 2712 5575 ad
2741 5521 2950 5576 vineam
2972 5521 3172 5592 pullum
3193 5539 3398 5587 suum,»
3415 5533 3520 5580 etc.

1960 5609 2158 5666 Gentes
2200 5625 2332 5678 quas
2395 5610 2496 5665 sibi
2547 5610 2842 5678 subjunxit.
2897 5612 3050 5668 Unde
3093 5615 3290 5668 Ezech.
3343 5631 3522 5670 tvm:

1967 5722 1985 5753 (
2018 5702 2150 5756 Vivo
2179 5717 2293 5772 ego,
2327 5701 2457 5756 dicit
2487 5702 2763 5768 Dominus,
2791 5703 2894 5758 nisi
2915 5705 3014 5760 hos
3035 5705 3278 5760 homines
3307 5705 3524 5764 induam

1960 5797 2096 5851 sicut
2129 5793 2528 5848 vestimentum.
2566 5813 2582 5842 ι
2619 5792 2726 5849 Nos
2751 5795 2894 5848 enim
2915 5781 3162 5852 Christus
3188 5795 3242 5851 iu
3265 5800 3541 5870 sanguine.
