4074 6334
552 343 652 401 179

1040 337 1429 393 WALAFRIDI
1470 336 1714 393 STRABI
1749 335 1955 393 FULD.
2000 333 2162 392 ΜΘΝ.
2203 336 2354 393 OPP.
2395 336 2575 399 PARS
2612 339 2655 396 Ι.
2695 371 2764 383 -
2802 341 3263 400 THEOLOGICA.

3695 342 3811 401 180

548 471 666 515 uva!
702 454 979 510 mandavit
1015 453 1231 523 quando
1261 456 1401 509 sicut
1436 452 1623 507 botrus
1661 452 1715 506 in
1754 451 1899 524 ligno
1944 450 2124 507 crucis
2151 448 2202 512 Α
2228 460 2284 506 et
2307 453 2612 522 superbiam
2639 454 2972 510 excelsorum
3002 454 3328 521 humiliavit,
3358 430 3490 511 et‘ei
3524 453 3684 512 datus
3716 462 3814 514 est

547 546 821 619 pependit,
848 552 906 601 et
930 559 997 600 ex
1024 545 1201 602 latere
1237 545 1355 617 ejus
1390 558 1531 615 aqua
1577 543 1633 599 in
1682 543 2032 610 ablutionem,
2065 551 2123 599 et

549 640 773 712 sanguis
807 639 972 696 exivit
1011 637 1070 693 in
1107 637 1548 707 redemptionem.
1627 705 1631 709 ν

619 733 785 790 Vna.
811 731 982 786 12.—
1007 747 1029 783 ι
1053 728 1397 786 Pulchriores
1417 727 1581 794 oculi,
1610 748 1630 782 ι
1661 736 1766 784 etc.
1791 726 1963 799 (Ιειυ.)
1984 726 2121 796 Quia

548 823 794 883 doctrina
815 838 1004 880 eorum
1029 821 1400 879 austeritatem
1427 820 1626 877 veteris
1650 819 1785 890 legis
1809 826 2119 890 exsuperat,

547 926 605 973 et
643 915 952 987 evangelica
996 921 1266 986 praecepta
1311 911 1539 969 clariora
1596 921 1724 968 sunt
1774 926 1937 982 quam
1985 911 2123 983 legis

547 1007 821 1064 mandata.

623 1116 643 1150 ι
677 1098 861 1164 Lacte,
895 1117 914 1149 ι
945 1096 1000 1152 id
1027 1104 1111 1152 est
1137 1095 1378 1151 doctrina
1407 1094 1563 1167 legis,
1593 1109 1712 1164 quae
1737 1095 2007 1151 carnalem
2029 1109 2123 1167 po-

544 1189 727 1261 pulum
757 1189 1142 1259 vel,parvulum
1167 1188 1309 1244 lacte
1335 1187 1545 1244 alebat:
1568 1188 1661 1244 sed
1682 1208 1701 1240 ι
1722 1188 2114 1255 candidiores,»

546 1283 804 1339 Ecclesiae
826 1283 1092 1348 doctores,
1105 1282 1197 1352 qui
1213 1280 1412 1338 fortem
1436 1291 1491 1337 et
1510 1282 1748 1337 validum
1770 1281 1918 1338 verbi
1941 1282 2120 1339 cibum

546 1375 876 1430 manducent
901 1415 918 1441 ,
962 1382 1017 1430 et
1045 1373 1397 1429 distribuunt.
1447 1372 1600 1429 Unde
1630 1372 1794 1429 Hebr.
1823 1389 1859 1427 v
1888 1391 1902 1427 :
1932 1392 1951 1424 ι
1984 1372 2123 1429 Per-

545 1464 809 1523 fectorum
835 1475 918 1522 est
972 1466 1176 1522 solidus
1203 1466 1358 1521 cibus
1380 1505 1396 1531 ,
1434 1483 1456 1517 ι
1484 1466 1578 1537 qui
1606 1466 1747 1522 bene
1796 1484 1815 1518 ‹
1843 1466 2123 1523 candidio-

548 1574 637 1616 res
668 1546 809 1615 lacte
845 1579 863 1613 ι
895 1560 1171 1626 dicuntur,
1202 1559 1330 1630 quia
1359 1557 1608 1625 candidi,
1646 1560 1767 1630 puri
1796 1565 1851 1614 et
1877 1561 1945 1616 ab
1971 1559 2121 1616 omni

545 1652 755 1709 macula
779 1652 959 1708 liberi.

2222 543 2572 613 principatus,
2596 552 2652 600 et
2680 546 2872 611 honor,
2902 553 2958 601 et
2985 560 3229 617 regnum.

2224 664 2234 697 ε
2292 634 2455 691 Vsus.
2502 636 2592 691 21.
2618 666 2690 677 —
2733 654 2753 689 ι
2788 635 3094 707 Nephthali.
3125 656 3144 690 ι
3175 636 3463 709 (ΗιιειιοΝ.)
3488 635 3811 709 Allegorice.

2222 728 2525 799 Virgultum
2586 728 2926 796 dissolutum,
2986 730 3121 785 dans
3182 730 3387 785 nationi
3439 728 3813 799 pulchritudi-

2220 832 2369 883 nem,
2396 828 2524 884 etc.,
2562 834 2726 891 usque
2747 820 2817 873 ad
2844 819 2971 890 quia
3001 818 3075 875 ibi
3110 818 3195 876 vel
3225 819 3459 876 maxime
3485 819 3702 888 docuit,
3740 829 3813 877 ut

2221 907 2275 963 in
2304 908 2595 979 Evangelio
2613 924 2826 980 quoque
2848 909 3110 980 scriptum
3133 918 3236 966 est.

2296 1015 2317 1049 ς
2352 997 2635 1068 Nephthali
2662 1014 2859 1054 cervus
2879 1001 3139 1065 emissus,
3172 1019 3191 1052 ι
3219 1008 3325 1056 etc.
3355 998 3529 1074 (lsrn.)
3557 998 3811 1072 Apostoli

2221 1088 2367 1143 enim
2413 1094 2469 1143 et
2516 1089 2902 1159 praedicatores
2924 1130 2938 1155 ,
2989 1089 3250 1146 velociter
3286 1089 3619 1157 exsilientes,
3659 1090 3813 1147 sicut

2220 1180 2386 1245 cervi,
2420 1180 2805 1235 transcendunt
2850 1180 3228 1251 impedimenta
3257 1182 3458 1249 saeculi,
3487 1190 3545 1237 et
3585 1182 3812 1238 excelsa

2221 1272 2566 1338 meditantes,
2598 1272 2728 1327 dant
2751 1271 2964 1341 eloquia
2988 1273 3433 1351 pulchritudinis,
3464 1272 3520 1329 id
3549 1280 3634 1330 est
3662 1289 3817 1344 pra:-

2223 1364 2405 1420 dicant
2438 1364 2741 1420 doctrinam
2775 1362 3094 1419 Salvatoris.

2246 1484 2247 1489 π
2293 1455 2458 1512 Vens.
2496 1455 2684 1512 22-26.
2710 1485 2783 1497 ——
2811 1473 2831 1508 ι
2863 1455 3033 1511 Filius
3056 1468 3371 1511 accrescens
3390 1450 3613 1525 Ioseph,
3646 1470 3666 1505 ι
3694 1462 3810 1511 etc.

2224 1547 2482 1622 (Eranos.
2511 1589 2527 1615 ,
2560 1548 2650 1603 ubi
2674 1548 2883 1621 supra.)
2914 1568 2933 1601 ι
2960 1547 3130 1604 Filius
3155 1562 3477 1603 accrescens
3503 1561 3667 1618 super
3687 1544 3817 1601 fon-

2220 1647 2349 1703 tem,
2363 1660 2383 1693 ›
2402 1648 2533 1708 etc.,
2547 1656 2707 1712 usque
2725 1639 2794 1695 ad
2817 1640 3090 1711 imperans
3111 1653 3324 1711 quoque
3344 1638 3530 1695 decem
3557 1637 3819 1696 tribubus

614 1743 897 1801 ans.15.
920 1774 992 1786 —
1030 1761 1051 1796 ι
1089 1744 1331 1801 Zabulon
1362 1744 1418 1800 in
1445 1745 1659 1810 littore,
1702 1765 1721 1798 ι
1767 1751 1874 1800 etc.
1904 1743 1977 1801 Ut
1998 1756 2119 1799 cre-
2165 1808 2174 1810 _
2222 1730 2407 1788 Israel-

547 1838 797 1895 dentibus
869 1838 1137 1911 refugium
1194 1849 1253 1896 et
1298 1808 2119 1911 periclitantibus'demonstret

2294 1824 2458 1881 Vsus.
2486 1823 2576 1879 27.
2608 1844 2628 1877 ι
2660 1822 2936 1895 Beniamin
2960 1823 3117 1897 lupus
3136 1840 3325 1897 rapax,
3356 1844 3375 1877 ι
3398 1833 3504 1880 etc.
3527 1821 3817 1893 (HIEBON.,

547 1926 671 1984 fidei
698 1939 935 1998 portum.
964 1928 1164 1984 Contra
1187 1945 1378 1985 omnes
1398 1931 1659 1987 terminos
1686 1931 1868 1987 saaculi
1894 1931 2124 1988 solidata

546 2027 825 2088 exspectat
851 2018 1190 2090 naufragium
1219 2019 1526 2077 Iudaeorum
1569 2031 1625 2077 et
1662 2022 1926 2093 procellas
1953 2023 2127 2077 haere-

545 2109 775 2165 ticorum
803 2129 816 2165 :
848 2111 941 2180 qui
971 2110 1429 2167 circumferuntur
1449 2112 1594 2166 omni
1629 2120 1792 2167 vento
1824 2112 2082 2168 doctrinae
2103 2151 2118 2175 ,

546 2198 672 2255 inde
693 2201 857 2257 etiam
899 2201 1122 2271 apostoli
1155 2201 1320 2272 aliqui
1360 2202 1623 2273 assumpti
1667 2222 1680 2257 :
1719 2203 1793 2258 ibi
1831 2218 1974 2273 saepe
2020 2202 2127 2259 Do-

546 2292 725 2347 minus
756 2292 960 2348 docuit.
987 2291 1255 2364 Pertingit
1291 2302 1470 2349 autem
1512 2308 1683 2363 usque
1721 2294 1789 2350 ad
1825 2292 2080 2349 Sidoncm
2104 2334 2120 2361 ,

546 2383 601 2439 id
636 2390 758 2449 est,
794 2398 967 2453 usque
1008 2384 1074 2438 ad
1118 2390 1307 2454 gentes
1354 2385 1621 2455 pervenit.
1684 2381 1842 2439 Unde
1879 2383 1981 2438 lsa.
2025 2400 2120 2439 rx:

552 2492 573 2528 ι
603 2474 770 2531 Terra
798 2475 1061 2541 Zabulou,
1091 2485 1147 2531 et
1172 2484 1316 2532 terra
1339 2476 1647 2547 Nephthali,
1673 2477 1760 2531 via
1779 2476 1947 2532 maris
1975 2484 2126 2533 trans

543 2566 870 2635 Iordanem,
901 2590 920 2622 ι
961 2578 1067 2624 etc.
1116 2566 1281 2624 Sidon
1316 2609 1330 2635 ,
1366 2570 1567 2625 venatio
1607 2582 1626 2621 :
1669 2577 1723 2624 et
1760 2583 1827 2624 ex
1867 2568 1947 2624 eis
1992 2568 2127 2626 locis

546 2661 749 2730 sumpti
777 2668 904 2715 sunt
934 2668 1242 2725 venatores,
1283 2660 1351 2716 de
1380 2660 1578 2730 quibus
1607 2659 1807 2715 dicitur
1828 2658 1942 2717 Jer.
1988 2675 2078 2715 xvi
2104 2674 2123 2715 :
2166 2724 2175 2731 ἡ

552 2768 575 2804 ‹
614 2751 819 2807 Mittam
842 2759 1130 2807 venatores
1168 2749 1366 2807 multos
1389 2791 1405 2816 ,
1443 2758 1499 2807 et
1543 2748 1887 2806 venabuntur
1933 2763 2031 2805 vos
2067 2748 2124 2804 in

546 2845 695 2901 omni
719 2851 921 2899 monte.
955 2862 974 2896 ι

570 2956 577 2963 ·
614 2935 777 2990 Vsus.
818 2934 901 3000 Η,
946 2933 1034 2990 15.
1061 2964 1130 2977 —-
1160 2953 1178 2986 ι
1210 2932 1477 2990 lssachar.
1518 2952 1538 2988 ι
1598 2933 1853 3006 (Ηιειιου.
1914 2930 2120 2999 Quivit.

548 3022 737 3096 Hebr.)
774 3023 984 3080 Bonum
1025 3024 1352 3080 desideravit
1381 3024 1726 3094 requiescens
1752 3024 1895 3080 inter
1919 3023 2125 3080 medios

545 3115 794 3184 clericos,
822 3124 953 3183 etc.,
976 3134 1139 3187 usque
1169 3117 1239 3172 ad
1273 3124 1329 3173 et
1350 3117 1473 3174 ideo
1513 3119 1561 3174 ei
1593 3133 1782 3175 omnes
1806 3118 1980 3175 tribus
2000 3134 2118 3176 ser-

543 3209 715 3275 viant,
746 3209 897 3279 quasi
926 3211 1184 3279 magistro
1212 3210 1351 3265 dona
1375 3218 1670 3279 portantes.
2126 3268 2137 3283 η

551 3329 554 3333 ~
618 3319 640 3353 ι
671 3300 963 3382 Accubans
980 3301 1124 3356 inter
1170 3301 1434 3357 terminos
1455 3341 1470 3366 ,
1501 3321 1521 3354 ι
1554 3308 1661 3357 etc.
1684 3301 1966 3358 Accubare
1989 3341 2003 3368 ,
2041 3308 2128 3358 est

544 3396 856 3466 exspectato
884 3392 1071 3450 mundi
1112 3393 1219 3451 ﬁne
1263 3396 1564 3466 quiescere,
1595 3394 1837 3465 nihilque
1866 3397 1932 3451 de
1970 3411 2126 3451 mun-

543 3484 700 3540 danis
735 3498 981 3555 quaerere
998 3525 1014 3551 ,
1041 3485 1136 3541 sed
1158 3485 1347 3540 ultima
1373 3484 1705 3541 desiderare.
1736 3483 1917 3541 Fortis
1939 3486 2126 3541 asinus

544 3576 787 3648 requiem
840 3577 1010 3643 vidit,
1058 3584 1113 3633 et
1159 3585 1358 3633 terram
1390 3577 1651 3649 optimam
1681 3594 1695 3631 :
1725 3590 1847 3633 cum
1896 3576 2123 3649 simplex

544 3669 819 3739 gentilitas
843 3671 910 3725 ad
939 3670 1106 3726 robur
1143 3671 1325 3742 operis
1368 3684 1428 3728 se
1461 3673 1675 3737 erexit,
1720 3672 1845 3743 quia
1890 3671 1958 3727 ad
2001 3671 2125 3726 vitae

537 3759 776 3829 patriam
804 3761 995 3816 tendit.

620 3847 1069 3906 Vsss.16-18.—c
1088 3850 1201 3907 Dan
1216 3850 1480 3920 iudicabit
1498 3852 1753 3924 populum
1783 3868 1993 3919 suum,»
2013 3863 2119 3911 etc.

547 3936 704 4009 (lsln.
733 3939 790 3993 in
815 3938 970 4005 Gem,
1007 3949 1141 3995 tom.
1201 3939 1287 4012 ν.)
1332 3941 1436 3996 Alii
1470 3956 1567 4012 per
1596 3942 1711 3998 haec
1740 3942 1906 3998 verba
1932 3950 2125 4014 putant

543 4027 763 4096 pmdici
814 4027 1206 4086 Antichristum
1252 4032 1319 4088 de
1357 4032 1502 4088 tribu
1532 4032 1649 4089 Dan
1679 4033 1939 4102 futurum,
1990 4044 2119 4102 etc.,

545 4121 800 4191 usquead
824 4129 881 4176 et
904 4131 1029 4191 post
1072 4122 1337 4180 beneficia
1382 4122 1522 4182 ficta:
1568 4125 1867 4183 dulcedinis
1900 4138 2124 4185 exercet

544 4224 747 4267 cornua
774 4213 1075 4284 potestatis.

620 4320 640 4354 ε
677 4302 792 4359 Dan
833 4306 1101 4374 iudicabit
1144 4309 1401 4380 populum
1460 4325 1617 4367 suum
1654 4312 1794 4368 sicut
1845 4329 2009 4369 unum
2054 4316 2120 4372 de

2147 3161 2197 3224 ὓ

2226 1918 2383 1991 ibid.)
2416 1937 2435 1970 ι
2464 1917 2620 1973 Mane
2659 1918 2907 1976 comedet
2948 1918 3184 1989 praedam
3216 1928 3265 1973 et
3307 1917 3375 1974 ad
3405 1931 3691 1987 vesperam
3730 1915 3819 1971 di-

2225 2009 2373 2065 videt
2407 2024 2608 2065 escam.
2647 2029 2667 2063 »
2704 2009 3023 2080 Quanquam
3065 2010 3133 2065 de
3174 2009 3343 2066 Paulo
3370 2008 3818 2079 manifestissime

2226 2103 2512 2174 prophetia
2561 2103 2651 2168 sit,
2700 2103 2844 2173 quod
2882 2103 2934 2157 in
2965 2102 3326 2159 adolescentia
3366 2118 3464 2158 sua
3487 2109 3817 2173 persecutus

2227 2195 2524 2252 Ecclesium
2550 2236 2564 2261 ,
2603 2196 2659 2250 in
2693 2204 2971 2251 senectute
3008 2196 3331 2265 praedicator
3378 2194 3655 2267 Evangelii
3700 2195 3819 2251 fue-

2228 2286 2322 2353 rit,
2349 2294 2478 2354 etc.,
2512 2302 2677 2357 usque
2704 2287 2774 2341 ad
2804 2302 2967 2358 super
2996 2287 3370 2343 sacerdotibus
3396 2288 3491 2359 qui
3518 2329 3534 2355 ,
3573 2288 3820 2344 servien-

2228 2387 2311 2434 tes
2339 2377 2517 2443 altari,
2546 2381 2734 2434 vivant
2758 2378 2824 2434 de
2849 2378 3008 2434 altari
3038 2377 3091 2452 (1
3117 2377 3240 2435 Cor.
3268 2379 3369 2451 lx).

2303 2491 2322 2523 ε
2354 2468 2633 2540 Beniamin
2673 2469 2832 2543 lupus
2856 2486 3045 2542 rapax,
3078 2490 3097 2524 ι
3122 2479 3230 2527 etc.
3261 2469 3689 2544 (lsm.).Quidam
3716 2471 3822 2527 do-

2228 2571 2436 2618 ctorum
2481 2560 2584 2618 hoc
2622 2562 2693 2617 ad
2741 2562 3077 2619 Hierusalem
3107 2563 3310 2630 retulit,
3351 2573 3485 2629 etc.,
3534 2578 3696 2636 usque
3742 2558 3821 2620 ad

2230 2662 2360 2710 tunc
2412 2652 2615 2709 dividet
2654 2668 2836 2710 escam
2862 2694 2878 2720 ,
2934 2654 3239 2726 intelligens
3268 2670 3298 2709 a
3336 2655 3529 2727 spiritu
3568 2656 3819 2712 litteram

2227 2750 2349 2801 e55e
2386 2744 2748 2810 dividendam,
2774 2744 2900 2816 quia
2940 2764 2959 2796 ‹
2994 2745 3175 2802 littera
3198 2746 3436 2815 occidit,
3463 2747 3688 2818 spiritus
3712 2762 3821 2803 au-

2229 2845 2338 2891 tem
2366 2835 2603 2892 vivificat
2632 2835 2721 2908 (11
2747 2835 2870 2892 Cor.
2900 2836 3005 2910 ιιι).
3041 2857 3060 2892 ι

2304 2923 2464 2983 Vsus.
2504 2925 2688 2981 28-31.
2715 2957 2787 2968 -
2815 2944 2833 2978 ‹
2866 2926 3067 2985 Omnes
3107 2928 3165 2985 hi
3215 2928 3270 2984 in
3301 2928 3551 2985 tribubus
3575 2968 3592 2995 ,
3629 2948 3650 2983 ι
3700 2936 3815 2985 etc.

2227 3020 2500 3088 Quaeritur
2518 3036 2615 3077 cur
2635 3018 2800 3077 Jacob
2823 3036 3013 3077 omnes
3039 3037 3177 3093 quos
3205 3022 3271 3078 de
3307 3021 3493 3079 liberis
3519 3030 3576 3079 et
3600 3021 3821 3078 ancillis

2228 3117 2434 3187 genuit,
2462 3116 2657 3188 asquali
2684 3117 2891 3172 honore
2921 3115 3060 3173 ﬁlios
3084 3126 3139 3172 et
3159 3118 3404 3177 haaredes
3429 3120 3777 3177 constituerit
3793 3119 3821 3175 ἲ

2232 3211 2360 3282 quia
2396 3211 2537 3266 sicut
2560 3208 2808 3266 Christus
2833 3210 3086 3267 omnibus
3110 3213 3203 3283 qui
3242 3227 3339 3283 per
3385 3212 3545 3271 ﬁdem
3595 3215 3818 3284 corpori

2226 3300 2345 3371 ejus
2393 3301 2748 3357 conciliantur
2774 3341 2789 3369 ,
2845 3300 2966 3372 pari
3008 3301 3219 3359 honore
3257 3312 3313 3359 et
3346 3303 3518 3375 gloria
3564 3304 3817 3365 coelestia

2224 3390 2449 3462 praemia
2485 3389 2732 3464 largitur.
2771 3409 2790 3443 ι
2826 3389 2943 3446 Non
2991 3398 3075 3446 est
3121 3393 3263 3448 enim
3311 3392 3386 3449 ibi
3439 3394 3695 3451 discretio
3740 3410 3816 3452 an

2225 3481 2445 3540 Judaeus
2472 3484 2544 3539 sit
2569 3499 2635 3539 an
2658 3483 2905 3549 Graecus,
2936 3482 3210 3542 Barbarus
3233 3501 3302 3541 an
3333 3484 3532 3557 Scytha
3564 3526 3581 3554 ,
3619 3503 3816 3545 servus

2225 3590 2294 3629 an
2324 3575 2463 3631 liber
2495 3594 2507 3630 :
2538 3576 2663 3647 quia
2690 3591 2789 3646 per
2815 3576 2997 3631 omnia
3026 3576 3160 3632 etin
3204 3577 3458 3634 omnibus
3486 3597 3505 3632 ι
3535 3578 3811 3647 Christus,

2226 3668 2319 3737 qui
2356 3664 2588 3723 formam
2617 3667 2763 3722 servi
2798 3666 2995 3734 induit,
3035 3676 3092 3723 et
3124 3682 3226 3739 pro
3251 3668 3424 3725 libero
3444 3677 3500 3725 et
3523 3684 3627 3741 pro
3651 3685 3814 3727 servo

2226 3759 2470 3822 servivit,
2500 3767 2562 3814 ut
2586 3759 2838 3815 omnibus
2862 3758 3070 3830 aequale
3109 3759 3309 3817 donum
3355 3759 3636 3834 largiatur.
3674 3761 3812 3831 Qui-

2226 3862 2438 3919 cunque
2470 3849 2616 3904 enim
2656 3849 2815 3905 fidem
2850 3849 3063 3904 Domini
3102 3858 3464 3920 promeretur,
3501 3851 3667 3910 nullis
3692 3868 3813 3909 ma-

2224 3934 2360 3991 culis
2381 3936 2616 3993 carnalis
2655 3936 2954 3994 nativitatis
2980 3937 3294 3995 oﬂ'uscatur.
3338 3938 3492 3998 Unde
3536 3938 3675 3997 ποθι.
3724 3957 3808 3998 u:

2231 4045 2252 4078 ι
2283 4025 2565 4084 Effundam
2589 4029 2656 4085 de
2678 4030 2872 4100 spiritu
2900 4047 3022 4088 meo
3047 4047 3210 4104 super
3243 4047 3459 4089 omnem
3503 4048 3748 4091 carnem.
3780 4055 3802 4089 ι

2294 4120 2459 4177 Vens.
2490 4121 2580 4177 52.
2602 4151 2673 4163 -—
2697 4123 3168 4196 c.Appositusque,
3194 4143 3214 4177 ι
3238 4131 3344 4181 etc.
3375 4123 3628 4200 (ὃπως.)
3649 4127 3810 4194 Qua-

2223 4211 2451 4267 rendum
2480 4213 2550 4269 de
2577 4227 2686 4284 quo
2713 4214 2913 4286 populo
2960 4215 3217 4272 dicatur?
3263 4215 3400 4272 Nam
3451 4217 3520 4274 de
3560 4218 3808 4290 patribus

2219 4304 2365 4360 nulla
2383 4308 2609 4377 quaestio
2626 4316 2729 4364 est.
2746 4307 2940 4365 Notum
2967 4318 3054 4367 est
3085 4312 3231 4367 enim
3259 4314 3402 4383 quod
3432 4314 3499 4369 ad
3527 4313 3807 4369 Abraham

543 4400 772 4469 sceptris
799 4400 983 4457 Israel.
1017 4401 1136 4458 Fiat
1165 4404 1279 4460 Dan
1311 4404 1532 4461 coluber
1567 4406 1623 4461 in
1652 4407 1759 4473 via,
1800 4408 2013 4479 regulus
2063 4409 2118 4464 in

2224 4408 2276 4452 et
2302 4395 2453 4453 Isaac
2477 4398 2757 4469 appositus
2795 4408 2880 4456 est
2904 4440 2921 4468 ,
2973 4400 3069 4457 sed
3104 4403 3333 4474 populus
3373 4402 3659 4458 multitudo
3695 4412 3802 4459 est.

545 4491 760 4557 semita,
778 4495 1033 4550 mordens
1054 4496 1281 4568 ungulas
1302 4498 1452 4568 equi,
1478 4506 1533 4553 et
1551 4499 1710 4554 cadat
1729 4513 1985 4555 ascensor
2004 4500 2122 4570 ejus
2146 4513 2201 4576 Ῑ)
2225 4488 2305 4544 Πιί
2337 4499 2519 4546 autem
2546 4499 2656 4546 lam
2682 4492 2842 4562 pauci
2874 4508 2983 4549 non
3005 4500 3255 4564 poterant
3292 4493 3521 4566 populus
3548 4493 3676 4549 dici.
3710 4492 3800 4547 ln-

542 4588 865 4637 retrorsum.
895 4578 1233 4642 Salvatorem
1264 4598 1413 4644 tuum
1448 4591 1796 4659 exspectabo,
1838 4590 2115 4647 Domine.»

2226 4580 2573 4653 telligendum
2603 4598 2734 4656 ergo
2772 4584 2876 4642 hoc
2900 4585 3065 4641 etiam
3098 4588 3165 4642 de
3193 4586 3398 4657 angelis
3420 4584 3550 4653 dici,
3575 4584 3644 4640 ad
3667 4598 3802 4654 quo-

482 4734 489 4741 .
545 4669 823 4743 (manem,
849 4674 939 4728 ubi
964 4676 1168 4747 supra.)
1195 4676 1425 4733 Samson
1453 4679 1617 4749 judex
1662 4679 1824 4735 Israel
1870 4680 1935 4735 de
1978 4678 2121 4735 tribu
2224 4690 2342 4731 rum
2368 4677 2682 4733 societatem
2706 4719 2721 4744 ,
2749 4679 2817 4735 de
2836 4680 3039 4736 mundo
3065 4688 3425 4745 transeuntes,
3453 4685 3801 4751 apponuntur

542 4760 659 4818 Dan
682 4761 807 4831 fuit,
830 4774 962 4832 etc.,
992 4783 1153 4838 usque
1183 4768 1252 4824 ad
1283 4778 1338 4826 et
1364 4771 1478 4842 ipse
1503 4774 1609 4828 erit
1630 4773 1967 4843 exspectatio
1990 4788 2122 4844 gen-
2222 4768 2417 4823 sancti.
2459 4768 2613 4825 Unde
2656 4768 2823 4826 Hebr.
2866 4786 2947 4827 xu
2991 4791 3006 4827 :
3050 4790 3070 4824 ι
3102 4770 3425 4829 Accessistis
3451 4770 3521 4827 ad
3555 4776 3803 4826 montem

545 4856 701 4910 tium.

614 4946 780 5004 Vens.
828 4948 917 5015 19,
960 4949 1050 5007 20.
1077 4982 1147 4993 —
1179 4970 1198 5006 ‹
1226 4951 1363 5010 Gad.
1398 4974 1418 5009 ι
1445 4956 1721 5033 (Ηιειιοη.)
1758 4959 2118 5020 Latrunculus

542 5038 957 5097 latrocinabitur
981 5053 1106 5099 ante
1133 5060 1279 5113 eum,
1310 5056 1440 5115 etc.,
1474 5068 1636 5121 usque
1658 5053 1729 5106 ad
1756 5062 1813 5108 et
1836 5053 1993 5111 victis
2020 5055 2118 5111 ho-

543 5127 715 5184 stibus
750 5128 965 5188 fortiter
996 5134 1289 5192 dimicavit.

619 5237 640 5272 σ
675 5220 792 5279 Gad
833 5226 1110 5284 accinctus
1142 5230 1475 5299 praeliabitur
1515 5242 1643 5289 ante
1696 5250 1841 5291 eum.
1875 5256 1895 5290 ι
1931 5237 2117 5312 (lstn.)

540 5310 789 5371 Christus
828 5326 951 5374 ante
987 5328 1043 5375 et
1090 5330 1238 5379 retro
1266 5325 1600 5394 praeliabitur
1626 5336 1812 5384 contra
1843 5310 2117 5388 Antichri—

540 5415 683 5463 stum
711 5426 725 5464 ε
755 5416 901 5477 ante,
924 5414 1136 5472 occulto
1167 5417 1394 5471 adventu
1416 5418 1753 5485 humilitatis;
1778 5431 1921 5490 post,
1946 5425 2117 5478 mani-

540 5499 735 5559 festata
758 5504 927 5576 gloria
956 5506 1274 5575 majestatis.
1306 5509 1457 5566 Unde
1483 5511 1692 5582 Moyses
1714 5514 1869 5570 Deut.
1894 5533 1963 5571 xx
1975 5534 2069 5573 xm
2096 5533 2110 5572 :

549 5608 568 5641 σ
600 5590 918 5653 Benedictus
945 5596 998 5651 in
1027 5597 1309 5654 latitudine
1335 5600 1450 5655 Gad
1475 5642 1490 5667 ,
1519 5605 1670 5671 quasi
1697 5604 1779 5660 leo
1808 5610 2070 5678 requievit
2096 5629 2107 5664 :

541 5683 789 5754 cepitque
817 5688 1095 5745 brachium
1121 5700 1175 5746 et
1202 5693 1480 5760 verticem,
1512 5703 1566 5749 et
1595 5697 1725 5751 vidit
1751 5701 2108 5773 principatum

541 5787 714 5828 suum.
753 5794 772 5829 ι
804 5775 1053 5837 Christus
1073 5782 1217 5838 enim
1247 5782 1302 5839 in
1328 5784 1575 5856 sepulcro
1593 5788 1816 5862 quievit,
1848 5794 2110 5855 verticem

2222 4856 2379 4925 Sion,
2408 4868 2463 4915 et
2493 4860 2561 4915 ad
2584 4858 2918 4917 Hierusalem
2948 4861 3248 4929 ctelestem,
3269 4870 3326 4918 et
3347 4862 3416 4919 ad
3436 4860 3801 4934 frequentiam

2222 4947 2559 5021 angelorum,
2587 4972 2606 5005 ι
2636 4959 2743 5008 etc.

2839 5041 3066 5098 CAPUT
3103 5043 3165 5098 L.

2292 5156 2454 5213 Vens.
2488 5157 2598 5214 1-5.
2625 5187 2696 5199 -—
2743 5177 2764 5212 ι
2798 5158 2950 5227 Quod
2985 5176 3217 5219 cernens
3249 5160 3479 5233 Joseph,
3518 5163 3648 5218 ruit.
3672 5202 3690 5217 .
3720 5199 3737 5218 .
3777 5202 3791 5217 .

2225 5264 2244 5298 ι
2279 5248 2612 5304 transierunt
2635 5249 2991 5323 quadraginta
3012 5253 3180 5309 dies.»
3207 5253 3457 5329 (Suam)
3480 5252 3583 5324 Qui
3604 5270 3792 5310 nume

2220 5353 2314 5394 rus
2350 5341 2683 5410 pmnitentia:
2700 5352 2761 5400 et
2778 5344 3069 5402 humilitati
3109 5347 3382 5404 convenit.
3411 5347 3565 5405 Unde
3594 5349 3648 5403 in
3674 5347 3793 5421 lege

2217 5437 2273 5484 et
2310 5430 2363 5485 in
2394 5431 2683 5504 Evangelia
2719 5451 2752 5490 a
2780 5438 3056 5508 prophetis
3093 5448 3150 5495 et
3186 5440 3255 5495 ab
3283 5440 3399 5511 ipso
3436 5439 3672 5498 Domino
3697 5441 3792 5497 ob-

2217 5531 2464 5580 servatus
2492 5535 2595 5582 εει.

2288 5615 2470 5687 (Αυο.)
2497 5618 2859 5690 Quadraginta
2888 5622 3005 5678 dies
3025 5624 3329 5693 sepulturae,
3365 5640 3502 5696 quos
3526 5634 3793 5682 memorat

2218 5706 2519 5778 Scriptura,
2544 5711 2683 5768 forte
2709 5714 3083 5783 paenitentiam
3127 5717 3437 5789 signiﬁcant
3457 5760 3471 5785 ,
3504 5734 3609 5791 qua
3636 5734 3791 5790 sepe-

2216 5798 2420 5857 liuntur
2452 5814 2694 5876 peccata.
2727 5808 2846 5868 Non
2876 5813 3021 5869 enim
3052 5813 3251 5871 frustra
3289 5810 3645 5884 quadraginta
3673 5812 3791 5873 dies
