3998 6332
501 381 604 439 185

999 373 1388 433 WALAFRIDI
1426 369 1672 428 STRABI
1709 365 1915 424 FULD.
1955 361 2075 417 MOE

2183 357 2311 418 )PP.
2351 358 2532 415 PARS
2569 358 2610 414 1.
2644 387 2716 400 --
2750 355 3206 415 THEOLOGICA.

3637 356 3742 414 184

499 519 3744 571 Μ

1725 659 2022 740 LIBER
2097 655 2501 737 EXODUS

605 831 862 891 Hebraice
893 830 1108 889 Vnam:
1143 827 1365 883 SEIO'I‘II
1405 783 1594 897 (tim
1624 803 1803 892 nbis),
1842 817 1898 872 id
1927 825 2024 879 est,
2064 811 2194 868 Hinc
2229 825 2365 867 sum
2400 827 2642 878 uouisti;
2683 807 2862 868 erce
2898 815 3144 876 ΕΞοΔοΣ,
3180 818 3238 865 ut
3279 818 3356 865 est
3402 808 3629 870 Eum

807 1040 1275 1103 PROTHEMATA
1316 1038 1384 1095 IN
1420 1034 1732 1094 EXODUM.

569 1181 750 1256 (ΒΑΕ.)
794 1181 853 1236 In
900 1176 1266 1234 Pentateucho
1305 1172 1519 1230 excellit
1560 1170 1810 1234 Exodus,
1857 1168 1909 1224 in
1963 1183 2070 1238 quo

493 1290 635 1348 pene
661 1272 842 1328 omnia
873 1275 1208 1324 sacramenta
1239 1266 1436 1336 quibus
1471 1261 1716 1318 Ecclesia
1759 1259 2068 1324 instruitur,

499 1366 795 1439 ﬁguraliter
842 1361 1240 1431 exprimuntur.
1279 1357 1384 1411 Per
1427 1351 1760 1424 corporalem
1795 1350 1938 1405 enim
1981 1363 2074 1404 ex-

497 1459 633 1513 itum
687 1456 917 1510 ﬁliorum
955 1450 1120 1506 Israel
1161 1449 1228 1503 de
1278 1445 1514 1518 Egypto
1550 1443 1848 1513 corporalis
1888 1449 2075 1497 noster

496 1547 675 1602 exitus
709 1547 776 1601 de
819 1543 1058 1614 Egypto
1115 1523 1382 1611 spirituali
1437 1537 1702 1607 signatur.
1767 1534 1873 1588 Per
1925 1548 2074 1588 mare

425 1667 434 1672 -
496 1637 774 1702 Rubrum,
805 1643 861 1689 et
898 1630 1198 1688 Pharaonis
1235 1627 1662 1684 submersionem
1707 1633 1868 1694 atque
1909 1622 2078 1694 [Egy-

499 1727 729 1796 ptiorum
741 1765 756 1790 ,
771 1723 1021 1793 baptismi
1045 1719 1360 1792 mysterium
1379 1726 1434 1773 et
1451 1716 1808 1786 spiritualium
1839 1714 2074 1769 hostium

499 1818 770 1871 interitus.
800 1815 904 1869 Per
931 1813 1091 1885 typici
1125 1812 1247 1882 agni
1271 1808 1714 1871 immolationem,
1744 1815 1797 1861 et
1822 1805 2075 1860 Hebraeo-

502 1925 620 1962 rum
671 1908 1051 1962 liberationum
1075 1945 1089 1968 ,
1118 1905 1232 1958 veri
1274 1902 1413 1972 Agni
1442 1901 1622 1972 passio
1669 1911 1726 1954 et
1771 1907 1955 1953 nostra
1993 1912 2077 1952 rc-

499 2000 755 2070 deiuptio.
799 1999 874 2052 De
898 1996 1038 2053 ccelo
1083 1997 1244 2050 datur
1287 2009 1508 2059 manna,
1551 2002 1606 2048 et
1634 2007 1774 2063 aqua
1803 1991 1868 2046 de
1896 1998 2072 2060 petra.

500 2091 603 2145 Hic
647 2100 723 2144 est
750 2091 901 2160 panis
927 2089 1016 2160 qui
1051 2088 1116 2142 de
1141 2087 1273 2141 caelo
1307 2085 1570 2141 descendit
1599 2083 1784 2155 (Ioan.
1817 2083 1893 2154 VI)
1916 2091 1970 2136 et
1989 2081 2078 2136 do-

498 2182 671 2236 ctrina
701 2180 926 2235 Christi.
954 2179 1014 2233 In
1045 2185 1228 2235 monte
1267 2177 1467 2233 dantur
1508 2182 1775 2247 praecepta
1805 2183 1966 2242 atquc
1988 2170 2079 2240 ju-

500 2273 638 2327 dicia
683 2271 880 2341 populo
925 2269 1043 2336 Dei,
1071 2278 1130 2324 ut
1170 2268 1422 2339 supernis
1449 2265 1804 2334 subjiciamur
1836 2263 2075 2334 discipli-

499 2363 604 2416 nis.
657 2361 1088 2417 Tabernaculum
1118 2400 1133 2426 ,
1189 2368 1245 2414 et
1290 2373 1419 2414 vasa
1471 2359 1588 2429 ejus
1641 2365 2030 2413 construuntur
2058 2395 2072 2419 ,
2105 2385 2153 2446 Β
2179 2395 2342 2451 luisse
2392 2359 2514 2448 εἴπῃ

497 2455 672 2508 cultus
697 2463 752 2508 et
776 2452 1042 2508 sacriﬁcia
1070 2452 1430 2521 imperantur,
1461 2449 1659 2518 quibus
1699 2447 1954 2502 Ecclesiae
1987 2461 2076 2500 or-

501 2555 660 2600 natus
700 2553 756 2599 et
793 2543 1094 2615 spiritualia
1131 2541 1400 2598 sacriﬁcia
1429 2540 1823 2612 signiﬁcantur.
1853 2538 2074 2610 Mystica

497 2635 682 2689 unctio
711 2642 766 2688 et
793 2633 1148 2704 thymiamata
1174 2631 1554 2694 conﬁciuntur,
1585 2629 1782 2700 quibus
1829 2628 2074 2684 sanctiﬁ-

499 2726 645 2782 catio
689 2725 912 2795 spiritus
953 2731 1008 2780 et
1034 2724 1299 2780 orationis
1321 2723 1676 2779 odoramenta
1697 2721 2077 2777 commendan-

500 2826 608 2872 tur.
663 2816 798 2871 Hinc
829 2815 1029 2871 Paulus
1055 2817 1134 2870 ait
1169 2830 1184 2868 :
1224 2814 1416 2870 Omnes
1446 2813 1682 2869 eamdem
1721 2828 1894 2867 escam
1923 2812 2078 2882 spiri-

500 2906 694 2962 tualem
747 2907 1223 2972 manducaverunt,
1279 2914 1328 2960 et
1377 2921 1555 2960 omnes
1607 2904 1847 2959 eumdem
1896 2911 2077 2975 potum

499 2998 826 3070 spiritualem
854 2998 1112 3065 biberunt,
1127 3006 1233 3054 etc.

573 3091 623 3163 (1
642 3089 765 3146 Cor.
795 3091 876 3162 χ.)
903 3090 1038 3146 Hinc
1063 3105 1277 3161 quoque
1296 3088 1532 3146 Joannes
1557 3108 1569 3143 :
1601 3087 1772 3144 Facta
1794 3097 1916 3143 sunt
1942 3087 2074 3154 hinc,

501 3185 695 3254 inquit,
722 3195 775 3238 ut
808 3182 1082 3254 Scriptura
1108 3182 1413 3255 impleretur
1436 3195 1454 3234 :
1489 3180 1562 3236 Os
1587 3197 1691 3236 non
1719 3179 2077 3235 comminuetis

500 3290 566 3327 ex
585 3290 644 3328 eo
669 3272 849 3344 (Ioan.
875 3272 1012 3344 xix).

576 3365 754 3438 (Br-:11.)
799 3364 967 3421 Veette
1003 3365 1218 3422 Semotli
1248 3364 1484 3438 (rnatu
1536 3348 1736 3436 τήμῇ)
1770 3361 2033 3419 Hebraice
2062 3379 2076 3418 :

501 3457 672 3525 ἔξοδος
696 3457 882 3514 Graece
917 3477 930 3512 :
959 3457 1180 3524 exodus,
1200 3459 1373 3512 exitus
1402 3457 1486 3512 vel
1507 3472 1740 3528 egressus
1779 3454 1987 3510 Latine.

1015 3591 1243 3649 CAPUT
1289 3593 1578 3649 PRIMUM.

2098 1031 2150 1091 Α
2175 1029 2230 1082 in
2280 1043 2438 1082 carne
2480 1026 2648 1096 magis
2688 1025 3037 1080 necessarium
3072 1034 3146 1080 est
3187 1035 3395 1097 propter
3447 1043 3559 1082 vos.
3605 1027 3750 1082 Dum

2176 1120 2320 1175 enim
2346 1126 2528 1174 manet
2562 1119 2616 1196 in
2647 1125 2818 1182 terra,
2852 1117 2904 1172 id
2935 1124 3018 1172 est
3048 1117 3100 1171 in
3133 1131 3300 1173 carne
3328 1132 3424 1173 sua
3444 1159 3458 1182 ,
3492 1117 3754 1188 multipli-

2173 1220 2327 1267 catur
2365 1209 2635 1265 credendo
2660 1209 2902 1264 Ecclesia
2928 1249 2943 1275 ,
2976 1210 3306 1278 acquirendo
3330 1210 3584 1280 populum
3612 1211 3749 1278 Deo,

2170 1313 2228 1360 et
2267 1303 2335 1358 ab
2372 1301 2708 1358 Hierusalem
2754 1317 2926 1372 usque
2967 1302 3037 1358 ad
3079 1301 3349 1373 Illyricum
3397 1301 3753 1374 Evangelium

2171 1395 2538 1468 prtedicando.

2245 1487 2409 1543 Vnns.
2463 1486 2618 1542 8—10.
2652 1515 2723 1525 —
2754 1483 3003 1539 Surrexit
3037 1484 3236 1538 interea
3271 1499 3365 1537 rex
3399 1499 3564 1538 novus
3599 1501 3760 1555 super

2173 1577 2484 1650 Egyptum,
2510 1587 2616 1632 etc.
2646 1575 2847 1648 (Οιιιο.)
2884 1575 3192 1646 Allegorice.
3231 1574 3332 1630 Hic
3373 1584 3458 1631 est
3486 1576 3757 1642 diabolus,

2174 1673 2268 1743 qui
2289 1671 2421 1726 dixit
2442 1671 2496 1724 in
2522 1670 2676 1724 corde
2697 1684 2832 1723 suo:
2863 1667 2988 1722 Non
3017 1677 3093 1722 est
3117 1667 3291 1732 Deus;
3323 1667 3413 1738 qui
3443 1668 3588 1739 genti
3621 1683 3756 1734 suae,

2177 1764 2232 1818 id
2253 1769 2339 1816 est
2359 1761 2623 1831 apostatis
2649 1757 2875 1831 angelis,
2903 1757 3036 1813 dicit
3069 1774 3082 1810 :
3113 1757 3250 1812 Ecce
3277 1758 3501 1829 populus
3521 1759 3762 1828 ﬁliorum

2175 1851 2368 1919 Israel,
2398 1867 2588 1907 eorum
2636 1850 2844 1906 scilicet
2873 1849 2965 1920 qui
2992 1857 3218 1919 possunt
3252 1857 3434 1903 mente
3475 1849 3644 1904 Deum
3673 1850 3760 1904 vi-

2176 1943 2324 2007 dere,
2355 1943 2629 2012 potentior
2662 1949 2745 1996 est
2783 1940 2938 1994 nobis
2971 1958 2983 1992 :
3025 1937 3226 2004 Venite,
3251 1940 3606 2010 opprimamus
3635 1956 3760 1994 eum

2176 2033 2455 2106 sapienter.
2503 2031 2680 2088 Sentit
2722 2029 2969 2088 diabolus
2995 2031 3123 2100 quia
3155 2045 3382 2100 magnus
3419 2030 3492 2086 sit
3523 2027 3762 2102 pop'ulus

2175 2123 2365 2189 Israel,
2392 2131 2447 2178 et
2474 2121 2665 2178 fortior
2694 2123 2811 2192 ipso
2836 2162 2852 2188 ,
2902 2122 3028 2192 quia
3083 2136 3225 2192 saepe
3268 2136 3597 2193 congressus
3625 2132 3715 2177 est
3745 2163 3762 2187 ,

2177 2227 2320 2282 stupe
2347 2221 2650 2283 superatur.
2691 2210 2806 2266 Scit
2833 2209 3004 2266 Iacob
3033 2211 3291 2266 luctatum
3319 2227 3474 2278 esse,
3509 2221 3565 2268 et
3599 2213 3763 2284 adju-

2181 2304 2319 2358 torio
2346 2302 2519 2374 angeli
2547 2302 2848 2357 obtinuisse
2874 2310 3064 2357 contra
3093 2303 3488 2370 adversarium,
3515 2313 3572 2360 et
3601 2304 3762 2366 invag

2553 2393 2684 2448 Deo.
2722 2393 2964 2450 Aliorum
2993 2409 3207 2464 quoque
3249 2403 3558 2451 sanctorum
3585 2394 3766 2451 luctas

2179 2488 2396 2552 sensit,
2452 2485 2750 2556 spiritualia
2803 2486 3101 2542 certamina
3158 2486 3380 2557 pertulit
3422 2504 3436 2540 :
3484 2487 3640 2542 timet
3690 2503 3765 2542 ne

2177 2577 2394 2648 quando
2448 2577 2664 2631 eveniat
2716 2575 2941 2641 bellum,
2969 2583 3024 2632 et
3052 2577 3390 2632 consentiant
3423 2577 3761 2632 adversariis

2176 2670 2294 2739 ejus
2316 2709 2331 2737 ,
2363 2677 2419 2725 et
2441 2669 2657 2725 divictis
2699 2669 2780 2752 eis
2825 2667 3062 2742 [devicto
3084 2669 3173 2743 eo]
3198 2670 3478 2727 discedant
3514 2671 3581 2727 de
3611 2680 3766 2727 terra

2176 2777 2294 2819 sua.
2328 2762 2552 2818 Videtur
2588 2763 2720 2817 mihi
2749 2777 2818 2818 ex
2865 2763 2952 2818 his
2999 2777 3120 2834 quae
3169 2763 3493 2834 patriarchis
3533 2772 3587 2818 et
3632 2778 3768 2834 pro-

2174 2856 2354 2927 phetis
2397 2856 2464 2911 de
2511 2856 2745 2912 adventu
2795 2855 2996 2912 Christi
3051 2856 3286 2912 indicata
3346 2857 3581 2923 fuerant,
3630 2857 3768 2927 quia

2179 2949 2347 3005 sentit
2385 2957 2672 3005 venturum
2723 2949 2816 3019 qui
2854 2957 3018 3004 exuat
3045 2950 3381 3021 principatus
3413 2951 3532 3022 ejus
3572 2957 3629 3006 et
3659 2967 3766 3020 po-

2178 3047 2425 3105 testates,
2458 3055 2582 3096 cum
2629 3039 2825 3096 ﬁducia
2881 3041 3177 3113 triumphet
3226 3055 3320 3098 eos
3367 3051 3424 3098 et
3465 3040 3667 3114 adligat
3704 3042 3768 3098 in

2178 3129 2324 3202 ligno
2359 3130 2558 3186 crucis.

2252 3217 2410 3292 (Rm.
2439 3219 2496 3274 in
2522 3217 2724 3286 Exod.,
2755 3227 2889 3277 tom.
2924 3219 3014 3292 II.)
3047 3221 3106 3278 In
3142 3220 3428 3280 Chronicis
3455 3224 3674 3282 Eusebii
3699 3235 3766 3282 et

2181 3309 2495 3382 Hieronymi
2521 3311 2766 3384 legimus,
2796 3323 2926 3378 etc.,
2966 3330 3127 3385 usque
3157 3315 3227 3369 ad
3253 3323 3309 3371 et
3327 3315 3382 3370 in
3406 3317 3544 3372 mari
3570 3316 3764 3374 Rubro

2178 3402 2362 3472 periit,
2393 3401 2542 3457 multi
2568 3401 2884 3458 Pharaones
2910 3403 3146 3466 fuerunt.

2253 3492 2429 3564 (Ome.
2451 3492 2632 3548 liomil.
2659 3494 2737 3565 l.)
2753 3493 3049 3550 Moratiter.
3079 3494 3318 3550 Primum
3334 3497 3611 3567 requirere
3637 3497 3768 3554 volo

2183 3581 2307 3652 quis
2326 3591 2410 3636 est
2440 3597 2535 3637 rex
2558 3582 2610 3636 in
2630 3581 2866 3654 Egypto
2889 3584 2980 3652 qui
3008 3584 3113 3640 scit
3135 3583 3355 3657 Ioseph,
3371 3596 3426 3642 et
3448 3588 3541 3658 qui
3563 3589 3764 3645 nescit.

574 3682 738 3737 Vens.
762 3681 816 3738 5.
839 3717 910 3729 —
931 3680 1100 3737 Erant
1135 3683 1296 3753 igitur
1325 3701 1503 3738 omnes
1551 3685 1742 3739 animae
1778 3700 1957 3739 eorum
1993 3684 2075 3756 qui

2188 3673 2326 3729 Dum
2357 3675 2499 3730 enim
2541 3675 2629 3730 ille
2655 3683 2906 3746 regnaret
2937 3676 3029 3745 qui
3058 3676 3263 3733 sciebat
3287 3675 3511 3748 Ioseph,
3541 3694 3648 3736 non
3676 3681 3766 3736 di-

504 3775 693 3843 egressi
714 3783 836 3827 sunt
850 3773 916 3828 de
936 3773 1132 3842 femore
1150 3737 1338 3838 Iacob,
1355 3737 2086 3848 ειξριιιιιρὶηιαέ(ξιξ.έθριῖιειὲ
2111 3737 2157 3801 C
2187 3775 2385 3822 cum“?
2436 3766 2618 3822 amica
2675 3737 2770 3822 ﬁl.“
2820 3737 3012 3834 Ῑεΐίιέίι
3043 3784 3218 3839 neque
3253 3771 3310 3825 in
3355 3737 3470 3827 Ῑυῐο
3497 3737 3558 3827 '3‘
3593 3771 3766 3829 1³181⁵8

504 3866 651 3936 ginta
704 3866 930 3931 animae,
983 3868 1036 3921 id
1085 3875 1197 3932 est,
1246 3869 1585 3940 septuaginta
1635 3870 1929 3939 discipuli,
1959 3887 2083 3927 cum
2187 3858 2531 3927 consumpti;
2565 3872 2742 3929 neque
2766 3861 2993 3916 masculi
3023 3875 3210 3916 eorum
3242 3864 3438 3930 necati.
3460 3873 3515 3919 et
3545 3864 3766 3922 feminae

504 3955 691 4021 Iacob,
725 3957 778 4012 id
807 3967 908 4021 est,
941 3955 1182 4018 Christo.
1228 3958 1605 4029 ingrediuntur
1645 3959 1701 4014 in
1743 3958 2034 4031 Egyptum
2063 4001 2075 4026 ,

2185 3951 2510 4016 viviﬁcatie;
2541 3951 2634 4004 sed
2661 3966 2785 4006 cum
2814 3959 2978 4022 cmptt
3006 3967 3253 4023 regnare,
3285 3953 3376 4025 qui
3407 3970 3512 4010 non
3534 3964 3766 4010 noverat

509 4048 562 4102 id
613 4057 696 4103 est
720 4089 736 4116 ,
771 4049 1028 4104 mundum
1053 4089 1068 4114 ,
1120 4050 1272 4106 missi
1317 4050 1526 4107 scilicet
1555 4052 1623 4106 ad
1650 4052 2078 4122 praedicandum.
2185 4040 2404 4112 Ioseph-
2439 4040 2496 4096 Si
2529 4040 2789 4098 Dominus
2817 4045 2957 4113 τεείι
2982 4058 3082 4100 ηοε
3102 4085 3118 4110 r
3146 4051 3202 4100 ει
3230 4057 3423 4101 Sensus
3453 4046 3650 4101 mentis
3677 4046 3764 4101 vel

507 4139 682 4194 Aliter
715 4180 730 4204 ,
778 4140 1120 4211 septuaginta
1179 4141 1372 4196 anima
1423 4139 1719 4214 Egyptum
1773 4143 2032 4214 ingressa;
2064 4183 2080 4210 ν
2187 4133 2380 4187 animae
2424 4141 2625 4187 nostrai
2671 4132 3060 4188 illuminatura
3092 4135 3224 4201 Deo,
3255 4151 3564 4192 memorans
3605 4135 3766 4193 Chri-

505 4235 733 4306 mystice
763 4235 818 4289 in
857 4249 1084 4290 numero
1114 4235 1451 4290 remissionis
1479 4235 1840 4305 accipiuntur,
1874 4245 1935 4291 ut
1959 4235 2087 4291 huic
2187 4232 2328 4280 slum
2355 4223 2718 4279 l‘eSWI‘GXisse
2757 4240 2786 4278 ³
2824 4226 3073 4291 moralis.
3112 4226 3168 4280 in
3197 4224 3455 4298 Εεγριο.
3493 4227 3548 4281 id
3591 4237 3678 4282 εει
3707 4227 3766 4282 in

505 4326 712 4380 scilicet
764 4325 982 4391 saeculo,
1020 4325 1164 4396 quod
1194 4341 1291 4396 per
1331 4325 1622 4398 Egyptum
1649 4324 1930 4397 ﬁguratur,
1961 4335 2084 4397 post
2187 4331 2352 4372 carne
2401 4326 2614 4383 nostra,
2670 4317 2890 4388 spiritus
2942 4327 3127 4374 noster
3152 4335 3376 4391 regnum
3411 4335 3532 4376 cum
3549 4319 3764 4390 justitia

509 4431 658 4476 tanta
689 4430 914 4491 peccata
945 4423 1105 4478 detur
1131 4423 1378 4477 remissio
1399 4428 1764 4492 peccatorum.
2185 4414 2354 4474 tenet,
2381 4416 2436 4462 et
2462 4407 2601 4462 ﬁlios
2637 4406 2821 4474 Israel,
2858 4408 2910 4464 id
2949 4418 3029 4465 est
3067 4424 3263 4466 sensus
3292 4409 3639 4465 rationabiles
3678 4409 3764 4464 vel

577 4511 741 4565 νεκε,
775 4513 824 4574 6,
852 4511 904 4565 7,
935 4538 1005 4552 .-
1034 4510 1152 4578 Quo
1179 4523 1408 4579 πηοτιυς),
1451 4521 1558 4568 εις,
1605 4511 1770 4584 (ιεη),
1801 4515 1856 4567 in
1881 4511 2085 4586 Exod.)
2186 4500 2436 4564 virtutes,
2471 4499 2526 4554 in
2553 4497 2668 4554 luto
2711 4507 2767 4555 et
2794 4499 2962 4555 latere
3011 4516 3120 4556 non
3169 4501 3457 4566 consumit,
3490 4515 3591 4557 nec
3613 4501 3764 4557 curis

509 4601 600 4656 Sic
646 4610 932 4671 postquam
981 4617 1144 4657 νει-ηε
1171 4601 1370 4672 ,ιοεεριι
1418 4619 1516 4673 pro
1567 4605 1815 4659 omnibus
1845 4607 2085 4676 gustavit
2187 4589 2422 4644 terrenis
2449 4590 2655 4644 atterit.
2703 4587 2974 4644 Siborum
3007 4591 3326 4646 memoriam
3353 4606 3544 4647 sensus
3577 4600 3764 4647 noster

508 4699 759 4754 mortem,
793 4699 849 4744 ει
881 4691 1144 4746 destruxit
1172 4707 1294 4746 eum
1322 4693 1412 4761 qui
1444 4694 1634 4748 mortis
1663 4694 1947 4763 imperium
1981 4697 2082 4750 ha-
2186 4677 2502 4750 perdiderit,
2535 4677 2811 4734 Christum
2842 4681 3097 4736 nescierit
3134 4698 3148 4736 :
3191 4691 3318 4737 tunc
3360 4682 3621 4752 sapientia
3645 4697 3764 4738 car-

507 4780 688 4847 bebat,
719 4779 1108 4851 multiplicatus
1145 4790 1227 4836 est
1257 4781 1484 4852 populus
1513 4782 1772 4838 ﬁdelium.
1804 4782 1915 4840 Nisi
1937 4787 2082 4840 enim
2187 4772 2292 4836 "is:
2318 4785 2438 4839 qua?
2463 4778 2548 4826 εει
2576 4771 2790 4826 inimica
2819 4770 2951 4836 Deo»
2980 4773 3223 4828 succedit
3250 4774 3308 4828 in
3335 4789 3592 4850 regnum;
3627 4775 3770 4844 ἵληθ’.

510 4871 562 4924 in
603 4880 746 4925 terra
796 4857 1022 4941 granum
1078 4879 1349 4928 mortuum
1400 4871 1629 4938 fuisset,
1703 4871 1876 4929 solum
1931 4890 2086 4930 man.
2188 4863 2372 4932 quitur
2396 4869 2616 4932 gentem
2641 4879 2818 4927 suam,
2874 4863 2929 4918 id
2969 4873 3054 4918 est
3087 4878 3379 4938 corporeas
3411 4866 3762 4936 voluptates,

3973 3557 3975 3578 ἐ

3973 3609 3975 3642 1

3973 4071 3975 4096 4

3973 4103 3975 4128 l

509 4963 684 5018 sisset.

582 5052 785 5118 (Orno,
808 5053 949 5106 liam.
972 5052 997 5106 I
1022 5053 1078 5108 in
1106 5052 1304 5125 Exod.)
1330 5054 1387 5108 Si
1413 5053 1676 5109 moriatur
1698 5054 1750 5108 in
1779 5064 1831 5110 te
1857 5053 2074 5128 Ioseph,

510 5142 562 5195 id
596 5151 698 5205 est,
751 5141 1217 5200 mortiﬁcationem
1257 5143 1459 5198 Christi
1512 5143 1564 5197 in
1609 5152 1661 5198 te
1701 5145 1984 5215 suscipias,
2025 5155 2082 5202 et

511 5231 803 5288 mortiﬁch
849 5235 1086 5288 membra
1130 5242 1220 5287 tua
1263 5241 1484 5302 peccato
1509 5273 1524 5296 ,
1553 5233 1978 5305 multiplicantur
2025 5237 2079 5291 in

513 5335 564 5377 te
593 5323 686 5376 ﬁlii
710 5324 908 5388 Israel,
935 5339 1126 5379 sensus
1150 5323 1359 5379 scilicet
1406 5324 1529 5377 boni
1576 5333 1631 5379 et
1658 5325 1980 5394 spiritualcs.
2021 5325 2080 5382 Si

512 5414 654 5468 enim
693 5429 886 5470 sensus
927 5416 1108 5469 carnis
1155 5413 1589 5477 mortiﬁcentur,
1636 5429 1826 5469 sensus
1886 5416 2080 5470 anima:

511 5514 798 5572 crescunt,
828 5513 884 5560 et
908 5507 1265 5559 morientiims
1319 5505 1368 5557 in
1419 5513 1469 5556 te
1519 5505 1677 5570 vitiis,
1729 5506 1956 5560 virtutes
1986 5523 2080 5560 :iu-

515 5605 706 5666 gcntur
734 5635 748 5660 ,
781 5605 846 5651 et
864 5604 1007 5649 terra
1052 5605 1101 5648 te
1133 5595 1453 5664 multiplicat
1493 5594 1546 5648 in
1589 5595 1839 5664 operibus
1883 5598 2060 5662 bonis,

515 5699 634 5751 quin
688 5699 783 5752 per
827 5683 1060 5739 cilicium
1103 5685 1347 5752 corporis
1411 5685 1802 5739 ministrantur.
1851 5685 2079 5741 Paulum

517 5774 966 5845 mttltipliravcrat
991 5786 1154 5839 terra,
1179 5775 1268 5846 qui
1294 5775 1502 5829 dicebat
1528 5794 1539 5828 :
1572 5775 1884 5832 Permanere
1905 5789 2078 5833 autem

2083 4973 2089 5010 ;
2189 4961 2245 5008 et
2274 4953 2790 5026 vitiorumducibus
2817 4952 2882 5007 ad
2914 4953 3198 5009 consilium
3225 4955 3450 5021 vocatis,
3483 4941 3767 5012 deliberat

2189 5055 2375 5101 eontra
2405 5045 2546 5100 ﬁlios
2574 5044 2758 5109 Israel,
2787 5047 3058 5116 quomodo
3085 5047 3579 5102 circumveniantur
3601 5089 3618 5114 ,
3659 5063 3762 5118 0p-

2187 5138 2486 5207 primantur
2513 5137 2626 5191 luto
2653 5177 2668 5202 ,
2714 5147 2770 5193 et
2822 5138 2990 5194 latere
3020 5137 3354 5209 allligantur;
3395 5156 3572 5196 mares
3597 5157 3764 5211 expo-

2187 5237 2336 5292 nant,
2367 5227 2595 5281 feminas
2620 5227 2786 5292 alant,
2819 5229 3091 5284 mdiﬁcent
3135 5231 3385 5285 civitates
3422 5230 3662 5302 Egyptii
3708 5242 3766 5286 ct

2185 5321 2432 5376 civitates
2461 5322 2715 5376 munitas.
2755 5321 2865 5377 Nec
2893 5324 3189 5392 putandum
3230 5336 3313 5379 est
3349 5325 3558 5379 divinos
3595 5324 3763 5380 libros

2185 5412 2560 5484 Egyptiorum
2580 5424 2728 5486 gesta
2755 5430 2978 5471 narrare
3000 5417 3117 5472 sine
3137 5431 3330 5472 causa:
3365 5418 3457 5472 sed
3483 5433 3602 5486 quae
3631 5418 3763 5471 scri-

2186 5516 2270 5575 pta
2300 5518 2417 5559 sunt
2443 5508 2511 5560 ad
2537 5518 2769 5562 nostram
2792 5509 3087 5562 doctrinam
3111 5511 3301 5580 scripta
3323 5520 3441 5564 sunt
3458 5508 3760 5580 (Rom.xv),

2188 5607 2246 5649 ut
2273 5597 2364 5665 qui
2402 5599 2514 5652 hac
2550 5599 2724 5664 audis,
2755 5600 2798 5652 si
2834 5600 3061 5652 forsitan
3087 5599 3392 5667 baptizatus
3415 5613 3472 5653 es
3501 5607 3554 5652 ct
3583 5613 3760 5652 annu-

2187 5695 2426 5743 meratus
2453 5689 2595 5744 inter
2620 5688 2759 5744 ﬁlios
2785 5687 2970 5753 Israel,
3004 5698 3060 5744 et
3105 5689 3386 5759 suscepisti
3411 5689 3466 5743 in
3495 5701 3546 5742 te
3580 5688 3762 5742 Domi-

2189 5795 2316 5835 num
2349 5803 2550 5848 rivom.
2585 5797 2632 5841 ot
2665 5793 2785 5855 post
2809 5782 2926 5838 haec
2954 5780 3193 5838 volueris
3220 5781 3492 5838 declinare
3514 5787 3570 5837 et
3593 5793 3762 5852 opera
