3998 6332
486 392 588 450 187

974 389 1366 448 WALAFRIDI
1407 390 1653 447 STRABI
1692 388 1892 446 FULD.
1936 387 2101 443 MON.
2141 387 2290 443 OPP.
2334 388 2511 446 PARS
2550 390 2589 446 1.
2630 423 2697 433 —-—
2738 391 3191 449 TllEOLOGlCA.

3621 396 3720 452 {88

482 516 673 573 vocat;
699 508 886 574 altera,
912 510 1100 564 rubens
1123 511 1207 565 vel
1230 511 1539 575 verecunda,
1564 508 1782 564 moralis
1805 516 1910 571 est,
1936 521 2051 561 mo-
2077 506 2129 567 Α
2152 505 2324 558 cendo
2366 506 2511 560 enim
2558 515 2766 562 conata:
2808 516 2933 562 sunt
2982 507 3265 561 infantium
3309 507 3475 562 vitam
3520 516 3722 579 tegere,

485 613 573 654 res
609 600 917 669 componit,
960 602 1338 657 verecundiam
1385 602 1543 657 docet
1586 609 1642 657 et
1689 600 2048 655 honestatem.

485 686 614 743 Mihi
639 698 816 744 tamen
846 691 993 762 (quia
1014 693 1146 747 dicit
1172 691 1454 763 Scriptura
1484 693 1552 748 de
1582 692 1668 748 bis
1691 691 1834 761 quod
1864 691 2053 744 timue-

484 788 605 862 runt
644 778 847 847 Deum,
875 790 925 837 et
954 799 1058 838 non
1093 782 1324 853 fecerunt
1359 785 1869 855 juxta,pnrceptum
1917 784 2051 853 regis

485 869 729 943 Egypti)
748 873 997 930 videntur
1019 877 1297 947 utriusque
1324 876 1659 933 Testamenti
1684 876 1908 947 ﬁguram
1929 891 2050 931 ser—

485 977 642 1030 vare,
680 972 736 1022 et
774 965 1053 1038 Sephora,
1087 984 1208 1039 quae
1250 987 1433 1041 passer
1476 971 1879 1040 interpretatur,
1922 970 2047 1041 legi,

484 1070 603 1123 qua:
622 1055 920 1125 spiritualis
944 1067 1050 1125 est,
1076 1060 1401 1116 convenire:
1430 1060 1579 1116 Phua
1606 1075 1737 1116 vero
1757 1101 1772 1127 ,
1801 1076 1921 1131 qua:
1962 1078 2052 1114 ru-

485 1148 607 1202 bens
631 1149 716 1205 vel
745 1151 1055 1217 verecunda,
1085 1151 1327 1209 indicare
1358 1152 1673 1224 Evangelia,
1703 1168 1822 1223 quae
1850 1151 2049 1208 Christi

482 1240 743 1311 sanguine
775 1243 988 1307 rubent,
1016 1250 1072 1298 et
1098 1258 1195 1314 per
1222 1244 1533 1299 universum
1562 1244 1816 1299 mundum
1846 1244 2053 1313 passio-

481 1329 568 1385 nis
593 1346 787 1387 cruore
812 1332 1055 1387 rutilant.
1076 1332 1160 1389 ΑΙ)
1188 1334 1272 1389 his
1292 1348 1420 1405 ergo
1445 1336 1637 1388 animae
1674 1350 1793 1405 quae
1820 1350 2052 1390 nascun-

484 1429 573 1476 tur
600 1422 652 1478 in
676 1423 938 1489 Ecclesia,
967 1425 1114 1481 velut
1142 1426 1522 1482 obstetricibus
1548 1428 1904 1493 medicantur,
1926 1427 2052 1496 quia

482 1515 549 1569 de
579 1496 873 1585 Scripturis
899 1526 1094 1574 cuncta
1137 1519 1453 1574 eruditionis
1480 1520 1833 1574 medicamina
1871 1519 2055 1574 confe-

482 1614 693 1659 runtur.
715 1603 911 1661 Tentat
939 1616 1121 1664 tamen
1146 1607 1359 1665 Pharao
1378 1624 1476 1679 per
1498 1610 1596 1665 has
1617 1625 1811 1666 necare
1836 1626 2052 1666 mascu-

2154 598 2485 663 mentiendo,
2523 614 2694 655 suam.

2223 690 2404 769 (Auoq
2432 693 2487 747 in
2513 692 2605 747 lib.
2639 693 2704 747 de
2724 690 3097 747 Locutionibus
3135 693 3190 747 in
3222 692 3421 755 Exod.,
3453 700 3585 747 tom.
3615 691 3725 761 Ill.)

2150 779 2219 835 Et
2238 781 2365 852 quia
2394 783 2691 837 timuerunt
2718 782 3041 838 obstetrices
3070 782 3269 847 Deum,
3298 791 3428 846 etc.,
3462 798 3623 852 usque
3650 772 3727 835 a'd

2151 880 2212 926 ut
2250 871 2316 926 ad
2357 873 2529 943 ipsam
2568 874 2786 931 domum
2820 872 3117 927 faciendam
3142 868 3433 942 pertinere
3460 870 3728 936 videatur,

2151 965 2295 1033 quod
2322 974 2715 1034 consequenter
2744 980 2776 1019 a
2802 964 2983 1019 Laban
3024 979 3234 1020 merces
3273 963 3559 1019 statuenda
3602 976 3735 1033 pro-

2152 1058 2395 1127 ponitur.

2190 1148 2385 1205 -Vens.
2414 1148 2503 1203 22.
2530 1178 2599 1190 —-
2622 1146 2879 1219 Prwcepit
2919 1166 3040 1219 ergo
3086 1148 3298 1203 Pharao
3318 1190 3333 1213 ,
3380 1156 3488 1203 etc.
3527 1149 3735 1214 (01110.,

2152 1239 2334 1292 homil.
2366 1239 2445 1309 2.)
2480 1239 2754 1309 Egyptii,
2788 1240 2984 1310 quibus
3014 1239 3103 1293 hic
3132 1240 3383 1309 prmcepit
3426 1238 3636 1293 Pharao
3678 1247 3741 1293 ut

2154 1328 2385 1385 feminas
2424 1340 2631 1385 tantum
2661 1330 2967 1395 viviticent,
2995 1332 3223 1386 oderant
3264 1330 3555 1385 masculos.
3595 1330 3739 1385 Ode-

2153 1429 2281 1474 runt
2325 1421 2468 1475 enim
2504 1421 2763 1483 virtutes,
2807 1422 2938 1475 vitia
2986 1421 3310 1474 nutrierunt.
3341 1421 3493 1475 Nunc
3522 1435 3743 1490 quoque

2156 1508 2480 1563 insidiantur
2507 1510 2766 1580 A-ngptii,
2797 1511 2841 1565 si
2872 1520 3124 1565 nascatur
3157 1511 3430 1566 masculus
3460 1511 3740 1577 Hebraeis,

2154 1610 2217 1653 ut
2238 1600 2421 1653 statim
2452 1600 2800 1665 interﬁciant,
2826 1600 2930 1653 nisi
2962 1608 3208 1665 caveant,
3237 1601 3530 1655 observent
3558 1612 3614 1656 et
3645 1618 3747 1657 oc-

481 1694 560 1751 103
580 1737 595 1761 ,
632 1712 755 1753 cum
784 1701 1041 1755 studiosis
1070 1701 1123 1756 in
1155 1702 1351 1758 divinis
1393 1700 1688 1773 scripturis
1734 1704 1970 1759 han-eses
2001 1710 2056 1758 ει
2157 1690 2381 1745 cultcnt.
2417 1690 2604 1745 Refert
2633 1691 2913 1762 Scriptura
2950 1694 3092 1760 quod
3120 1692 3185 1747 de
3209 1692 3355 1746 tribu
3382 1692 3511 1746 Levi
3536 1694 3744 1764 aliquis

480 1803 645 1858 prava
690 1790 941 1861 dogmata
971 1794 1226 1864 suggerit.
1256 1793 1361 1850 Sed
1405 1802 1511 1850 stat
1542 1796 1815 1851 immobile
1856 1796 2053 1851 funda-

2162 1783 2350 1852 genuit
2379 1783 2708 1848 masculum,
2734 1792 2788 1838 et
2816 1784 2950 1838 vidit
2992 1784 3250 1839 infantem
3285 1799 3409 1841 esse
3437 1786 3747 1857 elegantem

480 1887 721 1937 mentum
743 1882 859 1937 Dei.
887 1882 1101 1939 Timent
1126 1886 1269 1940 enim
1294 1887 1612 1943 obstetrices
1634 1890 1799 1944 Deum
1818 1930 1833 1954 ,
1864 1889 1916 1943 id
1939 1897 2052 1955 est,
2083 1870 2134 1931 Β
2160 1888 2217 1934 ει
2249 1880 2540 1935 οοϐιιΙιίινίι
2560 1898 2704 1936 eum
2734 1879 2811 1937 Ne
2837 1898 2966 1953 ergo
2995 1882 3261 1951 iustitiam
3298 1893 3542 1939 ηοειτθω
3572 1884 3749 1939 “Cia-

481 1972 732 2029 timorem
762 1973 857 2030 Dei
884 1977 1110 2044 docent,
1148 1979 1238 2048 qui
1265 1989 1349 2035 est
1388 1980 1597 2037 initium
1638 1982 1933 2052 sapientiae.
1966 1982 2059 2038 Sic

481 2068 876 2133 competentius
921 2076 1135 2139 aptatur
1161 2070 1304 2140 quod
1344 2073 1604 2141 sequitur,
1636 2074 1760 2142 quia
1803 2075 2059 2129 timebant

479 2155 800 2212 obstetrices
828 2158 1019 2224 Deum,
1044 2159 1288 2216 fecerunt
1317 2162 1417 2216 sibi
1446 2163 1653 2218 domos.
1686 2163 1837 2230 Quod
1865 2180 2059 2220 secun-

480 2244 607 2299 dum
658 2246 935 2314 litteram,
984 2250 1185 2305 nullam
1236 2255 1672 2321 consequentiam
1718 2256 2058 2310 habet:non

483 2338 628 2393 enim
671 2348 964 2411 propterea
1014 2343 1206 2399 domus
1252 2343 1341 2407 ﬁt,
1384 2345 1510 2415 quia
1554 2346 1775 2399 timetur
1806 2346 1964 2402 Deus.
2001 2347 2057 2402 Si

480 2438 661 2485 autem
702 2432 888 2488 videas
938 2435 1208 2503 quomodo
1254 2433 1550 2505 Scripturae
1584 2428 1716 2492 Novi
1760 2447 1816 2493 et
1849 2438 2060 2493 Veteris

478 2522 807 2579 Testamenti
838 2525 1084 2581 timorem
1133 2526 1226 2581 Dei
1275 2527 1532 2584 docentes
1571 2529 1759 2583 domos
1804 2529 2060 2585 Ecclesia:

480 2613 702 2679 faciant,
724 2624 779 2669 et
808 2624 979 2670 totum
1008 2617 1195 2674 orbem
1224 2617 1474 2673 domibus
1494 2619 1756 2674 orationis
1780 2620 2058 2689 impleant,

482 2706 877 2762 rationabiliter
904 2707 1167 2778 scriptum
1205 2709 1497 2763 videbitur.
1535 2709 1628 2765 Sic
1665 2726 1795 2779 ergo
1827 2712 1943 2765 ista:
1964 2712 2061 2765 ob-

479 2796 759 2860 stetrices,
807 2796 935 2865 quia
985 2796 1179 2851 timent
1205 2796 1408 2864 Deum,
1444 2799 1497 2854 id
1521 2806 1603 2853 est
1629 2840 1643 2865 ,
1688 2800 1934 2855 timorem
1963 2800 2057 2856 Dei

484 2886 711 2952 docent,
748 2904 855 2944 non
890 2888 1095 2945 faciunt
1135 2900 1461 2961 przrceptum
1498 2893 1642 2964 regis
1673 2892 1924 2966 Egypti,
1964 2895 2060 2949 sed

481 2977 757 3032 vivificant
789 2979 1057 3035 masculos
1080 3021 1094 3046 ,
1124 2996 1226 3036 nec
1256 2990 1434 3036 tamen
1476 2984 1675 3038 dicitur
1699 2985 1823 3054 quia
1855 3000 2055 3056 parue-

479 3079 606 3125 runt
643 3071 870 3128 feminas
918 3071 1271 3131 viviﬁcantes.
1320 3075 1431 3146 Ego
1479 3086 1662 3132 autem
1716 3078 2060 3134 conﬁdenter

481 3164 602 3220 dico
626 3205 640 3230 ,
667 3180 775 3220 non
806 3165 1082 3221 viviﬁcant
1121 3164 1372 3223 feminas.
1407 3166 1592 3239 Neque
1633 3170 1775 3225 enim
1804 3171 1933 3225 vitia
1965 3178 2059 3226 aut

406 3294 411 3305 .
482 3256 694 3312 luxuria
713 3256 765 3312 in
780 3256 1022 3314 Ecclesia
1047 3258 1331 3324 docentur,
1361 3269 1455 3315 aut
1473 3271 1695 3332 peccata
1722 3263 2055 3329 nutriuntur,

478 3347 624 3417 quod
649 3346 763 3403 vult
785 3346 1001 3404 Pharao
1030 3364 1154 3405 cum
1184 3350 1450 3406 vivificari
1494 3350 1722 3406 feminas
1750 3352 1933 3422 jubet,
1963 3354 2059 3408 sed

480 3438 591 3495 sola
612 3440 784 3497 virtus
796 3440 1067 3507 excolitur
1079 3452 1135 3498 et
1155 3442 1411 3498 nutritur.
1430 3441 1628 3499 Verum
1647 3445 1764 3500 haec
1784 3446 1851 3500 ad
1866 3462 2060 3501 unum-

479 3545 747 3602 quemque
774 3530 1094 3587 referamus.
1119 3532 1176 3589 Si
1202 3534 1360 3590 times
1383 3533 1570 3601 Deum,
1603 3551 1709 3591 non
1738 3536 1903 3592 facias
1922 3554 2060 3608 prae-

481 3630 695 3692 ceptum
719 3621 1109 3696 regis‘IEgypti
1139 3643 1152 3680 :
1181 3624 1272 3681 ille
1298 3626 1443 3681 enim
1477 3627 1724 3698 praecipit
1756 3638 1815 3683 ut
1843 3629 1896 3683 in
1926 3630 2059 3684 deli-

478 3712 578 3767 ciis
593 3713 765 3779 vivas,
780 3716 1069 3784 praasentia
1089 3717 1474 3787 concupiscas;
1498 3725 1578 3783 tu,
1603 3720 1648 3775 si
1680 3720 1839 3776 times
1861 3721 2055 3785 Deum,

478 3808 533 3855 et
564 3801 790 3857 exhibes
819 3801 1058 3859 oﬁicium
1092 3806 1437 3872 obstetricis,
1481 3808 1675 3863 anima}
1703 3819 1809 3865 tum
1843 3811 1888 3865 si
1928 3826 2059 3866 con-

480 3890 622 3947 ferre
657 3893 829 3962 cupis,
862 3893 1108 3949 viviﬁcas
1139 3897 1446 3964 masculos,
1495 3898 1547 3953 id
1590 3909 1695 3963 est,
1744 3900 2057 3956 interiorem

477 3979 780 4045 hominem,
806 3981 899 4051 qui
930 3983 985 4037 in
1017 3992 1070 4038 te
1099 3992 1211 4049 est,
1240 3985 1529 4042 medicaris
1572 3996 1627 4043 et
1670 3986 1846 4055 foves,
1881 3998 1935 4046 et
1960 4006 2059 4061 per

479 4078 633 4126 actus
652 4080 709 4126 et
736 4071 1042 4129 intellectus
1058 4074 1227 4131 bonos
1244 4075 1411 4130 vitam
1443 4078 1682 4148 acquiris
1704 4086 1981 4136 aeternam.

551 4157 716 4227 Vens.
764 4158 954 4216 lii-2i.
982 4159 1135 4218 —Si
1170 4162 1438 4220 masculus
1487 4166 1684 4236 fuerit,
1733 4177 1839 4223 etc.
1881 4169 2054 4242 (lstn.)

480 4249 789 4321 Allegoriee.
819 4250 982 4307 lubet
1022 4251 1239 4309 Pharao
1267 4254 1540 4311 masculos
1585 4256 1794 4323 occidi,
1826 4257 2057 4315 feminas

479 4344 699 4402 vivere:
723 4346 803 4402 sic
827 4345 1097 4413 diabolus,
1117 4362 1185 4402 ne
1205 4348 1376 4417 possit
1400 4350 1569 4405 robur
1596 4350 1714 4405 fidei
1737 4350 2054 4421 praevalere,

2084 3223 2130 3287 C

2160 1988 2282 2029 mus
2327 1989 2511 2029 coram
2556 1975 2897 2040 hominibus,
2941 1976 3035 2030 sed
3080 1975 3265 2031 clauso
3318 1976 3463 2030 ostio
3518 1990 3751 2031 oremus

2159 2067 2375 2123 Patrem
2407 2077 2651 2122 nostrum
2682 2068 2735 2121 in
2767 2069 3003 2130 occulto,
3028 2076 3084 2123 et
3110 2068 3318 2123 nesciat
3346 2068 3577 2123 sinistra
3612 2063 3750 2134 quid

2160 2158 2323 2213 faciat
2348 2160 2591 2223 dextera,
2620 2174 2685 2213 ne
2712 2159 2995 2228 diripiatur
3017 2159 3085 2213 ab
3111 2158 3402 2229 IEgyptiis,
3432 2158 3749 2217 invadatur,

2158 2249 2413 2305 fluctibus
2463 2251 2859 2319 submergatur.
2897 2248 2953 2305 Si
2990 2249 3133 2304 facio
3173 2249 3573 2319 cleemosynam
3616 2247 3752 2316 quia

2159 2353 2244 2399 est
2283 2359 2417 2413 Opus
2454 2343 2582 2406 Dei,
2628 2343 2923 2397 masculum
2953 2357 3186 2411 genero;
3221 2342 3315 2397 sed
3358 2341 3404 2395 si
3436 2339 3647 2393 laudem
3679 2336 3756 2391 ab

2160 2434 2472 2489 hominibus
2501 2448 2717 2501 quaaro,
2749 2442 2805 2487 et
2834 2448 2938 2486 non
2968 2432 3215 2497 occulto,
3246 2432 3452 2500 rapitur
3479 2429 3547 2483 ab
3576 2427 3755 2498 Aigy-

2158 2527 2319 2597 ptiis,
2352 2526 2405 2580 in
2436 2524 2632 2579 flumen
2662 2525 2939 2593 mergitur,
2972 2532 3029 2578 et
3074 2532 3229 2578 tanto
3264 2522 3449 2576 labore
3488 2528 3758 2588 tantoque

2159 2618 2338 2673 studio
2360 2616 2634 2689 Egyptiis
2671 2616 2968 2670 masculum
3001 2614 3183 2685 genui.

2231 2709 2499 2780 Quidquid
2531 2709 2769 2777 feminini
2801 2708 3072 2779 (Humum,
3097 2707 3153 2761 in
3172 2704 3570 2768 Ecclesiasten.,
3598 2700 3751 2772 (λδ).

2166 2800 2481 2872 Ubicunque
2514 2801 2569 2855 in
2601 2799 2896 2870 Scripturis
2923 2798 3127 2853 femina
3156 2797 3352 2867 legitur
3377 2804 3430 2849 et
3456 2809 3618 2848 sexus
3644 2790 3756 2846 fra-

2161 2893 2334 2965 gilior,
2365 2894 2433 2948 ad
2454 2893 2695 2947 materiae
2716 2891 3127 2961 intelligentiam
3158 2886 3567 2943 transferamus.
3594 2884 3759 2941 Unde

2161 2995 2217 3041 et
2262 2985 2473 3043 Pharao
2511 3001 2617 3041 non
2656 2984 2771 3039 vult
2818 2984 3088 3039 masculos
3131 2983 3314 3047 nasci,
3358 2980 3452 3037 sed
3495 2978 3755 3044 feminas,

2162 3093 2282 3146 qum
2315 3077 2553 3131 materiae
2582 3084 2709 3130 sunt
2736 3076 2944 3135 vicinae,
2986 3083 3041 3129 et
3086 3072 3362 3128 contrario
3400 3070 3578 3126 nullus
3617 3084 3757 3125 san-

2162 3176 2372 3224 ctorum
2404 3168 2505 3222 nisi
2534 3183 2759 3238 perraro
2794 3166 3025 3223 feminas
3064 3164 3315 3237 genuisse
3350 3170 3621 3219 narratur.
3653 3161 3760 3216 So-

2162 3259 2354 3329 lusque
2381 3257 2659 3328 Salpbaat,
2685 3259 2777 3328 qui
2809 3258 2864 3312 in
2894 3259 3132 3329 peccatis
3156 3264 3402 3312 mortuus
3426 3264 3532 3322 est,
3554 3268 3760 3310 omnes

2162 3350 2301 3405 ﬁlias
2322 3351 2508 3422 genuit
2534 3368 2548 3406 :
2578 3347 2745 3407 Iacob
2770 3352 2930 3407 unius
2952 3349 3074 3405 ﬁliae
3096 3359 3252 3420 pater
3279 3358 3385 3415 est,
3404 3357 3462 3407 et
3482 3349 3553 3405 ob
3573 3347 3753 3419 ipsam

2160 3442 2524 3512 periclitatur.

2785 3556 3014 3614 CAPUT
3048 3556 3115 3613 ll.

2230 3713 2392 3769 Vsus.
2426 3712 2547 3767 l-5.
2569 3742 2639 3753 -
2662 3711 2918 3783 Egressus
2946 3720 3021 3766 est
3049 3750 3065 3777 ,
3110 3718 3217 3766 etc.
3251 3708 3410 3781 (Rau.
3444 3710 3501 3764 in
3541 3707 3746 3775 Exod.,

2159 3810 2293 3859 tom.
2325 3803 2413 3871 ll.)
2438 3803 2573 3860 Hinc
2599 3802 2869 3874 Iosephus
2893 3804 2971 3858 ait
3000 3821 3012 3857 :
3041 3801 3288 3858 Metuens
3310 3810 3489 3857 autem
3512 3800 3742 3856 Amram

2158 3910 2226 3950 ne
2248 3904 2435 3965 captus
2466 3896 2628 3966 regiae
2655 3896 2751 3951 ira:
2777 3896 3172 3960 succumberet,
3196 3904 3331 3959 etc.,
3357 3910 3518 3965 usque
3539 3893 3609 3948 ad
3631 3893 3752 3948 sive

2157 3988 2409 4052 educere,
2441 3996 2499 4041 ut
2522 3996 2606 4042 est
2640 3985 2816 4042 Moses
2843 3987 2910 4042 de
2933 3985 3153 4041 flumine
3180 3987 3428 4042 eductus.

2226 4077 2396 4147 Alleg.
2427 4076 2691 4132 Parentes
2728 4075 2894 4143 Mosi,
2924 4091 3153 4146 quorum
3188 4076 3351 4131 fidem
3376 4083 3431 4129 et
3460 4088 3628 4144 opera
3658 4072 3747 4129 lex

2157 4168 2419 4224 naturalis
2445 4168 2738 4223 decorabat
2764 4166 2887 4240 (lu.,
2918 4166 3093 4237 ibid.),
3130 4182 3289 4233 usque
3330 4167 3399 4220 ad
3436 4165 3553 4235 ipsa
3606 4179 3747 4236 quo-

2156 4278 2261 4333 que
2284 4259 2508 4316 docetur
2534 4261 2857 4316 erubescere
2888 4259 3030 4316 idola
3063 4259 3257 4314 colere.

2235 4353 2330 4409 Vir
2376 4354 2439 4408 de
2490 4353 2678 4419 domo,
2716 4361 2821 4408 etc.
2861 4351 3065 4425 (Βίου.)
3108 4351 3223 4406 Non
3272 4350 3389 4406 sine
3439 4349 3745 4405 oeconomia

478 4435 779 4491 interfectis
808 4436 1120 4503 virtutibus,
1149 4436 1265 4493 vult
1294 4438 1422 4495 vitia
1444 4441 1659 4507 vivere,
1689 4440 1963 4512 fortesque
1998 4453 2054 4498 et
2154 4452 2311 4515 pater
2338 4443 2550 4499 Moseos
2591 4443 3027 4514 praetermittitur
3052 4461 3063 4497 :
3094 4458 3221 4497 nam
3245 4450 3301 4496 et
3331 4440 3605 4506 Christus,
3638 4455 3741 4496 cu-

477 4524 662 4579 viriles
687 4525 854 4582 animi
884 4542 1096 4593 sensus,
1123 4528 1318 4598 quibus
1338 4529 1521 4586 divina
1551 4532 1819 4601 sapimus,
1850 4533 1904 4588 id
1932 4542 2017 4590 est
2035 4576 2050 4601 ,

478 4615 761 4679 rationem,
778 4616 1143 4685 prudentiam,
1161 4620 1542 4685 constantiam,
1561 4622 2047 4693 innocentiamque,

479 4716 537 4767 et
564 4710 723 4766 ﬁdem
760 4711 951 4767 nititur
977 4713 1255 4779 occidere;
1284 4724 1338 4770 et
1365 4718 1507 4786 quod
1533 4717 1851 4783 femineum,
1878 4720 2050 4775 imbe-

478 4800 661 4857 cillum
680 4842 695 4868 ,
730 4800 922 4875 fragile
946 4812 1003 4859 et
1026 4814 1257 4875 pronum
1279 4815 1363 4863 est
1383 4808 1450 4862 ad
1480 4808 1642 4876 vitia,
1686 4811 1835 4881 cupit
1863 4825 2052 4880 super-

476 4906 630 4957 esse,
660 4890 713 4947 id
747 4898 867 4959 est,
913 4894 1296 4963 ambitionem,
1347 4897 1688 4966 violentiam,
1736 4899 2049 4965 libidinem,

476 4981 813 5041 iracundiam
837 5022 854 5050 ,
881 4990 941 5041 et
976 4984 1063 5041 his
1101 4984 1296 5042 similia
1319 5029 1334 5053 ,
1359 5001 1479 5058 qua:
1515 4986 1834 5044 feminarum
1878 4988 2051 5059 ﬁgura

477 5083 625 5132 sunt.

548 5164 713 5223 Vens.
745 5167 1039 5236 lit—Quae
1065 5172 1459 5242 responderunt,
1487 5180 1590 5228 etc.
1627 5171 1783 5243 (Aue.
1806 5172 1862 5228 in
1892 5170 2050 5240 Gem,

477 5268 610 5315 tom.
634 5258 745 5332 IIl.)
772 5260 1045 5328 Quaeritur
1084 5270 1263 5317 utrum
1298 5262 1425 5318 talia
1448 5264 1727 5318 mendacia
1756 5263 2051 5334 approbata

474 5350 585 5406 sint
610 5351 932 5407 auctoritate
954 5352 1160 5418 divina,
1184 5362 1316 5420 etc.,
1346 5369 1506 5422 usque
1526 5353 1594 5406 ad
1614 5369 1844 5423 quorum
1869 5365 2049 5408 autem

469 5438 582 5513 jam
608 5444 949 5499 conversatio
974 5444 1025 5500 in
1050 5445 1204 5500 cmlis
1224 5453 1328 5510 est,
1360 5460 1467 5499 non
1498 5460 1592 5499 eos
1620 5446 1830 5501 aestimo
1860 5447 2055 5517 linguae

474 5533 690 5588 modum
711 5534 854 5590 circa
878 5536 1161 5590 veritatem
1180 5534 1578 5606 falsitatemque
1607 5536 1854 5607 exemplo
1866 5537 2053 5592 obste-

473 5624 668 5681 tricum
693 5627 890 5699 debere
920 5625 1236 5683 informare.

543 5715 762 5788 (Germ,
792 5717 1011 5784 Horal.,
1047 5718 1140 5773 lib.
1171 5734 1376 5773 xxxvut
1405 5760 1419 5784 ,
1450 5734 1569 5788 cap.
1598 5720 1663 5783 2,
1692 5719 1772 5790 3.)
1804 5720 2055 5776 Summo-

474 5820 603 5888 pere
634 5811 936 5868 cavendum
957 5818 1044 5868 est
1070 5810 1430 5878 mendacium,
1461 5820 1598 5882 etc.,
1631 5828 1796 5886 usque
1825 5816 1894 5869 ad
1931 5833 2054 5890 par-

2149 4534 2239 4606 jus
2264 4543 2445 4605 typum
2473 4534 2694 4604 gerebat
2717 4533 2910 4598 Moses,
2943 4535 3060 4589 sine
3091 4542 3246 4603 patre
3276 4541 3380 4589 est.

2223 4626 2386 4683 Vens.
2417 4627 2470 4681 2.
2496 4657 2565 4666 -
2589 4625 2656 4679 Et
2688 4625 2884 4689 ridens,
2910 4634 3015 4680 etc.
3042 4623 3389 4696 (Cuursosr.,
3421 4622 3563 4677 hom.
3596 4620 3667 4676 54
3690 4622 3746 4675 in

2155 4717 2273 4771 Act.
2301 4719 2517 4788 apost.).
2544 4716 2787 4773 Mirabile
2810 4726 2893 4771 est
2915 4717 3058 4785 quod
3082 4731 3189 4770 non
3216 4730 3315 4785 per
3335 4729 3399 4769 ea
3419 4727 3539 4784 qua:
3562 4712 3748 4767 viden-

2159 4817 2246 4865 tur
2273 4810 2582 4865 securitatis
2610 4824 2754 4875 esse,
2778 4810 2872 4865 sed
2903 4809 3062 4880 plane
3088 4824 3186 4879 per
3213 4807 3489 4864 contraria
3508 4846 3524 4873 ,
3544 4806 3734 4861 omnia

2156 4916 2257 4971 pro
2285 4901 2441 4957 nobis
2468 4901 2620 4956 ﬁunt.
2645 4900 2816 4956 Jussit
2846 4901 3057 4956 Pharao
3082 4901 3139 4955 in
3168 4897 3370 4955 flumen
3396 4894 3589 4968 projici
3613 4909 3745 4965 pne.

2159 5008 2283 5059 ros;
2308 4994 2409 5048 nisi
2438 4994 2660 5064 projecti
2691 4993 2917 5047 fuissent
2942 4992 3119 5063 pueri,
3144 5007 3252 5046 non
3279 4989 3472 5045 fuisset
3496 4997 3747 5043 servatus

2157 5083 2335 5139 Moses
2366 5102 2379 5138 :
2409 5083 2625 5153 quando
2670 5084 3022 5149 servabatur,
3073 5097 3179 5137 non
3230 5090 3349 5137 erat
3396 5080 3451 5134 in
3495 5078 3741 5162 honore;

2156 5174 2374 5243 quando
2403 5173 2681 5241 expositus
2706 5180 2809 5237 est,
2836 5181 2966 5227 tunc
2987 5172 3163 5228 factus
3185 5172 3238 5225 in
3269 5172 3476 5225 honore
3507 5176 3612 5224 est.
3644 5166 3741 5221 Mi“-

2157 5272 2314 5317 natus
2355 5271 2437 5317 est
2478 5262 2549 5316 illi
2578 5260 2815 5326 Judaaus,
2846 5263 3070 5317 dicens:
3104 5259 3359 5332 Nunquid
3394 5275 3476 5313 me
3505 5257 3743 5312 occidere

2157 5366 2211 5407 tu
2241 5353 2362 5408 vis?
2388 5362 2442 5408 et
2470 5352 2571 5407 hoc
2597 5352 2667 5405 illi
2696 5351 2898 5422 profuit
2926 5363 2984 5407 ut
3013 5351 3487 5424 philosopharetur
3517 5348 3573 5404 in
3612 5346 3743 5405 solio

2160 5446 2345 5501 tudine
2369 5461 2432 5499 ac
2454 5461 2644 5500 secure
2675 5447 2901 5501 viveret.

2223 5533 2430 5605 (Ome,
2450 5535 2595 5588 hom.
2623 5534 2702 5607 2.)
2726 5534 3031 5607 Allegorice.
3058 5534 3362 5589 Pharaonis
3392 5532 3501 5587 ﬁlia
3525 5540 3612 5587 est
3638 5531 3739 5586 Ec.

2154 5626 2317 5681 clesia
2350 5626 2416 5681 de
2461 5627 2707 5695 gentibus
2746 5636 3107 5698 congregata,
3148 5626 3235 5681 cui
3283 5640 3379 5695 per
3417 5623 3739 5694 prophetam

2153 5720 2351 5775 dicitur
2381 5737 2395 5773 :
2425 5717 2739 5775 Obliviscere
2764 5720 3018 5790 populum
3039 5731 3208 5785 tuum,
3244 5728 3291 5775 et
3325 5720 3540 5773 domum
3564 5730 3737 5788 patris

2153 5817 2251 5882 tui,
2283 5813 2407 5886 quia
2445 5813 2733 5884 concupivit
2779 5829 2869 5867 rex
2913 5814 3131 5886 speciem
3169 5822 3314 5867 tuam
3344 5809 3523 5886 (Psal.
3564 5806 3737 5881 κων),

3986 4960 3987 4989 i

3986 5176 3987 5209 i

3985 5348 3987 5376 Ι
