3998 6332
296 355 402 415 189

1332 351 1597 412 GLOSSA
1635 349 2027 410 ORDINABIA.
2056 384 2126 396 —
2162 353 2290 409 LIB.
2331 352 2535 412 EXOD.

3356 356 3361 360 ’
3439 356 3541 415 190

290 470 419 527 lisse
443 478 530 528 est
547 486 679 544 ergo
704 484 829 542 qua:
851 469 1020 526 exivit
1040 468 1107 525 de
1139 469 1297 526 domo
1324 470 1517 539 patris,
1541 478 1596 524 et
1616 470 1762 526 venit
1789 468 1859 526 ad
1884 471 1936 531 Α
1961 484 2181 525 monum
2201 478 2503 540 acceperat.
2537 468 2644 526 Sed
2668 468 2966 527 Pharaonis
2984 468 3092 527 ﬁlia
3110 469 3363 529 liberavit
3383 488 3534 531 eum.

287 576 483 633 aquas,
507 570 568 617 ut
592 561 867 618 lavaretur
903 577 935 617 a
975 560 1215 633 peccatis
1254 576 1376 632 qua:
1419 570 1771 617 contraxerat
1809 561 1865 616 in

286 654 451 710 domo
468 652 645 724 patris
668 669 682 707 :
705 660 762 708 et
799 653 983 708 statim
1010 652 1217 709 viscera
1258 652 1644 707 misericordia:
1683 667 1867 708 susce-

282 743 388 814 pit,
409 752 467 798 et
490 744 709 798 miserta
730 750 816 798 est
842 741 1100 809 infantis;
1129 743 1246 799 haec
1269 742 1493 797 veniens
1513 742 1565 797 in
1591 742 1862 813 paludem,

285 831 500 890 invenit
532 830 717 887 Mosen
751 831 1022 902 iacentem
1063 831 1363 901 expositum
1397 847 1431 887 a
1453 831 1564 887 suis
1586 872 1602 895 ,
1645 841 1700 887 et
1736 831 1865 888 fecit

284 938 412 980 eum
432 923 649 978 nutriri.
674 923 920 978 Nutritur
943 924 1086 994 apud
1107 938 1253 990 suos,
1285 923 1359 978 ibi
1399 924 1510 996 agit
1546 924 1858 990 infantiam;

283 1013 484 1070 fortior
505 1013 684 1071 factus
710 1013 928 1071 ducitur
950 1017 1020 1071 ad
1047 1029 1187 1081 eam,
1233 1015 1518 1085 adoptatur
1564 1016 1619 1070 in
1668 1016 1859 1074 ﬁlium.

282 1105 463 1165 Moses
508 1107 685 1179 legem
734 1107 1021 1179 signiﬁcat.
1070 1106 1306 1165 Veniens
1349 1122 1478 1179 ergo
1518 1108 1757 1165 Ecclesia
1793 1108 1863 1165 ad

282 1210 458 1266 aquas
482 1195 769 1265 baptismi,
800 1198 1039 1267 suscepit
1079 1197 1251 1268 legem
1292 1198 1436 1252 intra
1477 1198 1610 1253 tihin
1641 1198 1860 1253 conclu-

282 1300 436 1352 sam,
482 1293 539 1341 et
580 1286 843 1342 bitumine
882 1286 1110 1341 linitam.
1144 1286 1298 1341 Tibin
1335 1302 1464 1360 ergo
1497 1296 1581 1344 est
1612 1289 1862 1360 tegminis

279 1392 458 1448 genus
487 1393 556 1433 ex
588 1392 791 1449 papyro
813 1386 1145 1445 contextum,
1175 1388 1230 1434 et
1259 1380 1425 1448 virgis
1451 1380 1537 1436 vel
1564 1395 1631 1435 ex
1658 1382 1861 1438 cortice

279 1470 541 1525 arborum
582 1469 892 1526 formatum.
936 1469 1158 1526 Jacebat
1202 1488 1332 1543 ergo
1358 1473 1463 1533 ‘lex
1502 1474 1684 1529 clausa
1719 1475 1860 1530 intra

280 1560 595 1632 hujusmodi
621 1563 878 1635 tegmina,
905 1564 1026 1633 pice
1061 1573 1117 1621 et
1157 1565 1420 1620 bitumine
1452 1567 1640 1632 linita,
1667 1568 1860 1624 vilibus

278 1653 493 1711 scilicet
517 1662 575 1707 et
602 1654 757 1709 tetris
781 1654 1089 1711 Judaeorum
1114 1656 1395 1717 sensibus;
1416 1658 1668 1715 sordebat
1692 1658 1858 1714 oblita

278 1759 456 1814 usque
485 1760 594 1814 quo
623 1744 867 1800 Ecclesia
895 1747 1107 1802 veniret
1137 1760 1205 1801 ex
1232 1749 1501 1819 gentibus,
1533 1758 1589 1805 et
1618 1765 1859 1805 assume-

1967 561 2102 617 Cum
2129 569 2309 618 autem
2339 561 2591 632 perfecta:
2612 570 2757 618 esset
2776 563 2975 628 aetatis,
3002 562 3200 618 missus
3220 573 3306 619 est
3333 578 3365 618 a
3390 563 3535 620 Pha-

1967 668 2133 709 raone
2162 662 2348 708 contra
2375 651 2679 725 Ethiopes.
2709 652 2949 725 Cumque
2982 654 3146 710 sciret
3185 667 3284 723 per
3321 655 3538 711 deserta

1966 745 2305 815 serpentibus
2324 745 2481 815 plena
2504 760 2562 801 se
2588 744 2980 815 profecturum,
3004 745 3129 800 tulit
3148 746 3344 813 ibides,
3369 747 3427 803 id
3452 753 3541 805 est

1964 839 2201 895 ciconias
2243 838 2623 912 Egyptiacas,
2647 849 2934 911 caStraque
2968 846 3202 896 metatus
3229 838 3540 910 proferebat

1950 946 2093 996 'eas,
2125 939 2187 987 ut
2219 940 2503 1002 serpentes
2546 933 2866 989 devorarent
2914 941 2970 988 et
3020 932 3311 1006 fugarent:
3352 935 3537 1005 sicque

1963 1026 2235 1083 exercitus
2262 1042 2489 1083 securus
2517 1027 2850 1100 transigebat
2869 1036 3105 1084 noctem.
3130 1028 3264 1084 Cum
3290 1042 3420 1099 ergo
3440 1042 3536 1084 ve-

1963 1119 2132 1174 nisset
2156 1119 2225 1173 ad
2258 1118 2532 1173 civitatem
2552 1134 2717 1189 quam
2741 1128 3145 1193 expugnaturus
3158 1129 3297 1186 erat,
3319 1122 3538 1176 adama-

1961 1211 2040 1265 vit
2059 1226 2182 1266 eum
2207 1209 2523 1281 Ethiopum
2551 1213 2760 1283 regina,
2790 1221 2844 1267 et
2866 1214 3161 1269 secundum
3190 1214 3496 1271 condictum
3515 1252 3533 1281 ,

1962 1303 2233 1359 civitatem
2262 1303 2315 1359 ei
2343 1303 2587 1370 tradidit,
2610 1315 2665 1359 et
2688 1306 2910 1375 nupsit:
2936 1306 3061 1362 inde
3081 1316 3165 1363 est
3183 1320 3325 1376 quon
3350 1306 3534 1361 Aaron

1961 1402 2016 1448 et
2042 1392 2122 1447 Ma
2132 1395 2209 1447 ria
2233 1392 2438 1463 jurgati
2460 1395 2862 1451 suntadversus
2876 1394 3058 1452 Mosen
3086 1404 3311 1467 propter
3327 1393 3538 1452 Ethio-

1959 1498 2159 1552 pissam
2186 1498 2429 1539 uxorem.

2028 1575 2192 1632 Vsus.
2227 1575 2315 1631 12.
2339 1608 2412 1619 -
2436 1577 2668 1650 Cumque
2696 1578 3144 1648 circumspexisset
3165 1577 3266 1633 huc
3282 1586 3441 1649 atque
3466 1577 3534 1632 il-

1959 1669 2064 1724 luc.
2097 1669 2253 1739 (Aue.
2285 1667 2482 1734 Quwst.
2514 1670 2571 1724 in
2598 1668 2797 1740 Exod.)
2824 1669 2901 1724 De
2931 1670 3035 1725 hoc
3059 1668 3203 1726 facto
3234 1668 3369 1725 Mosi
3398 1668 3533 1726 satis

1960 1760 2350 1829 disputavimus
2382 1761 2435 1815 in
2466 1760 2557 1815 illo
2583 1774 2767 1829 opere,
2799 1761 2942 1830 quod
2970 1761 3039 1816 de
3065 1761 3175 1815 vita
3200 1760 3535 1830 patriarcha-

276 1844 367 1889 ret
387 1851 509 1891 eam
535 1837 602 1892 de
626 1837 783 1893 luteis
810 1847 864 1894 et
889 1839 1218 1909 palustribus
1238 1840 1392 1922 locis,
1418 1842 1559 1897 intra
1583 1844 1859 1913 sapientiae
1885 1827 1934 1889 Β
1959 1827 2079 1907 ruri]
2103 1853 2361 1907 adversus
2381 1827 2638 1907 Faustum
2659 1827 2981 1922 scripsimus
2997 1893 3012 1918 ,
3038 1827 3219 1906 utr-turi
3248 1850 3453 1906 indoles
3475 1850 3532 1906 in

278 1928 436 1984 aulas
458 1937 516 1984 et
541 1931 744 2001 regalia
786 1940 947 1988 tecta.
986 1930 1274 1988 infantiam
1320 1918 1497 1990 tamen
1546 1936 1687 2005 apud
1732 1952 1857 1993 suos

279 2022 561 2093 transigit:
579 2023 718 2093 apud
734 2024 854 2080 illos
875 2025 1018 2080 enim
1031 2025 1123 2094 qui
1151 2040 1271 2080 eam
1286 2026 1548 2096 spirituali
1556 2036 1638 2082 ter
1650 2043 1757 2083 non
1774 2030 1859 2084 in-

280 2111 549 2182 telligunt,
573 2115 795 2183 parvula
817 2124 922 2181 est,
948 2124 1003 2171 et
1027 2114 1224 2181 infans,
1244 2124 1302 2172 et
1325 2116 1639 2172 laetantium
1653 2118 1858 2175 habens

274 2205 473 2262 cibos:
502 2222 625 2263 cum
655 2208 721 2262 ad
752 2208 1051 2264 Ecclesiam
1081 2209 1249 2275 venit,
1282 2209 1475 2265 fortior
1492 2216 1577 2265 est
1604 2210 1779 2267 Moses
1802 2219 1859 2266 et

274 2295 541 2364 validior;
573 2306 755 2355 amoto
783 2300 926 2354 enim
955 2299 1221 2355 velamine
1246 2299 1470 2367 litterae,
1494 2299 1768 2371 perfectus
1800 2303 1857 2358 in

276 2389 514 2447 lectione
537 2391 654 2461 ejus
684 2390 838 2448 cibus
862 2392 1150 2447 invenitur.
1176 2391 1476 2448 Mercedem
1503 2394 1859 2449 nutrimento-

278 2497 401 2536 rum
429 2482 629 2553 accipit
649 2498 679 2537 a
706 2482 817 2538 ﬁlia
842 2482 1141 2539 Pharaonis
1159 2524 1173 2549 ,
1198 2486 1339 2555 apud
1370 2499 1531 2554 quam
1566 2485 1651 2539 lex
1679 2486 1858 2541 nasci-

276 2586 369 2631 tur
393 2583 449 2630 et
478 2576 733 2630 nutritur.
768 2574 876 2631 Sed
903 2577 1031 2647 quid
1058 2586 1143 2633 est
1184 2578 1327 2648 quod
1351 2576 1635 2649 Synagoga
1657 2580 1855 2649 accipit

274 2666 349 2723 ab
390 2667 667 2725 Ecclesia?
712 2667 852 2725 Puto
888 2669 1020 2724 illud
1064 2669 1206 2740 quod
1244 2670 1421 2726 Moses
1464 2670 1771 2742 dicit:Ego
1799 2673 1856 2727 in

273 2777 383 2815 non
420 2770 623 2830 gentem
650 2762 706 2816 in
739 2761 1126 2817 mulationem
1149 2780 1235 2817 vos
1260 2764 1508 2819 inducam
1528 2780 1548 2819 :
1574 2765 1629 2820 in
1654 2774 1856 2836 gentem

272 2854 604 2923 insipientem
632 2893 648 2919 ,
692 2854 747 2907 iu
780 2855 916 2909 iram
944 2871 1031 2910 vos
1065 2856 1356 2911 concitabo.
1391 2857 1675 2928 Synagoga
1723 2871 1854 2926 ergo

272 2949 346 3005 de
385 2948 627 3005 Ecclesia
669 2949 809 3005 hanc
846 2950 1148 3006 mercedem
1194 2950 1393 3020 accipit
1433 2958 1493 3005 ut
1532 2949 1669 3004 ultra
1712 2949 1855 3004 idola

271 3054 384 3095 non
433 3038 575 3097 colat
609 3058 623 3094 :
664 3039 855 3117 videns
882 3040 1026 3096 enim
1048 3040 1276 3112 gentiles
1306 3040 1378 3095 ita
1409 3041 1475 3094 ad
1508 3041 1675 3095 Deum
1719 3055 1852 3096 con-

1956 1957 2022 1998 eo
2048 1941 2332 1998 laudabilis
2352 1942 2533 2008 fuerit,
2557 1958 2661 2012 qua
2681 1943 2786 1998 hoc
2813 1949 3094 2013 peccatum
3114 1939 3417 2004 admiserit,
3434 1938 3536 1995 εἱε-

1956 2044 2016 2089 ut
2041 2034 2173 2090 uber
2210 2044 2354 2089 terra
2381 2042 2507 2089 ante
2542 2034 2696 2089 utilia
2726 2034 2934 2091 semina
2963 2031 3194 2103 quadam
3232 2032 3526 2088 herbarum

1956 2126 2226 2182 inutilium
2272 2125 2554 2182 ferocitate
2586 2126 2871 2181 laudatur:
2903 2140 2971 2179 an
3012 2124 3185 2195 ipsum
3211 2121 3410 2178 factum
3443 2119 3533 2190 ju-

1956 2220 2297 2275 stiﬁcandum
2326 2217 2433 2273 sit?
2454 2217 2607 2284 Quod
2637 2217 2760 2272 ideo
2780 2231 2887 2272 non
2917 2216 3152 2279 videtur,
3174 2214 3302 2283 quia
3324 2210 3528 2267 nullam

1955 2311 2131 2365 adhuc
2153 2308 2449 2380 legitimam
2477 2315 2797 2378 potestatem
2831 2308 3091 2376 gerebat,
3128 2318 3229 2359 nec
3269 2300 3532 2358 divinitus

1956 2410 2265 2472 acceptam,
2290 2415 2389 2455 nec
2418 2401 2654 2454 humana
2688 2397 2947 2453 societate
2978 2395 3322 2451 ordinatam:
3348 2399 3405 2447 et
3449 2399 3531 2446 ta-

1954 2508 2102 2559 men,
2123 2493 2264 2547 sicut
2306 2490 2612 2561 Stephanus
2656 2488 2731 2544 ait
2772 2487 2825 2542 in
2865 2474 3089 2542 Actibus
3133 2482 3528 2554 apostolorum,

1954 2585 2179 2654 putabat
2206 2582 2506 2653 intelligere
2530 2580 2732 2634 fratres
2759 2592 2886 2634 suos
2905 2617 2922 2644 ,
2948 2576 3094 2646 quod
3117 2590 3216 2646 per
3237 2589 3367 2651 eum.
3386 2572 3531 2629 Deus

1956 2677 2107 2732 daret
2139 2675 2369 2731 salutem
2400 2672 2527 2738 illis,
2556 2678 2617 2726 ut
2641 2685 2740 2742 per
2762 2670 2867 2724 hoc
2893 2665 3258 2723 testimonium
3285 2663 3531 2719 videatur

1955 2769 2130 2824 Moses
2158 2767 2271 2837 jam
2310 2766 2567 2822 divinitus
2603 2761 2915 2818 admonitus
2949 2757 3118 2831 (quod
3146 2753 3428 2824 Scriptura
3460 2767 3530 2809 eo

1955 2862 2072 2918 loco
2101 2861 2262 2932 tacet)
2292 2860 2394 2915 hoc
2417 2858 2617 2913 audere
2643 2854 2901 2925 potuisse.

2027 2951 2202 3026 (lsm.)
2249 2950 2562 3021 Allegorice.
2607 2946 2814 3009 Moses,
2846 2943 2901 2998 id
2938 2947 3022 2997 est
3065 2938 3334 3005 Christus,
3364 2935 3532 3008 Egy-

1953 3049 2147 3118 ptium,
2180 3045 2234 3100 id
2255 3054 2341 3100 est
2374 3040 2645 3098 diabolum
2672 3037 2831 3093 nobis
2870 3036 2925 3091 in
2961 3035 3063 3090 hac
3096 3030 3532 3104 peregrinatione

271 3145 494 3197 V8508.
550 3139 613 3186 ιιι
662 3130 804 3187 ultra
855 3131 996 3187 idOIa
1049 3132 1293 3187 neseianl
1321 3172 1337 3197 .
1387 3131 1660 3187 erubescit
1709 3130 1850 3185 ultra
1882 3184 1924 3205 η
1957 3137 2296 3205 iniuriosum,
2352 3149 2452 3189 nos
2497 3128 2834 3188 defendendo
2882 3124 3111 3191 occidit,
3160 3129 3217 3178 et
3262 3123 3316 3178 in
3362 3135 3529 3176 arena

270 3220 419 3277 idola
466 3220 664 3278 colere.
711 3221 823 3278 Nos
869 3236 1085 3293 quoque
1110 3262 1125 3287 ,
1176 3222 1223 3277 si
1277 3222 1615 3277 Pharaonem
1662 3219 1855 3275 habui-

271 3329 397 3371 mus
424 3318 655 3385 patrem,
682 3314 731 3372 si
762 3329 861 3371 nos
886 3314 942 3370 in
977 3315 1236 3386 operibus
1281 3315 1439 3370 malis
1480 3315 1698 3386 genuit,
1730 3328 1855 3370 cum

269 3406 581 3462 venerimus
620 3407 688 3463 ad
724 3421 926 3478 aquas,
979 3422 1319 3464 assumamus
1364 3406 1533 3479 legem
1577 3404 1715 3463 Dei:
1748 3422 1856 3465 non

271 3497 435 3554 nobis
462 3498 718 3555 sordeant
740 3499 936 3557 littera:
960 3499 1108 3555 velut
1133 3507 1349 3571 tegmen
1376 3501 1699 3567 obscurum;
1734 3514 1856 3572 quae

271 3604 442 3660 parva
468 3589 588 3660 ejus
611 3598 740 3646 sunt
768 3600 825 3647 et
852 3591 1108 3647 lactantia
1153 3592 1530 3656 comedamus;
1573 3607 1694 3662 qua:
1727 3606 1855 3662 per-

272 3680 416 3737 fecta
442 3694 742 3749 sumamus,
772 3691 828 3739 et
855 3682 1001 3739 intra
1026 3684 1207 3740 cordis
1230 3690 1370 3739 tecta
1392 3683 1592 3754 regalia
1619 3684 1856 3740 colloce-

272 3787 418 3829 mus.
450 3771 725 3830 Grandem
776 3783 833 3832 et
876 3775 1115 3831 validum
1160 3776 1423 3831 habemus
1472 3774 1690 3831 Mosen:
1724 3775 1858 3832 nihil

271 3862 343 3918 de
370 3878 438 3919 eo
474 3879 722 3935 parvum,
748 3865 881 3921 nihil
904 3866 1013 3922 vile
1042 3868 1372 3935 sentiamus,
1403 3868 1498 3924 sed
1540 3877 1713 3924 totum
1742 3886 1858 3925 ma-

272 3956 565 4027 gniﬁcum,
612 3965 783 4014 totum
826 3959 1132 4031 egregium,
1174 3965 1347 4015 totum
1393 3959 1649 4032 elegans:
1683 3968 1855 4018 totum

273 4048 423 4104 enim
452 4064 708 4121 magnum
745 4057 864 4118 est,
904 4052 1051 4122 quod
1076 4051 1358 4124 spirituale
1385 4061 1504 4121 est,
1534 4061 1588 4111 et
1613 4054 1858 4112 sublimis

272 4140 665 4213 intelligentiae.

348 4228 512 4288 Vsus.
564 4231 679 4288 6-8.
706 4260 778 4274 -
800 4228 1127 4305 Ger-nmque
1172 4233 1231 4287 in
1277 4249 1342 4290 ea
1383 4233 1696 4306 parvulum,
1744 4244 1852 4293 etc.

274 4324 534 4398 (Τπιου.)
578 4324 817 4397 Mystice.
856 4324 971 4382 Hoc
1010 4325 1084 4382 illi
1126 4327 1467 4398 potissimum
1516 4330 1856 4388 circumcisio

270 4416 509 4488 prodere
532 4417 738 4489 potuit,
781 4418 1016 4474 nondum
1053 4419 1197 4475 enim
1222 4419 1464 4491 Egyptii
1504 4422 1614 4478 tale
1656 4431 1855 4494 myste-

1957 3228 2137 3285 obruit
2178 3227 2436 3283 occisum.
2487 3224 2643 3280 Latet
2681 3221 2823 3277 enim
2854 3220 2910 3274 in
2947 3218 3027 3274 eis
3061 3216 3153 3286 qui
3199 3213 3391 3271 stabile
3422 3226 3530 3267 non

1956 3322 2158 3377 habent
2180 3319 2607 3374 fundamentum.
2636 3311 2933 3370 Ecclesiam
2956 3324 3083 3364 vero
3105 3308 3160 3383 in
3178 3314 3335 3377 petra
3367 3300 3532 3359 atdiﬁ-

1957 3421 2067 3479 cat,
2098 3422 2153 3467 et
2171 3425 2266 3467 eos
2287 3409 2377 3479 qui
2404 3407 2628 3463 verbum
2669 3404 2786 3474 ejus
2812 3401 3034 3458 audiunt
3070 3406 3124 3454 et
3153 3396 3360 3453 faciunt
3392 3409 3528 3465 pru-

1956 3504 2104 3560 denti
2138 3502 2257 3556 viro
2274 3507 2572 3569 comparat,
2602 3496 2696 3565 qui
2716 3491 2999 3549 aediﬁcavit
3024 3488 3243 3545 domum
3264 3499 3419 3542 suam
3443 3499 3531 3539 su-
3612 3479 3637 3490 “

1954 3610 2053 3664 pra
2084 3593 2294 3648 ﬁrmam
2319 3596 2551 3661 petram.
2589 3586 2739 3642 Alios
2765 3599 2895 3641 vero
2915 3581 3084 3639 stulto
3104 3586 3403 3650 comparat,
3433 3577 3530 3647 qui

1957 3701 2120 3758 supra
2144 3698 2367 3739 arenam
2387 3679 2638 3737 aediﬁcat.

2027 3778 2194 3833 Vsus.
2227 3773 2407 3829 13.——
2436 3771 2508 3826 Et
2535 3784 2772 3841 egressus
2816 3766 2902 3822 die
2948 3765 3136 3827 altera,
3177 3769 3282 3818 etc.
3320 3761 3384 3817 In
3425 3760 3532 3817 hoc

1956 3868 2133 3925 Moses
2162 3865 2390 3938 ﬁguram
2416 3862 2619 3921 Christi
2647 3859 2848 3933 gessit,
2889 3857 2982 3928 qui
3030 3858 3257 3913 duorum
3301 3853 3529 3925 populo-

1957 3976 2076 4017 rum
2131 3957 2458 4014 discordiam
2504 3956 2559 4010 in
2608 3968 2669 4009 se
2724 3951 2968 4023 angulari
3015 3949 3194 4020 lapide
3241 3946 3530 4018 paciﬁcare

1957 4051 2183 4109 studuit.
2222 4049 2326 4117 Qui
2352 4047 2609 4118 iniuriam
2638 4045 2770 4101 fecit
2807 4051 2865 4100 et
2906 4040 3374 4099 reconciliatorem
3399 4052 3533 4095 con—

1956 4143 2207 4213 tempsit,
2253 4139 2509 4195 Judaicus
2548 4144 2655 4202 est,
2697 4138 2792 4207 qui
2838 4132 3275 4204 praedicationem
3325 4126 3530 4184 Christi

1956 4232 2360 4290 reconciliantis
2387 4228 2607 4300 repulit,
2630 4236 2686 4282 et
2703 4224 2977 4283 credentis
3001 4222 3184 4294 populi
3210 4220 3383 4276 hostis
3407 4234 3530 4289 per-
3580 4282 3593 4295 _

1956 4325 2113 4382 stitit.
2158 4323 2311 4381 Unde
2348 4320 2504 4377 Joan.
2532 4335 2589 4375 ιι
2615 4337 2630 4376 :
2661 4317 2741 4372 Tu
2785 4313 3073 4387 discipulus
3113 4311 3259 4367 illius
3294 4312 3390 4378 sis,
3434 4326 3528 4366 nos

1957 4413 2199 4487 discipuli
2230 4412 2389 4469 Mosi.

274 4507 418 4610 rium
444 4506 807 4610 admiserant,
840 4507 1349 4610 liceﬁsuccedente.
1369 4519 1612 4610 tempore
1640 4492 1852 4568 adVHe-
1878 4549 1934 4610 Β
1974 4600 2009 4610 η
2029 4508 2195 4610 Vsus.
2231 4505 2419 4560 14-21.
2460 4500 2752 4610 —‘Timt:it
2786 4496 2985 4610 Maces,
3014 4502 3117 4610 etc:
3148 4493 3331 4610 ςΑυξ.)
3449 4494 3530 4610 sic

271 4597 546 4657 bratorum
570 4595 926 4652 imitationem
948 4597 1382 4658 circumcisionis
1404 4601 1577 4673 legem
1607 4602 1857 4659 observa-

272 4691 471 4747 verint.
527 4687 680 4747 Unde
723 4687 1029 4763 Ieremias:
1064 4688 1420 4748 Considerabo
1484 4710 1663 4749 omnes
1714 4710 1854 4765 prte-

269 4781 482 4854 putittm
538 4779 972 4837 circumccantes
998 4821 1015 4848 ,
1066 4779 1347 4854 ﬁgyptios
1383 4792 1432 4839 et
1472 4782 1612 4853 ﬁlios
1657 4780 1850 4839 Edam.

273 4872 417 4946 (lor.
441 4872 544 4945 ιι).

347 4962 525 5037 astu.)
552 4962 752 5031 Moses,
784 4962 837 5019 id
864 4972 951 5019 est
974 4962 1247 5031 Christus,
1270 4965 1337 5020 ad
1356 4962 1553 5020 ﬁumen
1578 4963 1780 5020 lavacri
1800 4972 1859 5021 et

265 5070 471 5127 aquam
499 5055 751 5126 baptismi
781 5068 814 5109 a
840 5052 1088 5111 ﬁdelibus
1110 5055 1406 5123 invenitur,
1437 5063 1566 5123 etc.,
1591 5073 1752 5128 usque
1780 5058 1851 5112 ad

269 5158 327 5207 et
358 5164 480 5206 eum
508 5148 759 5219 religiosa
782 5148 1160 5205 observatione
1185 5150 1542 5220 suscipientes
1564 5157 1803 5205 tuentur.

346 5242 514 5298 Vsus.
543 5241 694 5298 9-H.
717 5241 1161 5313 ~Adultumque
1205 5242 1465 5309 tradidit,
1518 5252 1624 5299 etc.
1671 5240 1852 5316 (ΗΑΒ.)

272 5335 464 5393 Refert
503 5333 770 5405 Iosephus
807 5334 953 5404 quod
993 5333 1102 5389 ﬁlia
1132 5333 1432 5392 Pharaonis
1462 5336 1703 5390 adultum
1735 5334 1852 5391 Mo-

274 5447 372 5487 sen
405 5430 473 5486 ad
500 5437 707 5501 patrem
738 5442 896 5483 suum
928 5426 1171 5493 adduxit,
1200 5429 1288 5483 cui
1314 5427 1405 5483 ille
1424 5442 1677 5483 coronam
1698 5442 1851 5483 suam

272 5521 554 5591 imposuit,
574 5533 737 5590 quam
783 5519 965 5575 statim
996 5516 1170 5574 Moses
1197 5517 1421 5588 proiecit
1444 5559 1459 5583 ,
1493 5519 1744 5588 quoniam
1776 5517 1852 5573 ibi

271 5614 546 5684 sculptum
586 5609 934 5665 simulacrum
973 5609 1126 5664 vidit.
1157 5607 1310 5664 Unde
1357 5609 1609 5664 sacerdos
1649 5608 1738 5678 qui
1776 5607 1854 5663 ibi

270 5709 485 5771 aderat,
508 5704 683 5759 voluit
707 5700 1011 5758 interﬁcere
1033 5717 1188 5766 eum,
1222 5701 1407 5756 dicens
1434 5700 1561 5770 quia
1589 5696 1854 5768 IEgyptus

271 5809 419 5861 esset
449 5799 807 5856 subvertenda
839 5806 936 5855 per
964 5796 1138 5850 ipsum
1210 5794 1351 5849 sicut
1393 5804 1458 5850 ex
1501 5797 1718 5852 oraculo
1746 5797 1854 5853 (lic-

1959 4600 2293 4669 divulgatum
2323 4602 2408 4650 est
2430 4593 2655 4649 verbum
2689 4590 2810 4645 hoc.
2847 4586 2961 4643 Duo
2988 4595 3113 4642 sunt
3149 4587 3203 4640 iu
3236 4588 3340 4643 hac
3381 4586 3535 4675 locu-~

1956 4690 2104 4747 tione
2132 4686 2492 4756 attendenda,
2516 4685 2643 4755 quia
2684 4681 2883 4755 pendet
2920 4681 3127 4738 scilicet
3162 4680 3428 4741 sententia
3473 4686 3531 4736 et

1957 4780 2036 4837 sic
2079 4780 2299 4836 dimissa
2340 4787 2453 4843 est,
2483 4774 2675 4832 deinde
2708 4775 2835 4846 quia
2865 4774 3092 4830 verbum
3118 4787 3219 4843 pro
3253 4772 3399 4851 facto
3430 4788 3527 4845 po-

1955 4883 2195 5020 satus.
2222 4962 2312 5017 22.
2329 4992 2398 5002 -
2414 4959 2545 5027 Quae
2564 4959 2784 5032 peperit,
2810 4965 2916 5013 etc.
2948 4955 3257 5027 Allegorice.
3280 4956 3530 5014 Christus

1948 5034 2253 5114 .Ecclesiam
2298 5054 2363 5107 de
2407 5051 2663 5122 gentibus
2703 5048 2805 5105 sibi
2834 5047 3127 5119 copulavit,
3157 5061 3279 5117 quae
3305 5062 3529 5104 munere

1960 5146 2196 5219 Spiritus
2223 5143 2553 5215 septiformis
2578 5155 2687 5197 una
2707 5150 2790 5195 est
2814 5140 2869 5194 in
2898 5139 3004 5194 ﬁde
3020 5137 3307 5193 catholica.
3338 5137 3525 5195 Unde:

1939 5239 2081 5295 .Una
2104 5249 2178 5294 est
2205 5237 2443 5294 columba
2466 5252 2616 5301 mea;
2645 5249 2764 5305 qua:
2787 5231 2956 5304 gignit
2978 5230 3167 5296 ﬁlium,
3189 5231 3282 5301 qui
3303 5240 3529 5288 vocatur

1961 5332 2159 5387 advemz
2185 5372 2200 5396 ,
2248 5339 2304 5386 et
2348 5331 2577 5385 alterum
2623 5326 2714 5397 qui
2762 5325 2859 5381 Dei
2902 5323 3228 5394 adjutorium
3255 5341 3276 5381 :
3307 5323 3528 5380 advena:

1960 5424 2105 5479 enim
2151 5430 2277 5479 sunt
2324 5421 2494 5478 sancti
2547 5434 2712 5490 super
2752 5427 2985 5483 terram,
3012 5415 3107 5471 sed
3132 5414 3231 5471 Dei
3260 5413 3527 5483 adiutorio

1957 5532 2235 5587 nunquam
2262 5524 2469 5572 carent.

2030 5607 2195 5663 Vsus.
2239 5607 2434 5662 25-25.
2460 5637 2529 5646 -
2558 5598 2687 5658 Post
2724 5599 2944 5655 multum
2968 5614 3086 5653 vero
3111 5596 3355 5657 temporis
3373 5636 3389 5659 ,
3414 5606 3523 5677 etc,

1956 5700 2247 5769 Postquam
2304 5697 2478 5753 Moses
2528 5697 2580 5749 ia
2618 5702 2763 5748 terra
2811 5690 3021 5745 Madian
3070 5687 3222 5741 duxit
3262 5702 3522 5755 uxorem,

1958 5799 2204 5848 mortuus
2231 5798 2313 5846 est
2343 5806 2437 5845 rex
2460 5786 2677 5859 Egypti
2702 5803 2714 5840 :
2740 5783 2866 5855 quia
2891 5795 3012 5836 cum
3032 5777 3283 5836 Christus
3309 5779 3362 5836 in
3391 5780 3526 5841 orbe
