3998 6332
475 433 570 489 191

475 637 810 706 principatus
837 633 1056 688 diaboli.

546 727 967 797 lngemiscemes.
1016 723 1126 779 Nisi
1173 722 1438 776 moriatur
1476 720 1532 774 in
1575 727 1627 774 te
1665 733 1760 773 rex
1801 716 2041 786 (Egypti,

479 835 587 875 non
618 817 896 888 cognoscis
925 825 978 871 te
1003 815 1232 886 opprimi
1259 815 1522 868 servitute
1552 810 1794 882 Egypti,
1821 819 1877 865 et
1917 823 2046 878 ope-

480 913 629 968 ribus
661 911 756 965 luti
785 919 840 964 et
868 910 1087 974 lateris;
1121 923 1218 962 nec
1255 907 1418 962 corde
1459 906 1786 978 ingemiscis,
1819 919 1919 959 nec
1950 918 2046 958 vo-

480 1003 726 1060 ciferaris
753 1003 819 1056 ad
851 1002 1132 1056 Dominum
1163 1009 1221 1053 ut
1245 999 1440 1054 liberet
1465 1006 1536 1052 te.

1086 1151 1312 1208 CAPUT
1351 1151 1434 1205 111.

547 1267 712 1320 Vens.
751 1265 806 1330 2,
842 1265 896 1318 5.
926 1293 995 1303 -
1022 1263 1378 1333 Apparuitque
1421 1263 1488 1316 ei.
1530 1260 1704 1333 (1510.)
1736 1258 2042 1328 Allegorice.

475 1357 608 1413 Erat
639 1358 849 1412 ﬂamma
883 1357 936 1410 in
969 1356 1162 1418 rubro,
1215 1366 1268 1408 et
1295 1370 1400 1408 non
1434 1354 1794 1408 cremabatur.
1837 1351 2043 1414 Rubus,

478 1451 646 1520 spinae
675 1457 1016 1518 peccatorum
1041 1445 1388 1501 Judzeorum:
1422 1444 1635 1499 ﬂamma
1659 1445 1712 1498 in
1745 1444 1896 1502 rubo.
1931 1457 2047 1496 ver-

475 1540 602 1594 bum
634 1539 750 1604 Dei,
779 1538 830 1592 id
859 1546 942 1592 est
967 1537 1052 1592 lex
1093 1537 1218 1590 data
1250 1535 1328 1589 illi
1354 1534 1568 1604 pepulo.
1601 1532 1706 1587 Sed
1740 1540 1793 1586 et
1833 1531 2046 1586 ﬂamma

476 1633 670 1688 rubum
698 1648 806 1686 non
836 1631 1136 1692 comburit,
1171 1631 1296 1698 quia
1332 1629 1419 1683 lex
1448 1629 1570 1684 data
1598 1636 1820 1696 peccata
1859 1641 2047 1680 eorum

478 1741 582 1779 non
629 1725 915 1780 consumit.
965 1722 1070 1777 Alii
1122 1723 1174 1776 in
1227 1723 1361 1776 rubo
1401 1720 1708 1775 ﬂammante
1749 1717 2047 1773 Ecclesiam

478 1815 803 1885 intelligunt,
843 1829 963 1883 qua
1005 1812 1470 1882 persecutionibus
1507 1809 1892 1873 inﬂammatur,
1928 1822 2047 1878 quae

956 424 1346 482 WALAFRIDI
1386 421 1629 478 STRABI
1663 419 1867 476 FULD.
1907 417 2072 474 MON.
2114 415 2264 472 OPP.
2305 413 2481 470 PARS
2520 415 2559 468 Ι.
2598 444 2669 454 ——
2700 411 3155 467 TllEOLOGlCA.

476 559 743 603 terrarum
789 552 976 618 gentes
1006 543 1073 597 ad
1101 542 1261 596 ﬁdem
1305 539 1584 600 convertit,
1621 537 1928 592 destructus
1961 539 2045 587 est
2070 533 2122 590 A

3607 415 3716 471 I92

2219 527 2394 598 (Ιειυ.)
2423 526 2557 593 Quia
2597 525 2774 580 nullus
2820 525 3024 580 scilicet
3067 525 3226 594 digne
3273 527 3598 594 consistere,
3627 533 3718 587 vel

2147 620 2313 674 Deum
2336 619 2518 673 videre
2553 626 2751 687 potest,
2773 619 2877 674 nisi
2908 613 3105 673 cuncta
3142 628 3356 674 terrena
3383 629 3440 674 et
3464 623 3718 679 mortalia

2145 709 2393 779 deponat.
2452 708 2660 775 Aliter,
2709 717 2952 765 veterum
3012 711 3343 765 consuetudo
3399 720 3517 766 erat
3562 725 3619 768 ut
3671 718 3721 771 si

2145 815 2374 870 sponsus
2427 816 2681 870 sponsam
2733 800 3078 870 repudiaret,
3129 801 3185 854 iu
3242 801 3453 871 signum
3509 806 3722 875 repudii

2144 891 2586 946 discalcearetur.
2619 891 2744 945 Ideo
2775 891 2948 946 Moses
2995 891 3308 946 discalceari
3347 893 3586 962 jubetur,
3621 911 3727 951 nec

2145 983 2212 1038 ad
2241 983 2558 1048 Ecclesiam,
2589 997 2711 1052 quae
2736 982 2789 1036 in
2821 983 2956 1036 rubo
2982 981 3339 1052 signiﬁcatur,
3375 985 3525 1052 quasi
3561 1001 3727 1053 spon-

2145 1090 2239 1131 sus
2283 1075 2504 1130 accedat
2554 1075 2854 1139 calceatus;
2893 1076 2995 1130 hoc
3043 1075 3188 1129 enim
3237 1073 3454 1130 Christo
3501 1091 3729 1132 servan-

2147 1166 2270 1220 dum
2297 1206 2312 1230 ,
2355 1164 2446 1235 qui
2496 1178 2656 1219 verus
2690 1171 2773 1219 est
2808 1178 3058 1233 sponsus.
3093 1165 3166 1219 De
3195 1179 3301 1233 quo
3337 1163 3573 1220 Joannes
3597 1167 3676 1221 ait
3709 1190 3723 1222 :

2153 1273 2170 1305 ι
2211 1254 2374 1322 Cujus
2417 1270 2523 1308 non
2569 1270 2686 1308 sum
2720 1255 2913 1325 dignus
2951 1254 3156 1310 solvere
3184 1256 3466 1326 corrigiam
3499 1257 3719 1312 calcea-

2147 1347 2314 1400 menti
2344 1345 2522 1416 (Joan.
2558 1344 2617 1416 ι).

2218 1434 2381 1490 Vens.
2415 1433 2473 1488 6.
2503 1466 2573 1475 —
2599 1435 2710 1506 Ego
2741 1452 2853 1489 sum
2883 1434 3041 1500 Deus,
3066 1445 3173 1491 etc.
3208 1435 3422 1506 (llius.
3451 1436 3544 1491 lib.
3573 1453 3624 1492 tv
3659 1437 3726 1492 de

2151 1531 2448 1605 Trinitate.)
2479 1531 2592 1586 Non
2641 1532 2796 1586 aliter
2835 1532 3160 1601 loquendum
3203 1532 3270 1586 de
3301 1531 3411 1588 Deo
3441 1542 3523 1587 est
3557 1549 3726 1603 quam

2147 1632 2207 1678 ut
2229 1625 2438 1694 ipse'ad
2469 1625 2878 1695 intelligentiam
2911 1632 3152 1678 nostram
3185 1624 3251 1678 de
3277 1640 3336 1680 se
3365 1625 3573 1680 locutus
3617 1635 3726 1681 est.

2145 1715 2381 1784 Angelus
2402 1715 2496 1770 Dei
2526 1725 2630 1780 est,
2662 1717 2753 1784 qui
2779 1717 2830 1769 in
2857 1717 2978 1785 igne
3003 1718 3070 1770 de
3097 1717 3232 1771 rubo
3256 1718 3503 1787 apparuit
3533 1735 3545 1770 :
3577 1728 3630 1772 et
3661 1721 3730 1774 de

2148 1806 2283 1860 rubo
2322 1807 2373 1859 in
2415 1806 2539 1873 igne
2573 1806 2714 1860 Deus
2758 1807 3022 1875 loquitur;
3054 1807 3222 1862 habes
3253 1809 3722 1878 dispensationem

477 1904 727 1974 loquente
763 1905 830 1959 ad
869 1919 926 1958 se
969 1903 1201 1957 Domino
1228 1918 1333 1958 non
1362 1909 1654 1955 crematur.
1686 1900 1837 1967 Quod
1865 1899 2044 1953 Domi-
2075 1887 2124 1948 Β
2151 1897 2204 1950 in
2231 1897 2439 1966 angelo,
2471 1897 2595 1966 quia
2629 1898 2682 1951 in
2727 1898 2917 1966 angelo
2948 1898 3180 1952 oﬂicium
3210 1908 3312 1964 est,
3351 1915 3456 1954 non
3498 1911 3725 1966 natura;

479 2011 580 2049 nus
610 1995 741 2050 Mosi
767 1996 820 2048 in
852 1995 986 2049 rubo
1016 1994 1285 2064 apparuit,
1315 1992 1551 2048 ostendit
1570 1991 1696 2060 quia
1727 1991 1779 2045 in
1806 1990 2046 2045 Ecclesia

477 2095 698 2156 apparet
727 2084 1002 2151 ﬁdelibus,
1035 2101 1133 2140 nec
1171 2084 1318 2138 alibi.
1357 2084 1524 2138 Aiunt
1567 2082 1778 2137 Hebraei
1827 2081 1948 2136 ideo
1993 2081 2046 2134 in

479 2179 612 2232 rubo
657 2177 827 2232 Deum
873 2177 1183 2246 apparuisse
1223 2176 1388 2241 Mosi,
1419 2191 1486 2230 ne
1526 2182 1744 2245 possent
1784 2175 1885 2229 sibi
1926 2174 2048 2229 inde

479 2268 679 2324 idolum
726 2269 972 2338 sculpere
998 2264 1190 2322 Judaai.
1225 2265 1454 2337 Semper
1481 2265 1626 2320 enim
1653 2265 1798 2322 Deus
1823 2264 2046 2320 idolola-

477 2361 594 2417 tria:
617 2363 959 2416 occasionem
990 2361 1200 2416 recidit.
1547 2346 1549 2350 ’

549 2453 738 2525 (Gneo.
773 2453 863 2510 lib.
895 2470 1009 2508 χχιι
1042 2452 1261 2518 Μοναιη
1284 2469 1406 2524 cap.
1438 2452 1554 2524 20.)
1587 2453 1762 2508 Moses
1785 2453 2048 2507 admistus

479 2542 747 2613 Egyptiis
769 2543 920 2613 quasi
955 2541 1206 2611 vigilabat
1230 2542 1452 2606 mundo,
1477 2540 1596 2596 ideo
1622 2555 1810 2595 vocem
1837 2539 2048 2593 Domini

479 2645 586 2685 non
616 2632 869 2686 audiebat
895 2648 906 2682 :
938 2631 1032 2686 sed
1061 2632 1328 2686 exstincto
1365 2631 1648 2702 IEgyptio,
1678 2640 1960 2700 postquam
1993 2631 2048 2684 in

481 2723 750 2776 desertum
783 2721 937 2792 fugit,
969 2725 1094 2776 dum
1118 2722 1227 2776 illic
1257 2722 1612 2792 quadraginta
1638 2721 1794 2776 annis
1821 2721 1988 2792 degit,
2017 2736 2048 2775 a

481 2814 710 2868 terrenis
759 2814 1078 2869 tumultibus
1126 2813 1491 2878 obdormivit,
1539 2823 1595 2866 et
1645 2813 1766 2867 ideo
1813 2812 2048 2866 divinam

479 2921 662 2962 vocem
711 2906 968 2976 percepit.
1019 2904 1152 2961 Cum
1199 2905 1344 2961 enim
1394 2918 1543 2959 mens
1582 2904 1650 2958 ab
1693 2901 2051 2958 exterioribus

479 2998 708 3068 scpitur,
731 2997 955 3052 verbum
977 2997 1069 3052 Dei
1089 3003 1338 3066 penetrat
1357 2995 1620 3049 veracius.
1633 2994 1831 3048 Aurem
1855 2991 2052 3061 quippe

481 3089 661 3144 contis
704 3089 860 3144 turba
905 3097 1245 3144 terrenarum
1285 3088 1671 3160 cogitationum
1709 3093 2052 3158 perstrepens
2082 3147 2102 3166 1

483 3180 703 3236 claudit.
738 3179 853 3236 Non
895 3181 1040 3236 enim
1064 3179 1302 3251 perfecte
1329 3181 1492 3236 homo
1517 3179 1712 3235 suﬂicit
1731 3178 1797 3234 ad
1823 3186 2051 3248 utraque

484 3273 684 3327 divisus
707 3313 721 3337 ,
769 3273 895 3344 quia
926 3273 971 3328 si
1012 3242 1250 3329 eriterius
1296 3271 1539 3328 auditum
1575 3271 1779 3342 aperit,
1827 3242 2053 3327 interius
2080 3242 2126 3307 θ

483 3364 837 3420 obsurdescit.

551 3455 717 3512 Vens.
744 3457 798 3510 Δ.
828 3487 898 3497 -
928 3453 1156 3512 Gemens
1184 3464 1358 3511 autem
1381 3453 1659 3518 Dominus,
1684 3461 1789 3508 etc.
1838 3449 2052 3523 (GBEG.,

481 3549 631 3618 praef.
662 3550 716 3602 in
742 3547 961 3612 Moral.,
992 3563 1041 3603 c.
1074 3547 1153 3617 2.)
1184 3546 1416 3619 Angelus
1445 3547 1536 3616 qui
1568 3544 1699 3599 Mosi
1739 3542 2056 3612 apparuisse

486 3638 828 3702 describitur,
861 3636 1020 3693 modo
1046 3637 1329 3702 Dominus,
1361 3637 1518 3691 modo
1547 3634 1769 3705 angelus
1791 3647 2056 3688 memora-

485 3735 612 3781 tur:
645 3727 886 3796 angelus,
919 3728 1045 3797 quia
1074 3729 1316 3782 exterius
1350 3724 1614 3794 loquendo
1642 3723 1836 3785 servit;
1871 3721 2055 3777 Domi-

483 3832 585 3870 nus
613 3855 627 3880 ,
677 3817 802 3884 quia
857 3817 1085 3871 interius
1125 3815 1422 3886 praesidens
1470 3813 1720 3882 loquendi
1765 3810 2056 3866 efﬁcaciam

486 3904 693 3958 tribuit.
741 3901 876 3958 Cum
925 3902 1068 3958 enim
1098 3902 1426 3973 loquensab
1465 3902 1718 3956 interiore
1751 3901 1975 3970 regitur,
2005 3906 2060 3953 et

485 4009 583 4064 per
630 3993 947 4062 obsequium
995 3993 1246 4064 angelus,
1277 4003 1333 4049 et
1370 4008 1469 4062 per
1500 3991 1912 4062 inspirationem
1955 3991 2061 4045 Do-

405 4117 421 4130 .
490 4081 669 4136 minus
694 4088 1040 4136 memoratur.

565 4173 779 4227 Vocavit
824 4189 940 4227 eum
990 4173 1054 4227 de
1095 4173 1266 4227 medio
1291 4213 1306 4238 ,
1351 4179 1458 4228 etc.
1495 4170 1710 4244 (Gneo.
1751 4171 1844 4226 lib.
1889 4186 2059 4226 xxvm

487 4262 705 4327 Moral.,
739 4279 788 4318 c.
822 4261 902 4334 5.)
947 4261 1098 4333 Saepe
1141 4263 1298 4318 simul
1327 4271 1383 4318 et
1412 4263 1642 4318 terrenis
1667 4272 1721 4318 et
1755 4262 2062 4318 coelestibus

485 4355 797 4408 substantiis
833 4370 928 4424 per
951 4354 1170 4426 angelos
1196 4355 1428 4423 loquitur
1450 4354 1592 4410 Deus
1618 4374 1630 4408 :
1653 4355 1793 4409 sicut
1824 4355 1911 4409 hic
1937 4369 2060 4409 cum

487 4442 663 4513 ignem
696 4444 993 4513 rubumque
1021 4445 1440 4514 sociavit,atque
1454 4445 1596 4500 aliud
1619 4446 1888 4515 superius,
1919 4444 2063 4499 aliud

487 4533 709 4588 inferius
724 4535 922 4604 junxit.
953 4535 1103 4602 Quod
1131 4544 1257 4591 tunc
1277 4537 1451 4591 solum
1474 4537 1670 4608 agitur,
1699 4553 1820 4591 cum
1847 4536 2059 4606 aliquod

488 4643 740 4695 magnum
769 4643 833 4682 ex
862 4628 1238 4696 conjunctione
1265 4630 1528 4700 signatur.
1557 4629 1689 4683 Nam
1718 4645 1816 4700 per
1839 4643 2062 4683 succen-

489 4733 606 4769 sum
648 4717 838 4788 rubum
884 4716 1065 4772 Mosen
1113 4717 1412 4787 alloquens,
1437 4719 1673 4774 ostendit
1709 4718 1834 4786 quia
1878 4718 2065 4772 doctor

492 4813 666 4882 populi
717 4813 897 4879 ﬂeret,
930 4813 1022 4883 qui
1066 4821 1122 4869 et
1157 4813 1292 4884 legis
1336 4812 1606 4868 ﬂammam
1654 4812 1981 4881 perciperet,
2009 4820 2066 4866 et

489 4903 694 4972 peccati
727 4904 936 4974 spinam
976 4919 1081 4959 non
1118 4904 1356 4958 vitaret:
1391 4913 1450 4957 ut
1480 4902 1621 4972 quod
1649 4917 1715 4956 ex
1748 4900 1838 4954 illo
1868 4900 2064 4969 pepulo

490 4995 681 5058 exiret,
706 4994 796 5063 qui
830 4993 948 5062 igne
979 4994 1192 5049 deitatis
1219 4997 1400 5049 carnis
1427 5002 1626 5048 nostra:
1655 5001 1878 5062 peccata
1908 4992 2062 5060 quasi

493 5087 610 5140 rubi
639 5088 844 5155 spinam
867 5089 1155 5158 acciperet,
1179 5098 1232 5144 et
1253 5089 1683 5156 inconsumptam
1712 5086 2064 5142 humanitatis

492 5175 847 5230 substantiam
878 5178 931 5230 in
962 5178 1072 5247 ipsa
1097 5178 1392 5232 divinitatis
1415 5175 1630 5230 ﬂamma
1659 5187 1918 5231 servaret.

564 5265 724 5320 Vens.
765 5266 883 5319 5-7.
918 5297 989 5308 -—-
1017 5266 1170 5322 Solve
1197 5267 1634 5330 calceamenmm,
1666 5275 1771 5322 etc.
1810 5264 2064 5338 (Τηεοι.)

493 5355 634 5410 Duas
663 5357 731 5409 ob
773 5373 859 5410 res
901 5355 1052 5424 jubet
1089 5358 1449 5412 calceamenta
1491 5357 1699 5412 solvere
1734 5375 1747 5412 :
1782 5359 1978 5428 primo,
2009 5365 2066 5411 ut

492 5448 663 5520 ipsum
711 5451 882 5519 magis
927 5465 988 5504 ac
1047 5451 1220 5519 magis
1262 5450 1571 5519 religiosum
1615 5465 1678 5503 ac
1730 5460 2061 5504 reverentem

494 5538 700 5600 reddat,
737 5549 790 5592 ut
821 5555 940 5594 cum
971 5549 1202 5593 tremore
1224 5540 1474 5593 mandata
1511 5541 1626 5610 ejus
1652 5542 1916 5610 accipiat;
1950 5551 2060 5594 tum

493 5631 654 5683 etiam
686 5632 930 5684 eruditur
976 5647 1078 5699 qua
1120 5633 1321 5685 ratione
1362 5633 1672 5687 sacerdotes
1713 5634 1764 5687 in
1811 5633 2064 5687 taberna-

493 5720 613 5773 culo
647 5721 736 5775 Dei
771 5722 1075 5775 ministrent
1110 5740 1120 5774 ε
1161 5723 1317 5778 nudis
1357 5724 1498 5778 enim
1549 5724 1772 5793 pedibus
1813 5723 2064 5780 sacerdo-

495 5810 598 5868 tale
629 5828 824 5868 munus
847 5815 1087 5869 obibant.
1431 5827 1434 5829 '

2085 4595 2139 4655 D

2152 1987 2320 2042 habes
2363 1988 2418 2041 in
2464 1995 2670 2042 naturae
2715 1989 2932 2043 nomine
2967 1989 3168 2055 Deum,
3200 1990 3325 2060 quia
3371 1991 3596 2059 angelus
3629 1991 3732 2046 Dei

2102 2113 2104 2115 -
2153 2078 2296 2134 Deus
2325 2087 2424 2134 est.

2222 2167 2387 2223 Vens.
2425 2169 2478 2221 7.
2506 2197 2577 2208 -—
2608 2165 2730 2224 Vidi
2752 2169 3098 2241 alﬂictionem,
3127 2179 3231 2225 etc.
3260 2170 3475 2241 (GREG.,
3504 2172 3735 2242 Mai-al.)

2152 2259 2366 2329 Sparsis
2414 2259 2545 2314 foris
2601 2261 2872 2315 mentibus
2923 2261 2990 2314 ad
3043 2262 3278 2332 seipsum
3314 2262 3489 2318 redire
3533 2265 3736 2334 cuique

2151 2349 2364 2406 diﬂicile
2388 2359 2508 2406 est:
2540 2351 2666 2422 quia
2706 2367 2871 2422 prava
2912 2352 3105 2407 itinera
3152 2353 3318 2409 semel
3353 2363 3539 2424 captos
3577 2363 3735 2410 tanto

2151 2439 2540 2497 delectabiliter
2567 2450 2770 2508 tenent,
2792 2451 2994 2512 quanto
3014 2444 3157 2514 quod
3181 2444 3420 2511 libuerit,
3445 2459 3551 2500 non
3579 2445 3731 2500 licet.

2152 2537 2286 2605 Quia
2314 2554 2435 2594 cum
2471 2538 2769 2609 disciplina:
2795 2555 2990 2594 munus
3017 2555 3122 2595 non
3157 2540 3362 2606 obviat,
3391 2540 3534 2594 nulla
3563 2541 3733 2596 retri-

2150 2630 2388 2687 butionis
2414 2631 2740 2700 prospicitur
2765 2645 2925 2701 paena
2961 2648 3080 2702 qua:
3109 2641 3330 2687 terreat.
3377 2631 3482 2687 Sed
3530 2632 3735 2687 clausis

2152 2717 2322 2774 oculis
2363 2718 2542 2774 cordis
2582 2720 2955 2790 przecipitatur
2998 2720 3200 2787 anima,
3229 2729 3280 2776 et
3308 2729 3454 2777 tanto
3483 2724 3737 2778 securius

2153 2807 2291 2862 mala
2359 2809 2672 2878 temporalia
2735 2818 3025 2879 penetrat,
3078 2812 3530 2880 quantodurius
3587 2813 3735 2868 bona

2151 2907 2350 2954 acterna
2409 2902 2679 2970 desperat.
2741 2899 2848 2957 Sed
2907 2902 3010 2957 ista
3077 2903 3429 2972 reproborum
3487 2907 3738 2974 nequitia

2153 2990 2443 3046 electorum
2479 2991 2646 3046 vitam
2665 3032 2679 3057 ,
2716 2993 2865 3063 quasi
2903 3008 3071 3064 grana
3102 3010 3132 3048 a
3159 2993 3326 3064 paleis
3351 3035 3366 3060 ,
3397 3005 3654 3064 separat,
3684 3004 3740 3051 et

2155 3082 2281 3137 dum
2329 3080 2532 3152 aﬂligit,
2585 3084 2804 3152 expedit
2841 3102 2852 3138 :
2895 3085 3022 3154 quia
3069 3085 3196 3139 dum
3244 3085 3477 3142 violenta
3513 3086 3736 3156 ingerit,

2158 3172 2415 3228 festinare
2460 3173 2528 3228 ad
2567 3189 2798 3244 superna
2840 3175 3143 3246 compellit;
3181 3177 3324 3246 quod
3353 3177 3405 3230 in
3435 3175 3741 3232 Israelitico

2157 3263 2373 3334 p0pulo,
2401 3263 2546 3320 Mose
2577 3273 2804 3320 vocante
2835 3276 2891 3322 et
2918 3266 3200 3323 Pharaone
3233 3267 3510 3331 saeviente,
3552 3267 3740 3339 signa-

2157 3364 2262 3410 tur.
2323 3355 2497 3412 Moses
2551 3357 2695 3412 enim
2750 3357 2817 3412 ad
2873 3359 3170 3414 vocandum
3224 3358 3422 3414 missus
3466 3366 3570 3425 est,
3607 3373 3739 3414 cum

2155 3444 2366 3501 Pharao
2422 3447 2570 3502 duris
2614 3448 2866 3517 operibus
2919 3456 3139 3520 urgeret
3192 3457 3253 3504 ut
3297 3448 3431 3504 alius
3483 3449 3737 3507 vocando

2157 3539 2413 3603 traheret,
2441 3539 2578 3594 alius
2601 3541 2871 3598 sreviendo
2897 3541 3219 3612 impelleret,
3250 3551 3308 3597 ut
3341 3541 3494 3611 plebs
3529 3541 3582 3594 in
3619 3555 3741 3596 ser-

2156 3629 2290 3685 vitio
2325 3630 2555 3700 turpiter
2596 3631 2733 3696 ﬂxa,
2772 3632 2855 3687 vel
2885 3640 3096 3698 vocata,
3139 3631 3226 3688 vel
3275 3631 3502 3701 impulsa
3545 3645 3740 3686 move-

2157 3729 2343 3784 retur;
2385 3721 2489 3776 hoc
2525 3722 2766 3791 quotidie
2795 3723 2972 3792 agitur
3004 3721 3132 3777 dum
3163 3722 3470 3794 praedicatis
3499 3711 3740 3778 caelesti-

2157 3810 2258 3864 bus
2284 3811 2520 3880 praemiis
2539 3811 2727 3866 saevire
2753 3811 2809 3865 in
2836 3810 3037 3867 electos
3063 3811 3280 3882 reprobi
3308 3810 3737 3881 permittuntur:

2161 3908 2219 3954 ut
2270 3914 2405 3969 quos
2447 3898 2731 3971 ngyptus,
2787 3901 2841 3956 id
2889 3903 3109 3958 estvita
3155 3917 3417 3974 praesens,
3465 3902 3742 3972 oppressit

2161 3989 2466 4055 blandiens,
2497 3989 2713 4058 adjuvet
2738 4006 3023 4061 premens;
3057 4002 3117 4048 ut
3141 3993 3266 4050 dum
3292 3993 3432 4048 Deus
3453 4002 3735 4063 provocat,

2161 4082 2435 4137 cruciatus
2467 4081 2727 4151 impellat.

2230 4171 2394 4226 Vens.
2423 4171 2574 4226 8-15.
2598 4203 2667 4211 —
2695 4171 2760 4226 Et
2781 4173 2999 4226 educam
3047 4172 3111 4227 de
3157 4182 3296 4228 terra
3316 4214 3331 4240 ,
3380 4181 3486 4229 etc.
3518 4173 3740 4244 (Cum,

2163 4263 2344 4316 homil.
2383 4262 2497 4332 5-2.)
2547 4263 2683 4317 Rusti
2731 4264 2928 4334 p0pulo
2979 4265 3046 4320 de
3085 4267 3334 4335 pnesenti
3379 4265 3485 4320 vita
3534 4266 3743 4336 aliquid

2162 4353 2586 4422 promittendum
2634 4351 2772 4420 fuit,
2826 4365 2886 4409 ut
2939 4365 3122 4425 posset
3165 4357 3216 4410 in
3257 4355 3434 4411 futuro
3465 4356 3744 4412 robustius

2164 4443 2402 4500 solidari.
2446 4445 2503 4500 Si
2537 4447 2680 4502 enim
2714 4461 2882 4518 parva
2914 4463 3017 4502 non
3047 4449 3348 4518 acciperet,
3386 4463 3576 4519 magna
3629 4465 3740 4504 non

2163 4539 2429 4594 crederet.
2447 4539 2590 4594 Deus
2611 4555 2740 4612 ergo
2767 4540 3044 4610 largiendo
3072 4551 3284 4596 terrena
3318 4543 3507 4596 suadet
3539 4549 3592 4594 et
3623 4554 3742 4594 coe-

2165 4628 2344 4695 lestia,
2389 4641 2447 4684 ut
2492 4632 2797 4702 percipiens
2831 4633 2973 4702 quod
3012 4633 3259 4698 videbat,
3303 4642 3545 4703 speraret
3597 4633 3741 4702 quod

2167 4737 2274 4775 non
2303 4722 2540 4775 videbat.

2237 4809 2302 4862 In
2334 4820 2527 4864 terram
2557 4809 2744 4866 bonam
2769 4822 2817 4867 et
2847 4814 3128 4884 spatiosum
3150 4853 3165 4880 ,
3198 4812 3253 4868 in
3295 4823 3435 4868 terra
3471 4830 3586 4884 qua:
3622 4814 3742 4883 ﬂuit

2164 4899 2316 4966 lacte,
2354 4910 2459 4956 etc.
2495 4900 2682 4974 (Ibid)
2719 4902 2962 4960 Praesens
2981 4907 3310 4975 prosperitas
3329 4905 3618 4975 aliquando
3647 4907 3742 4960 da-

2169 5000 2278 5059 tur,
2321 5002 2381 5046 ut
2429 4993 2494 5047 ad
2541 4995 2818 5050 meliorem
2847 4997 3012 5050 vitam
3040 5005 3316 5065 provocet,
3365 4997 3656 5066 aliquando
3683 5005 3744 5051 ut

2168 5085 2220 5138 in
2261 5092 2522 5139 aternum
2571 5087 2778 5156 plenius
2827 5088 3064 5142 damnet.
3111 5086 3248 5142 Hinc
3289 5085 3548 5143 lsraelitis
3595 5098 3738 5144 terra

2167 5175 2420 5230 Chanaan
2452 5177 2802 5245 promittitur,
2835 5178 3235 5248 utquandoque
3269 5179 3336 5232 ad
3381 5187 3582 5233 aeterna
3621 5194 3743 5248 spe-

2169 5266 2332 5320 randa
2369 5274 2734 5334 provocentur
2765 5284 2779 5323 :
2809 5268 2932 5336 quia
2981 5269 3131 5324 rudis
3169 5268 3397 5338 populus
3429 5269 3742 5338 promissio-

2171 5358 2328 5411 nibus
2378 5371 2485 5412 non
2538 5358 2806 5421 crederet,
2835 5358 2939 5413 nisi
2979 5373 3011 5412 a
3050 5361 3382 5427 promissore
3426 5358 3627 5427 aliquid
3685 5357 3739 5411 in

2170 5450 2348 5503 vicino
2381 5450 2697 5518 perciperet.
2731 5448 2844 5503 Non
2875 5465 3003 5520 ergo
3033 5451 3204 5504 solum
3233 5466 3326 5519 spe
3371 5451 3437 5504 ad
3487 5466 3604 5514 res,
3646 5446 3768 5517 sed.

2171 5543 2330 5596 rebus
2361 5543 2680 5611 quandoque
2707 5542 2771 5595 ad
2801 5557 2947 5611 spem
2975 5544 3226 5598 trahitur.
3261 5544 3412 5599 Unde
3435 5543 3570 5612 psal.
3607 5557 3690 5596 etv
3721 5557 3733 5592 :

2171 5633 2238 5687 Et
2261 5633 2400 5685 dedit
2427 5631 2530 5684 illis
2565 5634 2794 5701 regiones
2821 5633 3070 5702 gentium,
3101 5645 3146 5686 et
3188 5633 3390 5686 labores
3427 5632 3734 5721 populorum

2169 5724 2528 5794 possederunt,
2559 5733 2610 5776 ut
2638 5725 2930 5778 custodiant
2963 5725 3369 5794 justiﬁcatioues
3415 5725 3553 5794 ejus,
3587 5720 3632 5775 et
3662 5720 3740 5774 le-

2169 5829 2282 5886 gem
2311 5813 2596 5885 requirant.

3965 3779 3967 3844 l

3965 4157 3967 4230 l

3965 4489 3967 4554 4
