3998 6332
294 393 398 448 195

1322 381 1589 442 GLOSSA
1623 381 2014 439 ORDINARIA.
2045 411 2116 422 -—
2139 380 2266 435 LIB.
2307 378 2510 439 EXOD.

3434 381 3539 437 194

363 509 530 563 Vens.
563 503 749 560 14-16.
777 533 848 545 --
869 502 972 569 Qui
994 508 1088 566 est,
1113 500 1254 556 misit
1283 517 1363 554 me
1382 501 1450 578 ad
1471 516 1582 565 vos,
1608 509 1714 555 etc.
1746 497 1866 552 Mit-
1889 505 1940 563 Α
1968 493 2175 551 scilicet
2194 495 2247 549 in
2271 495 2376 550 ﬁne
2404 493 2609 560 mundi,
2641 508 2758 549 sese
2773 463 2848 549 ad
2868 493 3030 550 ﬁdem
3053 492 3306 565 colliget;
3333 495 3540 552 colubri

287 599 426 654 titur
465 597 640 653 Moses
685 595 753 650 ad
795 594 1132 662 Pharaonem
1173 592 1500 662 puniendum
1549 600 1604 646 et
1651 591 1866 646 tandem

288 687 648 744 occidendum
679 702 696 742 :
728 684 892 738 missa
933 691 1017 737 est
1050 681 1135 737 lex
1169 682 1236 737 ad
1268 681 1540 737 diabolum
1579 680 1887 758 destruen-e

289 779 439 835 dum.

360 870 741 940 Hieronymus,
769 865 1013 922 scribens
1033 865 1102 920 ad
1133 865 1441 920 Marcellam
1465 866 1532 922 de
1556 867 1740 921 decem
1769 879 1866 920 no-

289 960 529 1015 minibus
556 959 675 1024 Dei,
703 966 856 1014 sexto
892 957 1008 1012 loco
1038 957 1188 1026 ponit
1224 972 1417 1012 nomen
1463 957 1610 1012 ehieh
1657 957 1862 1029 (nimi),

288 1050 440 1119 quod
471 1049 524 1104 in
555 1048 740 1104 Exodo
769 1047 965 1120 legitur
999 1065 1012 1100 :
1043 1047 1148 1114 Qui
1197 1057 1290 1113 est,
1328 1049 1469 1102 misit
1514 1065 1594 1103 me
1643 1049 1711 1103 ad
1755 1065 1861 1104 vos.

289 1139 434 1194 Deus
479 1138 625 1194 enim
673 1137 852 1202 solus,
889 1137 983 1208 qui
1029 1137 1309 1192 exordium
1355 1153 1462 1193 non
1503 1138 1694 1203 habet,
1722 1153 1866 1194 verte

287 1230 541 1286 essentia:
585 1243 781 1284 nomen
830 1236 980 1283 tenet
1011 1245 1024 1281 :
1055 1227 1198 1296 quod
1247 1240 1345 1297 per
1379 1227 1628 1298 angelum
1661 1229 1864 1284 dictum

287 1329 378 1376 est
405 1319 538 1374 Mosi
581 1333 778 1374 nomen
809 1315 924 1386 ejus
952 1317 1245 1388 quaerenti,
1277 1319 1402 1387 quia
1430 1319 1484 1372 in
1511 1317 1627 1386 ejus
1656 1333 1866 1388 compa-

294 1410 506 1464 ratione
527 1409 618 1479 qui
648 1424 775 1464 vere
807 1417 910 1474 est,
944 1409 1071 1478 quia
1098 1408 1552 1465 incommutabilis
1578 1417 1681 1476 est,
1711 1411 1864 1480 quasi

293 1513 405 1554 non
449 1505 575 1552 sunt
619 1512 740 1566 quae
769 1497 1048 1553 mutabilia
1097 1507 1252 1565 sunt;
1283 1500 1426 1569 quod
1463 1500 1607 1554 enim
1646 1500 1861 1563 dicitur,

291 1586 413 1653 fuit,
429 1602 535 1642 non
556 1595 640 1643 est
664 1605 678 1641 :
704 1595 762 1643 et
781 1589 925 1658 quod
955 1588 1172 1656 dicitur,
1189 1590 1312 1655 erit,
1339 1590 1577 1645 nondum
1598 1598 1698 1646 est.
1723 1591 1865 1646 Deus

290 1685 471 1731 autem
500 1685 708 1731 tantum
733 1684 837 1742 est,
864 1677 957 1746 qui
980 1693 1088 1732 non
1127 1679 1278 1732 novit
1306 1677 1490 1744 fuisse,
1515 1679 1600 1735 vel
1623 1678 1862 1736 futurum

245 1832 248 1834 γ
291 1781 431 1822 esse.
471 1765 630 1821 Solus
659 1777 842 1822 autem
870 1767 1033 1822 Pater
1057 1783 1182 1822 cum
1207 1767 1346 1824 Filio
1367 1778 1425 1824 et
1449 1768 1652 1839 Spiritu
1677 1779 1865 1826 sancto

1967 591 2193 644 caudam
2235 597 2442 653 tenens,
2487 589 2613 658 quia
2634 603 2755 642 eum
2785 603 2944 657 quem
2991 588 3274 659 mortalem
3299 595 3422 643 ante
3442 589 3540 643 de-

1967 687 2241 756 spexerat,
2291 680 2345 733 in
2395 667 2581 733 ultima
2626 687 2780 749 parte
2821 677 3075 733 Ecclesiae
3124 677 3539 748 Redemptorem

1966 787 2121 826 suum
2171 771 2534 826 conﬁtebitur.
2582 770 2702 824 Mox
2747 785 2972 840 serpens
3017 771 3071 824 in
3118 770 3326 839 virgam
3375 770 3535 837 redit,

1963 865 2089 935 quia
2123 872 2182 918 ut
2221 862 2480 919 Iudaicus
2533 863 2760 933 populus
2807 863 2860 917 in
2903 862 3176 918 Christum
3227 863 3536 930 crediderit,

1963 970 2089 1010 mox
2119 955 2186 1010 ad
2201 954 2467 1024 judicium
2491 955 2544 1009 in
2565 963 2836 1025 potestate
2859 955 3154 1011 divinitatis
3183 970 3294 1011 sua:
3314 971 3540 1027 appare-

1963 1043 2044 1098 bit
2067 1062 2079 1098 :
2107 1052 2166 1098 ut
2183 1043 2298 1112 jam
2323 1057 2543 1113 serpens
2565 1043 2717 1113 virga
2736 1044 2808 1098 sit
2828 1061 2842 1108 ;
2867 1046 2991 1114 quia
3014 1044 3106 1114 qui
3132 1045 3184 1100 in
3208 1054 3351 1099 terra
3378 1047 3538 1101 homo

1963 1135 2248 1205 despectus
2267 1142 2372 1199 est,
2419 1135 2485 1189 de
2507 1134 2644 1190 cmlo
2683 1134 2902 1190 veniens
2943 1149 3106 1206 super
3135 1135 3350 1207 angelos
3389 1135 3538 1191 vide-

1962 1225 2107 1280 bitur
2129 1227 2288 1281 Deus.

1969 1335 1982 1356 ν
2035 1317 2210 1389 (Isrn.)
2253 1315 2491 1386 Serpens
2531 1316 2800 1386 persuasit
2833 1317 3045 1372 homini
3094 1327 3342 1373 mortem.
3394 1319 3539 1377 Mors

1962 1421 2090 1477 ergo
2135 1424 2166 1464 a
2216 1417 2505 1479 serpente;
2561 1409 2713 1478 virga
2759 1407 2814 1464 in
2863 1419 3137 1480 serpente,
3183 1410 3432 1468 Christus
3479 1414 3536 1468 in

1963 1507 2159 1554 morte.
2188 1499 2420 1569 Expavit
2447 1499 2620 1556 Moses
2643 1507 2698 1555 et
2719 1499 2890 1571 fugit:
2918 1512 3132 1556 mortuo
3155 1502 3296 1558 enim
3321 1502 3538 1560 Christo

1961 1599 2294 1659 expaverunt
2316 1589 2561 1660 discipuli
2589 1605 2621 1644 a
2645 1605 2739 1661 spe
2758 1590 2812 1646 in
2833 1606 2938 1660 qua
2963 1591 3180 1648 fuerunt
3202 1595 3534 1651 recedentes.

1961 1681 2333 1750 Apprehendit
2356 1682 2608 1748 caudam,
2635 1683 2688 1738 id
2721 1691 2806 1737 est
2829 1685 3150 1753 posteriora,
3181 1695 3236 1740 et
3263 1686 3434 1741 factus
3454 1695 3540 1742 est

1963 1771 2145 1842 virga:
2171 1771 2297 1842 quia
2343 1773 2518 1842 primo
2544 1773 2777 1840 occisus,
2800 1782 2986 1843 postea
3012 1777 3240 1844 patratis
3265 1777 3535 1843 omnibus,

297 1871 429 1912 vere
450 1865 552 1912 est.
577 1855 743 1926 Cujus
781 1859 1028 1926 essentia:
1049 1867 1423 1929 comparatum
1447 1869 1689 1915 nostrum
1717 1875 1862 1927 esse,
1892 1849 1938 1908 Β
1972 1861 2038 1916 ad
2067 1863 2119 1916 id
2145 1863 2290 1932 quod
2315 1862 2493 1918 fuerat
2521 1865 2850 1932 resurgendo
2899 1858 3149 1922 reversus
3189 1876 3291 1931 est,
3322 1869 3412 1923 ubi
3441 1884 3540 1938 per

293 1964 401 2004 non
431 1958 541 2016 est;
577 1951 719 2005 unde
745 1959 799 2005 et
821 1951 1050 2006 dicimus
1077 1969 1090 2005 :
1120 1949 1264 2006 Vivit
1292 1954 1452 2019 Deus,
1481 1953 1606 2023 quia
1631 1954 1868 2009 essentia

294 2040 481 2096 divina
501 2042 610 2096 vita
633 2043 784 2110 vivit,
809 2057 970 2112 quam
994 2058 1142 2099 mors
1167 2060 1275 2100 non
1299 2046 1479 2101 habet.

367 2133 532 2190 Vens.
567 2134 755 2190 17-20.
783 2165 854 2176 -—
873 2135 954 2190 Ad
990 2145 1183 2190 terram
1203 2138 1444 2206 ﬂuentem
1467 2137 1600 2192 lacte
1623 2147 1670 2192 et
1697 2137 1864 2205 melle,

291 2231 402 2279 etc.
433 2223 613 2296 (Ano.,
659 2223 854 2290 Quam.
889 2223 924 2278 4
955 2225 1010 2278 in
1040 2224 1240 2297 Exod.)
1276 2226 1466 2281 Utrum
1493 2228 1594 2282 hoc
1617 2227 1868 2296 spiritua-

291 2315 418 2372 litcr
461 2318 711 2387 accipere
759 2317 1035 2394 debemus,
1079 2319 1204 2388 quia
1239 2320 1534 2375 secundum
1575 2323 1868 2391 proprieta-

295 2421 404 2464 tem
435 2424 540 2464 non
566 2410 682 2465 htec
710 2419 830 2464 erat
857 2417 1002 2464 terra
1041 2426 1162 2480 qua:
1191 2412 1314 2466 data
1355 2421 1439 2468 est
1476 2411 1755 2468 Hebraeis?
1783 2415 1864 2469 An

294 2502 804 2569 minis,me
837 2513 948 2566 est,
977 2519 1082 2578 qua
1113 2504 1332 2564 ubertas
1361 2513 1416 2564 et
1441 2507 1680 2566 suavitas
1712 2516 1873 2568 terrae

293 2597 590 2651 laudatur?

369 2684 530 2741 Vens.
555 2685 644 2740 2i.
667 2716 737 2728 —
761 2686 882 2741 Non
907 2687 1112 2742 exibitis
1130 2729 1144 2754 ,
1173 2697 1278 2744 etc.
1322 2689 1503 2762 (Auc.,
1532 2690 1684 2762 ibid.)
1717 2691 1869 2759 Quod

295 2780 576 2834 mandavit
605 2779 865 2836 Dominus
891 2780 1130 2836 Hebraeis
1154 2792 1215 2836 ut
1242 2783 1552 2852 acciperent
1597 2784 1665 2838 ab
1701 2784 1870 2855 IEgy—

295 2876 425 2944 ptiis
451 2890 576 2930 vasa
613 2883 866 2946 argentea
894 2882 950 2930 et
977 2890 1162 2938 aurea,
1189 2883 1246 2931 et
1271 2885 1500 2942 vestem,
1531 2884 1693 2947 atque
1715 2878 1868 2932 addi-

296 2965 400 3029 dit,
434 2974 482 3019 et
525 2965 890 3035 prtedabimini
927 2981 1035 3030 eos,
1077 2966 1312 3020 mandati
1347 2964 1502 3034 hujus
1545 2981 1650 3020 non
1695 2976 1870 3037 potest

297 3071 420 3112 esse
451 3054 1005 3125 injustumjudicium.
1036 3056 1342 3113 Mandatum
1369 3057 1514 3112 enim
1543 3057 1636 3112 Dei
1666 3067 1773 3124 est,
1802 3059 1868 3112 de

297 3162 407 3216 quo
435 3162 539 3201 non
577 3147 952 3217 judicandum,
981 3149 1072 3202 sed
1099 3148 1576 3217 obtemperandum
1604 3147 1721 3202 fuit.
1749 3149 1867 3220 lpse

1971 1952 2136 2008 vitam
2167 1961 2342 2008 morte
2369 1961 2702 2022 consumpta,
2747 1953 2882 2010 nihil
2921 1955 2974 2010 in
3003 1970 3069 2011 eo
3092 1957 3357 2026 serpentis
3377 1973 3540 2028 appa-

1970 2044 2098 2098 ruit.
2130 2044 2217 2100 Vel
2241 2044 2412 2099 cauda
2438 2045 2726 2114 serpentis,
2755 2046 2878 2102 finis
2898 2047 3098 2114 saeculi,
3128 2049 3255 2118 quia
3283 2050 3361 2105 sic
3382 2066 3540 2106 .mor-

1970 2134 2151 2190 talitas
2192 2134 2446 2190 Ecclesiae
2486 2149 2583 2205 per
2626 2135 2829 2191 lubrica
2861 2145 3102 2207 tempora
3142 2139 3412 2204 volvitur;
3449 2139 3538 2196 alii

1969 2234 2117 2291 eunt,
2146 2225 2235 2280 alii
2263 2228 2487 2282 veniunt
2524 2241 2621 2297 per
2645 2238 2893 2292 mortem,
2921 2237 3176 2299 tanquam
3205 2245 3302 2300 per
3321 2247 3541 2302 serpen-

1968 2327 2099 2383 tem,
2122 2334 2220 2390 per
2237 2334 2398 2389 quem
2422 2335 2568 2376 mors
2591 2321 2852 2375 seminata
2873 2329 2992 2376 est:
3015 2323 3107 2378 sed
3131 2323 3185 2376 in
3208 2325 3312 2378 ﬁne
3335 2325 3540 2396 saeculi,

1971 2417 2222 2478 tanquam
2251 2410 2441 2474 cauda,
2486 2409 2724 2468 redimus
2770 2413 2837 2466 ad
2863 2427 3090 2470 manum
3111 2413 3227 2482 Dei,
3255 2423 3318 2473 et
3345 2435 3538 2488 appre-

1969 2500 2124 2560 hensi
2154 2502 2548 2576 reparabitmir,
2577 2510 2628 2560 et
2675 2503 2966 2562 novissima
2999 2509 3216 2565 inimica
3244 2521 3418 2567 morte
3443 2513 3539 2568 de-

1970 2604 2172 2651 structa
2199 2637 2214 2662 ,
2261 2605 2604 2666 resurgentes
2660 2595 2715 2650 in
2775 2597 2996 2652 dextera
3044 2599 3138 2654 Dei
3192 2601 3340 2672 virga
3390 2603 3539 2674 regni

1969 2701 2191 2740 erimus.

2039 2778 2200 2832 Vens.
2225 2777 2277 2843 6,
2293 2778 2346 2833 8.
2366 2809 2437 2818 --
2543 2777 2693 2832 Mitte
2712 2795 2924 2834 manum
2947 2790 3114 2846 tuam,
3135 2791 3242 2838 etc.
3265 2781 3541 2858 (Pnocor.)

1971 2867 2196 2936 Quidam
2221 2877 2468 2924 asserunt
2493 2868 2621 2922 illud
2641 2879 2949 2938 portentum
2972 2873 3261 2942 contigisse
3282 2886 3340 2929 ut
3367 2885 3546 2932 osten-

1970 2959 2191 3014 deretur
2211 2958 2360 3028 justo
2400 2975 2505 3016 non
2532 2975 2652 3016 esse
2678 2960 2846 3031 legem
2895 2963 3146 3032 positam.
3173 2965 3326 3022 Licet
3353 2967 3546 3024 deinde

1969 3051 2112 3123 leges
2137 3052 2362 3115 sanciat,
2388 3067 2496 3121 quo
2519 3060 2678 3121 pacto
2700 3053 2920 3108 morbus
2955 3055 3118 3126 lepra:
3143 3057 3211 3111 sit
3230 3060 3546 3114 examinan-

1971 3145 2088 3210 dus,
2139 3152 2192 3200 et
2238 3145 2544 3200 immundus
2577 3147 3024 3215 pronuntiandus,
3061 3157 3239 3205 tamen
3277 3150 3548 3221 pleraeque

296 3214 444 3294 cnim
471 3214 622 3294 novit
650 3255 810 3309 quam
836 3238 983 3309 juste
1024 3214 1389 3306 mandaverit,
1417 3242 1483 3296 ad
1510 3257 1722 3297 servum
1747 3214 1871 3312 per-
1895 3214 1940 3278 C
1972 3238 2118 3310 leges
2153 3239 2223 3292 ita
2249 3238 2518 3303 feruntur,
2543 3214 2698 3308 quasi
2721 3239 2900 3294 stultis
2921 3248 2976 3294 et
3015 3214 3309 3297 infantibus
3331 3214 3544 3298 dentur.

297 3332 440 3385 tinet
461 3331 778 3387 obedienter
805 3330 984 3388 facere
1007 3332 1146 3400 quod
1170 3333 1464 3388 mandavit.

374 3423 538 3477 Vens.
569 3421 658 3477 22.
687 3453 759 3463 -
799 3421 934 3477 Vasa
965 3433 1230 3494 argentea.
1274 3412 1569 3496 Argentum
1598 3433 1654 3480 et
1683 3440 1874 3481 aurum

299 3514 371 3569 ab
417 3513 681 3585 JEgyptiis
729 3513 980 3584 petimus,
1010 3514 1154 3569 unde
1196 3512 1598 3570 tabernaculum
1645 3513 1756 3570 Deo
1795 3514 1875 3570 fa-

295 3605 594 3669 bricemur,
638 3619 761 3658 cum
801 3614 986 3673 poetas
1026 3613 1079 3660 et
1118 3604 1464 3676 philosophos
1509 3604 1767 3676 legimus,
1817 3613 1878 3660 ut

299 3693 542 3748 divinam
589 3692 922 3766 Scripturam
958 3695 1252 3766 sapientius
1295 3705 1352 3752 et
1395 3695 1678 3752 facundius
1712 3711 1876 3768 expo-

299 3798 516 3839 namus.

916 3919 1142 3977 CAPUT
1189 3919 1276 3976 lV.

378 4073 539 4130 Vens.
568 4073 684 4129 2—5.
711 4104 783 4115 --
807 4037 1044 4141 Quid‘est
1076 4075 1234 4146 quod,
1268 4082 1374 4130 etc.
1421 4075 1637 4147 (Gaza)
1679 4075 1873 4142 Moses,

301 4169 566 4225 Iudaicus
589 4168 851 4240 populus;
892 4169 1064 4239 virga,
1109 4168 1414 4223 Divinitatis
1457 4177 1736 4238 potestas;
1765 4185 1880 4224 ser-

304 4277 464 4333 pens,
487 4261 688 4316 Christi
736 4261 1071 4316 mortalitas:
1121 4259 1245 4330 quia
1283 4260 1426 4315 enim
1453 4275 1550 4329 per
1573 4269 1878 4329 serpentem

303 4369 480 4418 mors,
505 4368 602 4423 per
647 4361 948 4422 serpentem
981 4351 1281 4408 mortalitas
1327 4352 1588 4423 signatur.
1633 4350 1724 4407 Vel
1754 4353 1880 4422 quia

304 4446 566 4514 scriptum
593 4451 676 4499 est
717 4443 907 4499 Matth.
937 4459 1009 4499 x:
1059 4444 1239 4499 Estote
1281 4445 1560 4516 prudentes
1604 4447 1738 4500 sicut
1768 4463 1881 4501 ser-

1971 3330 2124 3386 Adeo
2153 3340 2354 3385 nostrae
2385 3329 2687 3384 inﬁrmitati
2713 3345 2772 3385 se
2794 3333 3162 3386 accommodat
3190 3333 3329 3387 Deus
3356 3333 3368 3386 ε

2048 3421 2221 3494 (1811).)
2249 3420 2437 3475 Manus
2467 3419 2605 3485 alba,
2641 3421 2695 3476 id
2715 3430 2800 3475 est
2821 3422 3114 3487 immunda,
3143 3423 3296 3477 albor
3321 3423 3463 3478 enim
3494 3423 3550 3478 in

1975 3521 2097 3566 cute
2121 3511 2264 3582 lepra
2289 3519 2390 3574 est,
2423 3525 2528 3566 non
2555 3511 2776 3566 candor.
2805 3511 2922 3582 Ipsa
2949 3512 3091 3567 enim
3117 3515 3404 3569 haereditas
3429 3514 3548 3582 Dei,

1975 3601 2029 3657 id
2058 3610 2141 3658 est
2170 3603 2420 3674 populus,
2455 3601 2602 3658 foras
2636 3603 2703 3658 ab
2749 3617 2816 3657 eo
2859 3604 3056 3658 missus
3104 3604 3280 3660 factus
3324 3616 3408 3661 est
3450 3609 3550 3661 im-

1975 3695 2226 3750 mundus.
2279 3693 2432 3750 Unde
2457 3693 2593 3764 psal.
2634 3709 2804 3749 uxm
2831 3713 2844 3748 :
2871 3692 2942 3749 Ut
2959 3695 3088 3766 quid
3127 3697 3314 3752 avertis
3333 3714 3549 3753 manum

1977 3794 2121 3839 tuam
2143 3794 2190 3839 et
2215 3785 2482 3840 dexteram
2512 3795 2678 3852 tuam,
2707 3797 2812 3842 etc.
2842 3786 2948 3842 Sed
2973 3797 3222 3844 revocata
3253 3797 3336 3844 est
3361 3805 3551 3846 manus

1976 3877 2032 3932 in
2060 3875 2257 3941 sinum,
2287 3886 2343 3931 et
2363 3889 2578 3932 reversa
2603 3884 2687 3932 est
2707 3878 2774 3932 ad
2803 3877 3037 3932 colorem
3075 3895 3229 3934 suum
3255 3898 3268 3933 :
3304 3880 3381 3935 sic
3401 3881 3551 3950 plebs
3609 3877 3616 3881 ’

1977 3968 2220 4036 Iudaica,
2251 3970 2484 4025 alienata
2510 3985 2541 4023 a
2571 3972 2692 4024 sinu
2716 3971 2832 4035 Dei,
2860 3969 3006 4026 foras
3031 3971 3306 4027 immunda
3337 3988 3554 4028 reman-

1979 4063 2049 4119 sit
2073 4080 2088 4129 ;
2115 4063 2208 4118 sed
2227 4072 2500 4128 revocata,
2531 4063 2726 4118 redibit
2749 4064 2818 4118 ad
2840 4063 3126 4133 pristinum
3152 4065 3408 4130 colerem,
3430 4081 3554 4121 cum

1982 4155 2260 4225 agnoverit
2288 4153 2647 4210 Salvatore'm.
2689 4154 2907 4210 Ca’citas
2931 4157 3067 4210 enim
3091 4173 3155 4212 ea;
3176 4167 3324 4227 parte
3343 4157 3554 4229 contigit

1981 4247 2035 4300 in
2061 4245 2230 4300 Israel
2256 4246 2428 4313 (Rom.
2454 4247 2556 4319 χι).

2055 4335 2217 4390 Vnus.
2262 4335 2434 4401 9,10.
2465 4365 2536 4376 —-
2566 4333 2724 4390 Sume
2769 4351 2982 4405 aquam,
3031 4343 3137 4391 etc.
3186 4333 3358 4407 (Ιειυ.)
3401 4334 3557 4405 Aqua

1983 4427 2236 4498 populum
2281 4427 2580 4500 signiﬁcat;
2622 4428 2764 4481 unde
2790 4427 2957 4496 Apoc.
3001 4441 3151 4482 xvu:
3185 4429 3382 4498 Aquas,
3426 4430 3557 4500 quas

303 4550 517 4610 pentes;
546 4547 600 4591 et
621 4537 745 4607 quia
773 4552 980 4592 summa
1008 4537 1315 4606 prudentia,
1361 4538 1412 4592 id
1439 4546 1523 4592 est
1544 4537 1638 4592 Dei
1665 4539 1875 4607 sapien-

1987 4523 2182 4587 uidisti,
2206 4523 2383 4592 populi
2406 4532 2525 4576 sunt
2549 4531 2595 4574 et
2621 4531 2812 4591 gentes.
2840 4521 3074 4591 Populus
3097 4536 3224 4593 ergo
3251 4522 3482 4578 vertitur
3501 4522 3559 4579 in

1992 4613 2300 4634 --____:_-...
2352 4612 2402 4634 :J
2436 4623 2511 4634 --ι
2566 4613 2615 4634 ζ..
2648 4611 2922 4634 ..κικλῃζηεη
2945 4611 3141 4634 {VL—2...:
3169 4612 3323 4634 ﬂ)-.—

308 4630 406 4694 tia,
439 4629 719 4683 incarnala
746 4635 867 4680 est:
902 4634 1046 4680 recte
1071 4624 1188 4694 ejus
1211 4625 1510 4681 mortalitas
1537 4627 1589 4680 in
1633 4636 1884 4697 serpente

308 4722 592 4790 ﬁguratur.
631 4717 781 4773 Unde
802 4716 955 4772 Ioan.
993 4732 1084 4770 iv:
1126 4717 1273 4772 Sicut
1298 4717 1544 4772 exultavit
1575 4717 1746 4772 Moses
1775 4735 1884 4772 ser-

307 4822 511 4875 pentem
533 4811 588 4862 in
609 4809 830 4872 deserto,
856 4808 930 4861 ita
954 4806 1175 4862 exaltari
1200 4817 1394 4876 oportet
1419 4806 1616 4861 Filium
1637 4809 1881 4863 hominis.

310 4902 489 4957 Moses
534 4901 742 4972 virgam
791 4900 1000 4954 tenuit:
1039 4900 1167 4969 quia
1210 4897 1464 4955 Iudaicus
1509 4901 1735 4971 p0pulus
1761 4910 1886 4958 ante

309 4990 691 5060 Redemptoris
720 4989 1007 5043 adventum
1037 4989 1092 5042 in
1115 4987 1207 5043 Dei
1235 4996 1498 5056 poteState
1518 4988 1752 5044 conﬁsus
1769 4998 1882 5057 est;

310 5079 368 5134 in
393 5087 590 5133 terram
617 5075 866 5148 projecit,
889 5077 1014 5147 quia
1042 5091 1138 5146 per
1159 5076 1496 5146 patriarchas
1520 5087 1574 5132 et
1595 5079 1890 5149 prophetas

312 5171 483 5225 Deum
527 5169 918 5224 incarnandum
963 5168 1270 5232 nuntiavit;
1317 5168 1466 5238 virga
1511 5170 1567 5224 in
1609 5169 1889 5226 colubrum

310 5263 564 5328 vertitur,
605 5263 732 5332 quia
753 5261 1001 5316 Christus
1029 5259 1173 5316 Deus
1219 5259 1274 5314 in
1302 5274 1361 5315 se
1381 5275 1724 5329 permanens,
1746 5277 1891 5318 mor-

313 5352 441 5407 talis
461 5360 546 5407 est
587 5353 640 5406 in
686 5352 902 5406 homine
927 5349 1120 5406 factus.
1173 5350 1278 5405 Sed
1318 5359 1372 5405 et
1398 5351 1572 5406 Moses
1612 5352 1889 5408 colubrum

313 5445 658 5514 conspiciens
684 5444 980 5513 pertimuit,
1011 5452 1065 5498 et
1107 5441 1263 5513 fugit,
1289 5443 1415 5510 quia
1438 5440 1691 5498 Iudaicus
1717 5459 1887 5514 p0pu-

315 5534 406 5589 lus
426 5535 551 5589 dum
575 5531 849 5591 Christum
874 5534 1155 5589 mortalem
1181 5534 1332 5598 vidit,
1366 5533 1532 5588 Deum
1561 5536 1780 5590 credere
1803 5551 1892 5590 ex-

315 5626 488 5698 pavit.
535 5626 632 5681 Cui
667 5626 887 5696 jubetur
912 5634 971 5679 ut
998 5625 1224 5680 caudam
1268 5633 1462 5687 teneat,
1497 5627 1622 5694 quia
1665 5627 1892 5696 populus

315 5717 412 5788 qui
443 5717 602 5772 modo
623 5718 844 5773 credere
873 5725 1103 5780 recusat,
1138 5717 1189 5770 in
1235 5723 1472 5770 extrema
1522 5718 1764 5785 corporis
1785 5718 1891 5772 Do-

317 5808 506 5864 minici
535 5818 706 5878 parte,
751 5810 803 5864 id
853 5817 954 5874 est,
1000 5808 1292 5878 posteriore
1335 5816 1572 5878 tempore
1619 5808 1892 5875 Ecclesiae,

1989 4613 2325 4683 sanguinem,
2352 4612 2406 4666 id
2431 4623 2535 4675 est,
2565 4613 2619 4664 in
2647 4611 2926 4681 sanguinis
2945 4611 3144 4666 Christi
3168 4612 3347 4668 ﬁdem.

2060 4705 2222 4759 Vnus.
2256 4704 2343 4758 10.
2373 4733 2445 4743 —-
2471 4702 2717 4767 Obsecro,
2745 4703 2982 4767 Domine,
3013 4715 3119 4760 etc.
3166 4705 3323 4776 (Anc.
3355 4703 3557 4771 Quaest.

1987 4797 2044 4850 in
2069 4795 2268 4866 Exod.)
2312 4795 2466 4862 Quod
2507 4795 2584 4850 ait
2631 4794 2804 4850 Moses
2845 4796 2913 4850 ad
2958 4795 3284 4850 Dominum:
3342 4795 3562 4866 Precor,

1989 4888 2232 4953 Domine,
2293 4905 2396 4942 non
2433 4903 2550 4941 sum
2595 4891 2836 4958 eloquens
2887 4900 3006 4942 ante
3059 4891 3353 4944 hesternum
3401 4905 3564 4960 neque

1991 4990 2111 5034 ante
2140 4980 2614 5034 nudiustertianum
2651 4980 2808 5046 diem,
2843 4997 3004 5051 neque
3030 4998 3094 5036 ea:
3129 4998 3230 5053 quo
3260 4982 3455 5052 coepisti
3480 4981 3562 5034 lo-

1990 5070 2079 5140 qui
2109 5069 2308 5136 famulo
2353 5079 2463 5135 tuo,
2509 5070 2826 5138 intelligitur
2864 5071 3084 5126 credere
3125 5085 3284 5140 posse
3324 5071 3438 5125 ﬁeri
3467 5071 3562 5126 Dei

1991 5159 2267 5214 voluntate
2314 5160 2490 5214 subito
2539 5159 2896 5229 eloquentem,
2950 5175 3074 5214 cum
3116 5159 3280 5214 dicit:
3316 5176 3477 5231 neque
3502 5175 3566 5214 ea:

1991 5267 2092 5322 quo
2114 5252 2308 5320 sapisti
2329 5250 2469 5322 loqui
2491 5251 2689 5320 famqu
2712 5262 2822 5316 tuo,
2853 5260 3108 5321 tanquam
3135 5255 3424 5308 ostendens
3449 5251 3563 5306 ﬁeri

1993 5346 2231 5415 potuisse
2257 5354 2316 5398 ut
2343 5346 2432 5414 qui
2476 5354 2600 5399 ante
2644 5345 2954 5399 hesternum
2981 5355 3035 5399 et
3077 5347 3563 5402 nudiustertianum

1997 5438 2136 5492 diem
2167 5437 2422 5507 eloquens
2447 5453 2551 5490 non
2574 5437 2779 5500 fuisset.
2809 5447 3028 5508 repente
3056 5438 3208 5494 ﬁeret
3230 5455 3296 5495 ex
3318 5453 3422 5507 quo
3442 5452 3563 5491 cum

1999 5530 2087 5584 illo
2109 5531 2367 5587 Dominus
2395 5532 2539 5602 loqui
2567 5534 2752 5603 cmpit.

2070 5622 2246 5692 (0am.
2298 5625 2474 5678 haurit.
2517 5626 2550 5679 '5
2596 5626 2650 5680 in
2694 5624 2892 5696 Exod.)
2946 5628 3080 5682 Dum
3121 5636 3265 5684 esset
3303 5626 3474 5682 Moses
3512 5627 3565 5680 in

2001 5715 2252 5789 Egypto,
2283 5726 2338 5772 ct
2366 5719 2671 5773 erudiretur
2704 5719 2850 5773 omni
2881 5721 3140 5790 sapientia
3169 5722 3567 5794 .Egyptiorum,

2001 5823 2108 5864 non
2134 5819 2254 5864 erat
2277 5810 2462 5880 gracili
2490 5825 2640 5878 voce,
2675 5826 2774 5866 nec
2818 5813 3004 5867 tardus
3043 5812 3246 5883 lingua,
3287 5831 3385 5887 nec
3411 5815 3571 5886 proﬁ-
