  <div class='ocr_page' id='page_1' title='image "/cluster/home/n/w/nwhite01/storage/ocr_20150623/113/hvd.32044018909572/103.png"; bbox 0 0 3998 6332; ppageno 0'>
   <div class='ocr_carea' id='block_1_1' title="bbox 947 338 3176 432">
    <p class='ocr_par' dir='ltr' id='par_1_1' title="bbox 947 338 3176 432">
     <span class='ocr_line' id='line_1_1' title="bbox 947 338 3176 432; baseline -0.01 0"><span class='ocrx_word' id='word_1_1' title='bbox 947 368 1342 432; x_wconf 78' lang='lat' dir='ltr'><strong>WALAFRIDI</strong></span> <span class='ocrx_word' id='word_1_2' title='bbox 1381 338 1629 425; x_wconf 53' lang='lat' dir='ltr'><strong>suum</strong></span> <span class='ocrx_word' id='word_1_3' title='bbox 1663 362 1866 421; x_wconf 77' lang='lat' dir='ltr'><strong>rum.</strong></span> <span class='ocrx_word' id='word_1_4' title='bbox 1909 359 2076 419; x_wconf 77' lang='lat' dir='ltr'><strong>nou.</strong></span> <span class='ocrx_word' id='word_1_5' title='bbox 2114 356 2267 418; x_wconf 70' lang='lat' dir='ltr'><strong>ora.</strong></span> <span class='ocrx_word' id='word_1_6' title='bbox 2306 355 2488 415; x_wconf 63' lang='lat' dir='ltr'><strong>rans</strong></span> <span class='ocrx_word' id='word_1_7' title='bbox 2522 356 2566 413; x_wconf 84' lang='grc' dir='ltr'><strong>ι.</strong></span> <span class='ocrx_word' id='word_1_8' title='bbox 2605 385 2684 410; x_wconf 87' lang='grc'><strong>-.</strong></span> <span class='ocrx_word' id='word_1_9' title='bbox 2709 353 3176 414; x_wconf 81' lang='lat' dir='ltr'><strong>THEOLOGICA.</strong></span> 
     </span>
    </p>
   </div>
   <div class='ocr_carea' id='block_1_2' title="bbox 453 470 3711 561">
    <p class='ocr_par' dir='ltr' id='par_1_2' title="bbox 453 470 3711 561">
     <span class='ocr_line' id='line_1_2' title="bbox 453 470 3711 561; baseline -0.009 -5"><span class='ocrx_word' id='word_1_10' title='bbox 453 499 671 559; x_wconf 84' lang='lat' dir='ltr'><strong>tebatur</strong></span> <span class='ocrx_word' id='word_1_11' title='bbox 717 509 778 552; x_wconf 82' lang='lat' dir='ltr'><strong>se</strong></span> <span class='ocrx_word' id='word_1_12' title='bbox 822 492 1239 561; x_wconf 87' lang='lat' dir='ltr'><strong>ineloquentem.</strong></span> <span class='ocrx_word' id='word_1_13' title='bbox 1273 488 1403 543; x_wconf 86' lang='lat' dir='ltr'><strong>Erat</strong></span> <span class='ocrx_word' id='word_1_14' title='bbox 1449 486 1616 550; x_wconf 89' lang='lat' dir='ltr'><strong>enim,</strong></span> <span class='ocrx_word' id='word_1_15' title='bbox 1647 491 1907 555; x_wconf 88' lang='lat' dir='ltr'><strong>quantum</strong></span> <span class='ocrx_word' id='word_1_16' title='bbox 1958 482 2027 537; x_wconf 87' lang='lat' dir='ltr'><strong>ad</strong></span> <span class='ocrx_word' id='word_1_17' title='bbox 2052 480 2104 542; x_wconf 77' lang='grc' dir='ltr'>Α</span> <span class='ocrx_word' id='word_1_18' title='bbox 2128 476 2323 541; x_wconf 84' lang='lat' dir='ltr'><strong>deant;</strong></span> <span class='ocrx_word' id='word_1_19' title='bbox 2350 483 2399 529; x_wconf 86' lang='lat' dir='ltr'><strong>et</strong></span> <span class='ocrx_word' id='word_1_20' title='bbox 2436 474 2528 546; x_wconf 85' lang='lat' dir='ltr'><strong>qui</strong></span> <span class='ocrx_word' id='word_1_21' title='bbox 2552 473 2747 539; x_wconf 72' lang='lat' dir='ltr'><strong>uident,</strong></span> <span class='ocrx_word' id='word_1_22' title='bbox 2785 473 3085 542; x_wconf 64' lang='lat' dir='ltr'><strong>eieci&#39;ﬁant.</strong></span> <span class='ocrx_word' id='word_1_23' title='bbox 3113 471 3246 540; x_wconf 88' lang='lat' dir='ltr'><strong>Quis</strong></span> <span class='ocrx_word' id='word_1_24' title='bbox 3272 478 3457 528; x_wconf 72' lang='lat' dir='ltr'><strong>autem</strong></span> <span class='ocrx_word' id='word_1_25' title='bbox 3492 470 3602 527; x_wconf 84' lang='lat' dir='ltr'><strong>nisi</strong></span> <span class='ocrx_word' id='word_1_26' title='bbox 3626 471 3711 527; x_wconf 78' lang='lat' dir='ltr'><strong>in-</strong></span> 
     </span>
    </p>
   </div>
   <div class='ocr_carea' id='block_1_3' title="bbox 455 575 2035 663">
    <p class='ocr_par' dir='ltr' id='par_1_3' title="bbox 455 575 2035 663">
     <span class='ocr_line' id='line_1_3' title="bbox 455 575 2035 663; baseline -0.015 -14"><span class='ocrx_word' id='word_1_27' title='bbox 455 589 765 663; x_wconf 67' lang='lat' dir='ltr'><strong>Egyptios,</strong></span> <span class='ocrx_word' id='word_1_28' title='bbox 817 598 1029 642; x_wconf 73' lang='lat' dir='ltr'><strong>sonoras</strong></span> <span class='ocrx_word' id='word_1_29' title='bbox 1070 582 1218 637; x_wconf 81' lang='lat' dir='ltr'><strong>vocis</strong></span> <span class='ocrx_word' id='word_1_30' title='bbox 1243 589 1299 635; x_wconf 90' lang='lat' dir='ltr'><strong>et</strong></span> <span class='ocrx_word' id='word_1_31' title='bbox 1330 576 1649 647; x_wconf 62' lang='lat' dir='ltr'><strong>eloquentiae</strong></span> <span class='ocrx_word' id='word_1_32' title='bbox 1696 575 2035 643; x_wconf 87' lang='lat' dir='ltr'><strong>incompara-</strong></span> 
     </span>
    </p>
   </div>
   <div class='ocr_carea' id='block_1_4' title="bbox 457 665 2033 741">
    <p class='ocr_par' dir='ltr' id='par_1_4' title="bbox 457 665 2033 741">
     <span class='ocr_line' id='line_1_4' title="bbox 457 665 2033 741; baseline -0.015 0"><span class='ocrx_word' id='word_1_33' title='bbox 457 683 601 741; x_wconf 89' lang='lat' dir='ltr'><strong>bilis.</strong></span> <span class='ocrx_word' id='word_1_34' title='bbox 631 679 731 737; x_wconf 89' lang='lat' dir='ltr'><strong>Ubi</strong></span> <span class='ocrx_word' id='word_1_35' title='bbox 770 685 952 732; x_wconf 89' lang='lat' dir='ltr'><strong>autem</strong></span> <span class='ocrx_word' id='word_1_36' title='bbox 978 674 1075 729; x_wconf 85' lang='lat' dir='ltr'><strong>Dei</strong></span> <span class='ocrx_word' id='word_1_37' title='bbox 1118 686 1306 727; x_wconf 86' lang='lat' dir='ltr'><strong>vocem</strong></span> <span class='ocrx_word' id='word_1_38' title='bbox 1333 668 1555 732; x_wconf 75' lang='lat' dir='ltr'><strong>audivit,</strong></span> <span class='ocrx_word' id='word_1_39' title='bbox 1586 674 1642 722; x_wconf 88' lang='lat' dir='ltr'><strong>et</strong></span> <span class='ocrx_word' id='word_1_40' title='bbox 1684 665 1895 737; x_wconf 89' lang='lat' dir='ltr'><strong>eloquia</strong></span> <span class='ocrx_word' id='word_1_41' title='bbox 1924 666 2033 720; x_wconf 87' lang='lat' dir='ltr'><strong>Do-</strong></span> 
     </span>
    </p>
   </div>
   <div class='ocr_carea' id='block_1_5' title="bbox 457 746 2036 841">
    <p class='ocr_par' dir='ltr' id='par_1_5' title="bbox 457 746 2036 841">
     <span class='ocr_line' id='line_1_5' title="bbox 457 746 2036 841; baseline -0.014 -8"><span class='ocrx_word' id='word_1_42' title='bbox 457 775 593 834; x_wconf 85' lang='lat' dir='ltr'><strong>mini</strong></span> <span class='ocrx_word' id='word_1_43' title='bbox 618 772 877 841; x_wconf 77' lang='lat' dir='ltr'><strong>suscepit,</strong></span> <span class='ocrx_word' id='word_1_44' title='bbox 910 767 1075 824; x_wconf 91' lang='lat' dir='ltr'><strong>sentit</strong></span> <span class='ocrx_word' id='word_1_45' title='bbox 1111 778 1297 820; x_wconf 83' lang='lat' dir='ltr'><strong>vocem</strong></span> <span class='ocrx_word' id='word_1_46' title='bbox 1324 774 1476 817; x_wconf 89' lang='lat' dir='ltr'><strong>suam</strong></span> <span class='ocrx_word' id='word_1_47' title='bbox 1503 746 1782 830; x_wconf 79' lang='lat' dir='ltr'><strong>gracilem,</strong></span> <span class='ocrx_word' id='word_1_48' title='bbox 1824 766 1880 812; x_wconf 90' lang='lat' dir='ltr'><strong>et</strong></span> <span class='ocrx_word' id='word_1_49' title='bbox 1921 755 2036 812; x_wconf 81' lang='lat' dir='ltr'><strong>exi-</strong></span> 
     </span>
    </p>
   </div>
   <div class='ocr_carea' id='block_1_6' title="bbox 463 854 2034 932">
    <p class='ocr_par' dir='ltr' id='par_1_6' title="bbox 463 854 2034 932">
     <span class='ocr_line' id='line_1_6' title="bbox 463 854 2034 932; baseline -0.015 -7"><span class='ocrx_word' id='word_1_50' title='bbox 463 869 569 925; x_wconf 88' lang='lat' dir='ltr'><strong>lem</strong></span> <span class='ocrx_word' id='word_1_51' title='bbox 601 866 941 932; x_wconf 82' lang='lat' dir='ltr'><strong>tardamque,</strong></span> <span class='ocrx_word' id='word_1_52' title='bbox 977 869 1035 915; x_wconf 89' lang='lat' dir='ltr'><strong>et</strong></span> <span class='ocrx_word' id='word_1_53' title='bbox 1075 856 1381 928; x_wconf 83' lang='lat' dir='ltr'><strong>impeditam</strong></span> <span class='ocrx_word' id='word_1_54' title='bbox 1434 854 1689 924; x_wconf 77' lang='lat' dir='ltr'><strong>linguam,</strong></span> <span class='ocrx_word' id='word_1_55' title='bbox 1721 858 1776 906; x_wconf 88' lang='lat' dir='ltr'><strong>et</strong></span> <span class='ocrx_word' id='word_1_56' title='bbox 1816 864 1873 904; x_wconf 89' lang='lat' dir='ltr'><strong>se</strong></span> <span class='ocrx_word' id='word_1_57' title='bbox 1907 864 2034 920; x_wconf 90' lang='lat' dir='ltr'><strong>pro-</strong></span> 
     </span>
    </p>
   </div>
   <div class='ocr_carea' id='block_1_7' title="bbox 462 940 2039 1018">
    <p class='ocr_par' dir='ltr' id='par_1_7' title="bbox 462 940 2039 1018">
     <span class='ocr_line' id='line_1_7' title="bbox 462 940 2039 1018; baseline -0.016 -3"><span class='ocrx_word' id='word_1_58' title='bbox 462 957 680 1016; x_wconf 83' lang='lat' dir='ltr'><strong>nuntiat</strong></span> <span class='ocrx_word' id='word_1_59' title='bbox 714 962 945 1018; x_wconf 85' lang='lat' dir='ltr'><strong>mutum,</strong></span> <span class='ocrx_word' id='word_1_60' title='bbox 972 964 1096 1005; x_wconf 90' lang='lat' dir='ltr'><strong>cum</strong></span> <span class='ocrx_word' id='word_1_61' title='bbox 1122 946 1310 1016; x_wconf 84' lang='lat' dir='ltr'><strong>incipit</strong></span> <span class='ocrx_word' id='word_1_62' title='bbox 1344 956 1669 1015; x_wconf 84' lang='lat' dir='ltr'><strong>cognoscere</strong></span> <span class='ocrx_word' id='word_1_63' title='bbox 1696 955 1881 996; x_wconf 87' lang='lat' dir='ltr'><strong>verum</strong></span> <span class='ocrx_word' id='word_1_64' title='bbox 1905 940 2039 994; x_wconf 81' lang='lat' dir='ltr'><strong>Ver-</strong></span> 
     </span>
    </p>
   </div>
   <div class='ocr_carea' id='block_1_8' title="bbox 462 1028 2033 1117">
    <p class='ocr_par' dir='ltr' id='par_1_8' title="bbox 462 1028 2033 1117">
     <span class='ocr_line' id='line_1_8' title="bbox 462 1028 2033 1117; baseline -0.016 -11"><span class='ocrx_word' id='word_1_65' title='bbox 462 1049 617 1115; x_wconf 90' lang='lat' dir='ltr'><strong>bum,</strong></span> <span class='ocrx_word' id='word_1_66' title='bbox 646 1046 788 1117; x_wconf 89' lang='lat' dir='ltr'><strong>quod</strong></span> <span class='ocrx_word' id='word_1_67' title='bbox 824 1052 944 1099; x_wconf 89' lang='lat' dir='ltr'><strong>erat</strong></span> <span class='ocrx_word' id='word_1_68' title='bbox 974 1042 1028 1096; x_wconf 91' lang='lat' dir='ltr'><strong>in</strong></span> <span class='ocrx_word' id='word_1_69' title='bbox 1058 1037 1318 1111; x_wconf 89' lang='lat' dir='ltr'><strong>principio</strong></span> <span class='ocrx_word' id='word_1_70' title='bbox 1368 1035 1507 1106; x_wconf 87' lang='lat' dir='ltr'><strong>apud</strong></span> <span class='ocrx_word' id='word_1_71' title='bbox 1529 1033 1714 1089; x_wconf 89' lang='lat' dir='ltr'><strong>.Deum</strong></span> <span class='ocrx_word' id='word_1_72' title='bbox 1754 1028 1932 1103; x_wconf 84' lang='lat' dir='ltr'><strong>(Joan.</strong></span> <span class='ocrx_word' id='word_1_73' title='bbox 1957 1028 2033 1097; x_wconf 79' lang='lat'><strong>1):</strong></span> 
     </span>
    </p>
   </div>
   <div class='ocr_carea' id='block_1_9' title="bbox 461 1123 2039 1200">
    <p class='ocr_par' dir='ltr' id='par_1_9' title="bbox 461 1123 2039 1200">
     <span class='ocr_line' id='line_1_9' title="bbox 461 1123 2039 1200; baseline -0.017 -1"><span class='ocrx_word' id='word_1_74' title='bbox 461 1141 630 1200; x_wconf 87' lang='lat' dir='ltr'><strong>mutis</strong></span> <span class='ocrx_word' id='word_1_75' title='bbox 656 1137 805 1195; x_wconf 90' lang='lat' dir='ltr'><strong>enim</strong></span> <span class='ocrx_word' id='word_1_76' title='bbox 825 1133 1147 1191; x_wconf 82' lang='lat' dir='ltr'><strong>animalibus</strong></span> <span class='ocrx_word' id='word_1_77' title='bbox 1167 1128 1412 1200; x_wconf 82' lang='lat' dir='ltr'><strong>quamvis</strong></span> <span class='ocrx_word' id='word_1_78' title='bbox 1433 1126 1679 1181; x_wconf 85' lang='lat' dir='ltr'><strong>indoctus</strong></span> <span class='ocrx_word' id='word_1_79' title='bbox 1707 1123 1868 1177; x_wconf 88' lang='lat' dir='ltr'><strong>homo</strong></span> <span class='ocrx_word' id='word_1_80' title='bbox 1892 1134 2039 1176; x_wconf 83' lang='lat' dir='ltr'><strong>com-</strong></span> 
     </span>
    </p>
   </div>
   <div class='ocr_carea' id='block_1_10' title="bbox 458 1211 2039 1307">
    <p class='ocr_par' dir='ltr' id='par_1_10' title="bbox 458 1211 2039 1307">
     <span class='ocr_line' id='line_1_10' title="bbox 458 1211 2039 1307; baseline -0.016 -17"><span class='ocrx_word' id='word_1_81' title='bbox 458 1241 704 1307; x_wconf 89' lang='lat' dir='ltr'><strong>paretur,</strong></span> <span class='ocrx_word' id='word_1_82' title='bbox 741 1230 998 1298; x_wconf 84' lang='lat' dir='ltr'><strong>eloquens</strong></span> <span class='ocrx_word' id='word_1_83' title='bbox 1017 1222 1323 1287; x_wconf 65' lang='lat' dir='ltr'><strong>videbitur;</strong></span> <span class='ocrx_word' id='word_1_84' title='bbox 1365 1220 1410 1274; x_wconf 90' lang='lat' dir='ltr'><strong>si</strong></span> <span class='ocrx_word' id='word_1_85' title='bbox 1432 1233 1562 1272; x_wconf 88' lang='lat' dir='ltr'><strong>vero</strong></span> <span class='ocrx_word' id='word_1_86' title='bbox 1590 1213 1818 1270; x_wconf 90' lang='lat' dir='ltr'><strong>eruditis</strong></span> <span class='ocrx_word' id='word_1_87' title='bbox 1843 1221 1899 1267; x_wconf 92' lang='lat' dir='ltr'><strong>et</strong></span> <span class='ocrx_word' id='word_1_88' title='bbox 1928 1211 2039 1265; x_wconf 89' lang='lat' dir='ltr'><strong>elo-</strong></span> 
     </span>
    </p>
   </div>
   <div class='ocr_carea' id='block_1_11' title="bbox 463 1302 2035 1400">
    <p class='ocr_par' dir='ltr' id='par_1_11' title="bbox 463 1302 2035 1400">
     <span class='ocr_line' id='line_1_11' title="bbox 463 1302 2035 1400; baseline -0.02 -16"><span class='ocrx_word' id='word_1_89' title='bbox 463 1302 774 1400; x_wconf 77' lang='lat' dir='ltr'><strong>quentibns,</strong></span> <span class='ocrx_word' id='word_1_90' title='bbox 805 1319 1001 1376; x_wconf 87' lang='lat' dir='ltr'><strong>stultus</strong></span> <span class='ocrx_word' id='word_1_91' title='bbox 1035 1323 1088 1371; x_wconf 88' lang='lat' dir='ltr'><strong>et</strong></span> <span class='ocrx_word' id='word_1_92' title='bbox 1129 1320 1328 1368; x_wconf 73' lang='lat' dir='ltr'><strong>mutus.</strong></span> <span class='ocrx_word' id='word_1_93' title='bbox 1359 1308 1427 1363; x_wconf 78' lang='lat' dir='ltr'><strong>At</strong></span> <span class='ocrx_word' id='word_1_94' title='bbox 1460 1309 1503 1363; x_wconf 89' lang='lat' dir='ltr'><strong>si</strong></span> <span class='ocrx_word' id='word_1_95' title='bbox 1534 1306 1655 1375; x_wconf 89' lang='lat' dir='ltr'><strong>quis</strong></span> <span class='ocrx_word' id='word_1_96' title='bbox 1687 1304 1782 1358; x_wconf 86' lang='lat' dir='ltr'><strong>Dei</strong></span> <span class='ocrx_word' id='word_1_97' title='bbox 1806 1302 2035 1359; x_wconf 81' lang='lat' dir='ltr'><strong>verbum</strong></span> 
     </span>
    </p>
   </div>
   <div class='ocr_carea' id='block_1_12' title="bbox 462 1395 2035 1480">
    <p class='ocr_par' dir='ltr' id='par_1_12' title="bbox 462 1395 2035 1480">
     <span class='ocr_line' id='line_1_12' title="bbox 462 1395 2035 1480; baseline -0.02 -5"><span class='ocrx_word' id='word_1_98' title='bbox 462 1395 518 1474; x_wconf 73' lang='lat' dir='ltr'><strong>et</strong></span> <span class='ocrx_word' id='word_1_99' title='bbox 537 1417 772 1473; x_wconf 78' lang='lat' dir='ltr'><strong>divinam</strong></span> <span class='ocrx_word' id='word_1_100' title='bbox 801 1406 1056 1480; x_wconf 76' lang='lat' dir='ltr'><strong>respiciat</strong></span> <span class='ocrx_word' id='word_1_101' title='bbox 1082 1402 1403 1474; x_wconf 78' lang='lat' dir='ltr'><strong>sapientiam</strong></span> <span class='ocrx_word' id='word_1_102' title='bbox 1427 1397 1597 1454; x_wconf 89' lang='lat' dir='ltr'><strong>multo</strong></span> <span class='ocrx_word' id='word_1_103' title='bbox 1616 1395 1846 1465; x_wconf 85' lang='lat' dir='ltr'><strong>amplius</strong></span> <span class='ocrx_word' id='word_1_104' title='bbox 1870 1405 2035 1461; x_wconf 86' lang='lat' dir='ltr'><strong>quam</strong></span> 
     </span>
    </p>
   </div>
   <div class='ocr_carea' id='block_1_13' title="bbox 463 1481 2039 1581">
    <p class='ocr_par' dir='ltr' id='par_1_13' title="bbox 463 1481 2039 1581">
     <span class='ocr_line' id='line_1_13' title="bbox 463 1481 2039 1581; baseline -0.018 -17"><span class='ocrx_word' id='word_1_105' title='bbox 463 1507 604 1581; x_wconf 86' lang='lat' dir='ltr'><strong>apud</strong></span> <span class='ocrx_word' id='word_1_106' title='bbox 654 1518 755 1559; x_wconf 88' lang='lat' dir='ltr'><strong>nos</strong></span> <span class='ocrx_word' id='word_1_107' title='bbox 794 1500 1054 1571; x_wconf 85' lang='lat' dir='ltr'><strong>pendens,</strong></span> <span class='ocrx_word' id='word_1_108' title='bbox 1093 1494 1233 1565; x_wconf 90' lang='lat' dir='ltr'><strong>apud</strong></span> <span class='ocrx_word' id='word_1_109' title='bbox 1280 1492 1448 1545; x_wconf 87' lang='lat' dir='ltr'><strong>Deum</strong></span> <span class='ocrx_word' id='word_1_110' title='bbox 1494 1496 1699 1543; x_wconf 88' lang='lat' dir='ltr'><strong>mutum</strong></span> <span class='ocrx_word' id='word_1_111' title='bbox 1734 1500 1793 1540; x_wconf 90' lang='lat' dir='ltr'><strong>se</strong></span> <span class='ocrx_word' id='word_1_112' title='bbox 1840 1481 2039 1538; x_wconf 86' lang='lat' dir='ltr'><strong>animal</strong></span> 
     </span>
    </p>
   </div>
   <div class='ocr_carea' id='block_1_14' title="bbox 464 1578 2037 1673">
    <p class='ocr_par' dir='ltr' id='par_1_14' title="bbox 464 1578 2037 1673">
     <span class='ocr_line' id='line_1_14' title="bbox 464 1578 2037 1673; baseline -0.019 -17"><span class='ocrx_word' id='word_1_113' title='bbox 464 1578 827 1673; x_wconf 73' lang='lat' dir='ltr'><strong>proﬁtebitur.</strong></span> <span class='ocrx_word' id='word_1_114' title='bbox 856 1590 1011 1648; x_wconf 88' lang='lat' dir='ltr'><strong>Unde</strong></span> <span class='ocrx_word' id='word_1_115' title='bbox 1038 1586 1173 1658; x_wconf 87' lang='lat' dir='ltr'><strong>psal.</strong></span> <span class='ocrx_word' id='word_1_116' title='bbox 1196 1598 1380 1638; x_wconf 74' lang='lat' dir='ltr'><strong>Lxxu:</strong></span> <span class='ocrx_word' id='word_1_117' title='bbox 1425 1578 1491 1634; x_wconf 90' lang='lat' dir='ltr'><strong>Ut</strong></span> <span class='ocrx_word' id='word_1_118' title='bbox 1529 1580 1823 1650; x_wconf 77' lang='lat' dir='ltr'><strong>jumeutuni</strong></span> <span class='ocrx_word' id='word_1_119' title='bbox 1891 1583 2037 1673; x_wconf 70' lang='lat' dir='ltr'><strong>artus</strong></span> 
     </span>
    </p>
   </div>
   <div class='ocr_carea' id='block_1_15' title="bbox 463 1663 2036 1761">
    <p class='ocr_par' dir='ltr' id='par_1_15' title="bbox 463 1663 2036 1761">
     <span class='ocr_line' id='line_1_15' title="bbox 463 1663 2036 1761; baseline -0.02 -13"><span class='ocrx_word' id='word_1_120' title='bbox 463 1663 582 1748; x_wconf 67' lang='lat' dir='ltr'><strong>sum</strong></span> <span class='ocrx_word' id='word_1_121' title='bbox 601 1687 742 1761; x_wconf 84' lang='lat' dir='ltr'><strong>apud</strong></span> <span class='ocrx_word' id='word_1_122' title='bbox 780 1696 850 1741; x_wconf 87' lang='lat' dir='ltr'><strong>te.</strong></span> <span class='ocrx_word' id='word_1_123' title='bbox 881 1681 1021 1750; x_wconf 84' lang='lat' dir='ltr'><strong>Quia</strong></span> <span class='ocrx_word' id='word_1_124' title='bbox 1048 1678 1211 1749; x_wconf 86' lang='lat' dir='ltr'><strong>igitur</strong></span> <span class='ocrx_word' id='word_1_125' title='bbox 1235 1677 1288 1729; x_wconf 91' lang='lat' dir='ltr'><strong>in</strong></span> <span class='ocrx_word' id='word_1_126' title='bbox 1316 1672 1369 1727; x_wconf 91' lang='lat' dir='ltr'><strong>id</strong></span> <span class='ocrx_word' id='word_1_127' title='bbox 1400 1668 1763 1741; x_wconf 77' lang='lat' dir='ltr'><strong>intelligentia:</strong></span> <span class='ocrx_word' id='word_1_128' title='bbox 1790 1663 2036 1736; x_wconf 81' lang='lat' dir='ltr'><strong>profecit,</strong></span> 
     </span>
    </p>
   </div>
   <div class='ocr_carea' id='block_1_16' title="bbox 460 1758 2034 1852">
    <p class='ocr_par' dir='ltr' id='par_1_16' title="bbox 460 1758 2034 1852">
     <span class='ocr_line' id='line_1_16' title="bbox 460 1758 2034 1852; baseline -0.02 -11"><span class='ocrx_word' id='word_1_129' title='bbox 460 1794 599 1842; x_wconf 88' lang='lat' dir='ltr'><strong>utse</strong></span> <span class='ocrx_word' id='word_1_130' title='bbox 628 1758 994 1852; x_wconf 76' lang='lat' dir='ltr'><strong>cognosceret,</strong></span> <span class='ocrx_word' id='word_1_131' title='bbox 1039 1771 1181 1843; x_wconf 90' lang='lat' dir='ltr'><strong>quod</strong></span> <span class='ocrx_word' id='word_1_132' title='bbox 1211 1777 1296 1823; x_wconf 89' lang='lat' dir='ltr'><strong>cst</strong></span> <span class='ocrx_word' id='word_1_133' title='bbox 1340 1780 1535 1835; x_wconf 85' lang='lat' dir='ltr'><strong>magna</strong></span> <span class='ocrx_word' id='word_1_134' title='bbox 1576 1777 1703 1833; x_wconf 86' lang='lat' dir='ltr'><strong>pars</strong></span> <span class='ocrx_word' id='word_1_135' title='bbox 1740 1758 2034 1830; x_wconf 74' lang='lat' dir='ltr'><strong>sapientiae,</strong></span> 
     </span>
    </p>
   </div>
   <div class='ocr_carea' id='block_1_17' title="bbox 2132 561 3713 634">
    <p class='ocr_par' dir='ltr' id='par_1_17' title="bbox 2132 561 3713 634">
     <span class='ocr_line' id='line_1_17' title="bbox 2132 561 3713 634; baseline -0.004 -11"><span class='ocrx_word' id='word_1_136' title='bbox 2132 566 2313 623; x_wconf 88' lang='lat' dir='ltr'><strong>sciens</strong></span> <span class='ocrx_word' id='word_1_137' title='bbox 2366 564 2687 621; x_wconf 68' lang='lat' dir='ltr'><strong>crediderir</strong></span> <span class='ocrx_word' id='word_1_138' title='bbox 2720 563 2925 634; x_wconf 90' lang='lat' dir='ltr'><strong>aliquid</strong></span> <span class='ocrx_word' id='word_1_139' title='bbox 2974 563 3182 619; x_wconf 85' lang='lat' dir='ltr'><strong>homini</strong></span> <span class='ocrx_word' id='word_1_140' title='bbox 3230 562 3526 619; x_wconf 86' lang='lat' dir='ltr'><strong>secundum</strong></span> <span class='ocrx_word' id='word_1_141' title='bbox 3578 561 3713 617; x_wconf 78' lang='lat' dir='ltr'><strong>vitia</strong></span> 
     </span>
    </p>
   </div>
   <div class='ocr_carea' id='block_1_18' title="bbox 2132 652 3717 729">
    <p class='ocr_par' dir='ltr' id='par_1_18' title="bbox 2132 652 3717 729">
     <span class='ocr_line' id='line_1_18' title="bbox 2132 652 3717 729; baseline -0.001 -15"><span class='ocrx_word' id='word_1_142' title='bbox 2132 657 2432 729; x_wconf 87' lang='lat' dir='ltr'><strong>corporalia</strong></span> <span class='ocrx_word' id='word_1_143' title='bbox 2480 670 2639 727; x_wconf 84' lang='lat' dir='ltr'><strong>posse</strong></span> <span class='ocrx_word' id='word_1_144' title='bbox 2685 654 2936 711; x_wconf 87' lang='lat' dir='ltr'><strong>accidere</strong></span> <span class='ocrx_word' id='word_1_145' title='bbox 2985 655 3129 726; x_wconf 89' lang='lat' dir='ltr'><strong>quod</strong></span> <span class='ocrx_word' id='word_1_146' title='bbox 3187 655 3331 711; x_wconf 85' lang='lat' dir='ltr'><strong>Deus</strong></span> <span class='ocrx_word' id='word_1_147' title='bbox 3372 653 3557 710; x_wconf 78' lang='lat' dir='ltr'><strong>nolit?</strong></span> <span class='ocrx_word' id='word_1_148' title='bbox 3601 652 3717 712; x_wconf 80' lang='lat' dir='ltr'><strong>Sed</strong></span> 
     </span>
    </p>
   </div>
   <div class='ocr_carea' id='block_1_19' title="bbox 2132 749 3222 825">
    <p class='ocr_par' dir='ltr' id='par_1_19' title="bbox 2132 749 3222 825">
     <span class='ocr_line' id='line_1_19' title="bbox 2132 749 3222 825; baseline -0.006 -15"><span class='ocrx_word' id='word_1_149' title='bbox 2132 770 2254 810; x_wconf 89' lang='lat' dir='ltr'><strong>eum</strong></span> <span class='ocrx_word' id='word_1_150' title='bbox 2272 755 2418 825; x_wconf 87' lang='lat' dir='ltr'><strong>juste</strong></span> <span class='ocrx_word' id='word_1_151' title='bbox 2444 762 2615 808; x_wconf 88' lang='lat' dir='ltr'><strong>totum</strong></span> <span class='ocrx_word' id='word_1_152' title='bbox 2631 751 2767 807; x_wconf 88' lang='lat' dir='ltr'><strong>velle</strong></span> <span class='ocrx_word' id='word_1_153' title='bbox 2788 765 2951 807; x_wconf 89' lang='lat' dir='ltr'><strong>nemo</strong></span> <span class='ocrx_word' id='word_1_154' title='bbox 2976 749 3222 820; x_wconf 88' lang='lat' dir='ltr'><strong>ambigit.</strong></span> 
     </span>
    </p>
   </div>
   <div class='ocr_carea' id='block_1_20' title="bbox 2204 839 3719 916">
    <p class='ocr_par' dir='ltr' id='par_1_20' title="bbox 2204 839 3719 916">
     <span class='ocr_line' id='line_1_20' title="bbox 2204 839 3719 916; baseline -0.005 -15"><span class='ocrx_word' id='word_1_155' title='bbox 2204 846 2368 903; x_wconf 72' lang='lat' dir='ltr'><strong>Vsus.</strong></span> <span class='ocrx_word' id='word_1_156' title='bbox 2401 846 2488 911; x_wconf 75' lang='grc'><strong>12,</strong></span> <span class='ocrx_word' id='word_1_157' title='bbox 2519 846 2607 900; x_wconf 77' lang='grc'><strong>15.</strong></span> <span class='ocrx_word' id='word_1_158' title='bbox 2631 876 2705 886; x_wconf 85' lang='grc'><strong><em>-</em></strong></span> <span class='ocrx_word' id='word_1_159' title='bbox 2727 842 2895 916; x_wconf 84' lang='lat' dir='ltr'><strong>Perge</strong></span> <span class='ocrx_word' id='word_1_160' title='bbox 2937 844 3118 914; x_wconf 78' lang='lat' dir='ltr'><strong>igitur,</strong></span> <span class='ocrx_word' id='word_1_161' title='bbox 3143 850 3249 898; x_wconf 87' lang='lat' dir='ltr'><strong>etc.</strong></span> <span class='ocrx_word' id='word_1_162' title='bbox 3281 839 3463 914; x_wconf 81' lang='lat' dir='ltr'><strong>(Auo.)</strong></span> <span class='ocrx_word' id='word_1_163' title='bbox 3506 840 3719 913; x_wconf 68' lang='grc' dir='ltr'><strong>Λαοσθ-</strong></span> 
     </span>
    </p>
   </div>
   <div class='ocr_carea' id='block_1_21' title="bbox 2134 931 3718 1007">
    <p class='ocr_par' dir='ltr' id='par_1_21' title="bbox 2134 931 3718 1007">
     <span class='ocr_line' id='line_1_21' title="bbox 2134 931 3718 1007; baseline -0.006 -12"><span class='ocrx_word' id='word_1_164' title='bbox 2134 941 2261 995; x_wconf 82' lang='lat' dir='ltr'><strong>rice.</strong></span> <span class='ocrx_word' id='word_1_165' title='bbox 2291 939 2446 1007; x_wconf 83' lang='lat' dir='ltr'><strong>Quod</strong></span> <span class='ocrx_word' id='word_1_166' title='bbox 2470 939 2601 994; x_wconf 89' lang='lat' dir='ltr'><strong>dicit</strong></span> <span class='ocrx_word' id='word_1_167' title='bbox 2626 937 2889 992; x_wconf 87' lang='lat' dir='ltr'><strong>Dominus</strong></span> <span class='ocrx_word' id='word_1_168' title='bbox 2924 936 2991 991; x_wconf 84' lang='lat' dir='ltr'><strong>ad</strong></span> <span class='ocrx_word' id='word_1_169' title='bbox 3018 934 3242 990; x_wconf 84' lang='lat' dir='ltr'><strong>Mosen:</strong></span> <span class='ocrx_word' id='word_1_170' title='bbox 3273 933 3380 990; x_wconf 81' lang='lat' dir='ltr'><strong>Sed</strong></span> <span class='ocrx_word' id='word_1_171' title='bbox 3409 948 3548 987; x_wconf 79' lang='lat' dir='ltr'><strong>nunc</strong></span> <span class='ocrx_word' id='word_1_172' title='bbox 3586 931 3718 987; x_wconf 73' lang='lat' dir='ltr'><strong>uade</strong></span> 
     </span>
    </p>
   </div>
   <div class='ocr_carea' id='block_1_22' title="bbox 2135 1024 3720 1103">
    <p class='ocr_par' dir='ltr' id='par_1_22' title="bbox 2135 1024 3720 1103">
     <span class='ocr_line' id='line_1_22' title="bbox 2135 1024 3720 1103; baseline -0.004 -16"><span class='ocrx_word' id='word_1_173' title='bbox 2135 1042 2214 1097; x_wconf 88' lang='lat' dir='ltr'><strong>tu,</strong></span> <span class='ocrx_word' id='word_1_174' title='bbox 2237 1043 2285 1087; x_wconf 91' lang='lat' dir='ltr'><strong>et</strong></span> <span class='ocrx_word' id='word_1_175' title='bbox 2330 1049 2423 1103; x_wconf 85' lang='lat' dir='ltr'><strong>ego</strong></span> <span class='ocrx_word' id='word_1_176' title='bbox 2447 1033 2682 1102; x_wconf 83' lang='lat' dir='ltr'><strong>aperiant</strong></span> <span class='ocrx_word' id='word_1_177' title='bbox 2704 1047 2763 1085; x_wconf 91' lang='lat' dir='ltr'><strong>os</strong></span> <span class='ocrx_word' id='word_1_178' title='bbox 2789 1039 2959 1094; x_wconf 83' lang='lat' dir='ltr'><strong>tuum,</strong></span> <span class='ocrx_word' id='word_1_179' title='bbox 2986 1038 3033 1082; x_wconf 90' lang='lat' dir='ltr'><strong>et</strong></span> <span class='ocrx_word' id='word_1_180' title='bbox 3062 1030 3322 1083; x_wconf 76' lang='lat' dir='ltr'><strong>instruant</strong></span> <span class='ocrx_word' id='word_1_181' title='bbox 3361 1036 3410 1080; x_wconf 86' lang='lat' dir='ltr'><strong>te</strong></span> <span class='ocrx_word' id='word_1_182' title='bbox 3427 1042 3546 1099; x_wconf 71' lang='lat' dir='ltr'><strong>qua:</strong></span> <span class='ocrx_word' id='word_1_183' title='bbox 3565 1024 3720 1081; x_wconf 67' lang='lat' dir='ltr'><strong>iocu—</strong></span> 
     </span>
    </p>
   </div>
   <div class='ocr_carea' id='block_1_23' title="bbox 2136 1112 3717 1189">
    <p class='ocr_par' dir='ltr' id='par_1_23' title="bbox 2136 1112 3717 1189">
     <span class='ocr_line' id='line_1_23' title="bbox 2136 1112 3717 1189; baseline -0.005 -13"><span class='ocrx_word' id='word_1_184' title='bbox 2136 1130 2287 1176; x_wconf 85' lang='lat' dir='ltr'><strong>turus</strong></span> <span class='ocrx_word' id='word_1_185' title='bbox 2338 1137 2413 1185; x_wconf 85' lang='lat' dir='ltr'><strong>es,</strong></span> <span class='ocrx_word' id='word_1_186' title='bbox 2464 1126 2689 1189; x_wconf 85' lang='lat' dir='ltr'><strong>apparet</strong></span> <span class='ocrx_word' id='word_1_187' title='bbox 2722 1132 2831 1173; x_wconf 91' lang='lat' dir='ltr'><strong>non</strong></span> <span class='ocrx_word' id='word_1_188' title='bbox 2884 1124 3092 1172; x_wconf 88' lang='lat' dir='ltr'><strong>tantum</strong></span> <span class='ocrx_word' id='word_1_189' title='bbox 3140 1114 3551 1171; x_wconf 89' lang='lat' dir='ltr'><strong>instructionem</strong></span> <span class='ocrx_word' id='word_1_190' title='bbox 3579 1112 3717 1181; x_wconf 88' lang='lat' dir='ltr'><strong>oris,</strong></span> 
     </span>
    </p>
   </div>
   <div class='ocr_carea' id='block_1_24' title="bbox 2136 1207 3715 1282">
    <p class='ocr_par' dir='ltr' id='par_1_24' title="bbox 2136 1207 3715 1282">
     <span class='ocr_line' id='line_1_24' title="bbox 2136 1207 3715 1282; baseline -0.004 -13"><span class='ocrx_word' id='word_1_191' title='bbox 2136 1213 2228 1270; x_wconf 88' lang='lat' dir='ltr'><strong>sed</strong></span> <span class='ocrx_word' id='word_1_192' title='bbox 2275 1213 2437 1268; x_wconf 89' lang='lat' dir='ltr'><strong>etiam</strong></span> <span class='ocrx_word' id='word_1_193' title='bbox 2473 1212 2650 1282; x_wconf 82' lang='lat' dir='ltr'><strong>ipsam</strong></span> <span class='ocrx_word' id='word_1_194' title='bbox 2690 1210 3022 1282; x_wconf 87' lang='lat' dir='ltr'><strong>apertionem</strong></span> <span class='ocrx_word' id='word_1_195' title='bbox 3061 1209 3129 1264; x_wconf 88' lang='lat' dir='ltr'><strong>ad</strong></span> <span class='ocrx_word' id='word_1_196' title='bbox 3167 1209 3262 1264; x_wconf 87' lang='lat' dir='ltr'><strong>Dei</strong></span> <span class='ocrx_word' id='word_1_197' title='bbox 3293 1209 3520 1280; x_wconf 79' lang='lat' dir='ltr'><strong>gratiam</strong></span> <span class='ocrx_word' id='word_1_198' title='bbox 3545 1207 3715 1279; x_wconf 83' lang='lat' dir='ltr'><strong>perti-</strong></span> 
     </span>
    </p>
   </div>
   <div class='ocr_carea' id='block_1_25' title="bbox 2136 1303 3710 1374">
    <p class='ocr_par' dir='ltr' id='par_1_25' title="bbox 2136 1303 3710 1374">
     <span class='ocr_line' id='line_1_25' title="bbox 2136 1303 3710 1374; baseline -0.003 -13"><span class='ocrx_word' id='word_1_199' title='bbox 2136 1322 2288 1361; x_wconf 89' lang='lat' dir='ltr'><strong>nere.</strong></span> <span class='ocrx_word' id='word_1_200' title='bbox 2319 1304 2432 1359; x_wconf 83' lang='lat' dir='ltr'><strong>Non</strong></span> <span class='ocrx_word' id='word_1_201' title='bbox 2461 1306 2604 1360; x_wconf 90' lang='lat' dir='ltr'><strong>enim</strong></span> <span class='ocrx_word' id='word_1_202' title='bbox 2626 1304 2719 1368; x_wconf 83' lang='lat' dir='ltr'><strong>ait,</strong></span> <span class='ocrx_word' id='word_1_203' title='bbox 2748 1303 2914 1374; x_wconf 79' lang='lat' dir='ltr'><strong>Aperi</strong></span> <span class='ocrx_word' id='word_1_204' title='bbox 2943 1318 3005 1358; x_wconf 92' lang='lat' dir='ltr'><strong>os</strong></span> <span class='ocrx_word' id='word_1_205' title='bbox 3033 1310 3209 1368; x_wconf 90' lang='lat' dir='ltr'><strong>tuum,</strong></span> <span class='ocrx_word' id='word_1_206' title='bbox 3238 1310 3293 1358; x_wconf 91' lang='lat' dir='ltr'><strong>et</strong></span> <span class='ocrx_word' id='word_1_207' title='bbox 3319 1317 3419 1374; x_wconf 90' lang='lat' dir='ltr'><strong>ego</strong></span> <span class='ocrx_word' id='word_1_208' title='bbox 3444 1303 3710 1357; x_wconf 87' lang='lat' dir='ltr'><strong>instruam</strong></span> 
     </span>
    </p>
   </div>
   <div class='ocr_carea' id='block_1_26' title="bbox 2137 1386 3713 1464">
    <p class='ocr_par' dir='ltr' id='par_1_26' title="bbox 2137 1386 3713 1464">
     <span class='ocr_line' id='line_1_26' title="bbox 2137 1386 3713 1464; baseline -0.003 -14"><span class='ocrx_word' id='word_1_209' title='bbox 2137 1402 2228 1459; x_wconf 89' lang='lat' dir='ltr'><strong>te;</strong></span> <span class='ocrx_word' id='word_1_210' title='bbox 2255 1396 2346 1451; x_wconf 89' lang='lat' dir='ltr'><strong>sed</strong></span> <span class='ocrx_word' id='word_1_211' title='bbox 2384 1402 2674 1464; x_wconf 75' lang='lat' dir='ltr'><strong>utrumque</strong></span> <span class='ocrx_word' id='word_1_212' title='bbox 2702 1392 2989 1464; x_wconf 81' lang='lat' dir='ltr'><strong>promittit,</strong></span> <span class='ocrx_word' id='word_1_213' title='bbox 3031 1391 3293 1462; x_wconf 85' lang='lat' dir='ltr'><strong>aperiam,</strong></span> <span class='ocrx_word' id='word_1_214' title='bbox 3326 1401 3381 1446; x_wconf 92' lang='lat' dir='ltr'><strong>et</strong></span> <span class='ocrx_word' id='word_1_215' title='bbox 3424 1386 3713 1446; x_wconf 85' lang='lat' dir='ltr'><strong>instruam.</strong></span> 
     </span>
    </p>
   </div>
   <div class='ocr_carea' id='block_1_27' title="bbox 2137 1478 3721 1555">
    <p class='ocr_par' dir='ltr' id='par_1_27' title="bbox 2137 1478 3721 1555">
     <span class='ocr_line' id='line_1_27' title="bbox 2137 1478 3721 1555; baseline -0.005 -15"><span class='ocrx_word' id='word_1_216' title='bbox 2137 1484 2194 1540; x_wconf 85' lang='lat' dir='ltr'><strong>ln</strong></span> <span class='ocrx_word' id='word_1_217' title='bbox 2220 1485 2430 1555; x_wconf 83' lang='lat' dir='ltr'><strong>psalmo</strong></span> <span class='ocrx_word' id='word_1_218' title='bbox 2460 1492 2640 1538; x_wconf 85' lang='lat' dir='ltr'><strong>autem</strong></span> <span class='ocrx_word' id='word_1_219' title='bbox 2670 1498 2811 1537; x_wconf 68' lang='grc' dir='ltr'><strong>ωαχ</strong></span> <span class='ocrx_word' id='word_1_220' title='bbox 2836 1500 2850 1535; x_wconf 89' lang='lat'><strong>:</strong></span> <span class='ocrx_word' id='word_1_221' title='bbox 2886 1480 3066 1535; x_wconf 83' lang='lat' dir='ltr'><strong>Dilata</strong></span> <span class='ocrx_word' id='word_1_222' title='bbox 3095 1497 3150 1535; x_wconf 88' lang='lat' dir='ltr'><strong>os</strong></span> <span class='ocrx_word' id='word_1_223' title='bbox 3174 1489 3343 1544; x_wconf 82' lang='lat' dir='ltr'><strong>tuum,</strong></span> <span class='ocrx_word' id='word_1_224' title='bbox 3361 1488 3409 1533; x_wconf 90' lang='lat' dir='ltr'><strong>et</strong></span> <span class='ocrx_word' id='word_1_225' title='bbox 3432 1494 3524 1549; x_wconf 88' lang='lat' dir='ltr'><strong>ego</strong></span> <span class='ocrx_word' id='word_1_226' title='bbox 3548 1478 3721 1533; x_wconf 78' lang='lat' dir='ltr'><strong>adiut-</strong></span> 
     </span>
    </p>
   </div>
   <div class='ocr_carea' id='block_1_28' title="bbox 2139 1559 3722 1642">
    <p class='ocr_par' dir='ltr' id='par_1_28' title="bbox 2139 1559 3722 1642">
     <span class='ocr_line' id='line_1_28' title="bbox 2139 1559 3722 1642; baseline -0.004 -15"><span class='ocrx_word' id='word_1_227' title='bbox 2139 1575 2288 1640; x_wconf 84' lang='lat' dir='ltr'><strong>plebo</strong></span> <span class='ocrx_word' id='word_1_228' title='bbox 2309 1573 2462 1628; x_wconf 82' lang='lat' dir='ltr'><strong>illud.</strong></span> <span class='ocrx_word' id='word_1_229' title='bbox 2500 1571 2605 1627; x_wconf 90' lang='lat' dir='ltr'><strong>Ubi</strong></span> <span class='ocrx_word' id='word_1_230' title='bbox 2631 1571 2901 1642; x_wconf 79' lang='lat' dir='ltr'><strong>signiﬁcat</strong></span> <span class='ocrx_word' id='word_1_231' title='bbox 2942 1570 2995 1623; x_wconf 91' lang='lat' dir='ltr'><strong>in</strong></span> <span class='ocrx_word' id='word_1_232' title='bbox 3028 1569 3246 1624; x_wconf 86' lang='lat' dir='ltr'><strong>homine</strong></span> <span class='ocrx_word' id='word_1_233' title='bbox 3273 1559 3605 1623; x_wconf 80' lang='lat' dir='ltr'><strong>voluntatem</strong></span> <span class='ocrx_word' id='word_1_234' title='bbox 3629 1580 3722 1621; x_wconf 85' lang='lat' dir='ltr'><strong>ae-</strong></span> 
     </span>
    </p>
   </div>
   <div class='ocr_carea' id='block_1_29' title="bbox 2141 1654 3721 1732">
    <p class='ocr_par' dir='ltr' id='par_1_29' title="bbox 2141 1654 3721 1732">
     <span class='ocr_line' id='line_1_29' title="bbox 2141 1654 3721 1732; baseline -0.004 -16"><span class='ocrx_word' id='word_1_235' title='bbox 2141 1662 2369 1732; x_wconf 85' lang='lat' dir='ltr'><strong>cipiendi</strong></span> <span class='ocrx_word' id='word_1_236' title='bbox 2399 1663 2542 1732; x_wconf 90' lang='lat' dir='ltr'><strong>quod</strong></span> <span class='ocrx_word' id='word_1_237' title='bbox 2589 1661 2733 1716; x_wconf 88' lang='lat' dir='ltr'><strong>Deus</strong></span> <span class='ocrx_word' id='word_1_238' title='bbox 2774 1660 2941 1715; x_wconf 91' lang='lat' dir='ltr'><strong>donat</strong></span> <span class='ocrx_word' id='word_1_239' title='bbox 2984 1657 3208 1722; x_wconf 90' lang='lat' dir='ltr'><strong>volenti,</strong></span> <span class='ocrx_word' id='word_1_240' title='bbox 3237 1665 3297 1712; x_wconf 92' lang='lat' dir='ltr'><strong>ut</strong></span> <span class='ocrx_word' id='word_1_241' title='bbox 3332 1657 3402 1711; x_wconf 89' lang='lat' dir='ltr'><strong>ad</strong></span> <span class='ocrx_word' id='word_1_242' title='bbox 3426 1654 3721 1711; x_wconf 87' lang='lat' dir='ltr'><strong>voluntatis</strong></span> 
     </span>
    </p>
   </div>
   <div class='ocr_carea' id='block_1_30' title="bbox 2139 1739 3724 1820">
    <p class='ocr_par' dir='ltr' id='par_1_30' title="bbox 2139 1739 3724 1820">
     <span class='ocr_line' id='line_1_30' title="bbox 2139 1739 3724 1820; baseline -0.004 -15"><span class='ocrx_word' id='word_1_243' title='bbox 2139 1750 2423 1807; x_wconf 81' lang='lat' dir='ltr'><strong>exordium</strong></span> <span class='ocrx_word' id='word_1_244' title='bbox 2471 1750 2762 1820; x_wconf 88' lang='lat' dir='ltr'><strong>pertineat,</strong></span> <span class='ocrx_word' id='word_1_245' title='bbox 2791 1748 2969 1802; x_wconf 80' lang='lat' dir='ltr'><strong>Diluta</strong></span> <span class='ocrx_word' id='word_1_246' title='bbox 2998 1763 3056 1802; x_wconf 90' lang='lat' dir='ltr'><strong>os</strong></span> <span class='ocrx_word' id='word_1_247' title='bbox 3097 1756 3269 1813; x_wconf 82' lang='lat' dir='ltr'><strong>tuum,</strong></span> <span class='ocrx_word' id='word_1_248' title='bbox 3311 1746 3378 1802; x_wconf 91' lang='lat' dir='ltr'><strong>ad</strong></span> <span class='ocrx_word' id='word_1_249' title='bbox 3420 1746 3515 1801; x_wconf 89' lang='lat' dir='ltr'><strong>Dei</strong></span> <span class='ocrx_word' id='word_1_250' title='bbox 3540 1739 3724 1800; x_wconf 82' lang='lat' dir='ltr'><strong>autem</strong></span> 
     </span>
    </p>
   </div>
   <div class='ocr_carea' id='block_1_31' title="bbox 460 1838 2901 1933">
    <p class='ocr_par' dir='ltr' id='par_1_31' title="bbox 460 1838 2901 1933">
     <span class='ocr_line' id='line_1_31' title="bbox 460 1838 2901 1933; baseline -0.018 0"><span class='ocrx_word' id='word_1_251' title='bbox 460 1838 828 1933; x_wconf 65' lang='lat' dir='ltr'><strong>remuneravit</strong></span> <span class='ocrx_word' id='word_1_252' title='bbox 851 1881 973 1922; x_wconf 89' lang='lat' dir='ltr'><strong>eum</strong></span> <span class='ocrx_word' id='word_1_253' title='bbox 1008 1838 1186 1919; x_wconf 75' lang='lat' dir='ltr'><strong>divina</strong></span> <span class='ocrx_word' id='word_1_254' title='bbox 1231 1859 1472 1929; x_wconf 75' lang='lat' dir='ltr'><strong>dignatio</strong></span> <span class='ocrx_word' id='word_1_255' title='bbox 1516 1856 1736 1910; x_wconf 87' lang='lat' dir='ltr'><strong>dicens:</strong></span> <span class='ocrx_word' id='word_1_256' title='bbox 1791 1850 2036 1922; x_wconf 79' lang='lat' dir='ltr'><strong>Aperiunt</strong></span> <span class='ocrx_word' id='word_1_257' title='bbox 2065 1842 2111 1903; x_wconf 85' lang='grc' dir='ltr'><strong>Β</strong></span> <span class='ocrx_word' id='word_1_258' title='bbox 2138 1842 2389 1914; x_wconf 75' lang='lat' dir='ltr'><strong>gratiam,</strong></span> <span class='ocrx_word' id='word_1_259' title='bbox 2415 1851 2463 1896; x_wconf 85' lang='lat' dir='ltr'><strong>et</strong></span> <span class='ocrx_word' id='word_1_260' title='bbox 2491 1840 2713 1933; x_wconf 74' lang='lat' dir='ltr'><strong>implebo</strong></span> <span class='ocrx_word' id='word_1_261' title='bbox 2746 1838 2901 1933; x_wconf 61' lang='lat' dir='ltr'><strong>illud.</strong></span> 
     </span>
    </p>
   </div>
   <div class='ocr_carea' id='block_1_32' title="bbox 464 1942 2041 2029">
    <p class='ocr_par' dir='ltr' id='par_1_32' title="bbox 464 1942 2041 2029">
     <span class='ocr_line' id='line_1_32' title="bbox 464 1942 2041 2029; baseline -0.016 -6"><span class='ocrx_word' id='word_1_262' title='bbox 464 1983 524 2024; x_wconf 87' lang='lat' dir='ltr'><strong>os</strong></span> <span class='ocrx_word' id='word_1_263' title='bbox 553 1975 726 2029; x_wconf 76' lang='lat' dir='ltr'><strong>tuum,</strong></span> <span class='ocrx_word' id='word_1_264' title='bbox 750 1970 855 2017; x_wconf 85' lang='lat' dir='ltr'><strong>etc.</strong></span> <span class='ocrx_word' id='word_1_265' title='bbox 912 1956 1066 2013; x_wconf 82' lang='lat' dir='ltr'><strong>Beati</strong></span> <span class='ocrx_word' id='word_1_266' title='bbox 1101 1967 1333 2025; x_wconf 89' lang='lat' dir='ltr'><strong>quorum</strong></span> <span class='ocrx_word' id='word_1_267' title='bbox 1383 1966 1447 2006; x_wconf 89' lang='lat' dir='ltr'><strong>os</strong></span> <span class='ocrx_word' id='word_1_268' title='bbox 1492 1950 1636 2004; x_wconf 87' lang='lat' dir='ltr'><strong>Deus</strong></span> <span class='ocrx_word' id='word_1_269' title='bbox 1665 1945 1839 2016; x_wconf 90' lang='lat' dir='ltr'><strong>aperit</strong></span> <span class='ocrx_word' id='word_1_270' title='bbox 1868 1951 1927 1999; x_wconf 86' lang='lat' dir='ltr'><strong>ut</strong></span> <span class='ocrx_word' id='word_1_271' title='bbox 1962 1942 2041 1997; x_wconf 91' lang='lat' dir='ltr'><strong>lo-</strong></span> 
     </span>
    </p>
   </div>
   <div class='ocr_carea' id='block_1_33' title="bbox 465 2040 2041 2129">
    <p class='ocr_par' dir='ltr' id='par_1_33' title="bbox 465 2040 2041 2129">
     <span class='ocr_line' id='line_1_33' title="bbox 465 2040 2041 2129; baseline -0.017 -15"><span class='ocrx_word' id='word_1_272' title='bbox 465 2065 720 2129; x_wconf 87' lang='lat' dir='ltr'><strong>quantur.</strong></span> <span class='ocrx_word' id='word_1_273' title='bbox 750 2051 906 2109; x_wconf 87' lang='lat' dir='ltr'><strong>Unde</strong></span> <span class='ocrx_word' id='word_1_274' title='bbox 950 2048 1087 2119; x_wconf 86' lang='lat' dir='ltr'><strong>psal.</strong></span> <span class='ocrx_word' id='word_1_275' title='bbox 1136 2060 1317 2101; x_wconf 72' lang='lat' dir='ltr'><strong>Lux:</strong></span> <span class='ocrx_word' id='word_1_276' title='bbox 1374 2040 1552 2095; x_wconf 81' lang='lat' dir='ltr'><strong>Dilata</strong></span> <span class='ocrx_word' id='word_1_277' title='bbox 1593 2056 1650 2093; x_wconf 88' lang='lat' dir='ltr'><strong>os</strong></span> <span class='ocrx_word' id='word_1_278' title='bbox 1676 2048 1845 2129; x_wconf 45' lang='lat' dir='ltr'><strong>mittit,</strong></span> <span class='ocrx_word' id='word_1_279' title='bbox 1875 2045 1921 2089; x_wconf 87' lang='lat' dir='ltr'><strong>et</strong></span> <span class='ocrx_word' id='word_1_280' title='bbox 1947 2049 2041 2103; x_wconf 93' lang='lat' dir='ltr'><strong>ego</strong></span> 
     </span>
    </p>
   </div>
   <div class='ocr_carea' id='block_1_34' title="bbox 465 2127 2037 2219">
    <p class='ocr_par' dir='ltr' id='par_1_34' title="bbox 465 2127 2037 2219">
     <span class='ocr_line' id='line_1_34' title="bbox 465 2127 2037 2219; baseline -0.016 -15"><span class='ocrx_word' id='word_1_281' title='bbox 465 2127 686 2219; x_wconf 77' lang='lat' dir='ltr'><strong>implebo</strong></span> <span class='ocrx_word' id='word_1_282' title='bbox 707 2143 859 2199; x_wconf 76' lang='lat' dir='ltr'><strong>illud.</strong></span> <span class='ocrx_word' id='word_1_283' title='bbox 900 2138 1160 2196; x_wconf 90' lang='lat' dir='ltr'><strong>Similiter</strong></span> <span class='ocrx_word' id='word_1_284' title='bbox 1204 2133 1403 2190; x_wconf 88' lang='lat' dir='ltr'><strong>Paulus</strong></span> <span class='ocrx_word' id='word_1_285' title='bbox 1443 2130 1576 2187; x_wconf 90' lang='lat' dir='ltr'><strong>dicit</strong></span> <span class='ocrx_word' id='word_1_286' title='bbox 1613 2131 1680 2184; x_wconf 89' lang='lat' dir='ltr'><strong>ad</strong></span> <span class='ocrx_word' id='word_1_287' title='bbox 1715 2127 1914 2219; x_wconf 67' lang='lat' dir='ltr'><strong>Ephes.</strong></span> <span class='ocrx_word' id='word_1_288' title='bbox 1942 2140 2037 2179; x_wconf 76' lang='lat' dir='ltr'><strong>vi:</strong></span> 
     </span>
    </p>
   </div>
   <div class='ocr_carea' id='block_1_35' title="bbox 464 2217 2041 2296">
    <p class='ocr_par' dir='ltr' id='par_1_35' title="bbox 464 2217 2041 2296">
     <span class='ocr_line' id='line_1_35' title="bbox 464 2217 2041 2296; baseline -0.017 -1"><span class='ocrx_word' id='word_1_289' title='bbox 464 2217 715 2295; x_wconf 24' lang='lat' dir='ltr'><strong>lit-detur</strong></span> <span class='ocrx_word' id='word_1_290' title='bbox 745 2234 873 2288; x_wconf 80' lang='lat' dir='ltr'><strong>mihi</strong></span> <span class='ocrx_word' id='word_1_291' title='bbox 912 2245 1082 2287; x_wconf 86' lang='lat' dir='ltr'><strong>sermo</strong></span> <span class='ocrx_word' id='word_1_292' title='bbox 1127 2229 1182 2281; x_wconf 91' lang='lat' dir='ltr'><strong>in</strong></span> <span class='ocrx_word' id='word_1_293' title='bbox 1226 2224 1489 2296; x_wconf 81' lang='lat' dir='ltr'><strong>apertione</strong></span> <span class='ocrx_word' id='word_1_294' title='bbox 1524 2221 1629 2275; x_wconf 87' lang='lat' dir='ltr'><strong>oris</strong></span> <span class='ocrx_word' id='word_1_295' title='bbox 1676 2219 1797 2273; x_wconf 85' lang='lat' dir='ltr'><strong>mei.</strong></span> <span class='ocrx_word' id='word_1_296' title='bbox 1841 2217 2041 2271; x_wconf 81' lang='lat' dir='ltr'><strong>Eorum</strong></span> 
     </span>
    </p>
   </div>
   <div class='ocr_carea' id='block_1_36' title="bbox 464 2310 2041 2404">
    <p class='ocr_par' dir='ltr' id='par_1_36' title="bbox 464 2310 2041 2404">
     <span class='ocr_line' id='line_1_36' title="bbox 464 2310 2041 2404; baseline -0.018 -13"><span class='ocrx_word' id='word_1_297' title='bbox 464 2347 597 2404; x_wconf 87' lang='lat' dir='ltr'><strong>ergo</strong></span> <span class='ocrx_word' id='word_1_298' title='bbox 620 2330 713 2402; x_wconf 90' lang='lat' dir='ltr'><strong>qui</strong></span> <span class='ocrx_word' id='word_1_299' title='bbox 741 2341 868 2384; x_wconf 86' lang='lat' dir='ltr'><strong>vera</strong></span> <span class='ocrx_word' id='word_1_300' title='bbox 889 2325 1206 2394; x_wconf 85' lang='lat' dir='ltr'><strong>loquuntur,</strong></span> <span class='ocrx_word' id='word_1_301' title='bbox 1236 2334 1299 2374; x_wconf 90' lang='lat' dir='ltr'><strong>os</strong></span> <span class='ocrx_word' id='word_1_302' title='bbox 1334 2318 1477 2372; x_wconf 83' lang='lat' dir='ltr'><strong>Deus</strong></span> <span class='ocrx_word' id='word_1_303' title='bbox 1502 2313 1715 2385; x_wconf 88' lang='lat' dir='ltr'><strong>aperit:</strong></span> <span class='ocrx_word' id='word_1_304' title='bbox 1738 2326 1923 2368; x_wconf 89' lang='lat' dir='ltr'><strong>eorum</strong></span> <span class='ocrx_word' id='word_1_305' title='bbox 1948 2310 2041 2379; x_wconf 84' lang='lat' dir='ltr'><strong>qui</strong></span> 
     </span>
    </p>
   </div>
   <div class='ocr_carea' id='block_1_37' title="bbox 464 2404 2039 2497">
    <p class='ocr_par' dir='ltr' id='par_1_37' title="bbox 464 2404 2039 2497">
     <span class='ocr_line' id='line_1_37' title="bbox 464 2404 2039 2497; baseline -0.016 -15"><span class='ocrx_word' id='word_1_306' title='bbox 464 2426 759 2497; x_wconf 89' lang='lat' dir='ltr'><strong>loquuntur</strong></span> <span class='ocrx_word' id='word_1_307' title='bbox 799 2418 1159 2479; x_wconf 81' lang='lat' dir='ltr'><strong>mendacium,</strong></span> <span class='ocrx_word' id='word_1_308' title='bbox 1187 2413 1383 2469; x_wconf 86' lang='lat' dir='ltr'><strong>falsum</strong></span> <span class='ocrx_word' id='word_1_309' title='bbox 1410 2407 1801 2472; x_wconf 89' lang='lat' dir='ltr'><strong>testimonium,</strong></span> <span class='ocrx_word' id='word_1_310' title='bbox 1833 2404 2039 2460; x_wconf 87' lang='lat' dir='ltr'><strong>scurri-</strong></span> 
     </span>
    </p>
   </div>
   <div class='ocr_carea' id='block_1_38' title="bbox 460 2498 2043 2582">
    <p class='ocr_par' dir='ltr' id='par_1_38' title="bbox 460 2498 2043 2582">
     <span class='ocr_line' id='line_1_38' title="bbox 460 2498 2043 2582; baseline -0.015 -9"><span class='ocrx_word' id='word_1_311' title='bbox 460 2518 666 2581; x_wconf 87' lang='lat' dir='ltr'><strong>litates,</strong></span> <span class='ocrx_word' id='word_1_312' title='bbox 708 2509 1092 2582; x_wconf 87' lang='lat' dir='ltr'><strong>turpitudines,</strong></span> <span class='ocrx_word' id='word_1_313' title='bbox 1141 2517 1494 2561; x_wconf 87' lang='lat' dir='ltr'><strong>susurronum</strong></span> <span class='ocrx_word' id='word_1_314' title='bbox 1525 2513 1740 2569; x_wconf 88' lang='lat' dir='ltr'><strong>quoque</strong></span> <span class='ocrx_word' id='word_1_315' title='bbox 1779 2506 1834 2554; x_wconf 89' lang='lat' dir='ltr'><strong>et</strong></span> <span class='ocrx_word' id='word_1_316' title='bbox 1864 2498 2043 2551; x_wconf 88' lang='lat' dir='ltr'><strong>detra-</strong></span> 
     </span>
    </p>
   </div>
   <div class='ocr_carea' id='block_1_39' title="bbox 463 2587 2042 2671">
    <p class='ocr_par' dir='ltr' id='par_1_39' title="bbox 463 2587 2042 2671">
     <span class='ocr_line' id='line_1_39' title="bbox 463 2587 2042 2671; baseline -0.017 -4"><span class='ocrx_word' id='word_1_317' title='bbox 463 2616 697 2671; x_wconf 80' lang='lat' dir='ltr'><strong>ctorum,</strong></span> <span class='ocrx_word' id='word_1_318' title='bbox 723 2613 780 2659; x_wconf 89' lang='lat' dir='ltr'><strong>et</strong></span> <span class='ocrx_word' id='word_1_319' title='bbox 830 2615 1017 2658; x_wconf 88' lang='lat' dir='ltr'><strong>eorum</strong></span> <span class='ocrx_word' id='word_1_320' title='bbox 1068 2597 1160 2669; x_wconf 90' lang='lat' dir='ltr'><strong>qui</strong></span> <span class='ocrx_word' id='word_1_321' title='bbox 1214 2596 1386 2650; x_wconf 88' lang='lat' dir='ltr'><strong>otiosa</strong></span> <span class='ocrx_word' id='word_1_322' title='bbox 1435 2593 1749 2661; x_wconf 90' lang='lat' dir='ltr'><strong>loquuntur,</strong></span> <span class='ocrx_word' id='word_1_323' title='bbox 1799 2587 2042 2643; x_wconf 86' lang='lat' dir='ltr'><strong>diabolus</strong></span> 
     </span>
    </p>
   </div>
   <div class='ocr_carea' id='block_1_40' title="bbox 467 2678 2041 2775">
    <p class='ocr_par' dir='ltr' id='par_1_40' title="bbox 467 2678 2041 2775">
     <span class='ocr_line' id='line_1_40' title="bbox 467 2678 2041 2775; baseline -0.018 -18"><span class='ocrx_word' id='word_1_324' title='bbox 467 2699 643 2772; x_wconf 87' lang='lat' dir='ltr'><strong>aperit</strong></span> <span class='ocrx_word' id='word_1_325' title='bbox 665 2711 747 2753; x_wconf 90' lang='lat' dir='ltr'><strong>os.</strong></span> <span class='ocrx_word' id='word_1_326' title='bbox 774 2697 853 2751; x_wconf 90' lang='lat' dir='ltr'><strong>De</strong></span> <span class='ocrx_word' id='word_1_327' title='bbox 890 2693 1024 2748; x_wconf 84' lang='lat' dir='ltr'><strong>Juda</strong></span> <span class='ocrx_word' id='word_1_328' title='bbox 1050 2688 1282 2745; x_wconf 88' lang='lat' dir='ltr'><strong>refertur</strong></span> <span class='ocrx_word' id='word_1_329' title='bbox 1316 2683 1472 2775; x_wconf 54' lang='grc' dir='ltr'><strong>ιοεόιι.</strong></span> <span class='ocrx_word' id='word_1_330' title='bbox 1504 2698 1623 2745; x_wconf 82' lang='lat' dir='ltr'><strong>xm,</strong></span> <span class='ocrx_word' id='word_1_331' title='bbox 1648 2680 1771 2775; x_wconf 85' lang='lat' dir='ltr'><strong>quia</strong></span> <span class='ocrx_word' id='word_1_332' title='bbox 1813 2678 2041 2733; x_wconf 78' lang='lat' dir='ltr'><strong>introivit</strong></span> 
     </span>
    </p>
   </div>
   <div class='ocr_carea' id='block_1_41' title="bbox 462 2774 2038 2853">
    <p class='ocr_par' dir='ltr' id='par_1_41' title="bbox 462 2774 2038 2853">
     <span class='ocr_line' id='line_1_41' title="bbox 462 2774 2038 2853; baseline -0.017 -1"><span class='ocrx_word' id='word_1_333' title='bbox 462 2797 521 2852; x_wconf 88' lang='lat' dir='ltr'><strong>in</strong></span> <span class='ocrx_word' id='word_1_334' title='bbox 556 2795 708 2849; x_wconf 76' lang='lat' dir='ltr'><strong>illum</strong></span> <span class='ocrx_word' id='word_1_335' title='bbox 734 2789 985 2853; x_wconf 86' lang='lat' dir='ltr'><strong>Satanas,</strong></span> <span class='ocrx_word' id='word_1_336' title='bbox 1005 2794 1054 2840; x_wconf 89' lang='lat' dir='ltr'><strong>et</strong></span> <span class='ocrx_word' id='word_1_337' title='bbox 1081 2783 1218 2838; x_wconf 85' lang='lat' dir='ltr'><strong>misit</strong></span> <span class='ocrx_word' id='word_1_338' title='bbox 1244 2782 1299 2835; x_wconf 84' lang='lat' dir='ltr'><strong>in</strong></span> <span class='ocrx_word' id='word_1_339' title='bbox 1320 2774 1410 2833; x_wconf 82' lang='lat' dir='ltr'><strong>cor</strong></span> <span class='ocrx_word' id='word_1_340' title='bbox 1433 2778 1545 2849; x_wconf 87' lang='lat' dir='ltr'><strong>ejus</strong></span> <span class='ocrx_word' id='word_1_341' title='bbox 1571 2786 1629 2830; x_wconf 89' lang='lat' dir='ltr'><strong>ut</strong></span> <span class='ocrx_word' id='word_1_342' title='bbox 1654 2774 1880 2829; x_wconf 82' lang='lat' dir='ltr'><strong>traderet</strong></span> <span class='ocrx_word' id='word_1_343' title='bbox 1900 2788 2038 2826; x_wconf 88' lang='lat' dir='ltr'><strong>eum.</strong></span> 
     </span>
    </p>
   </div>
   <div class='ocr_carea' id='block_1_42' title="bbox 467 2862 2036 2955">
    <p class='ocr_par' dir='ltr' id='par_1_42' title="bbox 467 2862 2036 2955">
     <span class='ocr_line' id='line_1_42' title="bbox 467 2862 2036 2955; baseline -0.019 -11"><span class='ocrx_word' id='word_1_344' title='bbox 467 2885 543 2943; x_wconf 87' lang='lat' dir='ltr'><strong>Os</strong></span> <span class='ocrx_word' id='word_1_345' title='bbox 562 2899 691 2955; x_wconf 89' lang='lat' dir='ltr'><strong>ergo</strong></span> <span class='ocrx_word' id='word_1_346' title='bbox 718 2883 836 2953; x_wconf 84' lang='lat' dir='ltr'><strong>ejus</strong></span> <span class='ocrx_word' id='word_1_347' title='bbox 866 2876 1094 2949; x_wconf 87' lang='lat' dir='ltr'><strong>aperuit,</strong></span> <span class='ocrx_word' id='word_1_348' title='bbox 1128 2882 1189 2929; x_wconf 91' lang='lat' dir='ltr'><strong>ut</strong></span> <span class='ocrx_word' id='word_1_349' title='bbox 1216 2873 1531 2941; x_wconf 86' lang='lat' dir='ltr'><strong>loqueretur</strong></span> <span class='ocrx_word' id='word_1_350' title='bbox 1567 2881 1689 2923; x_wconf 90' lang='lat' dir='ltr'><strong>cum</strong></span> <span class='ocrx_word' id='word_1_351' title='bbox 1730 2862 2036 2927; x_wconf 66' lang='lat' dir='ltr'><strong>Pbarisaais,</strong></span> 
     </span>
    </p>
   </div>
   <div class='ocr_carea' id='block_1_43' title="bbox 465 2958 2043 3053">
    <p class='ocr_par' dir='ltr' id='par_1_43' title="bbox 465 2958 2043 3053">
     <span class='ocr_line' id='line_1_43' title="bbox 465 2958 2043 3053; baseline -0.016 -16"><span class='ocrx_word' id='word_1_352' title='bbox 465 2979 736 3053; x_wconf 88' lang='lat' dir='ltr'><strong>quomodo</strong></span> <span class='ocrx_word' id='word_1_353' title='bbox 793 2989 917 3029; x_wconf 88' lang='lat' dir='ltr'><strong>eum</strong></span> <span class='ocrx_word' id='word_1_354' title='bbox 968 2971 1205 3027; x_wconf 88' lang='lat' dir='ltr'><strong>traderet</strong></span> <span class='ocrx_word' id='word_1_355' title='bbox 1250 2974 1471 3036; x_wconf 87' lang='lat' dir='ltr'><strong>accepta</strong></span> <span class='ocrx_word' id='word_1_356' title='bbox 1516 2961 1763 3034; x_wconf 84' lang='lat' dir='ltr'><strong>pecunia.</strong></span> <span class='ocrx_word' id='word_1_357' title='bbox 1814 2958 1931 3014; x_wconf 84' lang='lat' dir='ltr'><strong>Non</strong></span> <span class='ocrx_word' id='word_1_358' title='bbox 1956 2964 2043 3013; x_wconf 81' lang='lat' dir='ltr'><strong>est</strong></span> 
     </span>
    </p>
   </div>
   <div class='ocr_carea' id='block_1_44' title="bbox 469 3052 2038 3142">
    <p class='ocr_par' dir='ltr' id='par_1_44' title="bbox 469 3052 2038 3142">
     <span class='ocr_line' id='line_1_44' title="bbox 469 3052 2038 3142; baseline -0.016 -12"><span class='ocrx_word' id='word_1_359' title='bbox 469 3052 651 3131; x_wconf 80' lang='lat' dir='ltr'><strong>autem</strong></span> <span class='ocrx_word' id='word_1_360' title='bbox 682 3083 864 3142; x_wconf 84' lang='lat' dir='ltr'><strong>parvae</strong></span> <span class='ocrx_word' id='word_1_361' title='bbox 893 3064 1077 3138; x_wconf 64' lang='lat' dir='ltr'><strong>gratiae</strong></span> <span class='ocrx_word' id='word_1_362' title='bbox 1106 3062 1417 3117; x_wconf 80' lang='lat' dir='ltr'><strong>discernere</strong></span> <span class='ocrx_word' id='word_1_363' title='bbox 1436 3072 1498 3111; x_wconf 91' lang='lat' dir='ltr'><strong>os</strong></span> <span class='ocrx_word' id='word_1_364' title='bbox 1520 3054 1662 3125; x_wconf 92' lang='lat' dir='ltr'><strong>quod</strong></span> <span class='ocrx_word' id='word_1_365' title='bbox 1685 3053 1857 3124; x_wconf 90' lang='lat' dir='ltr'><strong>aperit</strong></span> <span class='ocrx_word' id='word_1_366' title='bbox 1878 3052 2038 3117; x_wconf 87' lang='lat' dir='ltr'><strong>Deus,</strong></span> 
     </span>
    </p>
   </div>
   <div class='ocr_carea' id='block_1_45' title="bbox 2213 1927 3727 1999">
    <p class='ocr_par' dir='ltr' id='par_1_45' title="bbox 2213 1927 3727 1999">
     <span class='ocr_line' id='line_1_45' title="bbox 2213 1927 3727 1999; baseline -0.004 -12"><span class='ocrx_word' id='word_1_367' title='bbox 2213 1933 2377 1989; x_wconf 76' lang='lat' dir='ltr'><strong>Vsus.</strong></span> <span class='ocrx_word' id='word_1_368' title='bbox 2410 1933 2498 1988; x_wconf 76' lang='lat' dir='ltr'><strong>M.</strong></span> <span class='ocrx_word' id='word_1_369' title='bbox 2526 1964 2597 1975; x_wconf 89' lang='lat'><strong>-—</strong></span> <span class='ocrx_word' id='word_1_370' title='bbox 2616 1932 2798 1987; x_wconf 86' lang='lat' dir='ltr'><strong>Iratus</strong></span> <span class='ocrx_word' id='word_1_371' title='bbox 2827 1929 3083 1985; x_wconf 76' lang='lat' dir='ltr'><strong>Dominus</strong></span> <span class='ocrx_word' id='word_1_372' title='bbox 3128 1930 3187 1983; x_wconf 83' lang='lat' dir='ltr'><strong>in</strong></span> <span class='ocrx_word' id='word_1_373' title='bbox 3220 1927 3460 1999; x_wconf 72' lang='lat' dir='ltr'><strong>Moysen,</strong></span> <span class='ocrx_word' id='word_1_374' title='bbox 3493 1927 3590 1993; x_wconf 82' lang='lat' dir='ltr'><strong>ait,</strong></span> <span class='ocrx_word' id='word_1_375' title='bbox 3612 1934 3727 1982; x_wconf 83' lang='lat' dir='ltr'><strong>etc.</strong></span> 
     </span>
    </p>
   </div>
   <div class='ocr_carea' id='block_1_46' title="bbox 2151 2015 3706 2096">
    <p class='ocr_par' dir='ltr' id='par_1_46' title="bbox 2151 2015 3706 2096">
     <span class='ocr_line' id='line_1_46' title="bbox 2151 2015 3706 2096; baseline -0.005 -16"><span class='ocrx_word' id='word_1_376' title='bbox 2151 2025 2311 2096; x_wconf 80' lang='lat' dir='ltr'><strong>(Anc.</strong></span> <span class='ocrx_word' id='word_1_377' title='bbox 2344 2025 2544 2092; x_wconf 78' lang='lat' dir='ltr'><strong>Qua&#39;st.</strong></span> <span class='ocrx_word' id='word_1_378' title='bbox 2591 2023 2659 2079; x_wconf 86' lang='grc'><strong>10</strong></span> <span class='ocrx_word' id='word_1_379' title='bbox 2701 2023 2757 2077; x_wconf 89' lang='lat' dir='ltr'><strong>in</strong></span> <span class='ocrx_word' id='word_1_380' title='bbox 2797 2020 2996 2093; x_wconf 72' lang='lat' dir='ltr'><strong>Exod.)</strong></span> <span class='ocrx_word' id='word_1_381' title='bbox 3046 2020 3271 2076; x_wconf 79' lang='lat' dir='ltr'><strong>Videtur</strong></span> <span class='ocrx_word' id='word_1_382' title='bbox 3300 2027 3558 2088; x_wconf 83' lang='lat' dir='ltr'><strong>tanquam</strong></span> <span class='ocrx_word' id='word_1_383' title='bbox 3589 2015 3706 2073; x_wconf 82' lang='lat' dir='ltr'><strong>diﬂi</strong></span> 
     </span>
    </p>
   </div>
   <div class='ocr_carea' id='block_1_47' title="bbox 2142 2108 3730 2183">
    <p class='ocr_par' dir='ltr' id='par_1_47' title="bbox 2142 2108 3730 2183">
     <span class='ocr_line' id='line_1_47' title="bbox 2142 2108 3730 2183; baseline -0.007 -11"><span class='ocrx_word' id='word_1_384' title='bbox 2142 2117 2291 2173; x_wconf 90' lang='lat' dir='ltr'><strong>denti</strong></span> <span class='ocrx_word' id='word_1_385' title='bbox 2348 2132 2459 2172; x_wconf 92' lang='lat' dir='ltr'><strong>non</strong></span> <span class='ocrx_word' id='word_1_386' title='bbox 2510 2114 2723 2171; x_wconf 84' lang='lat' dir='ltr'><strong>dedisse</strong></span> <span class='ocrx_word' id='word_1_387' title='bbox 2768 2111 3139 2183; x_wconf 84' lang='lat' dir='ltr'><strong>plenissimam</strong></span> <span class='ocrx_word' id='word_1_388' title='bbox 3200 2108 3535 2174; x_wconf 76' lang='lat' dir='ltr'><strong>facultatem,</strong></span> <span class='ocrx_word' id='word_1_389' title='bbox 3588 2116 3730 2174; x_wconf 88' lang='lat' dir='ltr'><strong>etc.,</strong></span> 
     </span>
    </p>
   </div>
   <div class='ocr_carea' id='block_1_48' title="bbox 2140 2199 3733 2280">
    <p class='ocr_par' dir='ltr' id='par_1_48' title="bbox 2140 2199 3733 2280">
     <span class='ocr_line' id='line_1_48' title="bbox 2140 2199 3733 2280; baseline -0.006 -16"><span class='ocrx_word' id='word_1_390' title='bbox 2140 2226 2303 2280; x_wconf 80' lang='lat' dir='ltr'><strong>usque</strong></span> <span class='ocrx_word' id='word_1_391' title='bbox 2340 2208 2409 2263; x_wconf 85' lang='lat' dir='ltr'><strong>ad</strong></span> <span class='ocrx_word' id='word_1_392' title='bbox 2451 2207 2604 2278; x_wconf 87' lang='lat' dir='ltr'><strong>cujus</strong></span> <span class='ocrx_word' id='word_1_393' title='bbox 2646 2205 2875 2277; x_wconf 82' lang='lat' dir='ltr'><strong>ﬁguram</strong></span> <span class='ocrx_word' id='word_1_394' title='bbox 2917 2211 3072 2275; x_wconf 84' lang='lat' dir='ltr'><strong>gerat</strong></span> <span class='ocrx_word' id='word_1_395' title='bbox 3103 2201 3253 2258; x_wconf 87' lang='lat' dir='ltr'><strong>velut</strong></span> <span class='ocrx_word' id='word_1_396' title='bbox 3298 2201 3508 2257; x_wconf 86' lang='lat' dir='ltr'><strong>medius</strong></span> <span class='ocrx_word' id='word_1_397' title='bbox 3549 2199 3733 2256; x_wconf 81' lang='lat' dir='ltr'><strong>Moses</strong></span> 
     </span>
    </p>
   </div>
   <div class='ocr_carea' id='block_1_49' title="bbox 2142 2294 3734 2364">
    <p class='ocr_par' dir='ltr' id='par_1_49' title="bbox 2142 2294 3734 2364">
     <span class='ocr_line' id='line_1_49' title="bbox 2142 2294 3734 2364; baseline -0.005 -7"><span class='ocrx_word' id='word_1_398' title='bbox 2142 2302 2287 2357; x_wconf 90' lang='lat' dir='ltr'><strong>inter</strong></span> <span class='ocrx_word' id='word_1_399' title='bbox 2325 2300 2496 2357; x_wconf 90' lang='lat' dir='ltr'><strong>Deum</strong></span> <span class='ocrx_word' id='word_1_400' title='bbox 2530 2308 2588 2356; x_wconf 90' lang='lat' dir='ltr'><strong>et</strong></span> <span class='ocrx_word' id='word_1_401' title='bbox 2614 2298 2816 2363; x_wconf 86' lang='lat' dir='ltr'><strong>Aaron,</strong></span> <span class='ocrx_word' id='word_1_402' title='bbox 2844 2306 2901 2353; x_wconf 91' lang='lat' dir='ltr'><strong>et</strong></span> <span class='ocrx_word' id='word_1_403' title='bbox 2937 2296 3117 2352; x_wconf 81' lang='lat' dir='ltr'><strong>Aaron</strong></span> <span class='ocrx_word' id='word_1_404' title='bbox 3152 2295 3295 2351; x_wconf 89' lang='lat' dir='ltr'><strong>inter</strong></span> <span class='ocrx_word' id='word_1_405' title='bbox 3322 2294 3505 2351; x_wconf 88' lang='lat' dir='ltr'><strong>Mosen</strong></span> <span class='ocrx_word' id='word_1_406' title='bbox 3548 2302 3734 2364; x_wconf 86' lang='lat' dir='ltr'><strong>etpo-</strong></span> 
     </span>
    </p>
   </div>
   <div class='ocr_carea' id='block_1_50' title="bbox 2140 2392 3263 2465">
    <p class='ocr_par' dir='ltr' id='par_1_50' title="bbox 2140 2392 3263 2465">
     <span class='ocr_line' id='line_1_50' title="bbox 2140 2392 3263 2465; baseline -0.006 -19"><span class='ocrx_word' id='word_1_407' title='bbox 2140 2392 2347 2465; x_wconf 88' lang='lat' dir='ltr'><strong>pulum.</strong></span> <span class='ocrx_word' id='word_1_408' title='bbox 3254 2450 3263 2459; x_wconf 34' lang='grc' dir='ltr'><strong>ο</strong></span> 
     </span>
    </p>
   </div>
   <div class='ocr_carea' id='block_1_51' title="bbox 2211 2476 3732 2549">
    <p class='ocr_par' dir='ltr' id='par_1_51' title="bbox 2211 2476 3732 2549">
     <span class='ocr_line' id='line_1_51' title="bbox 2211 2476 3732 2549; baseline -0.003 -12"><span class='ocrx_word' id='word_1_409' title='bbox 2211 2482 2377 2538; x_wconf 76' lang='lat' dir='ltr'><strong>Vsus.</strong></span> <span class='ocrx_word' id='word_1_410' title='bbox 2410 2479 2596 2536; x_wconf 81' lang='grc'><strong>15-18.</strong></span> <span class='ocrx_word' id='word_1_411' title='bbox 2624 2509 2695 2523; x_wconf 89' lang='grc'><strong>-</strong></span> <span class='ocrx_word' id='word_1_412' title='bbox 2726 2478 2795 2533; x_wconf 83' lang='lat' dir='ltr'><strong>Et</strong></span> <span class='ocrx_word' id='word_1_413' title='bbox 2823 2494 2916 2549; x_wconf 86' lang='lat' dir='ltr'><strong>ego</strong></span> <span class='ocrx_word' id='word_1_414' title='bbox 2956 2494 3045 2533; x_wconf 90' lang='lat' dir='ltr'><strong>ero</strong></span> <span class='ocrx_word' id='word_1_415' title='bbox 3077 2479 3134 2534; x_wconf 90' lang='lat' dir='ltr'><strong>in</strong></span> <span class='ocrx_word' id='word_1_416' title='bbox 3174 2494 3263 2534; x_wconf 86' lang='lat' dir='ltr'><strong>ore</strong></span> <span class='ocrx_word' id='word_1_417' title='bbox 3284 2486 3441 2534; x_wconf 70' lang='lat' dir='ltr'><strong>tuost</strong></span> <span class='ocrx_word' id='word_1_418' title='bbox 3464 2479 3523 2532; x_wconf 86' lang='lat' dir='ltr'><strong>in</strong></span> <span class='ocrx_word' id='word_1_419' title='bbox 3546 2476 3732 2533; x_wconf 63' lang='lat' dir='ltr'><strong>arei!-</strong></span> 
     </span>
    </p>
   </div>
   <div class='ocr_carea' id='block_1_52' title="bbox 2143 2569 3734 2646">
    <p class='ocr_par' dir='ltr' id='par_1_52' title="bbox 2143 2569 3734 2646">
     <span class='ocr_line' id='line_1_52' title="bbox 2143 2569 3734 2646; baseline -0.004 -16"><span class='ocrx_word' id='word_1_420' title='bbox 2143 2576 2270 2641; x_wconf 82' lang='lat' dir='ltr'><strong>lius,</strong></span> <span class='ocrx_word' id='word_1_421' title='bbox 2294 2584 2405 2629; x_wconf 88' lang='lat' dir='ltr'><strong>etc.</strong></span> <span class='ocrx_word' id='word_1_422' title='bbox 2441 2572 2647 2646; x_wconf 71' lang='grc' dir='ltr'><strong>(Οιιια.)</strong></span> <span class='ocrx_word' id='word_1_423' title='bbox 2673 2571 2792 2627; x_wconf 82' lang='lat' dir='ltr'><strong>Non</strong></span> <span class='ocrx_word' id='word_1_424' title='bbox 2821 2570 2994 2627; x_wconf 89' lang='lat' dir='ltr'><strong>solum</strong></span> <span class='ocrx_word' id='word_1_425' title='bbox 3038 2569 3173 2627; x_wconf 84' lang='lat' dir='ltr'><strong>Mosi</strong></span> <span class='ocrx_word' id='word_1_426' title='bbox 3218 2570 3554 2641; x_wconf 89' lang='lat' dir='ltr'><strong>promittitur</strong></span> <span class='ocrx_word' id='word_1_427' title='bbox 3600 2582 3734 2639; x_wconf 84' lang='lat' dir='ltr'><strong>ape-</strong></span> 
     </span>
    </p>
   </div>
   <div class='ocr_carea' id='block_1_53' title="bbox 2142 2664 3735 2736">
    <p class='ocr_par' dir='ltr' id='par_1_53' title="bbox 2142 2664 3735 2736">
     <span class='ocr_line' id='line_1_53' title="bbox 2142 2664 3735 2736; baseline -0.004 -10"><span class='ocrx_word' id='word_1_428' title='bbox 2142 2672 2238 2726; x_wconf 88' lang='lat' dir='ltr'><strong>riri</strong></span> <span class='ocrx_word' id='word_1_429' title='bbox 2271 2686 2334 2726; x_wconf 91' lang='lat' dir='ltr'><strong>os</strong></span> <span class='ocrx_word' id='word_1_430' title='bbox 2359 2686 2391 2725; x_wconf 90' lang='lat' dir='ltr'><strong>a</strong></span> <span class='ocrx_word' id='word_1_431' title='bbox 2430 2670 2677 2734; x_wconf 87' lang='lat' dir='ltr'><strong>Domino,</strong></span> <span class='ocrx_word' id='word_1_432' title='bbox 2725 2668 2820 2723; x_wconf 88' lang='lat' dir='ltr'><strong>sed</strong></span> <span class='ocrx_word' id='word_1_433' title='bbox 2853 2675 2908 2722; x_wconf 86' lang='lat' dir='ltr'><strong>et</strong></span> <span class='ocrx_word' id='word_1_434' title='bbox 2936 2667 3136 2721; x_wconf 81' lang='lat' dir='ltr'><strong>Aaron.</strong></span> <span class='ocrx_word' id='word_1_435' title='bbox 3162 2668 3370 2723; x_wconf 88' lang='lat' dir='ltr'><strong>Dicitur</strong></span> <span class='ocrx_word' id='word_1_436' title='bbox 3393 2667 3580 2722; x_wconf 87' lang='lat' dir='ltr'><strong>enim:</strong></span> <span class='ocrx_word' id='word_1_437' title='bbox 3613 2664 3735 2736; x_wconf 83' lang='lat' dir='ltr'><strong>Ego</strong></span> 
     </span>
    </p>
   </div>
   <div class='ocr_carea' id='block_1_54' title="bbox 2145 2756 3735 2832">
    <p class='ocr_par' dir='ltr' id='par_1_54' title="bbox 2145 2756 3735 2832">
     <span class='ocr_line' id='line_1_54' title="bbox 2145 2756 3735 2832; baseline -0.004 -15"><span class='ocrx_word' id='word_1_438' title='bbox 2145 2762 2389 2832; x_wconf 85' lang='lat' dir='ltr'><strong>aperiam</strong></span> <span class='ocrx_word' id='word_1_439' title='bbox 2437 2775 2499 2815; x_wconf 90' lang='lat' dir='ltr'><strong>os</strong></span> <span class='ocrx_word' id='word_1_440' title='bbox 2535 2768 2688 2815; x_wconf 89' lang='lat' dir='ltr'><strong>tuum</strong></span> <span class='ocrx_word' id='word_1_441' title='bbox 2718 2766 2774 2812; x_wconf 89' lang='lat' dir='ltr'><strong>et</strong></span> <span class='ocrx_word' id='word_1_442' title='bbox 2809 2772 2873 2814; x_wconf 88' lang='lat' dir='ltr'><strong>os</strong></span> <span class='ocrx_word' id='word_1_443' title='bbox 2910 2756 3076 2823; x_wconf 82' lang='lat' dir='ltr'><strong>illius,</strong></span> <span class='ocrx_word' id='word_1_444' title='bbox 3104 2765 3161 2812; x_wconf 90' lang='lat' dir='ltr'><strong>et</strong></span> <span class='ocrx_word' id='word_1_445' title='bbox 3189 2757 3454 2813; x_wconf 88' lang='lat' dir='ltr'><strong>instruam</strong></span> <span class='ocrx_word' id='word_1_446' title='bbox 3484 2771 3581 2813; x_wconf 88' lang='lat' dir='ltr'><strong>vos</strong></span> <span class='ocrx_word' id='word_1_447' title='bbox 3606 2770 3735 2826; x_wconf 67' lang='lat' dir='ltr'><strong>qua</strong></span> 
     </span>
    </p>
   </div>
   <div class='ocr_carea' id='block_1_55' title="bbox 2140 2850 2374 2907">
    <p class='ocr_par' dir='ltr' id='par_1_55' title="bbox 2140 2850 2374 2907">
     <span class='ocr_line' id='line_1_55' title="bbox 2140 2850 2374 2907; baseline 0.004 -3"><span class='ocrx_word' id='word_1_448' title='bbox 2140 2850 2374 2907; x_wconf 80' lang='lat' dir='ltr'><strong>faciatis.</strong></span> 
     </span>
    </p>
   </div>
   <div class='ocr_carea' id='block_1_56' title="bbox 2210 2937 3733 3011">
    <p class='ocr_par' dir='ltr' id='par_1_56' title="bbox 2210 2937 3733 3011">
     <span class='ocr_line' id='line_1_56' title="bbox 2210 2937 3733 3011; baseline -0.002 -14"><span class='ocrx_word' id='word_1_449' title='bbox 2210 2942 2375 2998; x_wconf 73' lang='lat' dir='ltr'><strong>Vens.</strong></span> <span class='ocrx_word' id='word_1_450' title='bbox 2400 2939 2731 2997; x_wconf 74' lang='lat' dir='ltr'><strong>‘19.—Dia:it</strong></span> <span class='ocrx_word' id='word_1_451' title='bbox 2751 2956 2872 3011; x_wconf 85' lang='lat' dir='ltr'><strong>ergo</strong></span> <span class='ocrx_word' id='word_1_452' title='bbox 2892 2939 3172 3006; x_wconf 77' lang='lat' dir='ltr'><strong>Dominus,</strong></span> <span class='ocrx_word' id='word_1_453' title='bbox 3202 2949 3308 2995; x_wconf 85' lang='lat' dir='ltr'><strong>etc.</strong></span> <span class='ocrx_word' id='word_1_454' title='bbox 3335 2938 3516 3011; x_wconf 55' lang='lat' dir='ltr'><strong>(Ana,</strong></span> <span class='ocrx_word' id='word_1_455' title='bbox 3540 2937 3733 2994; x_wconf 83' lang='lat' dir='ltr'><strong>Loeut.</strong></span> 
     </span>
    </p>
   </div>
   <div class='ocr_carea' id='block_1_57' title="bbox 2138 3030 3737 3103">
    <p class='ocr_par' dir='ltr' id='par_1_57' title="bbox 2138 3030 3737 3103">
     <span class='ocr_line' id='line_1_57' title="bbox 2138 3030 3737 3103; baseline -0.001 -13"><span class='ocrx_word' id='word_1_456' title='bbox 2138 3053 2195 3091; x_wconf 72' lang='lat' dir='ltr'><strong>in</strong></span> <span class='ocrx_word' id='word_1_457' title='bbox 2220 3033 2377 3099; x_wconf 69' lang='lat' dir='ltr'><strong>Gem,</strong></span> <span class='ocrx_word' id='word_1_458' title='bbox 2411 3042 2544 3089; x_wconf 89' lang='lat' dir='ltr'><strong>tom.</strong></span> <span class='ocrx_word' id='word_1_459' title='bbox 2576 3031 2689 3103; x_wconf 85' lang='lat' dir='ltr'><strong>Ill.)</strong></span> <span class='ocrx_word' id='word_1_460' title='bbox 2716 3033 2847 3087; x_wconf 85' lang='lat' dir='ltr'><strong>Post</strong></span> <span class='ocrx_word' id='word_1_461' title='bbox 2881 3032 2998 3087; x_wconf 90' lang='lat' dir='ltr'><strong>dies</strong></span> <span class='ocrx_word' id='word_1_462' title='bbox 3024 3038 3207 3089; x_wconf 87' lang='lat' dir='ltr'><strong>autem</strong></span> <span class='ocrx_word' id='word_1_463' title='bbox 3252 3030 3453 3087; x_wconf 87' lang='lat' dir='ltr'><strong>multos</strong></span> <span class='ocrx_word' id='word_1_464' title='bbox 3482 3040 3737 3089; x_wconf 87' lang='lat' dir='ltr'><strong>mortuus</strong></span> 
     </span>
    </p>
   </div>
   <div class='ocr_carea' id='block_1_58' title="bbox 468 3122 3736 3232">
    <p class='ocr_par' dir='ltr' id='par_1_58' title="bbox 468 3122 3736 3232">
     <span class='ocr_line' id='line_1_58' title="bbox 468 3122 3736 3232; baseline -0.005 -20"><span class='ocrx_word' id='word_1_465' title='bbox 468 3122 1194 3232; x_wconf 51' lang='lat' dir='ltr'><strong>atquodraperitudiabolus.</strong></span> <span class='ocrx_word' id='word_1_466' title='bbox 1245 3147 1434 3218; x_wconf 79' lang='lat' dir='ltr'><strong>Aperit</strong></span> <span class='ocrx_word' id='word_1_467' title='bbox 1480 3122 1643 3200; x_wconf 81' lang='lat' dir='ltr'><strong>etiam</strong></span> <span class='ocrx_word' id='word_1_468' title='bbox 1694 3122 1836 3198; x_wconf 85' lang='lat' dir='ltr'><strong>Deus</strong></span> <span class='ocrx_word' id='word_1_469' title='bbox 1882 3154 2041 3197; x_wconf 89' lang='lat' dir='ltr'><strong>aures</strong></span> <span class='ocrx_word' id='word_1_470' title='bbox 2069 3196 2113 3232; x_wconf 54' lang='grc' dir='ltr'><strong>ρ</strong></span> <span class='ocrx_word' id='word_1_471' title='bbox 2141 3136 2227 3232; x_wconf 45' lang='lat' dir='ltr'><strong>ﬁt</strong></span> <span class='ocrx_word' id='word_1_472' title='bbox 2249 3142 2348 3232; x_wconf 42' lang='grc' dir='ltr'><strong>χοι</strong></span> <span class='ocrx_word' id='word_1_473' title='bbox 2664 3125 3020 3232; x_wconf 37' lang='lat' dir='ltr'><strong>minim?“</strong></span> <span class='ocrx_word' id='word_1_474' title='bbox 3074 3123 3333 3180; x_wconf 72' lang='lat' dir='ltr'><strong>Dominus</strong></span> <span class='ocrx_word' id='word_1_475' title='bbox 3356 3124 3432 3232; x_wconf 52' lang='lat' dir='ltr'><strong>ag</strong></span> 
     </span>
    </p>
   </div>
   <div class='ocr_carea' id='block_1_59' title="bbox 466 3196 3738 3307">
    <p class='ocr_par' dir='ltr' id='par_1_59' title="bbox 466 3196 3738 3307">
     <span class='ocr_line' id='line_1_59' title="bbox 466 3196 3738 3307; baseline -0.01 -1"><span class='ocrx_word' id='word_1_476' title='bbox 466 3196 897 3307; x_wconf 38' lang='lat' dir='ltr'><strong>Salaminii};</strong></span> <span class='ocrx_word' id='word_1_477' title='bbox 1696 3196 1893 3287; x_wconf 84' lang='lat' dir='ltr'><strong>unde:</strong></span> <span class='ocrx_word' id='word_1_478' title='bbox 1938 3231 2042 3286; x_wconf 87' lang='lat' dir='ltr'><strong>Do-</strong></span> <span class='ocrx_word' id='word_1_479' title='bbox 2068 3196 2114 3260; x_wconf 76' lang='lat' dir='ltr'><strong>C</strong></span> <span class='ocrx_word' id='word_1_480' title='bbox 2144 3218 2358 3275; x_wconf 59' lang='lat' dir='ltr'><strong>milia!)</strong></span> <span class='ocrx_word' id='word_1_481' title='bbox 2385 3232 2401 3272; x_wconf 73' lang='grc' dir='ltr'>ε</span> <span class='ocrx_word' id='word_1_482' title='bbox 2450 3196 2614 3283; x_wconf 54' lang='lat' dir='ltr'><strong>vade.</strong></span> <span class='ocrx_word' id='word_1_483' title='bbox 2641 3232 2792 3287; x_wconf 58' lang='grc' dir='ltr'><strong>πεῖθε</strong></span> <span class='ocrx_word' id='word_1_484' title='bbox 2812 3217 2868 3269; x_wconf 76' lang='lat' dir='ltr'><strong>in</strong></span> <span class='ocrx_word' id='word_1_485' title='bbox 2890 3214 3202 3287; x_wconf 64' lang='lat' dir='ltr'><strong>Egyptum,</strong></span> <span class='ocrx_word' id='word_1_486' title='bbox 3229 3224 3336 3271; x_wconf 90' lang='lat' dir='ltr'><strong>etc.</strong></span> <span class='ocrx_word' id='word_1_487' title='bbox 3382 3214 3550 3271; x_wconf 85' lang='lat' dir='ltr'><strong>Multa</strong></span> <span class='ocrx_word' id='word_1_488' title='bbox 3568 3215 3625 3270; x_wconf 90' lang='lat' dir='ltr'><strong>in</strong></span> <span class='ocrx_word' id='word_1_489' title='bbox 3645 3215 3738 3272; x_wconf 85' lang='lat' dir='ltr'><strong>bis</strong></span> 
     </span>
    </p>
   </div>
   <div class='ocr_carea' id='block_1_60' title="bbox 392 3310 3737 3408">
    <p class='ocr_par' dir='ltr' id='par_1_60' title="bbox 392 3310 3737 3408">
     <span class='ocr_line' id='line_1_60' title="bbox 392 3310 3737 3408; baseline -0.007 -20"><span class='ocrx_word' id='word_1_490' title='bbox 392 3356 395 3359; x_wconf 57' lang='grc' dir='ltr'><strong><em>λ</em></strong></span> <span class='ocrx_word' id='word_1_491' title='bbox 436 3338 646 3397; x_wconf 70' lang='lat' dir='ltr'><strong>‘minus</strong></span> <span class='ocrx_word' id='word_1_492' title='bbox 668 3334 875 3408; x_wconf 85' lang='lat' dir='ltr'><strong>aperiet</strong></span> <span class='ocrx_word' id='word_1_493' title='bbox 896 3332 1029 3389; x_wconf 89' lang='lat' dir='ltr'><strong>mihi</strong></span> <span class='ocrx_word' id='word_1_494' title='bbox 1061 3345 1265 3386; x_wconf 87' lang='lat' dir='ltr'><strong>aurem.</strong></span> <span class='ocrx_word' id='word_1_495' title='bbox 1310 3327 1497 3398; x_wconf 83' lang='lat' dir='ltr'><strong>Aperit</strong></span> <span class='ocrx_word' id='word_1_496' title='bbox 1522 3325 1725 3389; x_wconf 86' lang='lat' dir='ltr'><strong>oculos,</strong></span> <span class='ocrx_word' id='word_1_497' title='bbox 1753 3324 1894 3379; x_wconf 89' lang='lat' dir='ltr'><strong>sicut</strong></span> <span class='ocrx_word' id='word_1_498' title='bbox 1919 3337 2045 3392; x_wconf 67' lang='lat' dir='ltr'><strong>ape-</strong></span> <span class='ocrx_word' id='word_1_499' title='bbox 2143 3316 2324 3372; x_wconf 88' lang='lat' dir='ltr'><strong>verbis</strong></span> <span class='ocrx_word' id='word_1_500' title='bbox 2356 3313 2589 3369; x_wconf 88' lang='lat' dir='ltr'><strong>notanda</strong></span> <span class='ocrx_word' id='word_1_501' title='bbox 2623 3321 2749 3368; x_wconf 88' lang='lat' dir='ltr'><strong>sunt</strong></span> <span class='ocrx_word' id='word_1_502' title='bbox 2796 3326 2994 3384; x_wconf 89' lang='lat' dir='ltr'><strong>genera</strong></span> <span class='ocrx_word' id='word_1_503' title='bbox 3043 3311 3348 3367; x_wconf 90' lang='lat' dir='ltr'><strong>locutionis.</strong></span> <span class='ocrx_word' id='word_1_504' title='bbox 3377 3310 3562 3366; x_wconf 87' lang='lat' dir='ltr'><strong>Primo</strong></span> <span class='ocrx_word' id='word_1_505' title='bbox 3586 3310 3737 3367; x_wconf 85' lang='lat' dir='ltr'><strong>enim</strong></span> 
     </span>
    </p>
   </div>
   <div class='ocr_carea' id='block_1_61' title="bbox 467 3400 3741 3496">
    <p class='ocr_par' dir='ltr' id='par_1_61' title="bbox 467 3400 3741 3496">
     <span class='ocr_line' id='line_1_61' title="bbox 467 3400 3741 3496; baseline -0.009 -11"><span class='ocrx_word' id='word_1_506' title='bbox 467 3430 577 3485; x_wconf 85' lang='lat' dir='ltr'><strong>ruit</strong></span> <span class='ocrx_word' id='word_1_507' title='bbox 598 3400 785 3484; x_wconf 81' lang='lat' dir='ltr'><strong>oculos</strong></span> <span class='ocrx_word' id='word_1_508' title='bbox 813 3424 976 3496; x_wconf 81' lang='lat' dir='ltr'><strong>Agar,</strong></span> <span class='ocrx_word' id='word_1_509' title='bbox 1003 3431 1059 3478; x_wconf 84' lang='lat' dir='ltr'><strong>et</strong></span> <span class='ocrx_word' id='word_1_510' title='bbox 1085 3422 1218 3476; x_wconf 85' lang='lat' dir='ltr'><strong>vidit</strong></span> <span class='ocrx_word' id='word_1_511' title='bbox 1240 3428 1460 3492; x_wconf 90' lang='lat' dir='ltr'><strong>puteum</strong></span> <span class='ocrx_word' id='word_1_512' title='bbox 1502 3431 1656 3488; x_wconf 70' lang='lat' dir='ltr'><strong>aqua:</strong></span> <span class='ocrx_word' id='word_1_513' title='bbox 1696 3416 1828 3470; x_wconf 69' lang='lat' dir='ltr'><strong>viva:</strong></span> <span class='ocrx_word' id='word_1_514' title='bbox 1852 3431 1868 3481; x_wconf 92' lang='lat'><strong>;</strong></span> <span class='ocrx_word' id='word_1_515' title='bbox 1903 3414 2044 3470; x_wconf 87' lang='lat' dir='ltr'><strong>unde</strong></span> <span class='ocrx_word' id='word_1_516' title='bbox 2144 3407 2358 3476; x_wconf 87' lang='lat' dir='ltr'><strong>inquit:</strong></span> <span class='ocrx_word' id='word_1_517' title='bbox 2397 3403 2557 3471; x_wconf 85' lang='lat' dir='ltr'><strong>Vade,</strong></span> <span class='ocrx_word' id='word_1_518' title='bbox 2576 3420 2729 3496; x_wconf 83' lang='lat' dir='ltr'><strong>perge</strong></span> <span class='ocrx_word' id='word_1_519' title='bbox 2755 3403 2814 3496; x_wconf 86' lang='lat' dir='ltr'><strong>in</strong></span> <span class='ocrx_word' id='word_1_520' title='bbox 2842 3403 3156 3496; x_wconf 62' lang='lat' dir='ltr'><strong>Egyptian,</strong></span> <span class='ocrx_word' id='word_1_521' title='bbox 3179 3411 3435 3473; x_wconf 88' lang='lat' dir='ltr'><strong>tanquam</strong></span> <span class='ocrx_word' id='word_1_522' title='bbox 3455 3417 3564 3458; x_wconf 90' lang='lat' dir='ltr'><strong>non</strong></span> <span class='ocrx_word' id='word_1_523' title='bbox 3585 3400 3741 3458; x_wconf 84' lang='lat' dir='ltr'><strong>sulli-</strong></span> 
     </span>
    </p>
   </div>
   <div class='ocr_carea' id='block_1_62' title="bbox 469 3494 3739 3588">
    <p class='ocr_par' dir='ltr' id='par_1_62' title="bbox 469 3494 3739 3588">
     <span class='ocr_line' id='line_1_62' title="bbox 469 3494 3739 3588; baseline -0.011 -10"><span class='ocrx_word' id='word_1_524' title='bbox 469 3521 716 3578; x_wconf 78' lang='lat' dir='ltr'><strong>Eliseus:</strong></span> <span class='ocrx_word' id='word_1_525' title='bbox 742 3494 920 3588; x_wconf 70' lang='lat' dir='ltr'><strong>Aperi,</strong></span> <span class='ocrx_word' id='word_1_526' title='bbox 953 3515 1196 3579; x_wconf 79' lang='lat' dir='ltr'><strong>Domine,</strong></span> <span class='ocrx_word' id='word_1_527' title='bbox 1222 3510 1401 3567; x_wconf 86' lang='lat' dir='ltr'><strong>oculos</strong></span> <span class='ocrx_word' id='word_1_528' title='bbox 1444 3509 1596 3580; x_wconf 83' lang='lat' dir='ltr'><strong>pueri</strong></span> <span class='ocrx_word' id='word_1_529' title='bbox 1629 3508 1730 3573; x_wconf 86' lang='lat' dir='ltr'><strong>tui,</strong></span> <span class='ocrx_word' id='word_1_530' title='bbox 1764 3516 1819 3561; x_wconf 86' lang='lat' dir='ltr'><strong>ut</strong></span> <span class='ocrx_word' id='word_1_531' title='bbox 1848 3505 2042 3571; x_wconf 78' lang='lat' dir='ltr'><strong>uideat,</strong></span> <span class='ocrx_word' id='word_1_532' title='bbox 2145 3506 2295 3554; x_wconf 85' lang='lat' dir='ltr'><strong>ceret</strong></span> <span class='ocrx_word' id='word_1_533' title='bbox 2321 3496 2574 3562; x_wconf 85' lang='lat' dir='ltr'><strong>alterum,</strong></span> <span class='ocrx_word' id='word_1_534' title='bbox 2605 3495 2821 3561; x_wconf 79' lang='lat' dir='ltr'><strong>deinde,</strong></span> <span class='ocrx_word' id='word_1_535' title='bbox 2849 3494 3044 3548; x_wconf 80' lang='lat' dir='ltr'><strong>mortui</strong></span> <span class='ocrx_word' id='word_1_536' title='bbox 3068 3502 3188 3549; x_wconf 87' lang='lat' dir='ltr'><strong>sunt</strong></span> <span class='ocrx_word' id='word_1_537' title='bbox 3211 3510 3391 3549; x_wconf 84' lang='lat' dir='ltr'><strong>omnes</strong></span> <span class='ocrx_word' id='word_1_538' title='bbox 3422 3494 3512 3565; x_wconf 86' lang='lat' dir='ltr'><strong>qui</strong></span> <span class='ocrx_word' id='word_1_539' title='bbox 3530 3509 3739 3564; x_wconf 65' lang='lat' dir='ltr'><strong>quivre-</strong></span> 
     </span>
    </p>
   </div>
   <div class='ocr_carea' id='block_1_63' title="bbox 466 3582 3740 3683">
    <p class='ocr_par' dir='ltr' id='par_1_63' title="bbox 466 3582 3740 3683">
     <span class='ocr_line' id='line_1_63' title="bbox 466 3582 3740 3683; baseline -0.009 -18"><span class='ocrx_word' id='word_1_540' title='bbox 466 3610 592 3683; x_wconf 82' lang='lat' dir='ltr'><strong>quia</strong></span> <span class='ocrx_word' id='word_1_541' title='bbox 616 3582 799 3680; x_wconf 69' lang='lat' dir='ltr'><strong>plures</strong></span> <span class='ocrx_word' id='word_1_542' title='bbox 839 3582 961 3660; x_wconf 81' lang='lat' dir='ltr'><strong>sunt</strong></span> <span class='ocrx_word' id='word_1_543' title='bbox 989 3603 1254 3658; x_wconf 82' lang='lat' dir='ltr'><strong>nobiscum</strong></span> <span class='ocrx_word' id='word_1_544' title='bbox 1296 3597 1401 3671; x_wconf 78' lang='grc' dir='ltr'><strong>(ιν</strong></span> <span class='ocrx_word' id='word_1_545' title='bbox 1435 3597 1562 3669; x_wconf 82' lang='lat' dir='ltr'><strong>Reg.</strong></span> <span class='ocrx_word' id='word_1_546' title='bbox 1594 3598 1691 3671; x_wconf 84' lang='lat' dir='ltr'><strong>vi).</strong></span> <span class='ocrx_word' id='word_1_547' title='bbox 1732 3596 1893 3652; x_wconf 83' lang='lat' dir='ltr'><strong>Auris</strong></span> <span class='ocrx_word' id='word_1_548' title='bbox 1918 3610 2047 3650; x_wconf 83' lang='lat' dir='ltr'><strong>vero</strong></span> <span class='ocrx_word' id='word_1_549' title='bbox 2146 3589 2271 3644; x_wconf 72' lang='lat' dir='ltr'><strong>bant</strong></span> <span class='ocrx_word' id='word_1_550' title='bbox 2297 3588 2528 3642; x_wconf 82' lang='lat' dir='ltr'><strong>animum</strong></span> <span class='ocrx_word' id='word_1_551' title='bbox 2553 3595 2720 3651; x_wconf 84' lang='lat' dir='ltr'><strong>tuam,</strong></span> <span class='ocrx_word' id='word_1_552' title='bbox 2752 3600 2873 3640; x_wconf 90' lang='lat' dir='ltr'><strong>cum</strong></span> <span class='ocrx_word' id='word_1_553' title='bbox 2907 3584 3081 3683; x_wconf 77' lang='lat' dir='ltr'><strong>solum</strong></span> <span class='ocrx_word' id='word_1_554' title='bbox 3131 3599 3311 3656; x_wconf 89' lang='lat' dir='ltr'><strong>regem</strong></span> <span class='ocrx_word' id='word_1_555' title='bbox 3340 3583 3556 3657; x_wconf 69' lang='lat' dir='ltr'><strong>Egypti</strong></span> <span class='ocrx_word' id='word_1_556' title='bbox 3585 3582 3740 3639; x_wconf 84' lang='lat' dir='ltr'><strong>Scri-</strong></span> 
     </span>
    </p>
   </div>
   <div class='ocr_carea' id='block_1_64' title="bbox 469 3673 3739 3773">
    <p class='ocr_par' dir='ltr' id='par_1_64' title="bbox 469 3673 3739 3773">
     <span class='ocr_line' id='line_1_64' title="bbox 469 3673 3739 3773; baseline -0.008 -18"><span class='ocrx_word' id='word_1_557' title='bbox 469 3673 734 3773; x_wconf 42' lang='lat' dir='ltr'><strong>que&#39;per</strong></span> <span class='ocrx_word' id='word_1_558' title='bbox 780 3696 1140 3752; x_wconf 78' lang='lat' dir='ltr'><strong>eruditionem</strong></span> <span class='ocrx_word' id='word_1_559' title='bbox 1184 3690 1395 3747; x_wconf 84' lang='lat' dir='ltr'><strong>Domini</strong></span> <span class='ocrx_word' id='word_1_560' title='bbox 1449 3688 1709 3760; x_wconf 88' lang='lat' dir='ltr'><strong>aperitur,</strong></span> <span class='ocrx_word' id='word_1_561' title='bbox 1759 3686 2047 3758; x_wconf 79' lang='lat' dir='ltr'><strong>aliquando</strong></span> <span class='ocrx_word' id='word_1_562' title='bbox 2144 3688 2304 3751; x_wconf 87' lang='lat' dir='ltr'><strong>ptura</strong></span> <span class='ocrx_word' id='word_1_563' title='bbox 2357 3685 2630 3734; x_wconf 86' lang='lat' dir='ltr'><strong>mortuum</strong></span> <span class='ocrx_word' id='word_1_564' title='bbox 2659 3676 2859 3731; x_wconf 84' lang='lat' dir='ltr'><strong>dixerit</strong></span> <span class='ocrx_word' id='word_1_565' title='bbox 2885 3694 2900 3729; x_wconf 90' lang='lat'><strong>:</strong></span> <span class='ocrx_word' id='word_1_566' title='bbox 2926 3675 2996 3730; x_wconf 90' lang='lat' dir='ltr'><strong>de</strong></span> <span class='ocrx_word' id='word_1_567' title='bbox 3042 3688 3154 3744; x_wconf 90' lang='lat' dir='ltr'><strong>quo</strong></span> <span class='ocrx_word' id='word_1_568' title='bbox 3196 3675 3313 3730; x_wconf 87' lang='lat' dir='ltr'><strong>solo</strong></span> <span class='ocrx_word' id='word_1_569' title='bbox 3340 3684 3498 3729; x_wconf 81' lang='lat' dir='ltr'><strong>antea</strong></span> <span class='ocrx_word' id='word_1_570' title='bbox 3525 3673 3739 3728; x_wconf 86' lang='lat' dir='ltr'><strong>dictum</strong></span> 
     </span>
    </p>
   </div>
   <div class='ocr_carea' id='block_1_65' title="bbox 477 3766 3740 3861">
    <p class='ocr_par' dir='ltr' id='par_1_65' title="bbox 477 3766 3740 3861">
     <span class='ocr_line' id='line_1_65' title="bbox 477 3766 3740 3861; baseline -0.008 -14"><span class='ocrx_word' id='word_1_571' title='bbox 477 3766 666 3861; x_wconf 69' lang='lat' dir='ltr'><strong>aperta</strong></span> <span class='ocrx_word' id='word_1_572' title='bbox 694 3796 801 3854; x_wconf 88' lang='lat' dir='ltr'><strong>est,</strong></span> <span class='ocrx_word' id='word_1_573' title='bbox 859 3784 1149 3857; x_wconf 83' lang='lat' dir='ltr'><strong>aliquando</strong></span> <span class='ocrx_word' id='word_1_574' title='bbox 1201 3782 1420 3846; x_wconf 86' lang='lat' dir='ltr'><strong>clausa;</strong></span> <span class='ocrx_word' id='word_1_575' title='bbox 1471 3780 1655 3835; x_wconf 88' lang='lat' dir='ltr'><strong>unde:</strong></span> <span class='ocrx_word' id='word_1_576' title='bbox 1714 3778 1791 3833; x_wconf 84' lang='lat' dir='ltr'><strong>Ne</strong></span> <span class='ocrx_word' id='word_1_577' title='bbox 1818 3778 2047 3849; x_wconf 88' lang='lat' dir='ltr'><strong>recipias</strong></span> <span class='ocrx_word' id='word_1_578' title='bbox 2146 3773 2325 3829; x_wconf 88' lang='lat' dir='ltr'><strong>fuerat</strong></span> <span class='ocrx_word' id='word_1_579' title='bbox 2352 3771 2496 3841; x_wconf 89' lang='lat' dir='ltr'><strong>quod</strong></span> <span class='ocrx_word' id='word_1_580' title='bbox 2523 3769 2705 3861; x_wconf 82' lang='lat' dir='ltr'><strong>Mosen</strong></span> <span class='ocrx_word' id='word_1_581' title='bbox 2745 3768 3022 3839; x_wconf 61' lang='lat' dir='ltr'><strong>quaerebat</strong></span> <span class='ocrx_word' id='word_1_582' title='bbox 3048 3767 3297 3823; x_wconf 87' lang='lat' dir='ltr'><strong>occidere</strong></span> <span class='ocrx_word' id='word_1_583' title='bbox 3322 3784 3336 3820; x_wconf 87' lang='lat'><strong>:</strong></span> <span class='ocrx_word' id='word_1_584' title='bbox 3364 3781 3433 3821; x_wconf 88' lang='lat' dir='ltr'><strong>an</strong></span> <span class='ocrx_word' id='word_1_585' title='bbox 3463 3766 3578 3836; x_wconf 88' lang='lat' dir='ltr'><strong>ipse</strong></span> <span class='ocrx_word' id='word_1_586' title='bbox 3610 3773 3740 3836; x_wconf 86' lang='lat' dir='ltr'><strong>post</strong></span> 
     </span>
    </p>
   </div>
   <div class='ocr_carea' id='block_1_66' title="bbox 473 3856 3735 3948">
    <p class='ocr_par' dir='ltr' id='par_1_66' title="bbox 473 3856 3735 3948">
     <span class='ocr_line' id='line_1_66' title="bbox 473 3856 3735 3948; baseline -0.008 -9"><span class='ocrx_word' id='word_1_587' title='bbox 473 3856 717 3939; x_wconf 81' lang='lat' dir='ltr'><strong>auditum</strong></span> <span class='ocrx_word' id='word_1_588' title='bbox 751 3892 951 3934; x_wconf 88' lang='lat' dir='ltr'><strong>vanum</strong></span> <span class='ocrx_word' id='word_1_589' title='bbox 976 3875 1167 3948; x_wconf 85' lang='lat' dir='ltr'><strong>(Eccli.</strong></span> <span class='ocrx_word' id='word_1_590' title='bbox 1194 3872 1340 3943; x_wconf 71' lang='lat' dir='ltr'><strong>xu).</strong></span> <span class='ocrx_word' id='word_1_591' title='bbox 1365 3871 1423 3926; x_wconf 89' lang='lat' dir='ltr'><strong>Si</strong></span> <span class='ocrx_word' id='word_1_592' title='bbox 1453 3871 1704 3925; x_wconf 88' lang='lat' dir='ltr'><strong>dicuntur</strong></span> <span class='ocrx_word' id='word_1_593' title='bbox 1732 3885 1888 3936; x_wconf 87' lang='lat' dir='ltr'><strong>vana,</strong></span> <span class='ocrx_word' id='word_1_594' title='bbox 1920 3883 2047 3941; x_wconf 86' lang='lat' dir='ltr'><strong>pro-</strong></span> <span class='ocrx_word' id='word_1_595' title='bbox 2146 3862 2281 3918; x_wconf 88' lang='lat' dir='ltr'><strong>alios</strong></span> <span class='ocrx_word' id='word_1_596' title='bbox 2309 3861 2559 3916; x_wconf 89' lang='lat' dir='ltr'><strong>inimicos</strong></span> <span class='ocrx_word' id='word_1_597' title='bbox 2577 3858 2803 3913; x_wconf 88' lang='lat' dir='ltr'><strong>ultimus</strong></span> <span class='ocrx_word' id='word_1_598' title='bbox 2834 3866 3080 3914; x_wconf 81' lang='lat' dir='ltr'><strong>mortuus</strong></span> <span class='ocrx_word' id='word_1_599' title='bbox 3100 3857 3230 3914; x_wconf 87' lang='lat' dir='ltr'><strong>est?</strong></span> <span class='ocrx_word' id='word_1_600' title='bbox 3266 3856 3422 3924; x_wconf 84' lang='lat' dir='ltr'><strong>Quod</strong></span> <span class='ocrx_word' id='word_1_601' title='bbox 3446 3857 3494 3913; x_wconf 90' lang='lat' dir='ltr'><strong>si</strong></span> <span class='ocrx_word' id='word_1_602' title='bbox 3518 3856 3597 3912; x_wconf 86' lang='lat' dir='ltr'><strong>ita</strong></span> <span class='ocrx_word' id='word_1_603' title='bbox 3625 3865 3735 3926; x_wconf 85' lang='lat' dir='ltr'><strong>est,</strong></span> 
     </span>
    </p>
   </div>
   <div class='ocr_carea' id='block_1_67' title="bbox 470 3948 2975 4040">
    <p class='ocr_par' dir='ltr' id='par_1_67' title="bbox 470 3948 2975 4040">
     <span class='ocr_line' id='line_1_67' title="bbox 470 3948 2975 4040; baseline -0.011 -11"><span class='ocrx_word' id='word_1_604' title='bbox 470 3973 617 4037; x_wconf 81' lang='lat' dir='ltr'><strong>fana,</strong></span> <span class='ocrx_word' id='word_1_605' title='bbox 656 3971 858 4040; x_wconf 87' lang='lat' dir='ltr'><strong>turpia,</strong></span> <span class='ocrx_word' id='word_1_606' title='bbox 898 3966 991 4037; x_wconf 91' lang='lat' dir='ltr'><strong>qui</strong></span> <span class='ocrx_word' id='word_1_607' title='bbox 1016 3965 1166 4021; x_wconf 85' lang='lat' dir='ltr'><strong>novit</strong></span> <span class='ocrx_word' id='word_1_608' title='bbox 1193 3962 1548 4018; x_wconf 86' lang='lat' dir='ltr'><strong>eruditionem</strong></span> <span class='ocrx_word' id='word_1_609' title='bbox 1583 3960 1820 4025; x_wconf 90' lang='lat' dir='ltr'><strong>Domini,</strong></span> <span class='ocrx_word' id='word_1_610' title='bbox 1849 3959 2050 4015; x_wconf 82' lang='lat' dir='ltr'><strong>claudit</strong></span> <span class='ocrx_word' id='word_1_611' title='bbox 2145 3967 2251 4008; x_wconf 89' lang='lat' dir='ltr'><strong>non</strong></span> <span class='ocrx_word' id='word_1_612' title='bbox 2278 3950 2500 4016; x_wconf 87' lang='lat' dir='ltr'><strong>locutio,</strong></span> <span class='ocrx_word' id='word_1_613' title='bbox 2532 3948 2629 4004; x_wconf 89' lang='lat' dir='ltr'><strong>sed</strong></span> <span class='ocrx_word' id='word_1_614' title='bbox 2652 3962 2845 4003; x_wconf 89' lang='lat' dir='ltr'><strong>sensus</strong></span> <span class='ocrx_word' id='word_1_615' title='bbox 2871 3956 2975 4003; x_wconf 89' lang='lat' dir='ltr'><strong>est.</strong></span> 
     </span>
    </p>
   </div>
   <div class='ocr_carea' id='block_1_68' title="bbox 470 4037 3731 4129">
    <p class='ocr_par' dir='ltr' id='par_1_68' title="bbox 470 4037 3731 4129">
     <span class='ocr_line' id='line_1_68' title="bbox 470 4037 3731 4129; baseline -0.008 -9"><span class='ocrx_word' id='word_1_616' title='bbox 470 4078 658 4120; x_wconf 88' lang='lat' dir='ltr'><strong>aurem</strong></span> <span class='ocrx_word' id='word_1_617' title='bbox 684 4069 738 4115; x_wconf 90' lang='lat' dir='ltr'><strong>et</strong></span> <span class='ocrx_word' id='word_1_618' title='bbox 750 4037 888 4116; x_wconf 74' lang='lat' dir='ltr'><strong>dicit</strong></span> <span class='ocrx_word' id='word_1_619' title='bbox 911 4076 925 4112; x_wconf 90' lang='lat'><strong>:</strong></span> <span class='ocrx_word' id='word_1_620' title='bbox 963 4056 1076 4129; x_wconf 82' lang='lat' dir='ltr'><strong>Ego</strong></span> <span class='ocrx_word' id='word_1_621' title='bbox 1094 4066 1270 4111; x_wconf 75' lang='lat' dir='ltr'><strong>autem</strong></span> <span class='ocrx_word' id='word_1_622' title='bbox 1289 4054 1422 4108; x_wconf 85' lang='lat' dir='ltr'><strong>sicut</strong></span> <span class='ocrx_word' id='word_1_623' title='bbox 1446 4060 1642 4117; x_wconf 87' lang='lat' dir='ltr'><strong>mutus,</strong></span> <span class='ocrx_word' id='word_1_624' title='bbox 1681 4054 1771 4123; x_wconf 87' lang='lat' dir='ltr'><strong>qui</strong></span> <span class='ocrx_word' id='word_1_625' title='bbox 1800 4069 1903 4107; x_wconf 77' lang='lat' dir='ltr'><strong>non</strong></span> <span class='ocrx_word' id='word_1_626' title='bbox 1927 4068 2051 4123; x_wconf 78' lang='lat' dir='ltr'><strong>ape-</strong></span> <span class='ocrx_word' id='word_1_627' title='bbox 2217 4046 2385 4102; x_wconf 65' lang='grc' dir='ltr'><strong>νεεδ.</strong></span> <span class='ocrx_word' id='word_1_628' title='bbox 2411 4043 2579 4099; x_wconf 71' lang='grc'><strong>20.--</strong></span> <span class='ocrx_word' id='word_1_629' title='bbox 2608 4041 2751 4098; x_wconf 83' lang='lat' dir='ltr'><strong>Tulit</strong></span> <span class='ocrx_word' id='word_1_630' title='bbox 2772 4058 2896 4113; x_wconf 83' lang='lat' dir='ltr'><strong>ergo</strong></span> <span class='ocrx_word' id='word_1_631' title='bbox 2925 4040 3155 4113; x_wconf 72' lang='lat' dir='ltr'><strong>Moyses,</strong></span> <span class='ocrx_word' id='word_1_632' title='bbox 3180 4048 3284 4097; x_wconf 82' lang='lat' dir='ltr'><strong>etc.</strong></span> <span class='ocrx_word' id='word_1_633' title='bbox 3318 4038 3502 4112; x_wconf 45' lang='lat' dir='ltr'><strong>(Anan</strong></span> <span class='ocrx_word' id='word_1_634' title='bbox 3526 4037 3731 4106; x_wconf 69' lang='lat' dir='ltr'><strong>Quwst.</strong></span> 
     </span>
    </p>
   </div>
   <div class='ocr_carea' id='block_1_69' title="bbox 473 4132 2037 4217">
    <p class='ocr_par' dir='ltr' id='par_1_69' title="bbox 473 4142 2037 4217">
     <span class='ocr_line' id='line_1_69' title="bbox 473 4142 2037 4217; baseline -0.008 -6"><span class='ocrx_word' id='word_1_635' title='bbox 473 4155 581 4211; x_wconf 84' lang='lat' dir='ltr'><strong>ruit</strong></span> <span class='ocrx_word' id='word_1_636' title='bbox 620 4170 678 4209; x_wconf 88' lang='lat' dir='ltr'><strong>os</strong></span> <span class='ocrx_word' id='word_1_637' title='bbox 714 4168 890 4215; x_wconf 78' lang='lat' dir='ltr'><strong>suum,</strong></span> <span class='ocrx_word' id='word_1_638' title='bbox 918 4164 965 4205; x_wconf 82' lang='lat' dir='ltr'><strong>et</strong></span> <span class='ocrx_word' id='word_1_639' title='bbox 993 4148 1125 4204; x_wconf 85' lang='lat' dir='ltr'><strong>sicut</strong></span> <span class='ocrx_word' id='word_1_640' title='bbox 1173 4146 1366 4203; x_wconf 81' lang='lat' dir='ltr'><strong>surdus</strong></span> <span class='ocrx_word' id='word_1_641' title='bbox 1411 4158 1513 4200; x_wconf 84' lang='lat' dir='ltr'><strong>nan</strong></span> <span class='ocrx_word' id='word_1_642' title='bbox 1547 4145 1821 4200; x_wconf 74' lang='lat' dir='ltr'><strong>audiebam</strong></span> <span class='ocrx_word' id='word_1_643' title='bbox 1871 4142 2037 4217; x_wconf 83' lang='lat' dir='ltr'><strong>(Psal.</strong></span> 
     </span>
    </p>
   </div>
   <div class='ocr_carea' id='block_1_70' title="bbox 2150 4132 3735 4217">
    <p class='ocr_par' dir='ltr' id='par_1_70' title="bbox 2150 4132 3735 4207">
     <span class='ocr_line' id='line_1_70' title="bbox 2150 4132 3735 4207; baseline -0.001 -17"><span class='ocrx_word' id='word_1_644' title='bbox 2150 4135 2220 4191; x_wconf 73' lang='lat' dir='ltr'><strong>l2</strong></span> <span class='ocrx_word' id='word_1_645' title='bbox 2242 4137 2297 4190; x_wconf 88' lang='lat' dir='ltr'><strong>in</strong></span> <span class='ocrx_word' id='word_1_646' title='bbox 2352 4134 2554 4207; x_wconf 70' lang='lat' dir='ltr'><strong>Exod.)</strong></span> <span class='ocrx_word' id='word_1_647' title='bbox 2584 4134 2740 4202; x_wconf 90' lang='lat' dir='ltr'><strong>Quod</strong></span> <span class='ocrx_word' id='word_1_648' title='bbox 2766 4135 2971 4190; x_wconf 89' lang='lat' dir='ltr'><strong>dictum</strong></span> <span class='ocrx_word' id='word_1_649' title='bbox 3000 4144 3108 4199; x_wconf 89' lang='lat' dir='ltr'><strong>est,</strong></span> <span class='ocrx_word' id='word_1_650' title='bbox 3150 4137 3277 4204; x_wconf 85' lang='lat' dir='ltr'><strong>quia</strong></span> <span class='ocrx_word' id='word_1_651' title='bbox 3308 4132 3484 4189; x_wconf 77' lang='lat' dir='ltr'><strong>Moses</strong></span> <span class='ocrx_word' id='word_1_652' title='bbox 3506 4146 3735 4189; x_wconf 81' lang='lat' dir='ltr'><strong>uxorem</strong></span> 
     </span>
    </p>
   </div>
   <div class='ocr_carea' id='block_1_71' title="bbox 472 4223 3734 4316">
    <p class='ocr_par' dir='ltr' id='par_1_71' title="bbox 472 4223 3734 4316">
     <span class='ocr_line' id='line_1_71' title="bbox 472 4223 3734 4316; baseline -0.007 -13"><span class='ocrx_word' id='word_1_653' title='bbox 472 4242 706 4316; x_wconf 75' lang='lat' dir='ltr'><strong>xxxv&quot;).</strong></span> <span class='ocrx_word' id='word_1_654' title='bbox 734 4241 792 4299; x_wconf 92' lang='lat' dir='ltr'><strong>Si</strong></span> <span class='ocrx_word' id='word_1_655' title='bbox 818 4256 946 4297; x_wconf 88' lang='lat' dir='ltr'><strong>vero</strong></span> <span class='ocrx_word' id='word_1_656' title='bbox 986 4239 1053 4294; x_wconf 88' lang='lat' dir='ltr'><strong>ad</strong></span> <span class='ocrx_word' id='word_1_657' title='bbox 1096 4238 1381 4292; x_wconf 85' lang='lat' dir='ltr'><strong>utilitatem</strong></span> <span class='ocrx_word' id='word_1_658' title='bbox 1406 4236 1597 4291; x_wconf 65' lang='lat' dir='ltr'><strong>anima:</strong></span> <span class='ocrx_word' id='word_1_659' title='bbox 1620 4234 1893 4306; x_wconf 87' lang='lat' dir='ltr'><strong>pertinent</strong></span> <span class='ocrx_word' id='word_1_660' title='bbox 1928 4248 2051 4304; x_wconf 69' lang='lat' dir='ltr'><strong>quae</strong></span> <span class='ocrx_word' id='word_1_661' title='bbox 2148 4236 2205 4283; x_wconf 89' lang='lat' dir='ltr'><strong>et</strong></span> <span class='ocrx_word' id='word_1_662' title='bbox 2247 4223 2478 4281; x_wconf 84' lang='lat' dir='ltr'><strong>infantes</strong></span> <span class='ocrx_word' id='word_1_663' title='bbox 2520 4239 2651 4281; x_wconf 90' lang='lat' dir='ltr'><strong>suos</strong></span> <span class='ocrx_word' id='word_1_664' title='bbox 2694 4224 2955 4294; x_wconf 90' lang='lat' dir='ltr'><strong>imposuit</strong></span> <span class='ocrx_word' id='word_1_665' title='bbox 3001 4238 3163 4295; x_wconf 88' lang='lat' dir='ltr'><strong>super</strong></span> <span class='ocrx_word' id='word_1_666' title='bbox 3196 4223 3528 4289; x_wconf 84' lang='lat' dir='ltr'><strong>vehiculum,</strong></span> <span class='ocrx_word' id='word_1_667' title='bbox 3576 4230 3637 4277; x_wconf 91' lang='lat' dir='ltr'><strong>ut</strong></span> <span class='ocrx_word' id='word_1_668' title='bbox 3678 4223 3734 4279; x_wconf 89' lang='lat' dir='ltr'><strong>in</strong></span> 
     </span>
    </p>
   </div>
   <div class='ocr_carea' id='block_1_72' title="bbox 469 4312 3738 4399">
    <p class='ocr_par' dir='ltr' id='par_1_72' title="bbox 469 4312 3738 4399">
     <span class='ocr_line' id='line_1_72' title="bbox 469 4312 3738 4399; baseline -0.007 -7"><span class='ocrx_word' id='word_1_669' title='bbox 469 4312 745 4399; x_wconf 83' lang='lat' dir='ltr'><strong>dicuntur,</strong></span> <span class='ocrx_word' id='word_1_670' title='bbox 778 4331 825 4387; x_wconf 89' lang='lat' dir='ltr'><strong>si</strong></span> <span class='ocrx_word' id='word_1_671' title='bbox 868 4331 934 4384; x_wconf 91' lang='lat' dir='ltr'><strong>de</strong></span> <span class='ocrx_word' id='word_1_672' title='bbox 970 4329 1082 4385; x_wconf 86' lang='lat' dir='ltr'><strong>Deo</strong></span> <span class='ocrx_word' id='word_1_673' title='bbox 1109 4341 1291 4383; x_wconf 86' lang='lat' dir='ltr'><strong>sermo</strong></span> <span class='ocrx_word' id='word_1_674' title='bbox 1326 4333 1432 4390; x_wconf 86' lang='lat' dir='ltr'><strong>est,</strong></span> <span class='ocrx_word' id='word_1_675' title='bbox 1461 4324 1508 4380; x_wconf 89' lang='lat' dir='ltr'><strong>si</strong></span> <span class='ocrx_word' id='word_1_676' title='bbox 1548 4340 1729 4381; x_wconf 88' lang='lat' dir='ltr'><strong>mores</strong></span> <span class='ocrx_word' id='word_1_677' title='bbox 1776 4324 1951 4389; x_wconf 80' lang='lat' dir='ltr'><strong>docet,</strong></span> <span class='ocrx_word' id='word_1_678' title='bbox 1980 4323 2050 4379; x_wconf 89' lang='lat' dir='ltr'><strong>ad</strong></span> <span class='ocrx_word' id='word_1_679' title='bbox 2147 4317 2442 4390; x_wconf 64' lang='lat' dir='ltr'><strong>Egyptum</strong></span> <span class='ocrx_word' id='word_1_680' title='bbox 2472 4318 2612 4372; x_wconf 88' lang='lat' dir='ltr'><strong>iret:</strong></span> <span class='ocrx_word' id='word_1_681' title='bbox 2664 4324 2854 4387; x_wconf 88' lang='lat' dir='ltr'><strong>postea</strong></span> <span class='ocrx_word' id='word_1_682' title='bbox 2901 4331 3033 4371; x_wconf 88' lang='lat' dir='ltr'><strong>vero</strong></span> <span class='ocrx_word' id='word_1_683' title='bbox 3078 4313 3268 4372; x_wconf 79' lang='lat' dir='ltr'><strong>Jethro</strong></span> <span class='ocrx_word' id='word_1_684' title='bbox 3293 4330 3451 4371; x_wconf 68' lang='lat' dir='ltr'><strong>miser</strong></span> <span class='ocrx_word' id='word_1_685' title='bbox 3476 4312 3597 4385; x_wconf 80' lang='lat' dir='ltr'><strong>ejus</strong></span> <span class='ocrx_word' id='word_1_686' title='bbox 3624 4313 3738 4369; x_wconf 81' lang='lat' dir='ltr'><strong>illic</strong></span> 
     </span>
    </p>
   </div>
   <div class='ocr_carea' id='block_1_73' title="bbox 472 4402 3739 4487">
    <p class='ocr_par' dir='ltr' id='par_1_73' title="bbox 472 4402 3739 4487">
     <span class='ocr_line' id='line_1_73' title="bbox 472 4402 3739 4487; baseline -0.007 -6"><span class='ocrx_word' id='word_1_687' title='bbox 472 4430 705 4482; x_wconf 77' lang='lat' dir='ltr'><strong>virtutes</strong></span> <span class='ocrx_word' id='word_1_688' title='bbox 733 4423 944 4487; x_wconf 90' lang='lat' dir='ltr'><strong>invitat,</strong></span> <span class='ocrx_word' id='word_1_689' title='bbox 968 4419 1099 4474; x_wconf 88' lang='lat' dir='ltr'><strong>vitia</strong></span> <span class='ocrx_word' id='word_1_690' title='bbox 1143 4424 1373 4481; x_wconf 82' lang='lat' dir='ltr'><strong>resecat,</strong></span> <span class='ocrx_word' id='word_1_691' title='bbox 1419 4431 1578 4472; x_wconf 88' lang='lat' dir='ltr'><strong>aures</strong></span> <span class='ocrx_word' id='word_1_692' title='bbox 1596 4424 1819 4487; x_wconf 83' lang='lat' dir='ltr'><strong>pateant</strong></span> <span class='ocrx_word' id='word_1_693' title='bbox 1853 4425 1909 4470; x_wconf 91' lang='lat' dir='ltr'><strong>et</strong></span> <span class='ocrx_word' id='word_1_694' title='bbox 1938 4423 2049 4470; x_wconf 86' lang='lat' dir='ltr'><strong>tota</strong></span> <span class='ocrx_word' id='word_1_695' title='bbox 2148 4424 2271 4465; x_wconf 89' lang='lat' dir='ltr'><strong>cum</strong></span> <span class='ocrx_word' id='word_1_696' title='bbox 2300 4410 2381 4463; x_wconf 86' lang='lat' dir='ltr'><strong>eis</strong></span> <span class='ocrx_word' id='word_1_697' title='bbox 2408 4408 2668 4471; x_wconf 84' lang='lat' dir='ltr'><strong>occurrit,</strong></span> <span class='ocrx_word' id='word_1_698' title='bbox 2703 4422 2826 4465; x_wconf 86' lang='lat' dir='ltr'><strong>cum</strong></span> <span class='ocrx_word' id='word_1_699' title='bbox 2860 4405 3141 4465; x_wconf 80' lang='lat' dir='ltr'><strong>eduxisset</strong></span> <span class='ocrx_word' id='word_1_700' title='bbox 3173 4406 3429 4476; x_wconf 85' lang='lat' dir='ltr'><strong>populum</strong></span> <span class='ocrx_word' id='word_1_701' title='bbox 3456 4404 3523 4461; x_wconf 91' lang='lat' dir='ltr'><strong>de</strong></span> <span class='ocrx_word' id='word_1_702' title='bbox 3566 4402 3739 4475; x_wconf 68' lang='lat' dir='ltr'><strong>Egy-</strong></span> 
     </span>
    </p>
   </div>
   <div class='ocr_carea' id='block_1_74' title="bbox 472 4495 3738 4580">
    <p class='ocr_par' dir='ltr' id='par_1_74' title="bbox 472 4495 3738 4580">
     <span class='ocr_line' id='line_1_74' title="bbox 472 4495 3738 4580; baseline -0.006 -8"><span class='ocrx_word' id='word_1_703' title='bbox 472 4516 666 4572; x_wconf 65' lang='lat' dir='ltr'><strong>animae</strong></span> <span class='ocrx_word' id='word_1_704' title='bbox 690 4509 880 4580; x_wconf 72' lang='lat' dir='ltr'><strong>ianua.</strong></span> <span class='ocrx_word' id='word_1_705' title='bbox 910 4506 1216 4565; x_wconf 77' lang='lat' dir='ltr'><strong>Notandum</strong></span> <span class='ocrx_word' id='word_1_706' title='bbox 1243 4514 1422 4561; x_wconf 86' lang='lat' dir='ltr'><strong>autem</strong></span> <span class='ocrx_word' id='word_1_707' title='bbox 1453 4506 1579 4574; x_wconf 89' lang='lat' dir='ltr'><strong>quia</strong></span> <span class='ocrx_word' id='word_1_708' title='bbox 1623 4518 1834 4560; x_wconf 88' lang='lat' dir='ltr'><strong>summa</strong></span> <span class='ocrx_word' id='word_1_709' title='bbox 1864 4503 2052 4558; x_wconf 65' lang='lat' dir='ltr'><strong>medea</strong></span> <span class='ocrx_word' id='word_1_710' title='bbox 2073 4551 2126 4580; x_wconf 62' lang='grc' dir='ltr'><strong>η</strong></span> <span class='ocrx_word' id='word_1_711' title='bbox 2149 4509 2280 4570; x_wconf 80' lang='lat' dir='ltr'><strong>pta;</strong></span> <span class='ocrx_word' id='word_1_712' title='bbox 2320 4500 2722 4569; x_wconf 77' lang='lat' dir='ltr'><strong>intelligendum</strong></span> <span class='ocrx_word' id='word_1_713' title='bbox 2751 4506 2856 4564; x_wconf 88' lang='lat' dir='ltr'><strong>est,</strong></span> <span class='ocrx_word' id='word_1_714' title='bbox 2902 4507 3029 4568; x_wconf 88' lang='lat' dir='ltr'><strong>post</strong></span> <span class='ocrx_word' id='word_1_715' title='bbox 3067 4499 3237 4564; x_wconf 86' lang='lat' dir='ltr'><strong>illam,</strong></span> <span class='ocrx_word' id='word_1_716' title='bbox 3284 4512 3407 4567; x_wconf 65' lang='lat' dir='ltr'><strong>quia</strong></span> <span class='ocrx_word' id='word_1_717' title='bbox 3450 4495 3518 4551; x_wconf 91' lang='lat' dir='ltr'><strong>ab</strong></span> <span class='ocrx_word' id='word_1_718' title='bbox 3540 4495 3738 4568; x_wconf 87' lang='lat' dir='ltr'><strong>angelo</strong></span> 
     </span>
    </p>
   </div>
   <div class='ocr_carea' id='block_1_75' title="bbox 475 4551 3739 4664">
    <p class='ocr_par' dir='ltr' id='par_1_75' title="bbox 475 4551 3739 4664">
     <span class='ocr_line' id='line_1_75' title="bbox 475 4551 3646 4580; baseline -0.005 -8"><span class='ocrx_word' id='word_1_719' title='bbox 475 4551 666 4572; x_wconf 71' lang='grc' dir='ltr'><strong>ωιωσυ</strong></span> <span class='ocrx_word' id='word_1_720' title='bbox 690 4551 880 4580; x_wconf 71' lang='grc' dir='ltr'><strong>,ιι-ι.-.</strong></span> <span class='ocrx_word' id='word_1_721' title='bbox 910 4551 1216 4565; x_wconf 55' lang='lat' dir='ltr'><strong>mw...“-</strong></span> <span class='ocrx_word' id='word_1_722' title='bbox 1243 4551 1422 4561; x_wconf 63' lang='grc' dir='ltr'><strong>--υν-</strong></span> <span class='ocrx_word' id='word_1_723' title='bbox 1456 4551 1579 4574; x_wconf 61' lang='grc' dir='ltr'><strong><em>γη</em></strong></span> <span class='ocrx_word' id='word_1_724' title='bbox 1623 4551 1834 4560; x_wconf 60' lang='grc' dir='ltr'><strong>π-η-</strong></span> <span class='ocrx_word' id='word_1_725' title='bbox 1864 4551 2047 4558; x_wconf 46' lang='lat' dir='ltr'><strong>un---</strong></span> <span class='ocrx_word' id='word_1_726' title='bbox 2150 4551 2237 4570; x_wconf 66' lang='grc' dir='ltr'><strong>τ--</strong></span> <span class='ocrx_word' id='word_1_727' title='bbox 2267 4551 2280 4563; x_wconf 82' lang='lat'><strong>.</strong></span> <span class='ocrx_word' id='word_1_728' title='bbox 2320 4551 2720 4569; x_wconf 36' lang='lat' dir='ltr'><strong>-__-_--.,_--ww</strong></span> <span class='ocrx_word' id='word_1_729' title='bbox 2759 4551 2856 4564; x_wconf 76' lang='lat'><strong>-_-,</strong></span> <span class='ocrx_word' id='word_1_730' title='bbox 2906 4551 3024 4568; x_wconf 59' lang='grc' dir='ltr'><strong>τη-</strong></span> <span class='ocrx_word' id='word_1_731' title='bbox 3223 4551 3236 4564; x_wconf 90' lang='grc'>,</span> <span class='ocrx_word' id='word_1_732' title='bbox 3294 4551 3321 4567; x_wconf 57' lang='grc' dir='ltr'><strong>ι</strong></span> <span class='ocrx_word' id='word_1_733' title='bbox 3366 4551 3398 4553; x_wconf 51' lang='grc' dir='ltr'>η</span> <span class='ocrx_word' id='word_1_734' title='bbox 3613 4551 3646 4568; x_wconf 71' lang='grc' dir='ltr'><strong><em>υ</em></strong></span> 
     </span>
     <span class='ocr_line' id='line_1_76' title="bbox 475 4551 3739 4664; baseline -0.005 -5"><span class='ocrx_word' id='word_1_735' title='bbox 475 4604 690 4661; x_wconf 88' lang='lat' dir='ltr'><strong>ratione</strong></span> <span class='ocrx_word' id='word_1_736' title='bbox 711 4615 808 4657; x_wconf 86' lang='lat' dir='ltr'><strong>usa</strong></span> <span class='ocrx_word' id='word_1_737' title='bbox 830 4608 917 4655; x_wconf 83' lang='lat' dir='ltr'><strong>est</strong></span> <span class='ocrx_word' id='word_1_738' title='bbox 949 4598 1036 4652; x_wconf 80' lang='lat' dir='ltr'><strong>lex</strong></span> <span class='ocrx_word' id='word_1_739' title='bbox 1060 4605 1120 4652; x_wconf 91' lang='lat' dir='ltr'><strong>ut</strong></span> <span class='ocrx_word' id='word_1_740' title='bbox 1145 4597 1389 4652; x_wconf 88' lang='lat' dir='ltr'><strong>diceret:</strong></span> <span class='ocrx_word' id='word_1_741' title='bbox 1422 4594 1547 4650; x_wconf 85' lang='lat' dir='ltr'><strong>Non</strong></span> <span class='ocrx_word' id='word_1_742' title='bbox 1568 4594 1783 4664; x_wconf 85' lang='lat' dir='ltr'><strong>recipies</strong></span> <span class='ocrx_word' id='word_1_743' title='bbox 1806 4593 2048 4647; x_wconf 83' lang='lat' dir='ltr'><strong>auditum</strong></span> <span class='ocrx_word' id='word_1_744' title='bbox 2072 4551 2127 4613; x_wconf 68' lang='grc' dir='ltr'><strong>Β</strong></span> <span class='ocrx_word' id='word_1_745' title='bbox 2155 4592 2337 4649; x_wconf 86' lang='lat' dir='ltr'><strong>futura</strong></span> <span class='ocrx_word' id='word_1_746' title='bbox 2362 4600 2500 4657; x_wconf 84' lang='lat' dir='ltr'><strong>erat,</strong></span> <span class='ocrx_word' id='word_1_747' title='bbox 2524 4590 2979 4654; x_wconf 87' lang='lat' dir='ltr'><strong>interfectionem,</strong></span> <span class='ocrx_word' id='word_1_748' title='bbox 3004 4588 3137 4644; x_wconf 79' lang='lat' dir='ltr'><strong>Mosi</strong></span> <span class='ocrx_word' id='word_1_749' title='bbox 3159 4589 3247 4645; x_wconf 79' lang='lat' dir='ltr'><strong>vel</strong></span> <span class='ocrx_word' id='word_1_750' title='bbox 3268 4589 3493 4645; x_wconf 85' lang='lat' dir='ltr'><strong>infantis</strong></span> <span class='ocrx_word' id='word_1_751' title='bbox 3512 4602 3739 4644; x_wconf 74' lang='lat' dir='ltr'><strong>uxorem</strong></span> 
     </span>
    </p>
   </div>
   <div class='ocr_carea' id='block_1_76' title="bbox 470 4681 3740 4758">
    <p class='ocr_par' dir='ltr' id='par_1_76' title="bbox 470 4681 3740 4758">
     <span class='ocr_line' id='line_1_77' title="bbox 470 4681 3740 4758; baseline -0.004 -8"><span class='ocrx_word' id='word_1_752' title='bbox 470 4708 701 4758; x_wconf 71' lang='lat' dir='ltr'><strong>canunt;</strong></span> <span class='ocrx_word' id='word_1_753' title='bbox 745 4704 853 4746; x_wconf 88' lang='lat' dir='ltr'><strong>non</strong></span> <span class='ocrx_word' id='word_1_754' title='bbox 897 4687 1054 4751; x_wconf 76' lang='lat' dir='ltr'><strong>dixit,</strong></span> <span class='ocrx_word' id='word_1_755' title='bbox 1080 4684 1199 4741; x_wconf 82' lang='lat' dir='ltr'><strong>Non</strong></span> <span class='ocrx_word' id='word_1_756' title='bbox 1227 4684 1595 4751; x_wconf 87' lang='lat' dir='ltr'><strong>audies;sed,</strong></span> <span class='ocrx_word' id='word_1_757' title='bbox 1640 4683 1762 4737; x_wconf 84' lang='lat' dir='ltr'><strong>Non</strong></span> <span class='ocrx_word' id='word_1_758' title='bbox 1814 4683 2046 4752; x_wconf 82' lang='lat' dir='ltr'><strong>recipies.</strong></span> <span class='ocrx_word' id='word_1_759' title='bbox 2159 4698 2433 4741; x_wconf 88' lang='lat' dir='ltr'><strong>reversam</strong></span> <span class='ocrx_word' id='word_1_760' title='bbox 2461 4684 2628 4738; x_wconf 86' lang='lat' dir='ltr'><strong>fuisse</strong></span> <span class='ocrx_word' id='word_1_761' title='bbox 2654 4698 2777 4738; x_wconf 89' lang='lat' dir='ltr'><strong>cum</strong></span> <span class='ocrx_word' id='word_1_762' title='bbox 2827 4681 3088 4751; x_wconf 84' lang='lat' dir='ltr'><strong>parvulis.</strong></span> <span class='ocrx_word' id='word_1_763' title='bbox 3144 4681 3279 4736; x_wconf 82' lang='lat' dir='ltr'><strong>Nam</strong></span> <span class='ocrx_word' id='word_1_764' title='bbox 3329 4681 3551 4753; x_wconf 83' lang='lat' dir='ltr'><strong>quidam</strong></span> <span class='ocrx_word' id='word_1_765' title='bbox 3578 4691 3740 4751; x_wconf 84' lang='lat' dir='ltr'><strong>puta-</strong></span> 
     </span>
    </p>
   </div>
   <div class='ocr_carea' id='block_1_77' title="bbox 469 4771 3744 4853">
    <p class='ocr_par' dir='ltr' id='par_1_77' title="bbox 469 4771 3744 4853">
     <span class='ocr_line' id='line_1_78' title="bbox 469 4771 3744 4853; baseline -0.005 -11"><span class='ocrx_word' id='word_1_766' title='bbox 469 4784 611 4842; x_wconf 82' lang='lat' dir='ltr'><strong>Natn</strong></span> <span class='ocrx_word' id='word_1_767' title='bbox 636 4797 777 4839; x_wconf 84' lang='lat' dir='ltr'><strong>vana</strong></span> <span class='ocrx_word' id='word_1_768' title='bbox 804 4794 948 4849; x_wconf 61' lang='lat' dir='ltr'><strong>saepe</strong></span> <span class='ocrx_word' id='word_1_769' title='bbox 976 4778 1225 4833; x_wconf 87' lang='lat' dir='ltr'><strong>audimus</strong></span> <span class='ocrx_word' id='word_1_770' title='bbox 1252 4795 1265 4830; x_wconf 91' lang='lat'><strong>:</strong></span> <span class='ocrx_word' id='word_1_771' title='bbox 1315 4775 1553 4835; x_wconf 85' lang='lat' dir='ltr'><strong>Marcion</strong></span> <span class='ocrx_word' id='word_1_772' title='bbox 1583 4776 1726 4832; x_wconf 90' lang='lat' dir='ltr'><strong>enim</strong></span> <span class='ocrx_word' id='word_1_773' title='bbox 1755 4783 1812 4830; x_wconf 93' lang='lat' dir='ltr'><strong>et</strong></span> <span class='ocrx_word' id='word_1_774' title='bbox 1854 4774 2050 4830; x_wconf 78' lang='lat' dir='ltr'><strong>Valen-</strong></span> <span class='ocrx_word' id='word_1_775' title='bbox 2155 4783 2353 4830; x_wconf 90' lang='lat' dir='ltr'><strong>verunt</strong></span> <span class='ocrx_word' id='word_1_776' title='bbox 2385 4782 2608 4845; x_wconf 85' lang='lat' dir='ltr'><strong>propter</strong></span> <span class='ocrx_word' id='word_1_777' title='bbox 2634 4773 2739 4829; x_wconf 89' lang='lat' dir='ltr'><strong>hoc</strong></span> <span class='ocrx_word' id='word_1_778' title='bbox 2765 4771 3018 4853; x_wconf 77' lang='lat' dir='ltr'><strong>angelum</strong></span> <span class='ocrx_word' id='word_1_779' title='bbox 3050 4771 3332 4836; x_wconf 83' lang='lat' dir='ltr'><strong>terruisse,</strong></span> <span class='ocrx_word' id='word_1_780' title='bbox 3376 4785 3445 4826; x_wconf 85' lang='lat' dir='ltr'><strong>ne</strong></span> <span class='ocrx_word' id='word_1_781' title='bbox 3473 4771 3541 4825; x_wconf 86' lang='lat' dir='ltr'><strong>ad</strong></span> <span class='ocrx_word' id='word_1_782' title='bbox 3572 4771 3744 4842; x_wconf 80' lang='lat' dir='ltr'><strong>impe-</strong></span> 
     </span>
    </p>
   </div>
   <div class='ocr_carea' id='block_1_78' title="bbox 458 4859 3743 4941">
    <p class='ocr_par' dir='ltr' id='par_1_78' title="bbox 458 4859 3743 4941">
     <span class='ocr_line' id='line_1_79' title="bbox 458 4859 3743 4941; baseline -0.005 -9"><span class='ocrx_word' id='word_1_783' title='bbox 458 4876 643 4941; x_wconf 79' lang='lat' dir='ltr'><strong>‘tinus,</strong></span> <span class='ocrx_word' id='word_1_784' title='bbox 681 4881 738 4931; x_wconf 81' lang='lat' dir='ltr'><strong>et</strong></span> <span class='ocrx_word' id='word_1_785' title='bbox 767 4884 959 4927; x_wconf 87' lang='lat' dir='ltr'><strong>omnes</strong></span> <span class='ocrx_word' id='word_1_786' title='bbox 984 4875 1170 4924; x_wconf 89' lang='lat' dir='ltr'><strong>contra</strong></span> <span class='ocrx_word' id='word_1_787' title='bbox 1198 4866 1512 4925; x_wconf 88' lang='lat' dir='ltr'><strong>Creatorem</strong></span> <span class='ocrx_word' id='word_1_788' title='bbox 1533 4867 1892 4936; x_wconf 86' lang='lat' dir='ltr'><strong>disputantes,</strong></span> <span class='ocrx_word' id='word_1_789' title='bbox 1912 4879 2052 4919; x_wconf 85' lang='lat' dir='ltr'><strong>vana</strong></span> <span class='ocrx_word' id='word_1_790' title='bbox 2158 4865 2457 4920; x_wconf 78' lang='lat' dir='ltr'><strong>dimentum</strong></span> <span class='ocrx_word' id='word_1_791' title='bbox 2522 4861 2809 4917; x_wconf 83' lang='lat' dir='ltr'><strong>ministerii</strong></span> <span class='ocrx_word' id='word_1_792' title='bbox 2869 4860 3128 4917; x_wconf 89' lang='lat' dir='ltr'><strong>divinitus</strong></span> <span class='ocrx_word' id='word_1_793' title='bbox 3181 4860 3417 4933; x_wconf 87' lang='lat' dir='ltr'><strong>impositi</strong></span> <span class='ocrx_word' id='word_1_794' title='bbox 3475 4859 3743 4916; x_wconf 85' lang='lat' dir='ltr'><strong>femineus</strong></span> 
     </span>
    </p>
   </div>
   <div class='ocr_carea' id='block_1_79' title="bbox 472 4953 2724 5036">
    <p class='ocr_par' dir='ltr' id='par_1_79' title="bbox 472 4953 2724 5036">
     <span class='ocr_line' id='line_1_80' title="bbox 472 4953 2724 5036; baseline -0.008 -16"><span class='ocrx_word' id='word_1_795' title='bbox 472 4966 806 5036; x_wconf 84' lang='lat' dir='ltr'><strong>loquuntur;</strong></span> <span class='ocrx_word' id='word_1_796' title='bbox 854 4958 1168 5029; x_wconf 82' lang='lat' dir='ltr'><strong>frequenter</strong></span> <span class='ocrx_word' id='word_1_797' title='bbox 1201 4965 1381 5013; x_wconf 87' lang='lat' dir='ltr'><strong>tamen</strong></span> <span class='ocrx_word' id='word_1_798' title='bbox 1406 4957 1656 5011; x_wconf 88' lang='lat' dir='ltr'><strong>audimus</strong></span> <span class='ocrx_word' id='word_1_799' title='bbox 1692 4964 1753 5009; x_wconf 91' lang='lat' dir='ltr'><strong>ut</strong></span> <span class='ocrx_word' id='word_1_800' title='bbox 1779 4953 2055 5010; x_wconf 86' lang='lat' dir='ltr'><strong>contradi-</strong></span> <span class='ocrx_word' id='word_1_801' title='bbox 2160 4973 2323 5013; x_wconf 80' lang='lat' dir='ltr'><strong>sexus</strong></span> <span class='ocrx_word' id='word_1_802' title='bbox 2352 4954 2724 5010; x_wconf 82' lang='lat' dir='ltr'><strong>comitaretur.</strong></span> 
     </span>
    </p>
   </div>
   <div class='ocr_carea' id='block_1_80' title="bbox 474 5040 3738 5121">
    <p class='ocr_par' dir='ltr' id='par_1_80' title="bbox 474 5040 3738 5121">
     <span class='ocr_line' id='line_1_81' title="bbox 474 5040 3738 5121; baseline -0.006 -7"><span class='ocrx_word' id='word_1_803' title='bbox 474 5070 685 5121; x_wconf 71' lang='lat' dir='ltr'><strong>camus,</strong></span> <span class='ocrx_word' id='word_1_804' title='bbox 711 5052 804 5109; x_wconf 85' lang='lat' dir='ltr'><strong>sed</strong></span> <span class='ocrx_word' id='word_1_805' title='bbox 846 5065 954 5107; x_wconf 90' lang='lat' dir='ltr'><strong>non</strong></span> <span class='ocrx_word' id='word_1_806' title='bbox 987 5048 1301 5119; x_wconf 86' lang='lat' dir='ltr'><strong>recipimus,</strong></span> <span class='ocrx_word' id='word_1_807' title='bbox 1328 5048 1456 5118; x_wconf 89' lang='lat' dir='ltr'><strong>quia</strong></span> <span class='ocrx_word' id='word_1_808' title='bbox 1484 5045 1697 5101; x_wconf 86' lang='lat' dir='ltr'><strong>illorum</strong></span> <span class='ocrx_word' id='word_1_809' title='bbox 1723 5060 1786 5100; x_wconf 87' lang='lat' dir='ltr'><strong>os</strong></span> <span class='ocrx_word' id='word_1_810' title='bbox 1811 5043 2055 5100; x_wconf 84' lang='lat' dir='ltr'><strong>diabolus</strong></span> <span class='ocrx_word' id='word_1_811' title='bbox 2227 5047 2390 5104; x_wconf 70' lang='lat' dir='ltr'><strong>Vsus.</strong></span> <span class='ocrx_word' id='word_1_812' title='bbox 2420 5044 2611 5101; x_wconf 71' lang='lat'><strong>21-25.</strong></span> <span class='ocrx_word' id='word_1_813' title='bbox 2658 5073 2729 5083; x_wconf 93' lang='lat'>—</span> <span class='ocrx_word' id='word_1_814' title='bbox 2773 5041 2888 5113; x_wconf 83' lang='lat' dir='ltr'><strong>Ego</strong></span> <span class='ocrx_word' id='word_1_815' title='bbox 2930 5041 3195 5097; x_wconf 78' lang='lat' dir='ltr'><strong>indurabo</strong></span> <span class='ocrx_word' id='word_1_816' title='bbox 3244 5057 3336 5098; x_wconf 86' lang='lat' dir='ltr'><strong>eor</strong></span> <span class='ocrx_word' id='word_1_817' title='bbox 3380 5041 3517 5113; x_wconf 82' lang='lat' dir='ltr'><strong>ejus.</strong></span> <span class='ocrx_word' id='word_1_818' title='bbox 3553 5040 3738 5114; x_wconf 82' lang='lat' dir='ltr'><strong>(Auc.,</strong></span> 
     </span>
    </p>
   </div>
   <div class='ocr_carea' id='block_1_81' title="bbox 481 5132 3742 5217">
    <p class='ocr_par' dir='ltr' id='par_1_81' title="bbox 481 5132 3742 5217">
     <span class='ocr_line' id='line_1_82' title="bbox 481 5132 3742 5217; baseline -0.005 -14"><span class='ocrx_word' id='word_1_819' title='bbox 481 5146 679 5217; x_wconf 88' lang='lat' dir='ltr'><strong>aperit.</strong></span> <span class='ocrx_word' id='word_1_820' title='bbox 716 5144 979 5215; x_wconf 76' lang='lat' dir='ltr'><strong>Dignatur</strong></span> <span class='ocrx_word' id='word_1_821' title='bbox 1034 5140 1298 5198; x_wconf 85' lang='lat' dir='ltr'><strong>Dominus</strong></span> <span class='ocrx_word' id='word_1_822' title='bbox 1345 5138 1557 5208; x_wconf 87' lang='lat' dir='ltr'><strong>aperire</strong></span> <span class='ocrx_word' id='word_1_823' title='bbox 1584 5153 1647 5194; x_wconf 89' lang='lat' dir='ltr'><strong>os</strong></span> <span class='ocrx_word' id='word_1_824' title='bbox 1694 5147 1962 5203; x_wconf 86' lang='lat' dir='ltr'><strong>nostrum,</strong></span> <span class='ocrx_word' id='word_1_825' title='bbox 1991 5144 2052 5191; x_wconf 89' lang='lat' dir='ltr'><strong>ut</strong></span> <span class='ocrx_word' id='word_1_826' title='bbox 2156 5136 2326 5194; x_wconf 81' lang='lat' dir='ltr'><strong>Serm.</strong></span> <span class='ocrx_word' id='word_1_827' title='bbox 2351 5136 2467 5208; x_wconf 88' lang='lat'><strong>88.)</strong></span> <span class='ocrx_word' id='word_1_828' title='bbox 2497 5135 2638 5202; x_wconf 84' lang='lat' dir='ltr'><strong>Quid</strong></span> <span class='ocrx_word' id='word_1_829' title='bbox 2664 5141 2770 5199; x_wconf 86' lang='lat' dir='ltr'><strong>est,</strong></span> <span class='ocrx_word' id='word_1_830' title='bbox 2798 5150 2892 5205; x_wconf 87' lang='lat' dir='ltr'><strong>ego</strong></span> <span class='ocrx_word' id='word_1_831' title='bbox 2913 5132 3175 5188; x_wconf 86' lang='lat' dir='ltr'><strong>mdurabo</strong></span> <span class='ocrx_word' id='word_1_832' title='bbox 3197 5148 3290 5188; x_wconf 84' lang='lat' dir='ltr'><strong>eor</strong></span> <span class='ocrx_word' id='word_1_833' title='bbox 3320 5132 3459 5204; x_wconf 83' lang='lat' dir='ltr'><strong>ejus,</strong></span> <span class='ocrx_word' id='word_1_834' title='bbox 3479 5132 3586 5189; x_wconf 88' lang='lat' dir='ltr'><strong>nisi</strong></span> <span class='ocrx_word' id='word_1_835' title='bbox 3614 5147 3742 5188; x_wconf 80' lang='lat' dir='ltr'><strong>cum</strong></span> 
     </span>
    </p>
   </div>
   <div class='ocr_carea' id='block_1_82' title="bbox 476 5222 3743 5314">
    <p class='ocr_par' dir='ltr' id='par_1_82' title="bbox 476 5222 3743 5314">
     <span class='ocr_line' id='line_1_83' title="bbox 476 5222 3743 5314; baseline -0.006 -18"><span class='ocrx_word' id='word_1_836' title='bbox 476 5240 753 5314; x_wconf 80' lang='lat' dir='ltr'><strong>possimus</strong></span> <span class='ocrx_word' id='word_1_837' title='bbox 775 5236 1237 5295; x_wconf 82' lang='lat' dir='ltr'><strong>contradicentem</strong></span> <span class='ocrx_word' id='word_1_838' title='bbox 1278 5235 1579 5299; x_wconf 88' lang='lat' dir='ltr'><strong>revincere,</strong></span> <span class='ocrx_word' id='word_1_839' title='bbox 1628 5240 1685 5288; x_wconf 88' lang='lat' dir='ltr'><strong>et</strong></span> <span class='ocrx_word' id='word_1_840' title='bbox 1711 5233 2054 5291; x_wconf 83' lang='lat' dir='ltr'><strong>obturareos</strong></span> <span class='ocrx_word' id='word_1_841' title='bbox 2154 5228 2388 5284; x_wconf 85' lang='lat' dir='ltr'><strong>abfuerit</strong></span> <span class='ocrx_word' id='word_1_842' title='bbox 2433 5226 2612 5298; x_wconf 86' lang='lat' dir='ltr'><strong>gratia</strong></span> <span class='ocrx_word' id='word_1_843' title='bbox 2666 5239 2810 5291; x_wconf 89' lang='lat' dir='ltr'><strong>mea,</strong></span> <span class='ocrx_word' id='word_1_844' title='bbox 2846 5225 3079 5280; x_wconf 80' lang='lat' dir='ltr'><strong>obduret</strong></span> <span class='ocrx_word' id='word_1_845' title='bbox 3106 5224 3257 5280; x_wconf 84' lang='lat' dir='ltr'><strong>illum</strong></span> <span class='ocrx_word' id='word_1_846' title='bbox 3310 5223 3551 5295; x_wconf 81' lang='lat' dir='ltr'><strong>nequitia</strong></span> <span class='ocrx_word' id='word_1_847' title='bbox 3598 5222 3743 5280; x_wconf 77' lang='lat' dir='ltr'><strong>sua!</strong></span> 
     </span>
    </p>
   </div>
   <div class='ocr_carea' id='block_1_83' title="bbox 474 5319 3742 5403">
    <p class='ocr_par' dir='ltr' id='par_1_83' title="bbox 474 5319 3742 5403">
     <span class='ocr_line' id='line_1_84' title="bbox 474 5319 3742 5403; baseline -0.004 -15"><span class='ocrx_word' id='word_1_848' title='bbox 474 5331 620 5403; x_wconf 86' lang='lat' dir='ltr'><strong>quod</strong></span> <span class='ocrx_word' id='word_1_849' title='bbox 647 5330 890 5387; x_wconf 82' lang='lat' dir='ltr'><strong>diabolus</strong></span> <span class='ocrx_word' id='word_1_850' title='bbox 913 5329 1109 5402; x_wconf 86' lang='lat' dir='ltr'><strong>aperit.</strong></span> <span class='ocrx_word' id='word_1_851' title='bbox 2156 5323 2311 5377; x_wconf 84' lang='lat' dir='ltr'><strong>Sicut</strong></span> <span class='ocrx_word' id='word_1_852' title='bbox 2336 5320 2552 5391; x_wconf 88' lang='lat' dir='ltr'><strong>quoties</strong></span> <span class='ocrx_word' id='word_1_853' title='bbox 2585 5319 2754 5375; x_wconf 89' lang='lat' dir='ltr'><strong>nimio</strong></span> <span class='ocrx_word' id='word_1_854' title='bbox 2782 5319 2987 5391; x_wconf 88' lang='lat' dir='ltr'><strong>frigore</strong></span> <span class='ocrx_word' id='word_1_855' title='bbox 3011 5320 3399 5393; x_wconf 76' lang='lat' dir='ltr'><strong>constringitur</strong></span> <span class='ocrx_word' id='word_1_856' title='bbox 3416 5334 3579 5392; x_wconf 80' lang='lat' dir='ltr'><strong>aqua,</strong></span> <span class='ocrx_word' id='word_1_857' title='bbox 3610 5319 3742 5376; x_wconf 85' lang='lat' dir='ltr'><strong>solis</strong></span> 
     </span>
    </p>
   </div>
   <div class='ocr_carea' id='block_1_84' title="bbox 546 5410 3742 5488">
    <p class='ocr_par' dir='ltr' id='par_1_84' title="bbox 546 5410 3742 5488">
     <span class='ocr_line' id='line_1_85' title="bbox 546 5410 3742 5488; baseline -0.004 -8"><span class='ocrx_word' id='word_1_858' title='bbox 546 5422 711 5480; x_wconf 72' lang='lat' dir='ltr'><strong>Vens.</strong></span> <span class='ocrx_word' id='word_1_859' title='bbox 758 5422 846 5476; x_wconf 85' lang='grc'><strong>11.</strong></span> <span class='ocrx_word' id='word_1_860' title='bbox 876 5451 946 5462; x_wconf 92' lang='grc'><strong><em>-</em></strong></span> <span class='ocrx_word' id='word_1_861' title='bbox 986 5419 1116 5485; x_wconf 85' lang='lat' dir='ltr'><strong>Quis</strong></span> <span class='ocrx_word' id='word_1_862' title='bbox 1162 5418 1283 5488; x_wconf 78' lang='lat' dir='ltr'><strong>fecit</strong></span> <span class='ocrx_word' id='word_1_863' title='bbox 1327 5433 1383 5471; x_wconf 87' lang='lat' dir='ltr'><strong>os</strong></span> <span class='ocrx_word' id='word_1_864' title='bbox 1424 5414 1686 5470; x_wconf 77' lang='lat' dir='ltr'><strong>hominis?</strong></span> <span class='ocrx_word' id='word_1_865' title='bbox 1724 5423 1829 5470; x_wconf 92' lang='lat' dir='ltr'><strong>etc.</strong></span> <span class='ocrx_word' id='word_1_866' title='bbox 1867 5413 2050 5486; x_wconf 57' lang='lat' dir='ltr'><strong>(Aura,</strong></span> <span class='ocrx_word' id='word_1_867' title='bbox 2155 5415 2337 5470; x_wconf 89' lang='lat' dir='ltr'><strong>calore</strong></span> <span class='ocrx_word' id='word_1_868' title='bbox 2364 5413 2780 5483; x_wconf 90' lang='lat' dir='ltr'><strong>superveniente</strong></span> <span class='ocrx_word' id='word_1_869' title='bbox 2831 5411 3159 5476; x_wconf 89' lang='lat' dir='ltr'><strong>resolvitur;</strong></span> <span class='ocrx_word' id='word_1_870' title='bbox 3196 5419 3253 5466; x_wconf 92' lang='lat' dir='ltr'><strong>et</strong></span> <span class='ocrx_word' id='word_1_871' title='bbox 3288 5411 3600 5468; x_wconf 85' lang='lat' dir='ltr'><strong>discedente</strong></span> <span class='ocrx_word' id='word_1_872' title='bbox 3628 5410 3742 5468; x_wconf 86' lang='lat' dir='ltr'><strong>sole</strong></span> 
     </span>
    </p>
   </div>
   <div class='ocr_carea' id='block_1_85' title="bbox 477 5500 3741 5588">
    <p class='ocr_par' dir='ltr' id='par_1_85' title="bbox 477 5500 3741 5588">
     <span class='ocr_line' id='line_1_86' title="bbox 477 5500 3741 5588; baseline -0.005 -19"><span class='ocrx_word' id='word_1_873' title='bbox 477 5513 678 5582; x_wconf 70' lang='lat' dir='ltr'><strong>Quwst.</strong></span> <span class='ocrx_word' id='word_1_874' title='bbox 711 5512 789 5588; x_wconf 89' lang='lat'><strong>8.)</strong></span> <span class='ocrx_word' id='word_1_875' title='bbox 823 5513 960 5567; x_wconf 87' lang='lat' dir='ltr'><strong>Sunt</strong></span> <span class='ocrx_word' id='word_1_876' title='bbox 997 5510 1087 5581; x_wconf 89' lang='lat' dir='ltr'><strong>qui</strong></span> <span class='ocrx_word' id='word_1_877' title='bbox 1143 5509 1251 5563; x_wconf 92' lang='lat' dir='ltr'><strong>Deo</strong></span> <span class='ocrx_word' id='word_1_878' title='bbox 1290 5507 1702 5570; x_wconf 86' lang='lat' dir='ltr'><strong>calumnientur,</strong></span> <span class='ocrx_word' id='word_1_879' title='bbox 1747 5506 1833 5561; x_wconf 91' lang='lat' dir='ltr'><strong>vel</strong></span> <span class='ocrx_word' id='word_1_880' title='bbox 1878 5506 2055 5575; x_wconf 90' lang='lat' dir='ltr'><strong>potius</strong></span> <span class='ocrx_word' id='word_1_881' title='bbox 2157 5508 2353 5562; x_wconf 88' lang='lat' dir='ltr'><strong>iterum</strong></span> <span class='ocrx_word' id='word_1_882' title='bbox 2379 5505 2716 5560; x_wconf 85' lang='lat' dir='ltr'><strong>obduratur:</strong></span> <span class='ocrx_word' id='word_1_883' title='bbox 2760 5503 2835 5558; x_wconf 84' lang='lat' dir='ltr'><strong>ita</strong></span> <span class='ocrx_word' id='word_1_884' title='bbox 2872 5514 3217 5574; x_wconf 85' lang='lat' dir='ltr'><strong>peccatorum</strong></span> <span class='ocrx_word' id='word_1_885' title='bbox 3262 5500 3466 5572; x_wconf 88' lang='lat' dir='ltr'><strong>frigore</strong></span> <span class='ocrx_word' id='word_1_886' title='bbox 3508 5502 3741 5571; x_wconf 83' lang='lat' dir='ltr'><strong>refrige-</strong></span> 
     </span>
    </p>
   </div>
   <div class='ocr_carea' id='block_1_86' title="bbox 477 5594 3739 5677">
    <p class='ocr_par' dir='ltr' id='par_1_86' title="bbox 477 5594 3739 5677">
     <span class='ocr_line' id='line_1_87' title="bbox 477 5594 3739 5677; baseline -0.005 -13"><span class='ocrx_word' id='word_1_887' title='bbox 477 5606 771 5677; x_wconf 72' lang='lat' dir='ltr'><strong>Scripturm</strong></span> <span class='ocrx_word' id='word_1_888' title='bbox 802 5606 1011 5663; x_wconf 81' lang='lat' dir='ltr'><strong>Veteris</strong></span> <span class='ocrx_word' id='word_1_889' title='bbox 1046 5602 1380 5659; x_wconf 85' lang='lat' dir='ltr'><strong>Testamenti</strong></span> <span class='ocrx_word' id='word_1_890' title='bbox 1413 5601 1537 5670; x_wconf 89' lang='lat' dir='ltr'><strong>quia</strong></span> <span class='ocrx_word' id='word_1_891' title='bbox 1576 5599 1709 5653; x_wconf 77' lang='lat' dir='ltr'><strong>dixit</strong></span> <span class='ocrx_word' id='word_1_892' title='bbox 1750 5599 1888 5653; x_wconf 89' lang='lat' dir='ltr'><strong>Deus</strong></span> <span class='ocrx_word' id='word_1_893' title='bbox 1913 5595 2053 5667; x_wconf 87' lang='lat' dir='ltr'><strong>quod</strong></span> <span class='ocrx_word' id='word_1_894' title='bbox 2156 5600 2260 5656; x_wconf 85' lang='lat' dir='ltr'><strong>scit</strong></span> <span class='ocrx_word' id='word_1_895' title='bbox 2288 5598 2530 5654; x_wconf 80' lang='lat' dir='ltr'><strong>Charitas</strong></span> <span class='ocrx_word' id='word_1_896' title='bbox 2558 5596 2873 5662; x_wconf 89' lang='lat' dir='ltr'><strong>multorum,</strong></span> <span class='ocrx_word' id='word_1_897' title='bbox 2896 5607 2952 5651; x_wconf 89' lang='lat' dir='ltr'><strong>et</strong></span> <span class='ocrx_word' id='word_1_898' title='bbox 2976 5595 3119 5650; x_wconf 89' lang='lat' dir='ltr'><strong>velut</strong></span> <span class='ocrx_word' id='word_1_899' title='bbox 3147 5594 3345 5664; x_wconf 82' lang='lat' dir='ltr'><strong>glacies</strong></span> <span class='ocrx_word' id='word_1_900' title='bbox 3367 5594 3739 5667; x_wconf 61' lang='lat' dir='ltr'><strong>obdurammﬁ;</strong></span> 
     </span>
    </p>
   </div>
   <div class='ocr_carea' id='block_1_87' title="bbox 479 5687 3739 5763">
    <p class='ocr_par' dir='ltr' id='par_1_87' title="bbox 479 5687 3739 5763">
     <span class='ocr_line' id='line_1_88' title="bbox 479 5687 3739 5763; baseline -0.004 -8"><span class='ocrx_word' id='word_1_901' title='bbox 479 5700 668 5755; x_wconf 82' lang='lat' dir='ltr'><strong>fecerit</strong></span> <span class='ocrx_word' id='word_1_902' title='bbox 698 5708 925 5753; x_wconf 89' lang='lat' dir='ltr'><strong>mutum.</strong></span> <span class='ocrx_word' id='word_1_903' title='bbox 973 5695 1108 5763; x_wconf 90' lang='lat' dir='ltr'><strong>Quid</strong></span> <span class='ocrx_word' id='word_1_904' title='bbox 1161 5710 1288 5763; x_wconf 82' lang='lat' dir='ltr'><strong>ergo</strong></span> <span class='ocrx_word' id='word_1_905' title='bbox 1317 5694 1502 5749; x_wconf 80' lang='lat' dir='ltr'><strong>dicunt</strong></span> <span class='ocrx_word' id='word_1_906' title='bbox 1530 5692 1595 5747; x_wconf 88' lang='lat' dir='ltr'><strong>de</strong></span> <span class='ocrx_word' id='word_1_907' title='bbox 1624 5690 1839 5747; x_wconf 84' lang='lat' dir='ltr'><strong>Christo</strong></span> <span class='ocrx_word' id='word_1_908' title='bbox 1870 5700 2054 5760; x_wconf 87' lang='lat' dir='ltr'><strong>aperte</strong></span> <span class='ocrx_word' id='word_1_909' title='bbox 2156 5700 2210 5746; x_wconf 89' lang='lat' dir='ltr'><strong>et</strong></span> <span class='ocrx_word' id='word_1_910' title='bbox 2243 5705 2363 5744; x_wconf 88' lang='lat' dir='ltr'><strong>cum</strong></span> <span class='ocrx_word' id='word_1_911' title='bbox 2391 5689 2538 5743; x_wconf 84' lang='lat' dir='ltr'><strong>calor</strong></span> <span class='ocrx_word' id='word_1_912' title='bbox 2561 5689 2753 5742; x_wconf 84' lang='lat' dir='ltr'><strong>divinae</strong></span> <span class='ocrx_word' id='word_1_913' title='bbox 2788 5687 3176 5746; x_wconf 69' lang='lat' dir='ltr'><strong>misericordia:</strong></span> <span class='ocrx_word' id='word_1_914' title='bbox 3203 5691 3612 5763; x_wconf 88' lang='lat' dir='ltr'><strong>supervenerit,</strong></span> <span class='ocrx_word' id='word_1_915' title='bbox 3650 5706 3739 5746; x_wconf 79' lang='lat' dir='ltr'><strong>re-</strong></span> 
     </span>
    </p>
   </div>
   <div class='ocr_carea' id='block_1_88' title="bbox 479 5779 3741 5858">
    <p class='ocr_par' dir='ltr' id='par_1_88' title="bbox 479 5779 3741 5858">
     <span class='ocr_line' id='line_1_89' title="bbox 479 5779 3741 5858; baseline -0.004 -11"><span class='ocrx_word' id='word_1_916' title='bbox 479 5791 695 5847; x_wconf 85' lang='lat' dir='ltr'><strong>dicente</strong></span> <span class='ocrx_word' id='word_1_917' title='bbox 736 5789 893 5846; x_wconf 75' lang='lat' dir='ltr'><strong>Joan.</strong></span> <span class='ocrx_word' id='word_1_918' title='bbox 942 5803 1015 5843; x_wconf 81' lang='lat' dir='ltr'><strong>x:</strong></span> <span class='ocrx_word' id='word_1_919' title='bbox 1070 5787 1180 5858; x_wconf 75' lang='lat' dir='ltr'><strong>Ego</strong></span> <span class='ocrx_word' id='word_1_920' title='bbox 1228 5787 1362 5851; x_wconf 79' lang='lat' dir='ltr'><strong>ueni,</strong></span> <span class='ocrx_word' id='word_1_921' title='bbox 1413 5796 1465 5839; x_wconf 83' lang='lat' dir='ltr'><strong>ut</strong></span> <span class='ocrx_word' id='word_1_922' title='bbox 1502 5784 1590 5855; x_wconf 86' lang='lat' dir='ltr'><strong>qui</strong></span> <span class='ocrx_word' id='word_1_923' title='bbox 1622 5801 1727 5839; x_wconf 85' lang='lat' dir='ltr'><strong>non</strong></span> <span class='ocrx_word' id='word_1_924' title='bbox 1770 5784 1938 5838; x_wconf 76' lang='lat' dir='ltr'><strong>vident</strong></span> <span class='ocrx_word' id='word_1_925' title='bbox 1977 5783 2055 5837; x_wconf 80' lang='grc' dir='ltr'><strong>υἱ-</strong></span> <span class='ocrx_word' id='word_1_926' title='bbox 2157 5782 2456 5839; x_wconf 63' lang='lat' dir='ltr'><strong>solvuntur.</strong></span> <span class='ocrx_word' id='word_1_927' title='bbox 2510 5779 2623 5835; x_wconf 87' lang='lat' dir='ltr'><strong>Hoc</strong></span> <span class='ocrx_word' id='word_1_928' title='bbox 2674 5780 2724 5839; x_wconf 86' lang='lat' dir='ltr'><strong>in</strong></span> <span class='ocrx_word' id='word_1_929' title='bbox 2781 5784 3061 5838; x_wconf 76' lang='lat' dir='ltr'><strong>Pharaone</strong></span> <span class='ocrx_word' id='word_1_930' title='bbox 3107 5783 3502 5855; x_wconf 88' lang='lat' dir='ltr'><strong>cognoscimus,</strong></span> <span class='ocrx_word' id='word_1_931' title='bbox 3552 5796 3583 5835; x_wconf 89' lang='lat' dir='ltr'><strong>a</strong></span> <span class='ocrx_word' id='word_1_932' title='bbox 3633 5794 3741 5852; x_wconf 87' lang='lat' dir='ltr'><strong>quo</strong></span> 
     </span>
    </p>
   </div>
  </div>
