3998 6332
290 382 398 440 10⁸1

1324 370 1594 429 GLOSSA
1629 365 2025 427 0RDINARIA.
2054 396 2124 405 —
2161 362 2288 423 LIB.
2327 365 2536 425 EXOD.

3458 369 3561 431 198

290 493 513 568 quoties
556 488 766 563 ﬂagella
816 497 1023 545 remota
1072 496 1219 551 sunt,
1252 502 1312 543 se
1358 496 1547 543 contra
1576 485 1745 541 Deum
1779 485 1876 539 ob-
1902 485 1951 547 Α
1978 496 2106 552 ergo
2124 481 2189 535 de
2211 479 2446 552 [Egypto
2471 496 2484 534 :
2511 492 2896 548 rennquenuus
2916 485 3001 533 est
3022 478 3274 547 mundus,
3290 496 3399 538 non
3418 481 3555 547 loco,

296 588 531 644 duratus
584 581 796 645 erexit;
853 580 1066 651 quoties
1121 578 1349 635 aﬁlictus
1379 588 1483 645 est,
1536 578 1875 650 supplicavit.

291 677 417 733 Non
456 684 545 731 est
566 689 696 745 ergo
724 671 980 741 iniquitas
1016 671 1066 725 in
1100 671 1229 725 Deo.
1282 669 1433 725 Unde
1480 684 1586 724 non
1638 677 1746 722 tam
1780 681 1875 737 po-

292 770 465 826 tentia
489 752 649 839 quam
678 765 935 837 patientia
962 764 1057 819 Dei
1084 764 1425 820 Pharaonem
1448 763 1576 818 fecit
1597 759 1875 817 obdurari.

291 862 468 929 Quam
500 874 615 914 rem
651 858 812 913 etiam
841 857 985 911 circa
1037 856 1354 911 vernaculos
1402 864 1616 910 nostros
1646 853 1881 908 solemus

289 968 574 1017 exercere,
589 952 788 1021 quibus
811 950 1123 1018 frequenter
1142 949 1493 1019 peccantibus
1518 946 1875 1018 indulgemus,

292 1046 577 1102 dicentes:
608 1042 720 1112 Ego
746 1040 906 1095 talem
952 1049 1003 1094 te
1050 1039 1175 1101 feci,
1203 1055 1302 1111 ego
1329 1040 1422 1093 tibi
1458 1038 1730 1110 parcendo
1757 1051 1881 1108 pro-

292 1134 526 1191 terviam
550 1143 698 1189 tuam
722 1130 1207 1203 negligentiamque
1229 1130 1449 1185 nutrivi.

364 1226 527 1280 Vens.
570 1223 662 1278 24.
692 1253 762 1263 --
807 1220 1049 1276 Occurrit
1104 1222 1150 1276 ei
1206 1221 1486 1287 Dominus,
1537 1229 1644 1275 etc.
1693 1218 1877 1290 (Auo.,

288 1315 495 1383 Qua-st.
526 1315 585 1370 ﬂ
633 1316 687 1368 in
717 1310 915 1383 Exod.)
952 1311 1068 1366 Alia
1100 1311 1314 1366 littera:
1364 1310 1433 1364 Et
1472 1310 1667 1379 factum
1709 1318 1783 1365 est
1823 1311 1880 1363 in

289 1409 378 1463 uia
411 1407 480 1461 ad
508 1405 862 1475 refectionem,
903 1404 1125 1458 obuiauit
1154 1406 1202 1457 ei
1245 1402 1477 1473 angelus,
1528 1411 1577 1457 et
1616 1401 1879 1474 quaerebat

287 1516 411 1553 eum
460 1498 733 1552 occidere:
778 1506 825 1550 et
870 1505 1138 1566 assumpto
1167 1494 1400 1565 Sep/mra
1429 1494 1632 1549 calculo
1658 1495 1881 1549 circum-

286 1589 418 1643 cidit
442 1589 759 1658 prceputiam
781 1586 885 1656 ﬁlii
908 1588 1014 1651 sui,
1059 1596 1107 1639 et
1151 1586 1379 1655 procidit
1417 1586 1486 1638 ad
1510 1585 1663 1655 pedes
1686 1585 1803 1653 ejus
1829 1593 1878 1638 et

284 1681 465 1735 dixit:
500 1678 655 1735 Stetit
708 1678 923 1748 sanguis
967 1668 1379 1731 circumcisionis
1425 1675 1642 1744 infantis
1682 1674 1804 1739 mei,
1830 1684 1879 1729 et

287 1770 500 1824 recessit
524 1766 591 1821 ab
614 1780 675 1821 eo
722 1776 933 1837 prapter
968 1766 1066 1819 ltoc
1093 1766 1233 1836 quod
1278 1765 1446 1818 dixit:
1480 1764 1634 1819 Stetit
1661 1765 1879 1833 sanguis

284 1858 726 1916 circumcisionis.
758 1857 1001 1912 Primum
1044 1856 1306 1925 quzeritur
1333 1870 1495 1926 quem
1530 1855 1745 1910 volebat
1778 1870 1876 1909 an-

284 1954 443 2026 gelus
470 1952 800 2016 interﬁcere,
827 1958 957 2016 etc.,
1006 1966 1171 2020 usque
1219 1950 1288 2003 ad
1335 1964 1532 2020 magno
1582 1948 1689 2003 nisi
1713 1947 1871 2004 fallor

285 2055 648 2103 sacramento.

361 2136 524 2193 Vsus.
550 2137 642 2202 25,
673 2134 763 2191 26.
789 2165 861 2178 ——
887 2134 1125 2206 Sponsus
1168 2135 1485 2206 sanguinum
1524 2143 1603 2200 tu,
1630 2142 1736 2189 etc.
1777 2131 1875 2188 Se-

284 2228 525 2283 cundum
553 2226 861 2293 historiam,
916 2235 1091 2282 mater
1131 2225 1349 2297 gentilis
1398 2225 1672 2281 admirans
1724 2224 1876 2281 novi-

286 2326 458 2373 tatem
486 2318 590 2384 rei,
639 2318 818 2388 potuit
844 2318 1026 2374 dicere
1062 2317 1237 2373 Mosi:
1285 2316 1521 2388 Sponsus
1556 2316 1875 2386 sanguinum

285 2420 346 2465 tu
382 2411 512 2465 mihi
537 2427 635 2476 es;
662 2410 843 2480 quasi,
872 2410 1010 2469 ritus
1032 2418 1136 2465 tuae
1160 2409 1339 2481 gentis
1371 2410 1514 2480 cogit
1543 2424 1630 2465 me
1652 2408 1876 2465 fundere

286 2501 612 2573 sanguinem
646 2500 745 2556 ﬁlii
785 2501 915 2566 mei,
970 2502 1113 2572 quod
1162 2501 1284 2556 aliis
1338 2501 1590 2571 gentibus
1634 2514 1743 2554 non
1792 2510 1876 2555 est

285 2593 479 2648 maris.
508 2592 737 2664 Mystice
789 2601 969 2648 autem
1009 2592 1255 2662 Sephora
1304 2591 1601 2648 Ecelesiam
1649 2591 1717 2645 de
1745 2606 1876 2660 gen-

285 2685 435 2740 tibus
459 2684 749 2756 signiﬁcat,
783 2698 905 2754 quae
945 2684 1263 2755 praeputium
1293 2683 1388 2739 ﬁlii
1414 2683 1519 2750 sui,
1552 2683 1604 2737 id
1632 2691 1716 2738 est
1739 2698 1873 2754 gen-

285 2780 401 2836 tilis
427 2779 633 2850 populi,
658 2779 977 2835 acutissima
1022 2786 1201 2849 petra,
1229 2778 1283 2833 id
1327 2785 1412 2833 est
1436 2775 1673 2847 Spiritus
1699 2776 1874 2831 sancti

285 2872 559 2933 doctrina.
607 2871 693 2927 vel
737 2871 829 2926 illa
857 2878 1008 2941 petra
1057 2870 1124 2925 de
1171 2885 1279 2939 qua
1308 2870 1508 2935 dicitur;
1554 2868 1596 2923 ll
1646 2867 1871 2924 (ἔοι-,χε

286 2961 449 3017 Petra
474 2972 652 3017 autem
700 2972 811 3016 erat
857 2959 1119 3026 Christus,
1175 2959 1460 3030 etSpoliat,
1498 2967 1557 3014 ut
1585 2957 1876 3013 mundetur

284 3056 355 3110 ab
378 3056 530 3110 omni
558 3054 966 3125 inquinamento
995 3051 1176 3107 carnis
1197 3061 1253 3107 et
1291 3051 1544 3120 spiritus:
1596 3048 1665 3103 Et
1715 3057 1873 3103 exuat

282 3144 507 3200 veterem
544 3146 808 3200 hominem
856 3160 973 3197 cum
1024 3144 1227 3198 actibus
1270 3142 1378 3197 suis
1426 3140 1562 3212 (Col.
1593 3138 1698 3210 111).
1753 3138 1875 3195 Stat

1978 569 2073 625 sed
2102 569 2307 630 animo,
2331 569 2378 624 si
2403 568 2649 623 volumus
2671 567 2874 622 servire
2899 567 3144 624 Domino.
3170 569 3300 626 Inde
3323 569 3558 629 Joannes

1978 659 2088 713 ait:
2123 655 2329 723 Filioli,
2363 656 2521 712 nolite
2542 655 2756 727 diligere
2794 656 3068 724 mundum,
3089 673 3249 729 neque
3274 675 3336 715 ea
3358 676 3476 731 quia
3506 663 3561 718 in

1978 749 2173 803 mundo
2207 758 2327 803 sunt
2355 746 2409 819 (Ι
2427 748 2590 803 Joan.
2627 750 2710 819 11).

2050 840 2214 893 Vens.
2244 837 2298 892 2.
2331 868 2397 877 —
2424 836 2528 903 Qui
2562 847 2638 892 est
2667 837 2921 892 Dominus
2949 838 2975 892 ?
3001 837 3323 911 Superbiam
3355 841 3556 899 diaboli

1978 930 2254 1000 exprimit,
2304 929 2397 999 qui
2437 929 2593 984 subdi
2639 929 2749 984 Deo
2778 916 3148 991 contemnens,
3195 932 3308 988 ait:
3363 931 3562 990 Similis

1978 1036 2070 1075 ero
2098 1019 2370 1073 Altissimo
2422 1018 2556 1088 (Isa.
2581 1018 2693 1090 11v)
2722 1035 2737 1086 ;
2770 1029 2826 1075 et
2843 1020 2999 1090 quasi
3026 1021 3092 1076 de
3121 1020 3335 1079 Domini
3363 1024 3563 1080 nativi-

1980 1119 2095 1166 tate
2122 1110 2399 1174 dubitans,
2422 1109 2593 1164 dicit:

2052 1220 2118 1277 Si
2156 1219 2330 1275 Filius
2374 1219 2471 1274 Dei
2515 1238 2588 1285 es,
2633 1221 2719 1276 dic
2764 1232 2821 1277 ut
2862 1222 3063 1293 lapides
3110 1225 3198 1279 isti
3247 1242 3408 1294 panes
3431 1228 3565 1298 ﬁant

1982 1311 2196 1384 (Matth.
2229 1310 2328 1384 1v).
2365 1311 2557 1366 Postea
2598 1326 2725 1367 vero
2753 1313 2905 1383 quasi
2934 1323 3121 1370 eoacte
3152 1315 3426 1374 demones
3448 1318 3561 1374 cla~

1981 1410 2304 1456 maverunt:
2359 1401 2499 1467 Quid
2540 1402 2724 1457 uenisti
2763 1412 2885 1458 ante
2921 1413 3123 1475 tempus
3167 1415 3407 1478 torquere
3429 1408 3567 1464 nos?

1982 1493 2194 1549 Scimus
2229 1495 2352 1564 quia
2380 1511 2435 1549 es
2460 1493 2636 1550 Filius
2685 1495 2782 1549 Dei
2835 1494 3052 1567 (Matth.
3081 1499 3220 1567 vm).
3271 1500 3402 1556 Post
3452 1510 3567 1558 tor-

1982 1592 2163 1638 menta
2189 1584 2386 1649 sciunt,
2415 1600 2538 1655 qua:
2558 1593 2681 1640 ante
2707 1587 2848 1641 scire
2875 1587 3179 1643 noluerant.
3204 1585 3415 1646 Phara'o
3434 1607 3568 1662 quo-

1982 1689 2088 1744 que
2106 1675 2424 1731 verberatus
2452 1686 2550 1746 pro
2576 1692 2634 1732 se
2661 1678 2952 1748 supplicari
2980 1682 3047 1736 ad
3074 1680 3360 1738 Dominum
3390 1696 3563 1757 rogat.

1984 1764 2117 1830 Quis
2138 1776 2215 1820 est
2240 1766 2507 1835 dominus,
2536 1777 2592 1822 ut
2619 1770 2834 1823 audiam
2860 1788 3033 1826 vocem
3075 1775 3190 1843 ejus
3213 1776 3239 1829 .’
3265 1784 3371 1831 etc.
3402 1750 3566 1833 Vides

1902 1868 1952 1931 Β
1981 1857 2108 1924 quid
2135 1857 2246 1927 agit
2272 1858 2439 1912 cruda
2468 1860 2718 1929 superbia
2748 1876 2763 1925 ;
2788 1861 3039 1916 videbitis
3069 1864 3228 1932 paulo
3251 1872 3374 1934 post
3396 1880 3571 1935 quan-

1971 1956 2086 2003 tum
2114 1948 2328 2017 proﬁcit
2354 1950 2408 2004 in
2439 1947 2696 2020 ﬂagellis:
2727 1961 2991 2022 quantum
3014 1955 3210 2008 melior
3238 1955 3556 2012 verberatus

1970 2038 2239 2104 efﬁcitur;
2271 2039 2363 2109 qui
2399 2041 2557 2095 modo
2586 2040 2740 2107 dicit,
2793 2042 2988 2098 Nescio
3034 2043 3346 2113 Dominum,
3377 2047 3563 2103 verbe-

1972 2142 2127 2186 ratus
2150 2133 2394 2188 dicturus
2420 2144 2504 2189 est
2531 2151 2543 2186 :
2593 2133 2763 2190 Orate
2806 2151 2906 2206 pro
2929 2152 3016 2191 me
3061 2137 3368 2193 Dominum.
3396 2138 3567 2196 Nemo

1975 2236 2106 2292 ergo
2133 2222 2205 2276 ita
2239 2224 2543 2278 ineruditus
2592 2223 2661 2277 sit
2687 2224 2885 2279 divinae
2923 2226 3237 2296 disciplinae,
3268 2237 3325 2282 ut
3352 2226 3564 2300 ﬂagella

1974 2313 2158 2368 divina
2181 2314 2475 2384 perniciem
2518 2323 2670 2385 putet
2703 2322 2760 2370 et
2803 2316 3069 2385 poenalem
3095 2316 3395 2373 interitum.
3425 2315 3566 2375 Ecce

1975 2408 2138 2462 etiam
2169 2406 2379 2462 Pharao
2406 2407 2727 2463 durissimus
2772 2407 2989 2478 proﬁcit
3042 2408 3401 2465 verberatus:
3435 2420 3564 2467 ante

1976 2500 2121 2553 enim
2148 2501 2370 2555 verbera
2398 2499 2685 2555 Dominum
2716 2500 2907 2565 nescit,
2930 2500 3354 2573 verberatusque
3374 2518 3473 2574 pro
3499 2519 3560 2560 se

1976 2600 2131 2662 rogat
2154 2591 2443 2661 supplicari
2468 2608 2482 2657 ;
2511 2599 2565 2646 et
2605 2592 2895 2662 proﬁciens
2923 2593 2977 2647 in
3026 2593 3222 2665 poenis,
3266 2594 3371 2650 scit
3394 2609 3564 2663 agno-

1976 2700 2128 2741 scere
2153 2701 2251 2740 cur
2271 2684 2542 2753 puniatur.
2583 2685 2797 2751 Nescio,
2825 2686 2920 2752 ait,
2948 2684 3252 2740 Dominum.
3284 2685 3341 2741 In
3383 2686 3566 2743 Evan-

1978 2777 2118 2849 gelio
2147 2778 2467 2831 verberatus
2495 2777 2748 2831 emendat
2793 2777 2932 2831 hanc
2958 2792 3172 2843 vocem,
3202 2777 3330 2849 quia
3358 2777 3563 2835 daemo-

1976 2884 2074 2924 nes
2096 2868 2505 2922 clamaverunt:
2539 2865 2745 2922 Scimus
2790 2878 2840 2922 te
2881 2867 2997 2938 quis
3024 2868 3137 2922 sis:
3186 2878 3241 2922 tu
3285 2884 3339 2923 es
3384 2866 3564 2925 Filius

1977 2962 2076 3018 Dei
2102 2962 2216 3017 vivi.
2242 2961 2371 3017 Post
2397 2961 2606 3032 ﬂagella
2634 2962 2796 3016 etiam
2824 2960 2987 3016 lsrael
3014 2960 3267 3027 dimittet,
3299 2970 3353 3017 et
3394 2963 3558 3017 etiam

1976 3054 2191 3125 urgebit
2216 3054 2385 3108 exire.
2430 3052 2593 3107 Nulla
2625 3054 2762 3107 enim
2790 3054 3009 3106 societas
3038 3051 3144 3105 luci
3191 3052 3261 3105 ad
3304 3051 3561 3119 tenebras,

1978 3143 2127 3199 nulla
2150 3160 2272 3213 pars
2296 3141 2442 3212 ﬁdeli
2472 3159 2591 3197 cum
2616 3142 2817 3212 inﬁdeli
2843 3142 2891 3213 (1
2899 3142 2929 3197 I
2953 3141 3077 3197 Cor.
3106 3142 3205 3213 v1).

283 3238 435 3294 enim
497 3238 720 3309 sanguis
776 3235 1207 3291 circumcisionis
1252 3235 1469 3305 quando
1528 3220 1946 3304 corruptibileC
2055 3257 2218 3311 vus.
2261 3255 2314 3309 δ’
2365 3284 2434 3295 _
2472 3254 2614 3308 De"
2668 3253 3013 3308 Hebraeum,
3057 3255 3414 3317 vocum-nos,
3452 3265 3560 3311 etc.

287 3327 396 3382 hoc
422 3326 611 3382 induet
639 3326 1122 3396 incorruptionem.

357 3420 523 3475 Vens.
572 3419 758 3475 27-51.
800 3448 874 3461 -—
921 3419 1164 3490 Dixitque
1203 3417 1482 3483 Dominus,
1515 3426 1622 3473 etc.
1673 3415 1875 3488 (0111s.,

285 3515 435 3569 hom.
465 3512 583 3585 52.)
622 3512 870 3568 Occurrit
897 3511 1077 3567 Aaron
1102 3510 1290 3581 Moysi,
1338 3520 1395 3567 et
1415 3511 1584 3566 exivit
1609 3510 1677 3566 de
1707 3508 1878 3582 Egy-

286 3616 405 3678 pto.
436 3603 545 3659 Sed
572 3605 800 3659 interest
851 3602 941 3657 ubi
977 3611 1231 3659 occurrat
1260 3602 1418 3665 Mosi,
1466 3599 1620 3669 cujus
1661 3617 1723 3657 os
1749 3616 1877 3671 ape-

285 3696 544 3752 riendum
579 3703 665 3749 est
687 3692 1004 3749 aDomino:
1055 3693 1295 3749 occurrit
1321 3701 1502 3746 autem
1533 3693 1588 3746 in
1636 3699 1875 3747 montem

286 3789 407 3845 Dei.
442 3787 636 3843 Merito
658 3801 721 3842 os
745 3784 863 3854 ejus
885 3785 1150 3856 aperitur,
1173 3785 1266 3853 qui
1296 3783 1535 3840 occurrit
1559 3783 1613 3838 in
1638 3792 1876 3839 montem

285 3877 407 3933 Dei.
440 3876 661 3942 Petrus,
687 3873 921 3931 Iacobus
942 3885 997 3931 et
1020 3873 1259 3930 Joannes
1285 3875 1338 3929 in
1365 3882 1550 3929 monte
1573 3881 1629 3929 et
1657 3872 1875 3929 transﬁ-

286 3978 541 4043 guratum
594 3967 879 4023 Dominum
933 3965 1116 4023 Jesum
1177 3967 1361 4022 videre
1410 3971 1766 4030 meruerunt,
1822 3972 1879 4019 et

286 4058 474 4115 Mosen
501 4067 557 4114 et
588 4056 761 4113 Eliam
784 4073 907 4113 cum
934 4057 1051 4127 ipso
1076 4058 1130 4111 in
1163 4056 1353 4127 gloria.
1392 4056 1471 4111 Tu
1499 4069 1735 4125 quoque,
1767 4055 1873 4111 nisi

285 4149 603 4206 ascenderis
641 4156 877 4204 montem
930 4148 1045 4213 Dei,
1077 4157 1133 4203 et
1170 4148 1243 4205 ibi
1291 4147 1595 4204 occurreris
1634 4145 1788 4213 Mosi,
1821 4147 1877 4203 id

284 4250 376 4297 est
406 4242 511 4296 nisi
557 4240 831 4297 excelsum
880 4240 1014 4309 legis
1062 4255 1344 4296 ascensum
1384 4239 1713 4305 ascenderis,
1770 4239 1875 4296 nisi

286 4330 555 4400 spiritalis
598 4329 967 4402 intelligentia:
1010 4344 1275 4386 cacumen
1323 4330 1608 4395 invaseris,
1660 4338 1879 4387 nonest

287 4423 491 4478 ostium
513 4417 763 4491 apertum
794 4438 825 4478 a
850 4422 1095 4478 Domino.
1129 4423 1185 4478 Si
1232 4423 1287 4478 in
1315 4422 1503 4477 humili
1540 4423 1657 4479 loco
1683 4423 1878 4478 littera:

288 4513 533 4576 steteris,
564 4527 670 4567 non
718 4512 1004 4568 occurristi
1040 4511 1174 4567 Mosi
1222 4513 1277 4567 in
1326 4519 1565 4568 montem
1596 4510 1734 4577 Dei;
1767 4527 1874 4567 non

1979 3346 2137 3419 (Anc.
2166 3347 2221 3400 in
2254 3344 2451 3416 Exod.)
2495 3345 2766 3412 Quaaritur
2801 3344 3074 3414 quomodo
3103 3344 3299 3415 populo
3324 3344 3577 3411 dicatur;

1977 3450 2105 3502 etc.,
2146 3456 2305 3509 usque
2330 3440 2399 3492 ad
2425 3447 2483 3491 ut
2505 3438 2713 3506 justum
2733 3433 2996 3504 judicium
3019 3444 3404 3506 consequatur.

2051 3530 2253 3603 (ORIG.)
2283 3529 2576 3585 Moraliter.
2609 3528 2715 3582 lter
2735 3527 2897 3581 tridui
2916 3527 2985 3581 de
3004 3524 3245 3597 Egypto
3267 3526 3565 3596 proﬁcisci-

1978 3641 2121 3690 mur,
2157 3624 2203 3678 si
2232 3624 2303 3678 ita
2343 3639 2443 3678 nos
2485 3623 2553 3676 ab
2602 3622 2748 3677 omni
2804 3620 3214 3690 inquinamento
3260 3620 3476 3686 animat,
3505 3628 3564 3677 et

1978 3715 2242 3785 corporis,
2273 3728 2337 3768 ac
2357 3713 2581 3783 spiritus
2602 3726 3010 3778 conservemus,
3032 3721 3092 3766 ut
3116 3713 3323 3783 integer
3343 3713 3567 3783 spiritus

1977 3818 2183 3872 noster,
2209 3813 2264 3861 et
2315 3804 2513 3871 anima,
2562 3813 2619 3860 et
2660 3820 2880 3876 corpus,
2928 3805 2985 3860 in
3030 3805 3175 3861 diem
3221 3805 3423 3862 Christi
3449 3820 3568 3862 ser-

1977 3912 2153 3957 vetur.

2050 3995 2253 4068 (0310.)
2286 3994 2472 4051 Tridui
2522 3994 2628 4049 iter
2672 3992 3069 4064 proﬁciscimur
3103 3993 3172 4049 de
3223 3991 3481 4066 Egypto,
3515 3995 3563 4050 si

1980 4085 2380 4150 rationabilem,
2436 4085 2717 4148 moralem,
2768 4082 3073 4139 naturalem
3122 4083 3466 4154 sapientiam,
3496 4083 3565 4139 de

1978 4181 2142 4235 rebus
2179 4178 2539 4235 mundialibus
2588 4176 2913 4241 auferentes,
2972 4176 3042 4231 ad
3090 4175 3333 4230 instituta
3381 4174 3563 4230 divina

1978 4270 2366 4326 convertimus.
2416 4268 2602 4323 Tridui
2634 4268 2740 4323 iter
2776 4268 2844 4323 de
2872 4266 3111 4338 Egypto
3145 4264 3564 4336 proﬁciscimur,

1980 4365 2025 4420 si
2048 4363 2398 4435 puriﬁcantes
2433 4361 2486 4416 in
2512 4361 2668 4415 nobis
2687 4359 2850 4424 dicta,
2886 4359 3028 4413 facta
3056 4356 3141 4412 vel
3169 4357 3404 4428 cogitata
3434 4355 3564 4424 (tria

1978 4464 2104 4511 sunt
2138 4453 2285 4509 enim
2311 4454 2428 4508 haee
2450 4465 2549 4521 per
2572 4465 2692 4520 quae
2729 4450 2976 4505 homines
3020 4460 3247 4520 peccare
3290 4445 3563 4517 possunt),

1980 4544 2273 4601 eﬂiciamur
2302 4541 2486 4596 mundi
2530 4540 2715 4603 corde,
2764 4546 2825 4593 ut
2853 4535 3022 4593 Deum
3060 4537 3245 4593 videre
3272 4536 3559 4607 possimus.

286 4618 357 4706 9⁸
384 4610 532 4706 m
559 4602 771 4705 iper?”
798 4602 970 4706 .Deus’
1207 4601 1463 4706 ifmmxif'
1489 4616 1611 4672 qua
1642 4609 1695 4656 ιθ
1898 4585 1956 4647 D
1981 4637 2239 4706 Princeps
2276 4648 2406 4688 vero
2445 4629 2667 4703 Egypti
2689 4585 2779 4683 ubi
2807 4628 2955 4683 videt
2978 4641 3038 4683 se
3063 4585 3438 4682 vehementius
3466 4640 3565 4680 ur-

289 4703 405 4750 teat
442 4693 623 4763 loqui;
652 4694 754 4748 nisi
783 4692 965 4749 Aaron
1010 4691 1178 4764 Moysi
1226 4693 1281 4747 in
1309 4699 1490 4747 monte
1524 4690 1875 4758 occurrisset,

288 4786 397 4841 nisi
426 4786 543 4855 ejus
571 4800 789 4841 sensum
818 4784 1044 4841 vidisset
1071 4785 1321 4851 arduum,
1350 4797 1457 4840 non
1484 4782 1536 4839 ei
1566 4782 1878 4852 loqueretur

286 4878 458 4933 verba
513 4876 628 4941 Dei,
684 4892 860 4947 neque
905 4876 1161 4931 virtutem
1213 4875 1489 4947 signorum
1543 4872 1871 4940 tradidisset,

291 4984 469 5040 neque
489 4969 809 5040 participem
836 4968 972 5024 tanti
996 4967 1239 5039 mysterii
1261 4966 1603 5023 concivisset.

938 5098 1166 5157 CAPUT
1202 5097 1270 5154 V.

367 5237 529 5295 Vsus.
557 5238 609 5292 1.
642 5267 715 5278 -
888 5234 1106 5290 Dimitte
1146 5231 1398 5305 pupulum
1440 5246 1635 5287 meum.
1664 5226 1871 5302 (Οιιιῦο,

289 5332 438 5385 nam.
468 5331 505 5387 '5
550 5331 606 5385 in
652 5326 854 5398 Exod.)
908 5325 1024 5381 Non
1076 5325 1193 5381 vult
1237 5324 1413 5379 Moses
1455 5330 1518 5377 ut
1548 5320 1775 5392 populus
1816 5321 1873 5376 in

290 5421 534 5493 Egypto
558 5420 769 5492 positus
794 5419 995 5474 serviat
1018 5419 1150 5483 Deo,
1202 5416 1297 5471 sed
1343 5423 1403 5470 ut
1423 5421 1581 5469 exeat
1604 5414 1657 5468 in
1692 5413 1875 5468 deser-

292 5524 435 5575 tum,
467 5520 523 5568 et
550 5512 622 5567 ibi
676 5511 896 5566 serviat.
930 5508 1065 5564 Dum
1120 5508 1263 5563 enim
1318 5507 1439 5577 quis
1489 5505 1543 5559 in
1574 5502 1876 5560 tenebrosis

292 5602 482 5660 seculi
502 5602 712 5657 actibus
736 5608 939 5663 manet,
989 5606 1043 5654 et
1088 5596 1142 5651 in
1186 5597 1520 5667 negotiorum
1548 5592 1878 5649 obscuritate

293 5701 572 5759 versatur,
606 5708 711 5747 non
740 5698 924 5762 potest
951 5689 1157 5744 servire
1188 5690 1316 5743 Deo.
1350 5685 1471 5740 Non
1501 5685 1637 5739 enim
1665 5681 1877 5752 potestis

294 5791 493 5847 servire
525 5788 634 5843 Deo
676 5797 723 5842 et
759 5801 1070 5840 mammona:
1100 5782 1314 5856 (Matth.
1335 5780 1431 5849 γι).
1462 5777 1775 5832 Excundum
1799 5782 1881 5831 est

1979 4728 2095 4801 geri
2121 4736 2181 4783 ut
2224 4725 2463 4781 dimittat
2511 4721 2766 4793 populum
2810 4721 2928 4787 Dei,
2977 4719 3219 4776 secundo
3270 4718 3390 4775 loco
3413 4719 3564 4789 cupit

1980 4821 2278 4891 impetrare
2304 4825 2367 4871 ut
2386 4829 2492 4869 non
2522 4812 2734 4883 longius
2764 4812 2982 4877 abeant,
3022 4824 3090 4865 ne
3119 4814 3292 4864 totum
3321 4808 3558 4864 triduum

1975 4910 2409 4985 proﬁciscantur,
2445 4905 2669 4960 dicens:
2698 4899 2804 4957 'Ne
2853 4899 3004 4971 longe
3027 4898 3247 4954 abeatis.
3297 4895 3415 4953 Non
3444 4896 3562 4951 vult

1977 5004 2137 5075 longe
2165 5016 2195 5055 a
2225 5014 2285 5056 se
2315 4996 2434 5053 ﬁeri
2459 4993 2713 5067 papulum
2747 4992 2866 5047 Dei.
2915 4990 3044 5046 Vult
3084 4990 3255 5054 enim,
3277 4987 3325 5044 si
3368 5002 3476 5043 non
3503 4988 3561 5043 in

1979 5097 2147 5162 facto,
2178 5092 2265 5149 vel
2315 5092 2371 5146 in
2417 5103 2665 5146 sermone
2709 5094 2972 5158 peccent;
2995 5085 3044 5141 si
3071 5098 3179 5140 non
3207 5082 3262 5138 in
3285 5096 3557 5149 sermone,

1979 5190 2067 5246 vel
2094 5190 2150 5245 in
2171 5185 2518 5258 cogitatione.
2557 5181 2677 5238 Non
2721 5180 2838 5235 vult
2877 5186 2940 5235 ut
2980 5185 3149 5234 totum
3176 5176 3416 5233 triduum
3442 5190 3473 5230 a
3499 5189 3561 5231 se

1977 5280 2410 5354 proﬁciscantur.
2441 5275 2570 5333 Vult
2594 5276 2650 5331 in
2671 5275 2828 5331 nobis
2852 5272 2940 5329 vel
2976 5286 3144 5326 unum
3166 5271 3329 5337 diem,
3369 5268 3561 5324 videli-

1981 5384 2088 5441 cet,
2127 5374 2183 5429 in
2225 5371 2346 5427 aliis
2370 5370 2528 5435 duos,
2554 5368 2609 5423 in
2636 5367 2756 5422 aliis
2782 5374 2953 5421 totum
2994 5362 3233 5419 triduum
3258 5359 3556 5434 possidere.

1980 5468 2133 5525 Beati
2162 5465 2240 5521 illi
2267 5464 2358 5536 qui
2388 5462 2457 5519 ab
2483 5476 2549 5519 eo
2573 5468 2745 5518 totum
2766 5457 3003 5514 triduum
3035 5455 3311 5512 recedunt.

2057 5581 2213 5637 Viam
2237 5579 2396 5636 trium
2432 5577 2637 5632 dierum
2658 5576 2714 5629 in
2750 5570 3108 5635 solitudinem,
3130 5577 3178 5623 et
3202 5562 3557 5633 sacriﬁcemus

1980 5676 2110 5737 Deo.
2156 5682 2260 5730 etc.
2316 5669 2489 5743 (lsm.)
2537 5666 2692 5723 Viam
2747 5662 2909 5718 trium
2963 5660 3168 5715 dierum
3222 5652 3559 5709 ambulamus

1983 5776 2243 5826 exeuntes
2276 5765 2342 5819 de
2371 5761 2625 5834 Egypto,
2657 5765 2717 5811 ut
2740 5755 2806 5810 ad
2852 5753 3027 5808 locum
3056 5746 3436 5821 perveniamus
3463 5743 3555 5800 ubi
