3998 6332
449 398 551 454 199
939 394 1328 451 WALAFRIDI
1367 394 1612 450 STRABI
1651 394 1856 451 FULD.
1900 392 2067 452 MON.
2108 392 2257 450 OPP.
2297 393 2476 450 PARS
2514 395 2557 451 ι.
2596 424 2666 435 -
2707 392 3164 453 THEOLOGICA.
3587 396 3698 452 200

445 509 722 566 immolare
748 509 1005 564 debemus
1051 509 1298 564 Domino.
1330 509 1454 563 llzrc
1500 510 1585 563 via
1629 508 1875 564 Christus
1904 518 2008 574 est,
2041 511 2088 569 Α
2115 524 2196 573 ea,
2223 516 2328 562 etc.
2375 507 2611 578 Mystice.
2645 509 2722 562 Ex
2751 525 2859 577 quo
2887 509 3029 578 loqui
3059 510 3227 579 cmpit
3253 508 3426 566 Moses
3456 509 3524 564 ad
3553 509 3666 566 Pha
3693 543 3698 548 -

444 608 534 675 qul
563 603 638 656 ait
661 600 816 656 Joau.
849 617 968 656 xw:
1001 601 1114 672 Ego
1139 603 1404 668 smngvia,
1434 603 1618 656 veritas
1657 611 1704 655 et
1753 605 1875 657 vita.
1911 603 2013 669 Qui

444 696 588 751 enim
617 693 898 750 confessus
947 692 1110 747 fuerit
1156 693 1431 748 Christum
1473 709 1586 757 ore,
1629 703 1686 747 et
1728 694 2016 750 crediderit

444 785 608 840 corde
655 783 798 854 quod
829 783 970 838 Deus
1015 782 1163 837 illum
1191 783 1465 837 suscitavit
1515 783 1672 837 tertia
1703 783 1810 849 die,
1837 783 2016 837 salvus

446 875 576 939 erit,
619 874 937 945 perveniens
985 875 1053 930 ad
1083 873 1257 929 locum
1290 874 1343 929 in
1379 888 1484 944 quo
1519 872 1823 930 immoletur
1845 874 2015 930 sacri-

450 965 627 1018 ﬁcium
653 963 847 1018 laudis.

515 1094 766 1166 (Suum)
818 1093 971 1150 Viam
1015 1096 1175 1150 trium
1220 1095 1442 1153 dierum.
1497 1104 1602 1150 etc.
1649 1093 1831 1150 Tertia
1858 1111 2015 1151 man-

445 1191 616 1249 sione,
645 1193 927 1256 postquam
971 1185 1306 1241 transierunt
1335 1200 1486 1240 mare
1533 1185 1797 1250 Rubrum,
1829 1201 2017 1256 perve-

446 1287 642 1332 nerunt
669 1278 867 1344 Ethan,
921 1279 1010 1347 qui
1041 1277 1190 1333 locus
1236 1277 1400 1333 etiam
1428 1277 1574 1330 Mara
1625 1288 1866 1345 vocatur,
1893 1295 2018 1350 pro-

444 1381 568 1441 pter
594 1385 807 1427 amaras
833 1385 1022 1440 aquas.
1049 1367 1147 1424 Vel
1177 1369 1341 1423 trium
1373 1369 1602 1434 dierum,
1636 1368 1688 1423 id
1716 1377 1818 1435 est,
1851 1371 2015 1426 trium

444 1460 734 1528 mensium,
765 1461 892 1530 quia
926 1461 1084 1515 tertio
1131 1474 1317 1515 mense
1358 1467 1642 1528 postquam
1673 1459 1741 1514 de
1783 1458 2016 1532 IEgypto

443 1553 714 1618 exierunt,
748 1559 1111 1622 pervenerunt
1143 1549 1296 1617 Sina,
1349 1549 1438 1605 ubi
1467 1549 1931 1616 sacriﬁcaverunt,
1961 1559 2017 1606 et

443 1641 616 1714 legem
641 1651 993 1713 acceperunt,
1022 1641 1110 1696 ubi
1135 1650 1378 1696 erectum
1401 1649 1484 1696 est
1504 1649 1559 1695 et
1590 1641 2013 1698 tabemaculum.

514 1736 718 1807 (Otum,
767 1737 906 1790 hom.
937 1735 1052 1792 Sin
1104 1734 1302 1804 Exod.)
1354 1733 1509 1789 Nunc
1553 1748 1767 1803 quoque
1821 1732 2012 1801 Moses,

2116 613 2338 653 raonem
2371 602 2543 671 magis
2572 599 2826 671 :Iliigitur
2857 601 3083 671 populus
3108 601 3205 657 Dei
3231 621 3245 656 :
3277 617 3344 657 ex
3366 617 3473 671 quo
3499 604 3554 658 in
3574 606 3695 659 ani—

2116 705 2255 744 mam
2284 705 2464 744 sermo
2503 692 2595 746 Dei
2641 693 2915 761 pervenit,
2946 692 3192 748 diabolus
3231 694 3409 748 acrius
3439 695 3691 765 insurgit,

2114 787 2169 832 et
2205 779 2409 849 majora
2452 781 2582 836 vitia
2635 782 2896 836 immittit.
2933 783 3094 838 Prius
3121 784 3265 838 enim
3308 800 3472 854 quam
3513 800 3696 841 sermo

2116 870 2210 926 Dei
2240 871 2467 937 veniret,
2493 871 2586 942 qui
2613 881 2864 944 argueret
2881 873 3037 938 vitia,
3069 875 3121 928 in
3150 889 3281 944 pace
3305 875 3596 942 durabant,
3637 885 3698 930 at

2114 962 2208 1018 ubi
2234 963 2402 1028 venit,
2432 963 2669 1019 turbatio
2694 979 2886 1036 magna
2911 966 3210 1037 consurgit.

2185 1078 2352 1134 Vens.
2394 1077 2583 1132 14-20.
2610 1108 2681 1118 —
2704 1075 3090 1153 Flagellatique
3128 1088 3248 1135 sunt
3291 1081 3402 1146 qui,
3434 1089 3540 1136 etc.
3567 1080 3691 1136 Filii

2115 1168 2281 1224 Israel
2335 1169 2555 1241 gravius
2605 1167 2776 1224 attriti
2825 1179 2980 1237 sunt,
3021 1178 3308 1242 postquam
3337 1171 3405 1226 de
3454 1169 3689 1243 Egypto

2116 1262 2297 1331 egredi
2343 1270 2682 1328 statuerunt;
2708 1263 2832 1333 quia
2862 1263 2954 1333 qui
2997 1264 3194 1318 mundo
3222 1273 3278 1318 et
3298 1265 3480 1334 pravis
3512 1266 3693 1334 operi-

2114 1351 2218 1407 bus
2257 1352 2568 1409 renuntiare
2602 1353 2822 1421 volunt,
2877 1353 3192 1412 saevioribus
3226 1355 3612 1412 tentationibus
3661 1369 3693 1410 a

2119 1441 2332 1498 diabolo
2366 1443 2769 1514 impugnantur.

2187 1558 2353 1614 Vitas.
2394 1559 2484 1614 2L
2505 1557 2772 1615 —Vidcat
2801 1557 3071 1622 Dominus,
3093 1567 3199 1614 etc.
3229 1556 3437 1630 (Gneo.
3457 1556 3506 1610 J.
3538 1571 3692 1624 uix,

2118 1651 2338 1718 Moral.,
2367 1667 2488 1722 cap.
2515 1651 2629 1723 M.)
2654 1651 2788 1707 Cum
2812 1651 2904 1706 lux
2934 1651 3115 1706 divina
3136 1667 3233 1706 cor
3255 1651 3553 1706 humanum
3573 1651 3696 1706 illu-

2117 1751 2276 1808 strat,
2325 1760 2487 1815 usque
2534 1744 2604 1798 ad
2632 1743 2787 1814 quasi
2827 1743 2997 1799 fetere
3028 1758 3089 1800 se
3112 1743 3168 1799 in
3198 1743 3369 1800 oculis
3393 1742 3697 1800 Pharaonis

443 1843 603 1898 quem
649 1826 910 1881 habemus
944 1825 1221 1880 nobiscum
1263 1823 1546 1895 (habemus
1574 1823 1718 1877 enim
1750 1822 1932 1877 Mosen
1961 1830 2016 1878 et
2044 1869 2090 1929 Β
2120 1836 2289 1892 dolet,

444 1916 780 1987 prophetas),
824 1916 877 1971 id
901 1923 1000 1980 est,
1037 1916 1121 1972 lex
1162 1915 1259 1970 Dei
1286 1915 1397 1970 vult
1425 1923 1479 1970 te
1506 1914 1735 1970 educere
1764 1913 1829 1970 de
1851 1913 2014 1986 Egy-

443 2016 556 2078 plo,
585 2010 628 2064 si
655 2009 843 2065 audias
862 2021 980 2062 eam
1007 2025 1022 2073 ;
1053 2006 1169 2061 vult
1195 2015 1246 2062 te
1270 2005 1427 2076 longe
1453 2003 1633 2060 facere
1659 2021 1689 2059 a
1711 2004 2011 2070 Pharaone,

443 2117 634 2157 eruere
668 2101 735 2156 de
758 2115 921 2172 opere
946 2099 1043 2154 luti
1073 2109 1128 2153 et
1147 2099 1422 2169 palearqu
1451 2115 1464 2152 :
1502 2099 1548 2152 si
1599 2107 1779 2153 tamen
1806 2097 2011 2163 audias,

441 2203 496 2248 et
523 2193 876 2264 Spiritualiter
911 2191 1218 2262 intelligas;
1271 2205 1376 2244 nou
1414 2189 1528 2244 vult
1559 2199 1611 2243 te
1646 2190 1699 2243 iu
1752 2190 1934 2244 carnis
1961 2195 2018 2243 et

443 2283 788 2338 tenebrarum
837 2280 1048 2336 actibus
1083 2293 1419 2350 permanere,
1474 2279 1568 2334 sed
1606 2279 1755 2333 exire
1807 2280 1874 2333 ad
1901 2295 2017 2335 ere-

441 2389 611 2437 tnum,
637 2373 704 2428 ad
728 2371 905 2428 locum
934 2371 1142 2426 scilicet
1166 2369 1663 2440 perturbationibus
1688 2379 1741 2422 et
1767 2367 2016 2424 fluctibus

441 2463 624 2518 szeculi
653 2477 905 2528 vacuum,
929 2471 986 2516 et
1013 2463 1079 2516 ad
1117 2462 1354 2530 quietem
1405 2461 1622 2516 silentii.
1660 2459 1834 2515 Verba
1871 2461 2016 2513 enim

442 2554 717 2622 sapientia:
749 2554 804 2608 in
854 2553 1066 2608 silentio
1117 2561 1172 2606 et
1225 2553 1405 2620 quiete
1458 2553 1754 2606 discuntur.
1807 2550 1865 2605 In
1913 2552 2017 2606 hoc

443 2648 559 2700 loco
584 2645 784 2715 poteris
833 2644 1059 2698 Domino
1100 2643 1382 2698 immolare
1435 2643 1610 2711 legem
1659 2642 1774 2706 Dei,
1824 2650 1880 2696 et
1908 2643 2014 2695 vir-

445 2747 612 2791 tutem
663 2735 861 2789 divina:
894 2734 1040 2789 vocis
1080 2747 1394 2804 agnoscere.
1423 2733 1546 2787 Ideo
1594 2733 1743 2802 cupit
1770 2730 1943 2786 Moses
1967 2739 2018 2785 te

442 2827 639 2896 ejicere
685 2825 752 2881 de
789 2824 1039 2880 ﬂuctibus
1090 2826 1423 2896 negotiorum
1469 2834 1524 2878 et
1568 2825 1796 2892 strepitu
1849 2839 2019 2894 popu-

444 2891 635 2977 lorum,
660 2925 716 2971 et
760 2916 825 2970 de
857 2891 1188 2986 Egyptofid
1215 2923 1298 2968 cst
1322 2915 1388 2969 de
1421 2914 1656 2968 tenebris
1679 2891 2016 2984 ignorantiae,

444 3016 503 3061 ut
529 3007 700 3078 legem
723 3005 818 3061 Dei
847 3006 1036 3060 audias
1061 3015 1117 3061 et
1141 3005 1311 3060 lucem
1340 3004 1578 3060 scientia:
1604 3005 1802 3073 capias.

515 3136 675 3192 Vens.
707 3135 821 3192 4-8.
857 3165 928 3176 --
953 3134 1152 3201 Quare,
1179 3134 1348 3190 Moses
1396 3145 1440 3190 et
1471 3135 1668 3202 Aaron,
1698 3134 2013 3202 sollicitatis,

2188 1951 2456 2018 Quoniam
2485 1951 2664 2020 fetere,
2691 1957 2800 2006 etc.
2837 1949 3026 2022 (Onlo.
3059 1948 3218 2004 Hom.
3253 1949 3343 2020 3.)
3383 1949 3692 2020 Allegorice.

2119 2042 2318 2096 Verum
2355 2040 2559 2106 dicunt,
2587 2041 2835 2110 quamvis
2861 2040 3130 2104 nesciant,
3157 2039 3294 2094 sicut
3317 2039 3575 2110 Caiphas,
3602 2038 3694 2107 qui

2119 2131 2195 2184 ait
2239 2147 2251 2183 :
2293 2127 2520 2199 Expedit
2557 2139 2613 2183 ut
2655 2147 2788 2184 unus
2827 2130 3086 2182 moriatur
3121 2145 3215 2199 pro
3269 2127 3461 2199 populo
3500 2127 3696 2199 (Joan.

2117 2223 2306 2296 xvui);
2347 2223 2477 2292 quid
2517 2223 2719 2278 diceret
2757 2220 3053 2277 nesciebat.
3097 2219 3249 2275 Sicut
3282 2220 3429 2274 enim
3459 2219 3698 2288 Aposto-

2116 2314 2200 2368 lus
2243 2313 2320 2367 ait
2351 2331 2364 2366 :
2405 2312 2598 2367 Christi
2637 2312 2800 2366 bonus
2841 2311 2971 2364 odor
3004 2326 3217 2375 sumus,
3251 2309 3373 2363 aliis
3414 2309 3469 2362 in
3503 2306 3699 2372 uitam',

2117 2404 2238 2458 aliis
2275 2405 2331 2458 in
2362 2413 2600 2470 mortem,
2634 2406 2709 2458 ita
2749 2402 3100 2473 propheticus
3128 2416 3310 2457 sermo
3349 2400 3534 2456 suavis
3564 2399 3705 2455 odor

2119 2503 2201 2551 est
2224 2495 2602 2560 credentibus;
2631 2494 2806 2550 dubiis
2838 2508 2968 2549 vero
2995 2501 3052 2548 et
3072 2493 3388 2558 incredulis,
3411 2501 3466 2546 et
3491 2492 3584 2562 qui
3613 2490 3700 2544 fa-

2119 2597 2302 2643 tentur
2330 2603 2389 2642 se
2417 2586 2670 2658 populum
2695 2587 3014 2651 Pharaonis,
3043 2586 3176 2642 odor
3199 2585 3545 2642 exsecrabilis
3583 2584 3703 2640 em-

2120 2680 2279 2734 citur.
2312 2678 2431 2748 Ipse
2464 2694 2679 2748 quoque
2705 2677 2881 2733 Moses
2919 2678 3050 2734 dicit
3083 2677 3346 2733 Domino:
3373 2677 3450 2732 Ex
3484 2691 3592 2747 quo
3622 2677 3706 2731 lo-

2120 2778 2278 2822 cutus
2318 2783 2434 2822 sum
2473 2784 2597 2822 cum
2630 2767 2934 2834 Pharaone,
2967 2765 3204 2822 afﬁixisti
3225 2766 3479 2838 populum
3514 2774 3703 2831 tuum;

2119 2859 2244 2929 quia
2275 2868 2564 2929 antequam
2599 2874 2777 2914 sermo
2813 2859 2907 2914 Dei
2937 2858 3206 2923 audiatur,
3236 2872 3342 2912 non
3371 2866 3456 2912 est
3477 2856 3708 2911 tribula-

2121 2953 2216 3017 tio,
2250 2951 2335 3006 vel
2363 2951 2588 3006 tentatio
2623 2969 2635 3004 :
2667 2951 2762 3006 sed
2792 2949 2883 3004 ubi
2921 2949 3132 3021 signum
3166 2948 3290 3004 belli
3335 2947 3462 3002 tuba
3507 2947 3708 3018 praedi-

2121 3045 2352 3101 cationis
2395 3043 2715 3108 ostenderit,
2755 3041 3162 3097 tribulationum
3200 3055 3374 3112 pugna
3401 3037 3703 3109 consurgit.

2121 3137 2198 3191 Ex
2245 3148 2352 3204 quo
2375 3149 2504 3204 ergo
2534 3133 2678 3202 loqui
2715 3132 2882 3201 coepit
2930 3130 3104 3186 Moses
3148 3139 3204 3184 et
3240 3131 3420 3184 Aaron
3450 3129 3516 3184 ad
3554 3128 3704 3183 Pha-

443 3243 546 3288 etc.
573 3231 774 3302 (0mm,
802 3231 956 3302 ibid.)
986 3231 1121 3286 Dum
1171 3248 1353 3287 secum
1380 3240 1462 3287 est
1486 3231 1732 3302 populus,
1757 3242 1814 3287 et
1844 3232 2015 3287 lutum
2043 3225 2090 3290 C
2119 3241 2375 3290 raonem.
2407 3224 2656 3293 afﬂigitur
2683 3223 2910 3294 populus
2957 3221 3071 3278 Dei-
3118 3221 3193 3276 Ex
3239 3237 3348 3291 quo
3382 3222 3437 3276 in
3466 3221 3706 3275 animam

443 3334 536 3380 aut
563 3325 784 3378 laterem
813 3332 1087 3394 operatur,
1117 3324 1240 3379 dum
1272 3325 1324 3378 in
1373 3325 1542 3394 paleis
1567 3334 1882 3396 occupatur,
1910 3341 2016 3380 non

441 3425 743 3488 putatesse
782 3431 1114 3486 perversum,
1167 3417 1260 3472 sed
1307 3425 1452 3472 recte
1489 3417 1756 3472 incedere.
1803 3416 1859 3471 Si
1887 3432 2016 3470 vero

443 3510 605 3572 dicat,
655 3507 787 3563 Volo
831 3509 910 3562 ire
939 3509 1146 3564 dierum
1196 3510 1354 3564 trium
1395 3509 1560 3574 viam,
1591 3517 1645 3563 et
1687 3509 1890 3563 servire
1917 3508 2018 3564 Do-

443 3601 612 3663 mino,
640 3600 872 3670 perverti
903 3600 1154 3670 populum
1200 3600 1330 3656 dicit
1357 3615 1454 3671 per
1485 3600 1664 3656 Mosen
1708 3607 1762 3654 et
1812 3599 2011 3654 Aaron.

444 3689 614 3744 Hodie
641 3704 854 3758 quoque
877 3690 921 3743 si
950 3690 1123 3745 Moses
1150 3700 1206 3745 et
1230 3692 1432 3754 Aaron,
1459 3691 1509 3745 id
1546 3702 1624 3746 est
1671 3691 2015 3761 propheticus

443 3789 498 3834 et
554 3779 902 3834 sacerdotalis
956 3796 1135 3836 sermo
1184 3783 1418 3836 animam
1468 3780 1717 3836 sollicitet
1756 3782 1823 3836 ad
1854 3783 2018 3837 servi-

447 3880 612 3926 tutem
640 3870 754 3935 Dei,
782 3872 931 3925 exire
954 3871 1018 3925 de
1046 3871 1264 3935 saeculo,
1287 3871 1601 3924 renuntiare
1620 3871 1872 3926 omnibus
1895 3887 2016 3941 quae

443 3960 698 4030 possidet,
726 3959 1006 4014 attendere
1037 3958 1140 4029 legi
1171 3967 1224 4013 et
1271 3960 1434 4014 verbo
1487 3959 1579 4015 Dei
1607 3979 1620 4014 :
1646 3961 1900 4016 continuo
1929 3977 2018 4016 au-

445 4050 562 4105 dies
593 4050 876 4105 unauimes
897 4057 951 4104 et
971 4051 1172 4105 amicos
1201 4048 1499 4106 Pharaonis
1522 4051 1762 4106 dicentes
1786 4069 1799 4104 :
1829 4053 2016 4109 Videte

445 4141 715 4211 quomodo
745 4141 1074 4196 seducuntur
1102 4142 1370 4208 homines,
1407 4151 1462 4197 et
1481 4151 1866 4214 pervertuntur
1891 4145 2018 4200 ado-

447 4236 734 4300 lescentes,
765 4251 831 4290 ne
859 4235 1122 4300 laborent,
1154 4252 1222 4290 ne
1248 4236 1498 4301 militent,
1529 4253 1596 4292 ne
1617 4247 1779 4308 agant
1815 4238 2017 4309 aliquid

446 4327 589 4396 quod
616 4325 806 4395 prosit,
853 4325 1055 4380 relictis
1084 4325 1246 4380 rebus
1302 4326 1624 4381 necessariis
1654 4327 1884 4398 ineptias
1931 4343 2013 4382 se-

447 4426 666 4473 ctantur
693 4425 749 4471 et
783 4416 975 4471 otium.
1006 4415 1144 4484 Quid
1184 4423 1268 4471 est
1313 4416 1518 4471 servire
1562 4416 1710 4472 Deo?
1747 4416 2018 4473 Laborare

448 4511 638 4566 nolunt
665 4518 721 4563 et
749 4508 845 4563 otii
873 4508 1185 4563 occasiones
1211 4517 1490 4578 quaerunt:
1549 4509 1661 4564 haec
1688 4518 1844 4564 erant
1892 4519 2019 4565 tunc

2123 3326 2269 3372 tuam
2296 3331 2476 3372 sermo
2507 3316 2600 3371 Dei
2627 3315 2870 3386 prolatus
2899 3323 3005 3381 est,
3032 3323 3305 3370 certamen
3335 3314 3476 3367 intra
3500 3323 3552 3369 te
3587 3313 3706 3367 vir-

2121 3411 2325 3466 tutibus
2346 3419 2534 3466 contra
2554 3409 2686 3464 vitia
2719 3409 3029 3473 suscitatur,
3067 3422 3184 3477 qua:
3209 3407 3360 3477 prius
3397 3407 3538 3461 intra
3569 3414 3623 3461 te
3649 3406 3704 3461 in

2119 3518 2250 3574 pace
2289 3503 2577 3557 durabant.
2615 3501 2722 3556 Sed
2747 3501 2835 3555 ubi
2867 3500 3045 3556 facere
3075 3499 3240 3570 cepit
3279 3514 3458 3554 sermo
3486 3498 3579 3554 Dei
3602 3515 3702 3554 cu-

2114 3593 2311 3664 jusque
2342 3594 2657 3657 discrimen,
2692 3591 2929 3646 turbatio
2952 3605 3146 3660 magna
3179 3591 3474 3661 consurgit,
3502 3599 3557 3645 et
3586 3591 3706 3646 sine

2119 3685 2324 3741 findere
2359 3684 2598 3739 nascitur
2642 3683 2844 3739 bellum
2874 3700 2888 3736 :
2915 3683 3040 3752 quia
3064 3682 3325 3752 injustitia
3345 3682 3570 3753 justitim
3595 3698 3704 3738 nou

2119 3776 2391 3841 convenit,
2423 3790 2525 3830 nec
2573 3774 2851 3830 sobrietati
2896 3774 3150 3839 ebrietas,
3196 3773 3282 3828 vel
3311 3773 3524 3828 veritati
3555 3789 3705 3828 inen-

2119 3869 2353 3923 dacium.
2385 3867 2509 3921 Ideo
2534 3881 2638 3921 non
2665 3866 2947 3920 turbemur
2970 3865 3014 3920 si
3038 3865 3286 3920 videmur
3303 3866 3440 3920 odor
3457 3878 3707 3920 exsecra-

2117 3960 2242 4015 bilis
2272 3958 2564 4013 Pharaoni.
2604 3957 2921 4011 Exsecratio
2954 3956 3097 4012 enim
3131 3955 3248 4010 vitii
3283 3956 3484 4011 dicitur
3507 3957 3702 4010 virtus.

2121 4052 2228 4108 Sed
2263 4052 2405 4107 sicut
2435 4050 2584 4104 stetit
2615 4050 2792 4105 Moses
2829 4059 2954 4104 ante
2990 4049 3361 4113 Pharaonem,
3407 4056 3612 4104 stemus
3651 4058 3708 4102 et

2119 4159 2247 4210 nos;
2282 4158 2388 4197 non
2413 4141 2713 4206 ﬂectamur,
2743 4141 2994 4196 succincti
3033 4138 3236 4193 lunibos
3283 4140 3338 4192 in
3381 4139 3616 4203 veritate,
3655 4147 3707 4192 et

2120 4240 2335 4295 calceati
2357 4238 2509 4308 pedes
2531 4239 2584 4292 in
2614 4237 3001 4308 prwparatione
3025 4235 3294 4306 Evangelii
3316 4236 3460 4305 pacis
3481 4235 3704 4305 (Ephes.

2122 4335 2236 4402 v1).
2273 4329 2492 4384 Stamus
2521 4339 2698 4384 autem
2727 4327 3083 4392 conﬁdenter,
3119 4327 3406 4382 Dominum
3447 4325 3708 4395 depreca-

2121 4438 2263 4487 mur,
2289 4431 2346 4476 ut
2371 4429 2575 4476 statuat
2599 4419 2763 4490 pedes
2787 4428 3004 4474 nostros
3041 4433 3202 4488 supra
3231 4417 3442 4473 ﬁrmam
3469 4428 3703 4487 petram,

2124 4529 2191 4568 ne
2221 4521 2540 4566 moveantur
2581 4512 2745 4580 pedes
2782 4510 2973 4565 nostri.
3009 4509 3227 4565 Stemus
3273 4519 3476 4576 autem,
3508 4510 3560 4564 id
3596 4524 3702 4576 est,

448 4602 611 4657 verba
639 4599 956 4662 Pharaonis,
986 4599 1098 4654 haec
1119 4607 1174 4653 et
1201 4614 1343 4654 nunc
1373 4599 1528 4654 amici
1566 4601 1681 4669 ejus
1708 4601 2016 4670 loquuntur,
2045 4578 2098 4638 D
2126 4604 2477 4667 obsistamus,
2515 4578 2810 4658 secundum
2851 4601 2981 4656 illud
3007 4601 3028 4656 ι
3055 4601 3201 4656 Petr.
3235 4617 3269 4654 v
3301 4620 3313 4656 :
3344 4601 3441 4656 Cui
3483 4603 3707 4658 resistite

451 4708 552 4748 nec
574 4690 744 4747 solum
770 4690 968 4752 verbis,
997 4689 1090 4743 sed
1141 4698 1195 4744 et
1244 4690 1560 4745 verberibus
1599 4701 2016 4762 persequuntur.

449 4771 733 4855 Elagellari
754 4781 908 4852 jubet
928 4780 1133 4837 scribas
1157 4781 1524 4848 Hebraeorum,
1555 4783 1736 4853 paleas
1753 4799 1859 4839 non
1880 4785 2017 4851 dari,

450 4890 583 4946 opus
609 4873 749 4944 exigi
777 4889 792 4936 ;
836 4873 953 4927 haec
979 4872 1126 4941 passi
1153 4883 1280 4927 sunt
1306 4882 1509 4943 patres,
1541 4883 1596 4928 et
1624 4890 1766 4929 nunc
1802 4875 1896 4928 Dei
1925 4889 2017 4943 po-

450 4966 608 5037 pulus
627 4964 848 5036 patitur.
877 4961 980 5030 Qui
1001 4978 1057 5017 se
1078 4977 1146 5016 ex
1175 4961 1385 5032 integro
1405 4964 1628 5034 principi
1659 4964 1813 5032 hujus
1834 4965 2018 5020 mundi

454 5058 808 5122 tradiderunt,
832 5069 1088 5125 prospere
1111 5066 1274 5126 agunt
1299 5071 1314 5120 ;
1351 5055 1552 5120 omnia,
1588 5065 1644 5110 ut
1671 5065 1883 5125 putant,
1907 5056 2021 5110 feli-
2053 5105 2060 5112 .

451 5153 589 5208 citer
610 5149 895 5204 eveniunt:
921 5147 1093 5204 servis
1118 5157 1297 5202 autem
1323 5147 1416 5202 Dei
1444 5147 1604 5201 etiam
1633 5147 1804 5203 victus
1826 5163 2022 5218 parvus

453 5254 507 5300 et
537 5241 756 5298 humilis
785 5255 890 5296 non
940 5241 1200 5296 succedit.
1232 5239 1326 5294 Hae
1374 5246 1500 5293 sunt
1540 5239 1682 5294 enim
1711 5240 1875 5310 pale'e
1902 5257 2022 5311 qua:

454 5338 719 5393 dabantur
743 5350 773 5388 a
802 5333 1119 5398 Pharaone;
1177 5333 1322 5386 unde
1350 5332 1565 5401 quidam
1598 5331 1806 5404 fatigati
1839 5334 2023 5388 dicunt

454 5428 520 5483 ad
562 5427 945 5481 Pharaonem:
998 5423 1137 5490 Quid
1191 5431 1247 5475 tu
1296 5421 1487 5491 allligis
1521 5421 1769 5490 populum
1821 5424 2023 5476 tuum?

455 5516 702 5588 Superati
744 5517 886 5571 enim
935 5514 1250 5568 verberibus
1287 5531 1318 5567 a
1368 5513 1472 5567 ﬁde
1506 5513 1726 5579 cadunt,
1775 5521 1830 5567 et
1855 5514 2024 5569 conﬁ-

459 5616 636 5661 tentur
658 5622 714 5661 se
735 5621 854 5661 esse
884 5603 1185 5658 Pharaonis
1215 5603 1490 5672 populum,
1519 5617 1624 5656 non
1651 5603 1792 5657 enim
1833 5617 2022 5659 omnes

457 5700 545 5771 qui
575 5716 641 5754 ex
669 5699 850 5763 Israel,
883 5698 937 5752 hi
969 5705 1092 5751 sunt
1115 5695 1385 5750 Israelitai.

529 5812 687 5868 Vnus.
721 5812 867 5866 9—15.
897 5840 964 5852 —-
998 5810 1374 5879 Opprimantur
1407 5810 1642 5880 operibus
1683 5819 1731 5865 et
1778 5810 2019 5880 expleant

2129 4694 2286 4764 fortes
2317 4693 2372 4746 in
2397 4692 2502 4761 ﬁde
2528 4705 2546 4743 :
2572 4701 2628 4745 ut
2663 4693 2766 4746 cito
2789 4700 3090 4748 conteratur
3112 4691 3340 4747 Satanas
3368 4692 3462 4746 sub
3484 4694 3704 4763 pedibus

2129 4785 2340 4840 nostris.
2371 4783 2584 4852 Quanto
2611 4783 2754 4838 enim
2782 4799 2882 4839 nos
2901 4793 3216 4839 constanter
3242 4793 3298 4839 et
3326 4783 3538 4840 fortiter
3587 4794 3671 4839 sta
3695 4817 3703 4824 -

2127 4895 2276 4944 mus,
2294 4888 2442 4933 tanto
2458 4878 2668 4932 Pharao
2681 4875 2966 4932 inﬁrmius.
2991 4877 3048 4931 Si
3075 4886 3252 4932 autem
3278 4878 3475 4932 inﬁrmi
3497 4879 3581 4932 vel
3606 4880 3706 4934 du-

2125 4968 2198 5023 bii
2226 4982 2346 5024 esse
2371 4968 2718 5038 coeperimus,
2743 4967 2970 5022 validior
2991 4967 3102 5022 tiet.
3127 4968 3260 5024 Cum
3292 4969 3433 5023 enim
3463 4969 3704 5026 elevaret

2125 5059 2300 5115 Moses
2325 5075 2535 5124 manus,
2558 5059 2876 5114 vincebatur
2902 5059 3160 5126 Amalec;
3191 5074 3312 5115 cum
3343 5063 3494 5130 quasi
3527 5061 3703 5118 lassas

2125 5151 2408 5221 dejiceret,
2459 5151 2837 5206 invalescebat.
2897 5149 3005 5206 Nos
3051 5166 3181 5222 ergo
3211 5153 3263 5206 in
3295 5153 3494 5208 virtute
3523 5156 3702 5211 crucis

2124 5243 2325 5299 Christi
2363 5243 2683 5297 extollamus
2719 5243 2964 5308 brachia,
2999 5251 3055 5299 et
3085 5244 3321 5299 levemus
3358 5245 3408 5298 in
3455 5246 3700 5300 oratione

2124 5343 2343 5390 sanctas
2388 5350 2598 5398 manus,
2642 5343 2701 5388 ut
2735 5333 2830 5388 Dei
2871 5335 3129 5388 auxilium
3176 5351 3501 5390 mereamur.
3561 5335 3699 5392 Hinc

2123 5426 2356 5482 Jacobus
2415 5428 2546 5480 ait:
2605 5426 2840 5480 Resistile
2889 5427 3098 5480 diabolo
3160 5437 3207 5481 et
3261 5427 3424 5498 fugiet
3473 5447 3505 5482 a
3560 5429 3699 5485 vobis

2125 5517 2284 5587 (Jac.
2333 5534 2389 5572 ιιι
2420 5519 2459 5590 ).
2502 5518 2736 5589 Agmnus
2769 5533 2899 5586 ergo
2934 5528 2990 5572 ut
3029 5535 3132 5572 nou
3171 5519 3342 5574 solum
3379 5519 3572 5591 fugiat,
3603 5522 3699 5577 sed

2123 5618 2436 5664 conteratur
2479 5611 2577 5662 sub
2629 5609 2850 5677 pedibus
2897 5613 3097 5663 nostris
3143 5610 3443 5664 exstinctus
3493 5611 3545 5665 in
3576 5627 3700 5681 pro-

2121 5698 2285 5754 l‘uudo
2315 5700 2511 5769 abyssi.

2198 5810 2304 5866 Nos
2346 5818 2527 5865 autem
2575 5809 2620 5865 si
2661 5807 2979 5865 recedamus
3015 5809 3080 5864 de
3133 5807 3366 5881 Egypto
3404 5810 3654 5863 vitiorum
3680 5847 3695 5871 ,
