3998 6332
230 531 333 589 SOI

1248 500 1518 586 amisss
1554 524 1952 584 0RDlNARlA.
1987 554 2057 568 -
2092 525 2220 583 un.
2256 526 2465 586 exon.

3383 535 3490 590 202

224 641 428 697 fluctus
460 637 645 697 saecli
680 643 941 710 tanquam
978 637 1085 696 iter
1124 638 1357 696 solidum
1392 637 1675 695 evadimus
1707 652 1806 709 per
1831 639 1882 701 Α
1984 638 2143 694 Vens.
2178 639 2371 695 27-50.
2393 670 2466 681 —
2489 638 2597 696 Iste
2620 639 2850 713 Moyses.
2882 611 3129 716 (Suum)
3156 642 3270 702 Hoc
3295 661 3360 702 ex
3390 663 3489 703 suo

228 730 418 788 Iesum
442 728 741 788 Christum.

301 822 470 879 Vens.
512 822 618 889 Β.
643 822 738 878 25.
770 852 841 865 —
876 822 1130 890 Domine,
1158 839 1257 878 cur
1295 822 1525 896 aﬂlixisti
1558 820 1808 894 populum

224 915 391 971 istum
409 914 436 970 ?
455 914 475 986 (
493 913 631 972 Anc.
662 914 682 986 )
711 913 829 971 Non
855 924 984 971 sunt
1012 917 1128 973 hinc
1154 914 1320 973 verba
1346 916 1697 973 contumaciae
1722 913 1808 970 vel

226 1006 648 1078 indignationis,
678 1008 773 1064 sed
800 1008 1169 1079 inquisitionis
1184 1016 1241 1065 et
1260 1007 1551 1074 orationis,
1580 1007 1721 1063 sicut
1738 1021 1809 1062 ex

225 1099 317 1157 his
358 1108 582 1172 apparet
610 1115 731 1171 quae
766 1102 1027 1159 Dominus
1054 1099 1350 1173 respondit.
1384 1099 1501 1156 Non
1536 1099 1684 1155 enim
1718 1112 1801 1153 ar-

225 1192 347 1262 guit
365 1190 737 1248 inﬁdelitatem
769 1190 906 1261 ejus,
936 1194 1035 1249 sed
1056 1192 1187 1263 quid
1210 1192 1284 1249 sit
1307 1190 1550 1248 facturus
1573 1189 1803 1264 aperuit.

850 1302 1079 1360 CAPUT
1116 1303 1206 1360 Vl.

301 1394 469 1451 Vens.
500 1394 622 1452 3-6.
659 1426 729 1436 -—
759 1436 773 1450 .
800 1434 817 1450 .
843 1434 857 1450 .
903 1394 975 1449 Et
1021 1410 1207 1450 nomen
1247 1410 1420 1449 meum
1454 1393 1664 1450 Adonai
1701 1408 1806 1448 non

223 1485 459 1541 iudicavi
483 1487 579 1541 eis.
621 1486 777 1543 Sicut
821 1486 937 1542 tibi.
969 1485 1075 1543 Per
1102 1485 1471 1542 successiones
1497 1484 1643 1541 enim
1671 1493 1803 1541 teta-

222 1588 343 1632 tum
363 1578 538 1634 crevit
561 1577 757 1633 divina:
781 1577 1109 1649 cognitionis
1136 1584 1507 1648 augmentum.
1540 1575 1807 1647 Apparuit

222 1669 488 1726 Dominus
523 1669 791 1736 Abrahae;
830 1670 1042 1726 locutus
1070 1678 1153 1726 est
1186 1667 1325 1725 facie
1360 1668 1427 1724 ad
1462 1667 1657 1724 faciem
1681 1683 1806 1724 cum

224 1758 407 1828 Mose;
441 1758 609 1816 David
634 1774 765 1816 vero
783 1759 861 1815 ait
894 1759 1089 1832 psalm.
1116 1774 1282 1816 cxvm
1306 1777 1320 1814 :
1348 1758 1518 1830 Super
1538 1775 1686 1814 senes
1724 1760 1805 1814 in-

223 1852 428 1919 tellexi,
476 1861 582 1907 etc.
625 1851 868 1923 Apostoli
905 1851 1001 1906 Dei
1030 1851 1226 1908 Filium
1260 1859 1581 1922 praesentem
1620 1865 1808 1907 cerne-

221 1944 379 2011 bant,
428 1953 485 1999 et
523 1943 786 2015 quidquid
827 1943 1100 2010 volebant,
1144 1944 1570 2016 interrogabant,
1612 1944 1808 2015 quibus

1908 728 2056 783 addit
2084 727 2300 795 Esdras,
2335 730 2429 801 qui
2461 746 2677 788 omnem
2722 733 3105 792 bibliothecam
3139 744 3262 807 post
3312 740 3489 810 capti-

1907 819 2129 876 vitatem
2155 821 2558 894 Babylonicam,
2582 827 2791 882 cunctis
2815 825 2969 884 libris
2993 844 3024 884 a
3061 828 3494 888 Nabuchodouo~

1907 924 2001 965 sor
2019 912 2293 970 succensis
2317 915 2619 984 reparavit;
2636 917 2721 972 vel
2741 917 2856 988 ipse
2874 916 3049 977 Moses
3068 920 3134 977 de
3153 936 3213 978 se
3232 929 3490 995 tanquam

1908 1004 1975 1060 de
2002 1003 2107 1062 alio
2132 1004 2388 1077 loquitur.

2517 1097 2744 1157 CAPUT
2782 1097 2894 1156 VII.

1978 1184 2142 1242 Vens.
2176 1186 2285 1243 1-6.
2311 1218 2378 1229 -
2404 1187 2654 1263 Dixitque
2680 1192 2937 1249 Dominus
2965 1194 3034 1249 ad
3058 1194 3277 1267 Moysen
3305 1212 3324 1253 :
3357 1197 3492 1255 Ecce

1906 1276 2155 1330 constitui
2178 1287 2228 1332 te
2252 1276 2543 1346 dominum,
2567 1289 2673 1337 etc.
2702 1282 2869 1354 (Atto.
2895 1282 3092 1350 Quaest.
3119 1286 3179 1341 17
3204 1288 3260 1341 in
3290 1284 3489 1353 Exod.,

1905 1373 2020 1422 tom
2050 1367 2163 1441 lll.)
2196 1367 2497 1426 Notandum
2523 1374 2665 1443 quod
2695 1389 2817 1429 cum
2866 1376 2932 1430 ad
2961 1378 3139 1448 populi
3166 1379 3490 1444 mitteretur,

1907 1474 2015 1515 non
2057 1460 2108 1516 ei
2149 1460 2351 1517 dictum
2408 1472 2539 1519 est:
2602 1464 2739 1521 Ecce
2790 1466 2910 1522 dedi
2965 1477 3020 1523 te
3060 1468 3228 1523 Deum
3273 1468 3489 1540 populo,

1905 1561 1963 1608 et
2011 1551 2181 1608 frater
2218 1562 2344 1610 tuus
2389 1555 2495 1611 erit
2533 1563 2655 1612 tuus
2693 1559 2984 1628 propheta;
3032 1559 3145 1625 sed,
3180 1559 3347 1616 frater
3371 1569 3495 1615 tuus

1906 1643 2158 1714 loquetur
2182 1645 2279 1700 tibi
2325 1647 2394 1702 ad
2419 1646 2691 1718 populum.
2723 1649 2936 1704 Dictum
2975 1658 3059 1706 est
3091 1650 3254 1706 etiam
3302 1651 3399 1705 erit
3435 1665 3494 1705 os

1908 1744 2078 1803 tuum,
2101 1747 2148 1792 et
2174 1747 2231 1791 tu
2257 1736 2338 1792 illi
2358 1739 2413 1793 in
2434 1739 2515 1793 his
2541 1756 2659 1810 qua:
2688 1740 2759 1794 ad
2782 1739 2950 1795 Deum
2976 1757 2996 1806 ;
3021 1756 3129 1796 non
3154 1740 3357 1796 dictum
3386 1747 3490 1809 est,

1909 1836 1963 1883 tu
2012 1827 2091 1882 illi
2148 1827 2312 1884 Deus.
2360 1828 2630 1887 Pharaoni
2658 1844 2838 1889 autem
2869 1833 3071 1888 dicitur
3114 1832 3287 1889 Moses
3334 1834 3494 1889 datus

1911 1917 2064 1985 deus,
2109 1928 2167 1975 et
2199 1921 2495 1978 secundum
2517 1923 2818 1997 analogiam
2840 1925 3102 1996 propheta
3132 1925 3265 1981 Mosi
3290 1933 3373 1982 est
3399 1926 3494 1981 da-

221 2000 391 2092 etiam
416 2000 612 2091 dicithr
633 2000 795 2091 Lucae
822 2050 863 2090 ll
893 2052 907 2090 :
935 2033 1094 2089 Multi
1128 2051 1272 2106 reges
1296 2000 1661 2107 etuprophettel,
1696 2043 1802 2090 etc.

1921 2018 1996 2066 tus
2021 2011 2223 2079 Aaron,
2262 2013 2355 2069 sed
2376 2014 2446 2085 ad
2465 2013 2825 2072 Pharaonem.
2864 2016 2962 2072 Hic
3002 2017 3309 2073 insinuatur
3337 2018 3494 2075 nobis

296 2148 468 2206 Vens.
497 2149 550 2214 7,
575 2149 628 2205 8.
645 2179 716 2189 —
731 2147 809 2203 De
834 2146 1098 2220 ergastulo
1120 2146 1515 2219 rEgyptiorum.
1546 2147 1806 2219 Ergastu-

220 2243 337 2299 lum
392 2252 450 2299 et
487 2242 866 2315 ergasterium,
905 2242 961 2296 id
1005 2250 1091 2298 est
1143 2241 1554 2313 operatorium:
1606 2240 1812 2298 scilicet

220 2335 317 2392 ubi
352 2335 433 2391 rei
457 2335 527 2391 ad
547 2351 715 2407 opera
739 2335 986 2392 facienda
1009 2334 1396 2404 religabantur.

294 2447 466 2503 Vens.
495 2445 645 2503 9-H.
678 2475 753 2489 -η
777 2445 905 2501 Νοη
933 2446 1296 2517 αεᾳηίευεηιηι
1319 2446 1387 2513 ei,
1418 2454 1528 2502 etc.
1556 2445 1693 2502 Nota
1716 2444 1812 2503 Dei

221 2540 575 2597 clementiam
607 2558 621 2594 :
665 2556 773 2596 non
813 2540 1058 2596 creditur
1102 2555 1134 2594 a
1176 2539 1298 2595 ﬁliis
1326 2539 1522 2605 Israel,
1550 2548 1605 2596 et
1630 2548 1811 2595 tamen

220 2646 447 2689 monere
488 2648 597 2688 non
644 2641 842 2690 cessat.
891 2633 1270 2690 Contemnitur
1312 2648 1345 2688 a
1395 2631 1708 2701 Pharaone,
1756 2641 1812 2691 et

222 2726 611 2798 longanimiter
631 2736 933 2799 exspectat.

292 2841 463 2899 Vens.
508 2842 597 2908 l2,
635 2842 970 2898 lS.—Ecce
998 2843 1120 2914 ﬁlii,
1161 2852 1266 2901 etc.
1299 2844 1456 2917 (Anc.
1500 2845 1701 2913 Quwst.
1744 2844 1813 2901 16

222 2934 278 2989 in
304 2932 512 3006 Exod.)
542 2934 707 2989 LXX.
740 2935 876 2991 Ecce
907 2953 999 3007 ego
1042 2938 1230 3008 gracili
1276 2954 1396 2994 uoce
1432 2954 1549 2993 sum
1593 2949 1640 2993 et
1683 2955 1814 3011 quo-

224 3024 377 3079 modo
398 3024 643 3079 exaudiet
664 3042 746 3080 me
765 3024 998 3081 Pharao.
1024 3025 1140 3081 Non
1158 3027 1371 3082 videtur
1390 3039 1572 3084 tamen
1592 3036 1814 3099 propter

225 3115 625 3171 multitudinem
665 3117 846 3187 populi
885 3133 1144 3175 excusare
1181 3134 1240 3175 se
1266 3118 1335 3174 de
1357 3119 1506 3175 vocis
1539 3119 1813 3190 gracilita-

224 3214 300 3271 te,
332 3207 427 3261 sed
449 3206 615 3261 etiam
641 3217 860 3278 propter
880 3224 1045 3263 unum
1070 3210 1377 3267 hominem:
1408 3211 1607 3266 mirum
1636 3211 1679 3267 si
1703 3219 1811 3266 tam

220 3299 443 3370 gracilis
469 3301 619 3356 vocis
664 3299 783 3365 fuit,
815 3310 1002 3358 utnec
1030 3303 1099 3358 ab
1144 3319 1252 3360 uno
1284 3313 1471 3374 posset
1495 3305 1697 3377 .audiri.
1726 3304 1811 3359 An

1910 2115 1974 2156 ea
1999 2101 2145 2173 loqui
2167 2105 2459 2175 prophetas
2488 2108 2583 2163 Dei
2624 2124 2743 2179 quae
2763 2110 2989 2166 audiunt
3012 2111 3081 2166 ab
3107 2125 3207 2178 eo;
3252 2111 3493 2182 nihilque

1910 2191 2056 2248 aliud
2088 2208 2211 2250 esse
2236 2196 2556 2267 prophetam
2593 2198 2710 2265 Dei,
2736 2200 2840 2255 nisi
2881 2201 3274 2257 cuuntiatorem
3300 2202 3495 2258 verbo-

1910 2299 2034 2339 rum
2072 2284 2169 2341 Dei
2210 2287 2539 2355 hominibus,
2567 2290 2659 2359 qui
2687 2291 2855 2346 Deum
2882 2290 2970 2347 vel
2996 2307 3108 2348 non
3126 2301 3375 2362 possunt,
3405 2292 3493 2349 vel

1911 2391 2021 2431 non
2052 2386 2329 2432 merentur
2357 2378 2563 2435 audire.

1986 2467 2178 2540 (Gneo.
2218 2468 2359 2525 hom.
2384 2470 2419 2526 8
2443 2487 2598 2542 super
2616 2470 2834 2546 Ezech.)
2862 2472 3165 2546 Aliquando
3192 2476 3334 2531 Deus
3355 2492 3495 2534 nuu-

1914 2562 2182 2631 cupative,
2226 2561 2517 2632 aliquando
2549 2564 2911 2620 essentialiter
2951 2566 3168 2622 dicitur.
3204 2566 3495 2640 Nuncupa-

1915 2651 2044 2718 tive,
2082 2660 2144 2707 ut
2181 2653 2267 2709 hic
2300 2670 2314 2708 :
2344 2653 2603 2710 Constitui
2625 2664 2674 2711 te
2698 2656 2851 2711 deum
2875 2656 3189 2713 Pharaonis.
3229 2659 3295 2715 Et
3319 2658 3447 2716 alibi
3474 2676 3491 2716 :

1911 2739 2129 2811 Applica
2152 2740 2301 2797 illum
2331 2744 2402 2798 ad
2422 2744 2565 2800 deos.
2600 2745 2668 2801 Et
2703 2745 2832 2802 alibi
2863 2764 2879 2801 :
2908 2745 3051 2803 Deus
3074 2748 3215 2803 stetit
3246 2750 3303 2803 in
3328 2766 3493 2821 syna-

1912 2845 2045 2902 goga
2081 2832 2318 2901 deorum,
2342 2844 2445 2891 etc.
2469 2835 2841 2893 Essentialiter
2876 2837 3019 2907 sicut
3056 2839 3145 2894 hic
3194 2858 3206 2894 :
3239 2836 3352 2911 Ego
3375 2857 3493 2896 sum

1914 2919 2056 2976 Deus
2079 2922 2367 2991 Abraham,
2408 2925 2547 2980 Deus
2570 2924 2748 2992 Isaac,
2776 2938 2826 2983 ct
2853 2927 2995 2984 Deus
3019 2928 3206 2995 Iacob,
3234 2930 3377 3001 quod
3400 2946 3497 2987 vo-

1912 3011 2030 3069 lens
2056 3015 2255 3072 Paulus
2279 3018 2590 3076 discernere
2605 3020 2711 3075 ait:
2737 3020 2824 3076 Ea:
2842 3022 3027 3095 quibus
3052 3020 3293 3078 Christus
3315 3040 3497 3079 secun-

1914 3106 2040 3162 dum
2066 3097 2275 3164 carnem
2301 3120 2455 3165 natus
2481 3121 2578 3177 est,
2608 3113 2698 3185 qui
2717 3123 2793 3169 est
2826 3112 2962 3170 Deus
2989 3115 3285 3171 benedictus
3309 3116 3366 3171 in
3395 3134 3495 3173 sa:—

1915 3198 2056 3254 cula.
2102 3199 2473 3272 Nuncupative
2519 3203 2665 3259 enim
2695 3204 2896 3260 dicitur
2940 3205 3082 3263 Deus
3120 3207 3265 3263 inter
3288 3208 3490 3275 omnia,

1915 3294 2277 3351 essentialiter
2298 3304 2478 3351 autem
2509 3312 2672 3369 super
2695 3299 2906 3367 omnia;
2938 3309 2998 3355 ut
3028 3315 3158 3372 ergo
3185 3304 3496 3359 ostenderet

3496 2442 3523 2474 ε

222 3391 367 3447 forte
394 3393 577 3465 regius
606 3390 778 3450 [θεωε
803 3408 911 3451 non
942 3395 1296 3467 pel-minabat
1338 3410 1432 3452 eos
1459 3397 1527 3452 de
1560 3393 1811 3467 proximo
1837 3377 1885 3441 C
1914 3384 2188 3442 Christum
2230 3386 2551 3444 naturaliter
2592 3389 2780 3456 Deum,
2809 3407 2917 3446 non
2942 3400 3151 3448 tantum
3175 3393 3366 3460 Deum,
3398 3394 3494 3449 sed

220 3482 395 3555 loqui.
1190 3528 1199 3533 .

297 3575 464 3633 Vens.
515 3577 706 3635 14-19.
735 3608 806 3619 -—
847 3576 950 3633 Isti
999 3588 1121 3635 sunt
1164 3579 1445 3651 principes,
1482 3588 1589 3635 etc.
1634 3576 1808 3651 (Αυε.

222 3669 431 3737 ρααιει.
477 3668 607 3743 15.)
634 3669 831 3726 Volens
880 3668 1160 3743 Scriptura
1204 3671 1468 3743 originem
1509 3670 1679 3742 Moysi
1722 3672 1812 3727 de-

222 3770 558 3828 monstrare,
590 3762 733 3833 quod
758 3761 875 3831 ejus
900 3762 1044 3819 actio
1073 3764 1377 3833 expetebat,
1426 3778 1457 3817 a
1486 3761 1812 3834 primogeni-

222 3861 284 3909 to
313 3851 502 3917 Jacob,
531 3852 691 3908 idest
717 3852 930 3921 Ruben,
948 3854 1143 3924 ccepit;
1180 3854 1307 3910 inde
1332 3854 1400 3909 ad
1422 3852 1662 3919 Simeon,
1687 3854 1812 3909 inde

222 3942 295 3998 ad
326 3943 495 3999 Levi-z
524 3944 666 3999 ultra
693 3960 1039 4018 progressum
1090 3961 1197 4002 non
1237 3956 1352 4013 est,
1399 3945 1525 4017 quia
1576 3960 1644 4001 ex
1682 3945 1810 4001 Levi

221 4035 422 4092 Moses.
465 4035 534 4091 Hi
572 4045 752 4092 autem
780 4047 1294 4103 commemorantur,
1333 4037 1427 4107 qui
1450 4034 1563 4106 jam
1600 4051 1811 4092 memo-

223 4129 336 4183 rati
368 4126 665 4183 fuerantin
693 4128 801 4185 illis
845 4129 1188 4201 septuaginta
1231 4127 1473 4199 quinque
1514 4127 1570 4183 in
1615 4129 1814 4198 quibus

217 4217 393 4274 Israel
426 4219 725 4275 intraverat
757 4219 813 4275 in
839 4217 1155 4291 Egyptum.
1208 4218 1325 4275 Non
1369 4219 1517 4275 cnim
1555 4218 1811 4290 primam,

216 4312 312 4368 vel
342 4312 655 4378 secundam,
684 4311 779 4368 sed
801 4312 1016 4367 tertiam
1048 4312 1269 4379 tribum,
1304 4311 1360 4369 id
1379 4319 1463 4367 est
1491 4308 1811 4377 Leviticatu,

218 4404 397 4462 voluit
432 4405 574 4460 Dens
614 4419 735 4461 esse
761 4403 1169 4460 sacerdotalem.

298 4499 449 4553 Vens
475 4497 847 4568 ﬁll—Accepit
889 4506 1064 4551 autem
1097 4496 1313 4550 Amram
1354 4512 1569 4551 uxorem
1618 4496 1813 4551 Jocha-

220 4590 347 4656 bed,
380 4597 484 4645 etc.
514 4588 534 4661 (
560 4589 806 4662 STRAB.)
843 4588 1066 4644 Amram
1112 4590 1500 4660 interpretatur
1541 4596 1690 4658 pater
1725 4604 1814 4642 ca;-

222 4681 418 4746 celsus,
434 4681 525 4751 qui
549 4681 816 4752 signiﬁcat
839 4681 1145 4747 Christum;
1177 4678 1478 4745 Jochabed,
1497 4678 1597 4735 Dei
1617 4680 1811 4751 gratia,

222 4789 351 4845 qua:
411 4772 679 4844 signiﬁcat
724 4772 1054 4828 Ecclesium:
1097 4773 1177 4827 Ex
1219 4771 1435 4828 Christo
1479 4781 1534 4827 et
1574 4770 1815 4826 Ecclesia

221 4865 473 4921 nascitur
499 4863 694 4929 Moses,
728 4864 779 4919 id
821 4872 906 4918 est
939 4863 1026 4918 lex
1049 4862 1364 4934 spiritualis,
1394 4870 1450 4918 ει
1487 4862 1691 4927 Aaron,
1716 4861 1820 4916 sci-

222 4957 357 5012 licet
390 4970 575 5011 verum
605 4957 988 5012 sacerdotium.

300 5050 512 5119 Accepit
542 5060 739 5115 autem,
767 5058 874 5105 etc.
908 5049 1033 5105 Haec
1061 5049 1128 5105 de
1162 5049 1303 5104 tribu
1329 5047 1468 5104 Iuda
1497 5047 1619 5115 fuit,
1661 5063 1817 5104 soror

222 5138 469 5203 Naason,
500 5137 591 5209 qui
629 5136 734 5193 fuit
770 5138 1022 5209 princeps
1070 5138 1243 5195 tribus
1274 5138 1426 5195 Judze
1464 5139 1519 5194 in
1554 5140 1811 5196 deserto:

1913 3479 2084 3535 Deum
2129 3495 2294 3551 super
2336 3481 2519 3537 omnia
2562 3498 2680 3539 esse
2715 3485 3058 3541 memoravit.
3107 3485 3295 3543 Justus
3346 3487 3493 3542 enim

1913 3571 2141 3642 quilibet
2169 3571 2315 3628 Deus
2353 3580 2459 3639 est,
2490 3573 2585 3629 sed
2623 3575 2766 3630 inter
2801 3577 3003 3643 omnia,
3047 3577 3175 3648 quia
3218 3593 3493 3647 nuncupa-

1914 3662 2023 3718 tive
2052 3681 2066 3717 :
2106 3660 2358 3719 Christus
2383 3670 2562 3719 autem
2584 3678 2747 3736 super
2783 3667 2985 3739 omnia,
3018 3667 3147 3738 quia
3175 3666 3497 3725 naturaliter

1912 3754 2076 3814 Deus.

1985 3851 2143 3924 (Αυε.
2162 3851 2363 3921 Quaest.
2380 3855 2448 3912 18
2473 3856 2530 3909 in
2554 3852 2756 3926 Exod.)
2786 3851 3014 3909 Assidue
3039 3854 3171 3911 dicit
3198 3854 3355 3921 Deus,
3385 3867 3491 3915 etc.

1912 3960 2076 4017 usque
2119 3946 2187 4001 ad
2238 3946 2518 4015 indurabo,
2565 3946 2621 4003 id
2671 3955 2777 4014 est,
2830 3961 2993 4018 quam
3044 3950 3240 4005 durum
3292 3951 3365 4007 sit
3404 3952 3496 4008 de-

1913 4039 2247 4095 monstrabo.

1991 4127 2150 4186 Vens.
2179 4130 2235 4197 7,
2261 4129 2316 4186 8.
2346 4161 2417 4171 ——
2443 4129 2579 4186 Erat
2601 4142 2775 4189 autem
2807 4132 2981 4189 Moses
3023 4124 3286 4206 octoginta
3323 4150 3494 4190 anno-

1916 4236 2052 4290 rum,
2077 4229 2199 4277 etc-
2218 4220 2238 4294 (
2264 4220 2463 4277 ενι-κω.
2488 4222 2507 4294 )
2529 4222 2757 4294 Propter
2777 4225 3247 4281 circumcisionem
3267 4225 3493 4292 scilicet,

1914 4327 2034 4384 qua:
2070 4322 2261 4377 octava
2291 4314 2376 4369 die
2414 4313 2676 4370 celebrari
2717 4316 2869 4386 iussa
2898 4325 2982 4372 est
3012 4334 3025 4370 :
3073 4308 3318 4372 eamdem
3348 4316 3494 4393 enim

1916 4403 2363 4476 signiﬁcationem
2386 4405 2551 4461 habet
2581 4407 2962 4476 octogenarius
2994 4422 3155 4476 quam
3182 4415 3237 4463 et
3272 4417 3495 4463 octona-

1917 4496 2031 4553 rius
2080 4496 2221 4553 infra
2262 4512 2386 4553 eum
2426 4498 2622 4553 minor.
2650 4498 2784 4553 Erat
2805 4508 2979 4554 autem
3016 4499 3190 4556 Moses
3233 4500 3496 4571 octoginta

1918 4607 2200 4644 annorum.
2225 4589 2452 4658 Quando
2507 4590 2683 4647 Moses
2734 4600 2789 4645 et
2832 4591 3015 4648 Aaron
3061 4592 3228 4649 locuti
3255 4603 3382 4649 sunt
3428 4594 3496 4651 ad

1917 4677 2281 4743 Pharaonem,
2329 4678 2506 4735 Moses
2531 4688 2652 4734 erat
2684 4681 3087 4751 octogenarius,
3142 4684 3321 4738 Aaron
3367 4698 3497 4739 vero

1919 4771 2191 4843 octoginta
2225 4770 2388 4849 trium
2424 4785 2689 4827 annorum
2719 4790 2732 4826 :
2762 4774 2890 4842 quia
2924 4773 3009 4829 lex
3046 4789 3142 4844 per
3180 4775 3498 4847 praedicato-

1919 4878 2010 4918 res
2061 4863 2130 4918 ad
2177 4869 2368 4935 gentes
2427 4861 2607 4917 oblata
2646 4863 3115 4921 circnmcisionem
3161 4867 3495 4939 spiritualem

1917 4953 2122 5021 docuit,
2168 4961 2225 5008 et
2270 4952 2368 5024 ipsi
2420 4952 2657 5022 perfecte
2703 4954 2952 5011 mandari
2996 4956 3305 5025 studebant,
3336 4967 3392 5013 et
3416 4959 3498 5015 sic

1916 5046 2078 5102 ﬁdem
2112 5054 2316 5102 sanctae
2339 5043 2623 5101 Trinitatis
2650 5046 3033 5117 prmdicahant.

1989 5138 2151 5195 Vens.
2182 5138 2236 5194 9.
2260 5167 2334 5178 —-
2365 5136 2497 5194 Cum
2532 5138 2723 5193 dixerit
2744 5139 2885 5195 vobis
2914 5139 3153 5209 Pharao,
3178 5150 3282 5199 etc.
3315 5142 3335 5216 (
3358 5144 3493 5202 Ana.

222 5231 473 5288 nondum
498 5230 643 5286 enim
674 5239 1000 5302 praeceptum
1031 5239 1148 5285 erat
1177 5239 1236 5285 ut
1260 5231 1488 5302 quisque
1511 5271 1526 5299 ,
1568 5230 1636 5286 de
1673 5229 1815 5286 tribu
1923 5232 2123 5299 Quwst.
2155 5232 2221 5288 l9
2249 5239 2305 5287 et
2324 5232 2441 5304 20.)
2472 5230 2572 5288 Hic
2596 5247 2706 5289 non
2728 5241 2846 5289 erat
2871 5247 3007 5304 opus
3029 5249 3183 5304 voce,
3212 5242 3312 5308 pro
3345 5234 3497 5306 cujus

224 5341 330 5381 sua
359 5338 587 5379 uxorem
617 5323 906 5393 acciperet.
942 5320 1067 5379 Ideo
1105 5330 1285 5377 autem
1314 5323 1398 5377 hae
1424 5322 1619 5388 tribus,
1644 5321 1699 5376 id
1731 5330 1818 5377 est
1917 5324 2219 5397 gracilitate
2256 5323 2544 5381 videbatur
2586 5323 2719 5381 Mosi
2764 5324 2923 5381 datus
2964 5324 3167 5397 Aaron,
3216 5329 3309 5385 sed
3342 5329 3495 5398 virga

223 5416 475 5473 Levitica
506 5423 558 5471 et
584 5414 806 5485 regalis,
829 5413 943 5484 jam
972 5420 1100 5469 tunc
1129 5412 1616 5484 conjungebantur,
1643 5419 1706 5468 ut
1727 5413 1814 5468 in-
1919 5424 2039 5472 erat
2064 5412 2395 5487 projicienda
2416 5423 2478 5470 ut
2509 5414 2672 5472 draco
2700 5415 2872 5471 ﬁeret.
2903 5414 3015 5473 Cur
3042 5418 3145 5475 hoc
3167 5434 3296 5490 ergo
3322 5418 3495 5473 Moses

228 5508 570 5580 telligeretur
597 5506 848 5562 Christus
864 5521 973 5562 rex
998 5512 1055 5561 et
1077 5505 1330 5561 sacerdos
1356 5504 1569 5563 futurus
1589 5522 1655 5563 ex
1676 5506 1776 5563 eis.
1918 5504 2035 5576 ipse
2058 5520 2167 5562 non
2193 5503 2344 5573 fecit,
2369 5505 2474 5562 nisi
2498 5506 2626 5576 quia
2652 5506 2907 5563 mediatio
2933 5506 3114 5564 Aaron
3145 5509 3288 5564 inter
3310 5506 3493 5564 Mosen

303 5602 473 5658 Vens.
494 5600 683 5655 21-26.
709 5630 781 5641 ——
810 5597 938 5655 Filii
965 5615 1169 5672 quoque
1186 5597 1366 5667 Isaar,
1391 5608 1499 5656 etc.
1527 5598 1768 5671 (ὅπως.
1793 5599 1814 5671 )
1919 5606 1976 5653 ει
2002 5596 2335 5653 Pharaonem
2363 5613 2574 5669 magna:
2619 5596 2745 5654 ﬁdei
2779 5597 3004 5669 ﬁguram
3027 5599 3187 5671 gerit.
3215 5596 3330 5653 Hoc
3358 5612 3494 5667 quo-

229 5692 509 5761 Quaeritur
531 5706 630 5747 cur
648 5690 807 5758 Core,
834 5705 994 5761 quem
1016 5704 1116 5760 pro
1136 5689 1419 5761 iniquitate
1448 5701 1592 5746 terra
1632 5692 1815 5748 vivum
1921 5705 2027 5762 que
2082 5694 2379 5746 notandum
2425 5689 2568 5759 quod
2595 5687 2857 5759 scriptum
2899 5700 2982 5745 εει
3017 5706 3029 5741 :
3059 5686 3289 5758 Projecit
3317 5687 3496 5745 Aaron

228 5782 538 5850 absorbuit,
573 5783 628 5837 in
663 5781 975 5853 genealogia
1001 5779 1273 5850 iustorum
1301 5783 1535 5853 scriptus
1559 5782 1674 5838 sit?
1711 5782 1818 5838 Sed
1921 5782 2117 5851 virgam
2139 5796 2313 5835 suam:
2350 5778 2491 5835 forte
2531 5777 2577 5833 si
2598 5777 2824 5834 dixisset
2844 5776 3070 5848 proiecit
3090 5777 3317 5850 virgam,
3349 5780 3493 5836 nulla

229 5878 525 5935 haereticos
574 5892 694 5931 cum
735 5876 1017 5931 catholicis
1064 5876 1116 5929 in
1150 5875 1386 5931 Ecclesia
1428 5875 1698 5947 signiﬁcat
1738 5876 1819 5931 luo

238 5982 395 6028 turos

608 6061 878 6121 Parum.
938 6058 1161 6122 CXIII.

1922 5872 2151 5943 quiestio
2204 5878 2385 5936 esset;
2418 5870 2560 5941 quod
2608 5884 2736 5925 vero
2787 5870 2937 5924 addit
2993 5885 3168 5935 suam,
3207 5886 3331 5927 cum
3375 5887 3496 5927 eam

1925 5965 2098 6021 Moses
2130 5962 2359 6030 dederit,
2399 5978 2505 6018 non
2545 5962 2747 6018 frustra
2778 5960 3006 6019 forsitan
3043 5960 3245 6019 dictum
3283 5971 3383 6019 est.
3413 5960 3497 6018 An

3068 6052 3107 6115 ἰ
