3998 6332
569 441 675 499 ωδ

1060 438 1457 495 WALAFRlDl
1497 437 1746 494 STRABl
1780 434 1984 493 FULD.
2030 434 2193 492 MON.
2233 430 2384 489 OPP.
2426 428 2606 486 PARS
2641 429 2682 483 l.
2726 458 2791 468 —
2827 424 3283 483 THEOLOGICA.

3704 428 3818 480 201

496 588 503 597 -
564 561 686 610 erat
705 552 920 623 utrique
940 551 1029 607 illa
1052 552 1202 622 virga
1224 551 1544 615 communis,
1568 558 1627 605 ut
1647 548 1932 619 cujuslibet
1950 564 2137 606 eorum
2165 556 2214 617 Α
2239 543 2520 616 cynomyia
2541 541 2817 607 educitur;
2848 541 2903 595 in
2927 540 3133 610 quinta,
3161 553 3283 593 cum
3305 552 3501 593 manus
3516 536 3730 593 Domini
3752 536 3815 594 ﬁt

566 645 855 710 diceretur,
882 657 1072 698 verum
1110 642 1420 698 diceretur?

636 734 885 808 (Βτω.)
921 734 1086 809 Virga
1130 735 1264 792 Mosi
1287 735 1566 793 Christum
1614 735 1908 808 signiﬁcat,
1950 736 2043 806 qui
2070 751 2137 791 ex

567 828 731 899 regali
760 828 927 899 stirpe
965 842 1186 883 samem
1224 826 1470 896 sumpsit.
1508 826 1662 883 Unde
1685 827 1876 882 eadem
1897 826 2046 898 virga
2084 825 2139 880 in

564 919 845 974 colubrum
893 932 1177 985 conversa,
1199 932 1389 974 omnes
1424 918 1604 989 virgas
1646 916 2012 973 maleﬁcorum
2041 918 2136 974 de-

563 1011 793 1078 voravit,
840 1011 967 1084 quia
1015 1027 1164 1068 mors
1206 1010 1408 1067 Christi
1450 1018 1681 1067 mortem
1729 1020 1970 1067 nostram
2011 1024 2138 1066 con-

563 1103 810 1172 sumpsit.

635 1210 815 1285 (Otuc.
843 1211 985 1267 Itoni.
1007 1209 1042 1265 1
1068 1212 1126 1269 in
1150 1209 1349 1284 Exod.)
1364 1209 1651 1285 Apostolus
1670 1209 1802 1266 dicit
1829 1208 1851 1265 1
1872 1210 1997 1269 Cor.
2021 1226 2134 1265 xiv:

560 1303 912 1359 Emuiamini
933 1301 1228 1374 spiritantia
1250 1302 1389 1358 dona
1411 1302 1577 1374 magis
1599 1311 1772 1357 autem
1793 1303 2134 1375 utprophete-

558 1398 645 1451 tis.
670 1394 962 1451 Tentemus
985 1402 1042 1449 et
1067 1408 1168 1449 nos
1185 1394 1581 1449 aemulationem
1609 1395 1875 1449 honorum
1895 1394 2139 1466 suscipe-

560 1502 636 1552 re,
660 1502 691 1541 a
708 1485 934 1543 Domino
966 1500 1093 1540 vero
1114 1485 1505 1559 plenitudinem
1536 1485 1778 1540 muneris
1796 1494 2131 1556 exspectare.

558 1579 662 1635 Pro
678 1579 780 1634 hoc
799 1579 943 1634 enim
970 1577 1172 1633 dicitur
1191 1577 1328 1651 psal.
1346 1592 1517 1632 uxx:
1542 1577 1701 1649 Aperi
1717 1595 1774 1633 os
1795 1587 1940 1632 tuum
1962 1588 2009 1632 et
2031 1577 2136 1633 im-

555 1671 702 1741 plebo
725 1671 894 1738 illud;
921 1686 1022 1747 pro
1049 1667 1141 1727 illo
1162 1686 1292 1727 vero
1316 1689 1329 1724 :
1355 1668 1539 1742 Punge
1565 1670 1792 1733 oculum,
1822 1683 1871 1725 et
1895 1671 2135 1743 producit

556 1764 842 1837 lacrgmam
865 1781 887 1831 ,'
913 1780 1082 1837 punge
1103 1781 1213 1829 cor,
1243 1774 1291 1819 et
1316 1765 1555 1836 producit
1577 1782 1804 1820 sensum.
1839 1764 1975 1821 Puto
2005 1780 2135 1839 ergo

555 1854 698 1925 quod
725 1855 901 1912 Moses
937 1855 1006 1911 ad
1026 1854 1317 1929 Egyptum
1347 1857 1586 1921 veniens,
1616 1866 1671 1912 et
1697 1857 1903 1929 virgam
1931 1857 2131 1923 ferens,

2239 652 2401 709 super
2428 651 2626 707 pecora
2652 635 3051 705 Egyptiornm,
3081 632 3334 687 dicuntur
3358 628 3576 685 similia.

2311 727 2474 783 Vsus.
2498 728 2586 782 l2.
2609 758 2681 767 —
2709 726 2996 780 Dracones.
3038 724 3155 792 Apo
3186 731 3275 777 tou
3312 720 3506 796 δέριιιν
3534 720 3818 788 dim-tur,

2239 819 2295 875 id
2318 829 2402 875 est
2428 818 2623 883 sidere,
2652 818 2780 889 quia
2800 816 2985 871 vident
3003 814 3216 870 acutius
3234 813 3816 870 czeterisaninaﬂbus.

2309 907 2412 965 Sed
2436 909 2697 964 devoravit
2723 946 2740 973 ,
2786 916 2893 963 etc.
2921 905 3076 977 (Anc.
3110 904 3311 973 Quasi.
3334 904 3451 977 21.)
3496 904 3557 961 Si
3606 906 3820 962 dictum

2236 1008 2403 1062 esset,
2444 998 2734 1054 Absorbuit
2764 997 2931 1052 draco
2954 997 3133 1053 Aaron
3156 997 3336 1067 virgas
3361 1013 3572 1064 atram,
3606 997 3821 1053 suam-

2238 1101 2457 1162 geretur
2480 1104 2638 1145 veras
2662 1090 2827 1145 draco
2847 1090 3028 1147 Aaron
3051 1089 3391 1158 phantastica
3420 1090 3675 1160 ﬁgmenta
3703 1105 3817 1146 non

2237 1180 2602 1244 absorbuisse,
2632 1179 2726 1234 sed
2755 1180 2934 1251 virgas
2956 1219 2971 1243 ,
3016 1188 3124 1235 etc.
3153 1218 3171 1245 ,
3206 1195 3369 1251 usque
3405 1181 3475 1235 ad
3512 1181 3657 1237 Dens
3684 1196 3822 1239 vero

2236 1269 2383 1325 solus
2415 1278 2627 1325 creator
2652 1278 2736 1324 est
2772 1284 2953 1335 verus,
2984 1269 3077 1341 qui
3102 1284 3296 1326 causas
3321 1270 3468 1341 ipsas
3492 1280 3548 1326 et
3577 1272 3822 1330 rationes

2236 1361 2554 1419 seminaries
2582 1361 2742 1417 rebus
2764 1360 3010 1417 inseruit.

2311 1472 2472 1529 Vens.
2524 1471 2622 1538 15,
2651 1470 2739 1527 id.
2781 1502 2852 1513 —
2883 1471 3323 1544 Induratumque,
3370 1482 3479 1531 etc.
3536 1473 3823 1533 induravit

2235 1564 2378 1620 Deus
2402 1578 2498 1621 cor
2521 1563 2837 1628 Pharaonis,
2863 1562 2990 1633 quia
3010 1562 3280 1619 diabolum
3302 1564 3383 1621 ita
3396 1564 3668 1621 induravit
3694 1574 3823 1637 post

2232 1660 2535 1723 peccatum,
2585 1660 2643 1707 ut
2690 1650 3022 1722 prnuiteutia:
3066 1652 3481 1722 conpunctione
3533 1670 3821 1727 nunquam

2232 1742 2561 1807 emolliatur,
2586 1743 2728 1798 sicut
2752 1743 2807 1799 in
2835 1740 2938 1799 Job
2969 1759 3059 1801 ut
3084 1744 3287 1801 dicitur
3310 1763 3327 1801 ς
3364 1742 3470 1801 Cor
3494 1746 3613 1817 ejus
3656 1748 3822 1803 indu-

2234 1835 2436 1889 rabitur
2458 1838 2607 1905 quasi
2626 1831 2782 1904 lapis.

555 1908 916 2019 qua
2162 1908 2210 1969 Β
2310 1947 2471 2002 Vns.
2496 1947 2580 2009 15,
2608 1945 2693 2003 lli.
2722 1976 2786 1989 —
2812 1945 2959 2003 Vade
2981 1947 3051 2003 ad
3081 1964 3200 2004 eum
3234 1964 3405 2015 nam,
3427 1966 3544 2005 ecce
3582 1952 3820 2022 egredieb

555 2037 649 2094 Dei
669 2038 760 2104 sit,
784 2053 888 2110 qua
918 2040 1177 2094 mundum
1200 2040 1384 2095 decem
1401 2040 1591 2112 plagis,
1616 2039 1668 2094 id
1682 2050 1765 2095 est
1778 2041 1963 2097 decem
1986 2057 2138 2096 man-

552 2116 693 2187 datis
713 2130 1304 2203 decalogi,corripiatet
1317 2132 1584 2187 emendet.
1602 2129 1764 2203 Virga
1784 2147 1889 2203 qua
1910 2132 2025 2188 haec
2044 2147 2137 2205 ge-

553 2232 767 2290 runtur,
795 2233 853 2279 et
883 2221 1151 2295 Egyptus
1184 2224 1473 2297 subigitur,
1506 2233 1561 2279 et
1588 2222 1802 2281 Pharao
1824 2234 2133 2297 superatur,

550 2330 682 2369 crux
716 2312 920 2370 Christi
941 2324 1047 2380 est,
1070 2330 1168 2384 per
1186 2328 1349 2384 quam
1379 2316 1608 2370 mundus
1629 2323 1685 2371 et
1704 2316 1958 2389 princeps
1978 2331 2135 2371 mun-

495 2409 601 2463 Odi
654 2418 959 2479 superatur,
1006 2410 1060 2464 id
1102 2418 1186 2465 est
1229 2409 1492 2472 diabolus,
1548 2425 1670 2466 cum
1708 2412 2042 2484 principibus
2077 2419 2135 2468 et

548 2502 924 2573 potestatibus.
966 2499 1127 2573 Virga
1169 2503 1407 2574 projecta
1449 2503 1508 2557 ﬁt
1553 2503 1717 2559 draco
1760 2503 1847 2559 vel
1887 2520 2127 2581 serpens,

546 2598 602 2645 et
640 2591 865 2647 devorat
891 2589 1271 2664 Egyptiorum
1318 2607 1595 2663 magorum
1640 2602 1943 2665 serpentes.
2000 2592 2131 2650 Ser-

549 2697 682 2753 pens
714 2697 843 2738 vero
886 2697 987 2754 prp
1023 2681 1286 2753 sapientia
1323 2683 1410 2738 vel
1458 2684 1745 2754 prudentia
1782 2684 1911 2757 poni
1951 2684 2126 2752 solet;

547 2775 689 2831 unde
712 2774 901 2830 Matth.
925 2791 960 2830 ι
987 2792 999 2828 :
1030 2774 1208 2830 Estote
1237 2775 1514 2846 prudentes
1554 2776 1689 2830 sicut
1712 2786 1992 2847 serpentes,
2020 2787 2124 2833 etc.

545 2868 613 2924 Et
637 2865 774 2924 Gen.
802 2882 865 2927 ιιι
897 2884 912 2922 :
945 2865 1169 2938 Serpens
1207 2877 1318 2921 erat
1355 2866 1664 2938 prudentior
1690 2868 1890 2921 cunctis
1924 2869 2130 2923 anima-

544 2961 701 3027 tibus,
735 2969 842 3018 etc.
868 2959 1016 3017 Crux
1045 2974 1175 3032 ergo
1199 2959 1425 3025 Christi,
1470 2958 1625 3031 cujus
1657 2961 1969 3031 praedicatio
1998 2961 2128 3017 stul-

546 3064 596 3109 ta
613 3052 914 3119 videbatur,
936 3066 1099 3123 quam
1126 3050 1323 3119 Moses,
1344 3050 1398 3107 id
1420 3059 1503 3107 est
1524 3049 1631 3115 lex,
1654 3050 1894 3105 continet
1914 3045 2135 3123 (secun-'

543 3145 668 3201 dum
691 3144 821 3202 illud
840 3144 996 3201 Joan.
1023 3161 1088 3200 v:
1115 3144 1191 3200 De
1210 3161 1291 3200 me
1302 3145 1439 3199 enim
1461 3142 1549 3198 ille
1570 3142 1820 3216 scripsit),
1842 3152 2124 3215 postquam

544 3237 598 3290 in
626 3244 827 3292 terram
850 3234 1093 3307 projecta
1107 3244 1211 3301 est,
1239 3235 1290 3290 id
1320 3244 1406 3290 est
1443 3235 1508 3290 ad
1538 3233 1697 3290 ﬁdem
1726 3232 2002 3290 hominum
2028 3248 2122 3288 ve-
2151 3260 2196 3324 ο

541 3329 641 3395 nit,
657 3342 919 3385 conversa
939 3336 1025 3385 est
1046 3326 1101 3382 in
1116 3328 1456 3401 sapientiam,
1480 3336 1537 3382 et
1562 3326 1616 3385 in
1634 3335 1834 3381 tantam
1859 3339 1979 3397 quae
2008 3341 2124 3380 om-

541 3434 664 3474 nem
698 3418 1020 3491 sapientiam
1055 3420 1452 3493 Aigyptiorum,
1485 3418 1539 3474 id
1586 3428 1672 3474 est.
1712 3418 1873 3493 hujus
1913 3417 2122 3485 mundi,

540 3511 846 3567 devoraret.
886 3509 1103 3567 Intuere
1144 3511 1290 3568 enim
1332 3509 1602 3582 quomodo
1632 3509 1850 3565 stultam
1878 3507 2021 3565 Deus
2048 3508 2123 3565 fe-

541 3605 616 3659 cit
666 3604 991 3675 sapientiam
1016 3603 1177 3673 hujus
1219 3602 1426 3671 mundi,
1470 3611 1757 3675 postquam
1808 3600 2121 3657 manifesta-

540 3694 617 3749 vit
646 3691 923 3750 Christum
950 3692 1270 3748 cruciﬁxum
1294 3708 1415 3749 esse
1440 3692 1533 3747 Dei
1558 3691 1812 3747 virtutem
1836 3699 1893 3745 et
1913 3690 2122 3761 sapien-

542 3785 670 3840 tiam
703 3792 801 3840 :et
837 3784 1123 3841 universus
1143 3782 1257 3855 jam
1302 3784 1534 3841 mundus
1579 3781 1999 3852 comprehensus
2036 3787 2122 3836 est

539 3875 608 3931 ab
635 3889 726 3941 eo,
753 3876 846 3947 qui
877 3875 1058 3931 dixitl
1087 3874 1215 3931 Cor.
1244 3889 1305 3930 nt
1334 3892 1349 3930 :
1382 3871 1831 3944 Comprehendam
1859 3872 2118 3945 sapientes

537 3968 595 4022 in
617 3967 811 4022 astutia
834 3982 1034 4021 eorum.

610 4078 774 4137 Vens.
798 4077 887 4139 10.
910 4108 983 4120 -—
1010 4077 1253 4150 Tulitque
1291 4078 1492 4147 Aaron,
1526 4084 1635 4136 etc.
1666 4077 1814 4151 (iam.
1860 4077 1916 4131 in
1956 4074 2113 4143 Gem,

540 4184 668 4233 tom.
712 4173 801 4247 γ.)
847 4173 1098 4245 Tulitque
1143 4174 1353 4246 virgam
1397 4188 1581 4233 coram
1627 4171 1928 4240 Pharaone,
1980 4180 2112 4238 etc.,

539 4287 701 4344 usque
728 4271 797 4329 ad
818 4283 839 4325 :
858 4268 971 4327 Ero
998 4286 1140 4327 mors
1165 4276 1281 4335 tua,
1317 4284 1347 4323 ο
1372 4283 1533 4334 mors,
1561 4274 1671 4324 etc.

608 4386 740 4454 Qua
780 4401 931 4442 ursa
967 4384 1129 4441 estin
1154 4382 1444 4440 colubrum.
1472 4379 1585 4437 Lex
1614 4378 1748 4434 Mosi
1792 4377 1945 4448 quasi
1982 4375 2114 4431 insi-

539 4481 664 4553 pida
691 4487 896 4536 eratut
923 4479 1101 4549 virga,
1128 4478 1225 4534 sed
1246 4491 1401 4532 versa
1431 4475 1486 4528 in
1515 4472 1818 4535 colubrum,
1847 4462 2014 4525 id'est
2053 4469 2110 4522 in

535 4572 870 4645 spiritualetn
913 4569 1324 4642 intelligentiam
1350 4609 1366 4635 ,
1405 4564 1657 4639 potabilis
1690 4561 1879 4620 eﬁ‘ecta
1932 4567 2013 4616 cst
2052 4564 2110 4615 et

536 4664 889 4722 delectabilis.

608 4781 767 4838 Vsus.
793 4782 879 4836 11.
903 4808 974 4822 --
1005 4774 1212 4833 Vocaoit
1234 4785 1409 4830 autem
1437 4771 1653 4827 Pharao
1690 4771 1969 4840 sapientes,
1993 4774 2099 4823 etc.

534 4876 825 4932 Sciendum
849 4872 976 4943 quia
1016 4870 1100 4927 vel
1131 4866 1410 4925 diabolicis
1448 4860 1718 4934 ﬁgmentis
1748 4858 2104 4930 spectantium

530 4966 715 5023 oculos
743 4961 1070 5020 deludebant
1093 4999 1109 5024 ,
1156 4966 1216 5011 ut
1262 4970 1350 5010 res
1393 4954 1448 5008 in
1478 4968 1575 5007 sua
1604 4958 1795 5005 natura
1825 4954 2103 5003 manentes

531 5060 679 5115 aliud
714 5058 1057 5117 viderentur;
1103 5048 1204 5113 vel,
1233 5046 1525 5103 secundum
1563 5043 1946 5114 Augustinum,
2001 5039 2103 5095 dili-

531 5166 739 5217 moues,
767 5148 1014 5220 quamvis
1036 5144 1160 5200 mali
1187 5151 1433 5198 naturam
1458 5154 1611 5194 suam
1633 5153 1741 5193 non
1769 5135 2096 5192 amiserunt:

531 5247 654 5301 ideo
679 5244 805 5297 dum
829 5257 926 5312 per
954 5237 1368 5295 iucaatationem
1402 5248 1591 5289 eorum
1628 5230 1860 5287 maleﬁci
1899 5228 2101 5301 aliquid

530 5334 740 5393 efﬁcere
761 5340 1045 5396 conantur,
1078 5329 1390 5384 discurrunt
1413 5340 1509 5396 per
1538 5324 1814 5389 mundum,
1844 5329 1901 5378 et
1922 5320 2100 5377 subito

529 5431 736 5489 semina
757 5441 962 5489 eorum,
990 5425 1056 5480 de
1074 5422 1267 5492 quibus
1289 5421 1392 5476 hoc
1410 5420 1607 5491 agitur,
1625 5417 1873 5473 afferunt.
1900 5413 2099 5483 Sicque

528 5540 595 5580 ex
627 5522 729 5578 illis
753 5561 770 5589 ,
811 5516 1158 5589 permittente
1200 5512 1332 5577 Deo,
1354 5526 1521 5566 novas
1550 5523 1729 5565 rerum
1750 5507 1957 5565 soecies
1976 5520 2101 5571 pro-

529 5619 873 5762 dugilrttiiiter.
904 5696 962 5754 In
988 5696 1163 5768 prima
1196 5692 1350 5765 plaga
1377 5691 1508 5747 dicit
1550 5704 1674 5746 cum
1700 5702 1840 5758 aqua
1870 5685 2101 5741 vertitur

530 5802 585 5853 iu
617 5795 961 5867 sanguinem;
993 5798 1048 5844 et
1092 5790 1144 5844 in
1186 5786 1442 5850 secunda,
1472 5800 1594 5840 cum
1623 5796 1766 5837 ranae
1791 5778 2050 5835 ebulliunt
2079 5795 2094 5845 ;

528 5898 585 5947 et
608 5888 664 5945 in
688 5884 842 5943 tertia
882 5896 1004 5938 cum
1042 5878 1289 5950 ciniphos
1314 5876 1600 5947 ingruunt;
1630 5872 1683 5928 in
1708 5878 1901 5943 quarta
1926 5909 1940 5933 ,
1974 5884 2098 5925 cum

2234 2049 2341 2104 tur,
2382 2048 2490 2095 etc.
2534 2038 2713 2111 (Data.
2737 2040 2879 2094 haut.
2915 2038 2994 2109 4.)
3028 2039 3208 2095 Primo
3248 2041 3464 2111 quidem
3489 2056 3597 2097 non
3640 2042 3819 2100 intrat

2234 2132 2409 2187 Moses
2457 2133 2525 2187 ad
2570 2131 2929 2196 Pharaonem,
2960 2130 3055 2187 sed
3101 2134 3343 2189 occurrit
3391 2133 3442 2187 ei
3491 2135 3715 2191 «eunti
3745 2133 3817 2189 ad

2231 2237 2438 2292 muas;
2468 2231 2657 2294 postea
2682 2237 2812 2281 vero
2838 2221 3032 2289 intrat;
3065 2230 3190 2293 post
3211 2223 3326 2279 haec
3348 2238 3452 2281 nec
3478 2223 3647 2279 intrat
3665 2265 3683 2290 ,
3718 2225 3817 2283 sed

2232 2315 2529 2372 accersitus
2552 2313 2762 2371 accedit
2792 2331 2807 2369 :
2861 2315 2988 2387 quia
3031 2314 3145 2373 sive
3171 2315 3404 2371 nobisin
3436 2315 3602 2370 verbo
3626 2316 3730 2373 Dei
3760 2323 3817 2375 et

2231 2407 2530 2467 assertione
2560 2404 2837 2479 religionis
2877 2414 3150 2465 certamen
3196 2415 3279 2463 est
3330 2422 3453 2463 cum
3502 2406 3813 2475 Pharaone,

2230 2501 2344 2557 sive
2397 2500 2649 2559 obsessas
2686 2499 2756 2556 ab
2783 2514 2851 2557 eo
2890 2500 3102 2557 animas
3150 2494 3364 2570 eripere
3410 2515 3713 2569 conamur,
3760 2510 3815 2558 et

2228 2593 2396 2651 estin
2425 2593 2576 2649 nobis
2613 2593 2666 2653 in
2711 2592 3074 2665 disputatione
3118 2592 3420 2659 luctamen,
3466 2608 3573 2649 non
3632 2593 3813 2665 prima

2230 2684 2407 2739 fronte
2434 2684 2641 2755 ingredi
2672 2683 2928 2739 debemus
2954 2684 3021 2739 ad
3050 2684 3236 2740 ultima
3275 2684 3633 2757 quaestionum
3664 2685 3810 2755 loca,

2229 2775 2323 2831 sed
2348 2775 2739 2830 occurrendum
2782 2784 2865 2830 est
2914 2776 3069 2830 nobis
3098 2775 3429 2841 adversario,
3460 2786 3515 2831 et
3542 2777 3609 2831 ad
3637 2793 3813 2849 aquas

2227 2880 2372 2930 suas,
2404 2864 2459 2919 id
2504 2872 2618 2929 est,
2651 2864 3002 2920 auctoritates
3049 2866 3289 2937 gentium
3338 2865 3808 2939 philosophorum,

2226 2966 2285 3012 ut
2306 2956 2450 3027 ipsos
2469 2955 2644 3027 primo
2665 2970 2955 3028 arguamus
2977 2962 3032 3010 et
3058 2970 3274 3010 errasse
3295 2956 3584 3012 doceamus
3605 2974 3621 3023 ;
3655 2959 3809 3014 dein-

2227 3050 2294 3104 de
2317 3048 2722 3120 ingrediendmn
2750 3049 2816 3103 ad
2844 3047 3101 3103 interiora
3128 3047 3462 3103 certaminis.
3488 3048 3632 3103 Dicit
3659 3052 3807 3106 enim

2225 3142 2519 3199 Dominus:
2543 3138 2664 3194 Nisi
2700 3140 2815 3213 quis
2838 3139 2983 3210 prius
3007 3137 3296 3210 alligaverit
3341 3138 3552 3209 fortem,
3575 3156 3682 3194 non
3714 3158 3807 3212 po.

2227 3246 2322 3291 test
2368 3236 2565 3290 intrare
2612 3236 2670 3289 in
2722 3234 2933 3287 domum
2981 3232 3095 3303 ejus
3136 3241 3185 3286 et
3226 3247 3350 3287 uasa
3402 3230 3518 3302 ejus
3571 3232 3805 3303 diripere

2228 3329 2419 3402 (Marc.
2450 3328 2568 3399 xu).
2606 3326 2763 3383 Prius
2800 3341 2929 3398 ergo
2979 3326 3224 3397 ligaudus
3272 3333 3355 3381 est
3384 3322 3543 3381 fortis
3567 3334 3627 3380 et
3655 3341 3805 3398 qua:-

2225 3423 2455 3479 stionum
2486 3418 2714 3476 vinculis
2740 3418 3206 3490 constringendos,
3235 3426 3291 3473 et
3314 3417 3391 3472 ita
3416 3419 3801 3474 introeundum

2226 3517 2294 3573 ad
2348 3515 2649 3589 diripienda
2690 3530 2840 3571 vasa.
2873 3522 2928 3570 et
2961 3512 3268 3570 liberandas
3295 3513 3505 3571 animas
3535 3526 3674 3585 quas
3704 3516 3800 3571 deo

2222 3607 2468 3679 ceptione
2510 3614 2566 3661 et
2604 3605 2795 3661 fraude
2842 3606 3176 3676 possederat.
3227 3603 3381 3672 Quod
3430 3620 3553 3661 cum
3600 3607 3802 3677 saepius

2220 3696 2529 3763 fecerimus,
2572 3705 2628 3753 et
2680 3694 2992 3751 steterimus
3044 3703 3233 3749 contra
3282 3708 3481 3764 ipsum,
3532 3695 3799 3751 succincti

2219 3790 2429 3845 scilicet
2452 3788 2663 3844 lumbos
2689 3787 2744 3842 in
2770 3787 3029 3854 veritate,
3051 3797 3106 3842 et
3133 3794 3338 3841 stantes
3377 3787 3430 3841 in
3470 3786 3717 3851 Domino,
3742 3796 3797 3845 et

2219 3882 2453 3938 viriliter
2477 3888 2716 3953 agentes,
2758 3878 2953 3935 artifex
2986 3879 3238 3948 antiquus
3258 3886 3311 3933 et
3340 3878 3568 3935 callidus
3586 3880 3795 3937 victum

2218 3988 2278 4030 se
2326 3972 2602 4029 simulabit
2627 3979 2683 4026 et
2712 3971 2923 4035 cedere,
2954 3979 3012 4024 ut
3041 3970 3455 4041 negligentiores
3484 3987 3584 4026 nos
3628 3972 3796 4029 faciat

2218 4068 2284 4124 ad
2309 4075 2605 4122 certamen.
2629 4063 3010 4119 Paenitentiam
3033 4077 3247 4135 quoque
3282 4062 3576 4129 simulabit,
3602 4066 3794 4136 depre-

2215 4161 2429 4219 cabitur
2452 4175 2549 4215 nos
2575 4161 2851 4216 discedere
2870 4199 2885 4224 ,
2917 4158 3012 4214 sed
3044 4172 3151 4212 non
3194 4156 3351 4229 longe
3377 4170 3393 4211 :
3422 4156 3531 4212 vult
3561 4173 3659 4213 nos
3689 4158 3790 4212 ali-

2200 4270 2319 4326 _qua
2364 4264 2517 4324 parte
2560 4250 2663 4306 sibi
2692 4263 2813 4306 esse
2852 4248 3073 4304 vicinos.
3118 4245 3223 4302 Sed
3267 4247 3369 4302 nisi
3395 4247 3461 4302 ah
3491 4246 3792 4320 eolougins

2214 4343 2553 4409 recedamus,
2587 4348 2641 4396 et
2674 4354 2839 4399 .mare
2884 4348 3242 4403 transeamus,
3283 4348 3339 4394 et
3366 4339 3610 4394 dicamus
3638 4341 3790 4412 cogi-

2215 4435 2434 4499 tatione,
2473 4432 2760 4496 locutione,
2792 4440 2843 4487 et
2887 4444 3050 4500 opere
3078 4447 3091 4484 :
3122 4429 3390 4497 Quantum
3439 4430 3603 4485 distat
3633 4442 3789 4487 ortus

2212 4528 2280 4580 ab
2305 4525 2605 4589 occidente,
2636 4530 2847 4577 tantum
2875 4520 3003 4577 fecit
3040 4537 3070 4575 a
3118 4521 3274 4577 nobis
3320 4519 3635 4592 iniquitates
3690 4538 3787 4577 no-

2135 4631 2186 4693 D
2212 4625 2382 4681 stras,
2409 4615 2542 4670 salvi
2571 4628 2692 4669 esse
2718 4628 2825 4668 non
2868 4626 3171 4682 possumus.
3222 4610 3450 4666 Oremus
3503 4626 3637 4682 ergo
3687 4614 3787 4667 mi-

2215 4708 2562 4765 sericordiam
2593 4704 2710 4772 Dei,
2739 4714 2880 4761 utet
2906 4720 3005 4759 nos
3037 4704 3234 4773 eripiat
3260 4705 3326 4759 de
3360 4712 3504 4759 terra
3530 4703 3781 4776 Egypti,

2211 4803 2280 4859 de
2309 4809 2575 4873 potestate
2627 4800 2969 4855 tenebrarum
2987 4839 3001 4864 ,
3033 4806 3085 4855 et
3110 4797 3446 4854 Pharaonem
3475 4814 3598 4856 cum
3629 4817 3783 4857 exer-

2209 4894 2320 4951 citu
2349 4910 2448 4950 suo
2485 4902 2737 4964 tanquam
2770 4890 3042 4962 plumbum
3072 4893 3338 4962 demergal
3369 4893 3423 4948 in
3455 4908 3593 4962 aqua
3625 4896 3782 4951 vehe-

2210 4985 2564 5044 mentissima.
2595 4982 2703 5041 Nos
2726 4991 2905 5038 autem
2927 4981 3137 5037 liberati
3161 4998 3282 5037 cum
3308 4982 3503 5054 gaudio
3528 4994 3584 5039 et
3600 4986 3781 5040 exsul-

2209 5081 2410 5136 tatione
2456 5078 2714 5150 hymnum
2763 5082 3041 5131 cantemus
3082 5074 3326 5130 Domino.
3358 5074 3603 5133 Gloriose
3634 5081 3776 5133 enim

2204 5170 2589 5228 honoriﬁcatus
2616 5176 2718 5233 est,
2742 5175 2846 5223 etc.

2275 5283 2445 5356 (1811).)
2479 5282 2655 5354 Plaga:
2690 5283 2747 5339 in
2776 5280 3011 5353 Egypto
3035 5279 3388 5351 corporaliter
3414 5289 3579 5352 gesta:
3628 5294 3773 5351 sunt,

2202 5379 2295 5436 sed
2321 5379 2374 5433 in
2408 5378 2564 5433 nobis
2598 5375 2949 5447 spiritu-aliter
2988 5382 3268 5448 geruntur.
3317 5373 3584 5446 Egyptus
3628 5376 3775 5432 enim

2199 5470 2377 5529 saeculi
2407 5470 2579 5527 forma
2615 5477 2715 5524 est.

2271 5584 2434 5640 Vsus.
2485 5579 2672 5635 17-19.
2700 5609 2769 5620 -
2802 5579 3005 5649 Aquam
3048 5577 3300 5647 ﬂuminis,
3355 5574 3466 5627 etc.
3504 5571 3764 5645 (δτω.)

2200 5679 2356 5748 Aqua
2394 5675 2447 5729 in
2492 5671 2807 5743 sanguinem
2866 5684 3021 5729 versa
3075 5666 3397 5721 mundanam
3451 5662 3770 5731 sapiennam

2200 5767 2491 5841 signiﬁcat,
2514 5766 2569 5821 in
2600 5779 2705 5837 qua
2737 5760 2916 5819 omnis
2951 5760 3043 5832 qui
3074 5755 3331 5815 manserit
3359 5760 3607 5819 necatur,
3635 5753 3772 5808 sicut

2202 5865 2254 5920 in
2283 5860 2541 5932 sanguine
2574 5857 2754 5929 piscis.
2790 5853 3055 5910 Mundaua
3085 5851 3230 5908 enim
3259 5846 3519 5919 sapientia
3546 5845 3768 5902 stultum
