3998 6332
220 416 334 481 ουκ

1252 420 1519 485 GLOSSA
1557 423 1955 489 0RDlNARlA.
1996 454 2066 467 —
2098 422 2229 491 LIB.
2269 424 2479 489 EXOD.

3280 404 3478 495 .206

216 541 378 607 putat
404 533 574 591 Deum
604 549 704 606 pro
729 533 1037 591 hominibus
1060 536 1231 607 mori;
1258 536 1386 594 huic
1422 552 1555 615 ergo
1581 538 1806 609 quicun-
1830 545 1884 611 Α
1908 542 2242 607 praeceptum
2257 545 2341 591 est
2352 535 2419 590 de
2433 535 2721 593 dilectione
2734 534 3097 603 veritatis,cui
3110 543 3382 597 contraria
3395 552 3480 599 est

216 641 329 698 que
356 626 646 683 adbaserit
670 625 855 681 vivere
883 642 990 681 non
1020 629 1237 699 poterit.

294 718 502 792 (οης.)
526 718 681 788 Aqua
706 714 944 774 ﬂuminis
978 718 1205 775 vertitur
1254 721 1308 777 in
1335 721 1673 794 sanguinem,
1710 722 1797 779 cui

215 809 587 877 Bebrawrunr
603 821 803 878 pueros
836 808 1172 869 tradiderant
1200 812 1498 879 necandos,
1532 821 1593 867 ut
1615 822 1799 873 aucto.

214 902 374 959 ribus
410 898 632 957 sceleris
656 898 908 973 poculum
932 900 1181 957 redderet
1201 903 1479 975 sanguinis
1512 920 1527 956 :
1556 912 1614 959 et
1636 919 1795 960 cruo-

216 1008 337 1050 rem
381 990 569 1062 polluti
594 990 857 1063 gurgitis,
900 1006 1060 1063 quem
1091 992 1399 1063 parricidali
1434 995 1580 1051 aede
1608 1009 1795 1053 macu-

214 1083 481 1147 laverant,
506 1081 743 1152 potando
767 1082 1052 1143 sentirent.
1074 1082 1374 1155 Allegorice
1395 1098 1611 1155 quoque
1642 1101 1797 1157 aqua:

214 1174 443 1247 Ευριί
482 1173 719 1231 erratica
756 1181 812 1229 et
838 1172 1041 1233 lubrica
1070 1174 1511 1246 philosophorum
1543 1176 1795 1249 dogmata

214 1275 368 1330 sunt,
393 1280 531 1335 quos
563 1263 818 1336 parvulos
863 1278 1024 1325 sensu
1068 1274 1126 1321 et
1171 1264 1524 1339 intelligentia
1572 1268 1796 1338 decepe-

214 1365 347 1413 runt
372 1374 388 1409 :
415 1363 473 1411 at
516 1355 607 1413 ubi
656 1370 791 1413 crus
829 1352 1029 1417 Christi
1054 1354 1235 1413 lumen
1261 1356 1508 1415 veritatis
1533 1357 1792 1427 ostendit,

212 1448 372 1503 necis
421 1460 641 1505 suorum
686 1445 740 1507 in
788 1459 978 1517 poenas
1021 1456 1076 1501 et
1115 1456 1325 1503 reatum
1373 1447 1649 1520 sanguinis
1681 1448 1796 1507 exi-

213 1544 439 1607 guntur.
468 1533 662 1590 Unde:
697 1528 883 1590 Omnis
910 1536 1126 1608 sanguis
1151 1537 1241 1609 qui
1278 1536 1477 1608 effusus
1518 1546 1594 1593 est
1638 1552 1795 1609 super

212 1640 432 1694 terram,
460 1629 748 1700 requiratur
764 1648 799 1695 α
825 1633 1155 1702 generatione
1177 1632 1276 1691 hac
1298 1631 1514 1702 (Matth.
1538 1633 1719 1706 unt).

290 1721 455 1777 Vens.
481 1721 575 1787 20,
608 1721 698 1787 2i.
722 1752 792 1762 —
823 1721 955 1790 Qua:
982 1739 1132 1779 versa
1153 1733 1226 1779 est
1248 1724 1301 1783 in
1324 1724 1656 1796 sanguinem,
1684 1735 1789 1783 etc.

213 1813 402 1887 (8η.)
449 1812 691 1871 Primum
731 1806 1057 1887 praeceptum
1102 1814 1171 1871 de
1207 1814 1436 1871 colendo
1480 1831 1585 1873 uno
1634 1816 1786 1875 Deo:

1902 624 2121 680 dilectio
2149 625 2466 699 iniquitatis.
2498 625 2761 699 Loquitur
2787 626 3022 693 veritas,
3052 631 3340 701 perstrepit
3388 649 3481 688 va-

1899 714 2060 771 nitas.
2109 714 2247 771 Huic
2285 718 2559 772 coiitraria
2605 725 2688 772 est
2735 719 2970 773 secunda
3004 718 3157 790 plaga
3181 759 3196 785 ,
3226 736 3477 778 ranarum
3528 724 3533 729 ’

1898 806 2253 873 abundantia,
2279 822 2509 877 quarum
2536 804 2835 878 loquacitas
2865 808 3160 865 vanitatem
3191 810 3475 883 signiﬁcat.

1897 899 2180 955 Amatores
2217 900 2462 955 veritatis
2493 916 2600 956 non
2638 901 2910 973 accipiunt
2950 917 3145 965 nomen
3171 902 3267 959 Dei
3296 904 3349 960 in
3386 921 3480 962 va~

1896 1005 2047 1056 num,
2077 989 2202 1061 quia
2236 1006 2267 1045 a
2298 991 2524 1047 veritate
2578 992 2631 1047 in
2682 993 2974 1049 vanitatem
3028 1010 3135 1053 non
3196 996 3474 1053 recedunt.

1897 1080 1999 1150 Qui
2022 1090 2203 1139 autem
2232 1083 2450 1138 veritati
2476 1084 2894 1151 contradicunt,
2920 1093 2975 1141 et
3002 1087 3241 1143 vanitate
3270 1087 3478 1161 decepti

1897 1172 2190 1244 decipiunt,
2232 1188 2380 1229 rana:
2433 1182 2576 1241 sunt,
2622 1174 2837 1233 taedium
2891 1173 3187 1231 inferentes
3234 1178 3475 1244 auribus,

1895 1281 2003 1321 non
2055 1265 2233 1321 cibum
2280 1266 2565 1323 mentibus.
2617 1264 2755 1325 Audi
2797 1267 3045 1324 homines
3092 1269 3481 1325 rationabiliter

1895 1354 2177 1427 loquentes
2218 1355 2352 1429 psal.
2389 1374 2525 1414 xvut
2558 1376 2571 1413 :
2602 1356 2727 1414 Non
2766 1366 2888 1414 sunt
2919 1356 3137 1431 loquele
3173 1378 3337 1435 neque
3376 1380 3482 1419 ser-

1896 1463 2075 1503 mones
2126 1464 2353 1520 quorum
2403 1464 2507 1504 non
2560 1449 2850 1505 audiantur
2898 1467 3042 1507 uoces
3088 1468 3288 1509 eorum.
3338 1454 3481 1512 Audi

1894 1553 2058 1593 ranas
2086 1556 2098 1592 :
2150 1536 2302 1603 Vana
2342 1535 2506 1595 locuti
2535 1552 2656 1596 sunt
2688 1542 3041 1615 unusquisque
3091 1542 3162 1599 ad
3184 1546 3480 1617 proximum

1897 1647 2074 1697 suum,
2097 1641 2204 1687 etc.

1981 1722 2146 1780 Vens.
2205 1723 2325 1782 7-9.
2380 1754 2452 1766 —-—
2504 1722 2767 1781 Fecerunt
2816 1735 2991 1781 autem
3051 1726 3310 1798 malefici,
3369 1737 3477 1786 etc.

1914 1811 2097 1887 (Atta,
2140 1826 2328 1888 quiest.
2365 1813 2482 1889 23.)
2512 1814 2781 1887 Quaeritur
2830 1816 2996 1883 unde,
3026 1816 3071 1875 si
3112 1818 3227 1891 jam
3275 1820 3474 1892 ubique

211 1906 331 1963 Non
360 1914 521 1965 erunt
551 1906 647 1965 tibi
673 1906 745 1965 dii
774 1905 862 1963 alii
885 1916 1080 1977 praeter
1104 1921 1189 1961 me
1214 1925 1229 1960 :
1258 1906 1429 1977 prima
1452 1906 1625 1981 plaga,
1654 1922 1794 1983 aqua
1821 1900 1870 1965 Β
1895 1906 2097 1964 factum
2143 1916 2280 1963 erat.
2314 1906 2420 1964 Sed
2469 1908 2662 1964 similis
2691 1908 2917 1982 quaestio
2945 1916 3059 1974 est,
3101 1906 3245 1965 unde
3283 1926 3479 1983 aquam

210 1999 268 2055 in
314 1997 631 2072 sanguinem
671 2014 848 2054 versa.
891 1996 1157 2071 Compara
1184 2000 1418 2072 primum
1463 2010 1794 2075 praeceptum

208 2092 405 2165 prima:
428 2090 595 2163 plaga:
629 2108 643 2146 :
673 2106 833 2163 aqua,
860 2091 926 2146 de
961 2107 1066 2162 qua
1110 2101 1443 2164 generantur
1466 2092 1688 2171 omnia,
1716 2088 1792 2149 si-

207 2184 435 2258 gniﬁcat
461 2199 623 2241 unum
675 2182 865 2251 Deum,
888 2198 954 2249 ex
985 2199 1094 2254 quo
1120 2183 1334 2251 omnia;
1382 2184 1623 2256 sanguis,
1672 2200 1794 2241 car-

206 2293 335 2333 nem
379 2276 683 2335 mortalem.
714 2274 869 2347 Aqua
909 2291 1038 2348 ergo
1063 2290 1216 2333 versa
1258 2284 1343 2331 est
1376 2275 1429 2330 in
1454 2276 1791 2346 sanguinem,

206 2372 336 2441 quia
383 2379 831 2424 commutarerunt
872 2368 1098 2440 gloriam
1154 2368 1250 2424 Dei
1287 2370 1700 2441 incorruptibilis
1739 2370 1795 2426 in

204 2461 609 2521 similitudinem
632 2461 876 2532 imaginis
906 2462 1257 2533 corruptibilis
1307 2463 1558 2533 hominis,
1586 2472 1643 2521 et
1680 2465 1796 2521 haec

207 2555 426 2627 quidem
452 2554 810 2617 commutatio
847 2553 908 2610 lit
936 2554 992 2610 in
1026 2554 1189 2613 corde
1219 2555 1527 2629 impiorum.

276 2644 347 2705 In
358 2630 807 2717 sanguinem,etc.
833 2643 969 2713 Quia
993 2645 1084 2717 qui
1107 2645 1161 2700 in
1192 2661 1371 2701 rerum
1397 2645 1579 2707 causis
1598 2661 1792 2703 carna-

204 2737 330 2794 liter
359 2736 635 2803 sentiunt‘,
668 2733 973 2804 hujusmodi
1000 2736 1432 2806 correptionibus
1473 2749 1793 2817 arguuntur,

208 2840 269 2887 ut
319 2846 390 2887 ex
433 2828 694 2900 qualitate
737 2842 1022 2901 poenarum
1068 2837 1370 2903 agnoscant
1426 2844 1585 2885 suum
1639 2845 1793 2886 erro-

213 2942 354 2984 rem.

283 3019 447 3076 Vens.
469 3018 564 3086 22,
587 3017 681 3077 23.
702 3047 773 3058 —
802 3015 872 3073 Et
901 3016 1205 3075 induratum
1248 3028 1322 3075 est
1356 3034 1448 3072 cor
1472 3016 1792 3075 Pharaonis.

206 3111 366 3182 (Anc.
400 3107 601 3176 Quwst.
640 3106 755 3181 22.)
800 3104 1026 3163 Videtur
1052 3115 1333 3179 propterea
1361 3123 1459 3163 cor
1497 3107 1797 3163 Pharaonis

204 3203 522 3263 induratum
569 3201 773 3267 fuisse,
825 3202 950 3273 quia
1001 3201 1364 3257 incantatores
1419 3196 1795 3273 Egyptiorum

1899 2001 1954 2059 in
1992 1999 2307 2070 sanguinem
2336 1999 2617 2065 verterint,
2648 1999 2693 2055 si
2712 1998 2825 2069 jam
2856 2009 2966 2055 tota
2993 2015 3131 2079 aqua
3159 1998 3380 2081 ἐξεγριί
3427 2005 3482 2060 in

1896 2093 2211 2165 sanguinem
2235 2107 2387 2147 versa
2410 2090 2626 2147 fuerat?
2648 2090 2753 2147 Sed
2776 2090 3178 2163 intelligendum
3205 2102 3290 2149 est
3312 2093 3484 2166 regio-

1897 2202 2022 2241 nem
2071 2185 2163 2241 ubi
2205 2182 2296 2241 lilii
2340 2177 2507 2239 Israel
2549 2182 2884 2247 habitabant,
2922 2181 3117 2238 talibus
3158 2182 3330 2255 plagis
3373 2200 3503 2248 non,

1898 2274 2064 2330 fuisse
2118 2288 2451 2346 percussam,
2493 2280 2550 2327 et
2600 2271 2724 2327 inde
2766 2280 3062 2343 potuerunt
3116 2270 3483 2330 incantatores

1898 2365 2118 2423 haurire
2157 2378 2563 2437 aquam,quam
2609 2362 2662 2416 in
2706 2362 3020 2434 sanguinem
3076 2369 3372 2429 verterent,
3396 2362 3484 2419 vel

1897 2473 2062 2512 ranas
2100 2457 2332 2513 educere
2369 2458 2437 2511 ad
2471 2458 2891 2513 ostentationem
2934 2453 3156 2529 magica:
3193 2455 3513 2533 potentiaef

1896 2564 2209 2621 quanquam
2252 2558 2549 2619 potuerunt
2602 2549 2802 2615 etiam,
2857 2552 3152 2621 postquam
3190 2546 3281 2611 illa
3325 2564 3478 2605 com-

1896 2655 2084 2712 pressa
2132 2648 2279 2707 sunt,
2326 2642 2505 2697 facere
2531 2658 2545 2694 :
2571 2640 2667 2696 sed
2712 2639 2994 2713 Scriptura
3034 2640 3308 2701 narrando
3350 2656 3480 2698 cou-

1890 2731 2072 2803 junxit
2106 2732 2251 2805 quod
2285 2741 2469 2804 postea
2499 2728 2617 2789 ﬁeri
2641 2732 2839 2803 potuit.

1968 2818 2132 2877 Vens.
2166 2818 2439 2876 lO—ll.—
2470 2818 2573 2887 Qui
2630 2818 2908 2890 respondit
2952 2835 2967 2874 :
3021 2815 3173 2875 Cras.
3224 2817 3479 2896 (Tuom)

1898 2910 2113 2969 Pharao
2156 2928 2279 2968 cum
2311 2910 2452 2967 scire
2478 2908 2641 2966 vellet
2659 2924 2725 2964 an
2757 2907 2925 2981 Moysi
2967 2918 3024 2963 et
3065 2906 3246 2964 Aaron
3290 2924 3482 2981 preces

1899 3003 2102 3075 aliquid
2140 3004 2281 3075 apud
2310 3001 2476 3057 Deum
2507 3000 2748 3057 valerent
2771 2999 2915 3073 (illos
2936 2998 3082 3056 enim
3128 3014 3227 3072 per
3264 3013 3479 3058 noctem

1899 3099 2180 3169 quiescere
2226 3094 2612 3167 existimabat),
2645 3097 2764 3150 ait:
2812 3094 2974 3162 Cras,
3024 3103 3085 3152 ut
3128 3097 3355 3171 ipsemet
3411 3098 3481 3155 ad

1895 3188 2119 3245 ﬂuvium
2180 3188 2454 3261 profectus
2484 3228 2499 3255 ,
2552 3186 2764 3242 videret
2825 3201 2894 3240 an
2949 3200 3095 3242 rana:
3148 3198 3478 3246 cessassent.

203 3297 406 3355 similia
445 3295 706 3352 fecerunt.
765 3291 871 3350 Sed
898 3294 1178 3379 sequentia
1211 3293 1404 3349 docent
1430 3303 1632 3365 quanta
1676 3293 1790 3349 l‘ue-

1900 3283 2256 3353 Quamobrem
2285 3279 2447 3348 Deus,
2478 3287 2540 3335 ut
2577 3278 2707 3337 Mosi
2736 3278 3080 3348 crederetur,
3113 3296 3222 3338 non
3266 3290 3479 3341 tantum

204 3391 281 3447 rit
320 3391 406 3446 illa
436 3387 757 3455 obduratio,
813 3388 977 3449 etiam
1025 3403 1147 3445 cum
1178 3388 1546 3447 incantatores
1583 3386 1792 3449 defece-

204 3490 446 3631 w'iless.
480 3570 573 3639 24,
607 3570 700 3631 25.
728 3601 795 3612 —
823 3568 1093 3627 Foderuut
1119 3578 1325 3637 autem,
1356 3579 1461 3631 etc.
1494 3569 1629 3639 Quia
1659 3584 1794 3641 gen-

207 3667 381 3723 tilitas
403 3663 622 3722 confusa
644 3661 712 3719 de
741 3662 1088 3729 meditatione
1114 3660 1388 3727 saecularis
1411 3660 1790 3739 philosophiae,

202 3775 333 3819 cum
356 3759 501 3815 videt
528 3756 660 3823 nihil
683 3756 843 3815 vitale
870 3772 969 3812 nec
992 3756 1206 3813 salubre
1233 3770 1354 3811 esse
1382 3755 1436 3811 in
1460 3754 1573 3823 illa,
1612 3755 1794 3817 studet

204 3850 583 3925 investigando
633 3849 1053 3921 circumquaque
1108 3863 1357 3918 quarens
1407 3848 1658 3903 haustum
1704 3861 1792 3903 sa-

201 3941 448 4015 pientiai,
488 3955 592 3995 nec
634 3938 862 4005 invenit,
903 3939 1072 3995 donec
1112 3938 1389 4009 perveniat
1417 3937 1484 3992 ad
1525 3952 1649 3993 eum
1699 3936 1790 4013 qui

204 4032 286 4089 ait
311 4050 325 4086 :
359 4030 462 4101 Qui
491 4030 626 4101 sitit,
652 4029 833 4087 veniat
860 4030 927 4085 ad
956 4045 1042 4086 me
1070 4040 1124 4085 et
1155 4028 1302 4086 bibat
1326 4027 1510 4103 (Joan.
1539 4027 1657 4101 vn).

794 4162 1024 4221 CAPUT
1064 4164 1194 4220 VIII.

280 4304 448 4360 Vens.
474 4299 596 4357 2-6.
620 4330 692 4341 —
718 4296 856 4354 Ecce
885 4314 979 4370 ego
1002 4298 1289 4370 percutiam
1335 4311 1513 4351 omnes
1542 4297 1789 4363 terminos

206 4407 332 4452 tuos
357 4394 525 4460 ranis,
550 4401 656 4449 etc.
690 4388 938 4465 (Suum)
967 4388 1090 4445 Tria
1121 4397 1249 4445 sunt
1274 4404 1469 4462 genera
1493 4402 1747 4447 ranarum
1771 4404 1784 4441 :

208 4504 379 4545 unum
408 4485 621 4547 ﬂuviale
648 4494 702 4540 et
726 4483 941 4550 vocale,
972 4482 1201 4537 alterum
1228 4478 1345 4551 ejus
1373 4497 1495 4553 qua:
1537 4478 1789 4535 calamita

206 4581 435 4645 dicitur,
459 4578 526 4633 de
575 4592 678 4649 qua
710 4575 881 4633 fertur
928 4575 1069 4646 quod
1099 4574 1144 4630 si
1180 4573 1232 4629 in
1261 4589 1322 4655 os
1347 4570 1595 4628 latrantis
1638 4569 1789 4627 canis

1894 3391 1962 3433 eo
1995 3375 2114 3449 ipso
2145 3382 2384 3444 tempore
2404 3387 2512 3447 quo
2544 3370 2715 3427 Moses
2742 3372 3137 3443 constituerat,
3165 3389 3328 3431 ranas
3361 3388 3481 3432 ces-

1894 3484 2016 3526 sare
2030 3466 2178 3533 fecit,
2198 3466 2292 3523 sed
2316 3474 2372 3521 et
2385 3481 2479 3521 eas
2491 3480 2610 3537 quae
2638 3464 2690 3519 in
2718 3473 2863 3523 terra
2877 3473 3035 3521 erant
3054 3465 3279 3523 interire
3293 3467 3475 3540 jussit,

1891 3570 1952 3617 ut
1971 3577 2040 3616 ne
2061 3560 2275 3616 easdem
2296 3559 2522 3614 rediisse
2543 3558 2937 3614 existimarent.

1967 3652 2129 3709 Vens.
2148 3653 2308 3709 15.-
2322 3649 2513 3709 Videas
2525 3661 2696 3707 autem
2716 3649 2950 3718 Pharao,
2967 3640 3072 3709 etc.
3091 3652 3249 3727 (Anc.
3269 3651 3470 3721 Quam.

1893 3744 2015 3818 24.)
2047 3744 2146 3801 llic
2174 3752 2397 3817 apparet
2424 3758 2530 3799 non
2555 3740 2675 3801 ideo
2704 3753 2910 3800 tantum
2934 3743 3273 3803 Pharaonem
3306 3746 3476 3803 obdu-

1893 3847 2071 3893 ratum
2099 3837 2242 3907 quod
2265 3836 2631 3892 incantatores
2651 3836 2846 3891 similia
2873 3834 3137 3905 fecerunt,
3161 3846 3292 3907 etc.,
3310 3855 3473 3912 usque

1894 3930 1965 3985 ad
1989 3945 2096 3985 non
2127 3929 2263 3985 dixit
2289 3938 2537 3996 munera,
2561 3927 2646 3985 vel
2674 3929 2914 4005 praemia,
2944 3930 3037 3987 sed
3051 3931 3252 4002 judicia
3284 3940 3396 3988 tua.

1964 4021 2126 4079 Vens.
2173 4022 2260 4091 l6,
2308 4022 2394 4078 17.
2425 4053 2495 4065 ——-
2532 4018 2766 4079 Extende
2816 4024 3049 4096 uirgam,
3081 4034 3186 4081 etc.
3227 4022 3468 4097 Hystice.

1891 4112 2065 4173 Moses
2110 4115 2259 4187 virga
2299 4115 2572 4191 castigans
2612 4114 2910 4189 IEgyptum
2964 4115 3137 4189 legem
3180 4115 3471 4191 signiﬁcat,

1889 4221 2007 4278 quae
2044 4206 2302 4261 mundum
2351 4206 2538 4261 decem
2584 4204 2756 4279 plagis
2795 4204 3173 4267 mandatorum
3220 4207 3465 4281 corripit.

1889 4296 2049 4369 Virga
2076 4313 2289 4369 quoque
2316 4312 2414 4369 per
2435 4314 2598 4369 quam
2620 4297 2884 4371 Egyptus
2912 4298 3222 4369 corrigitur,
3249 4306 3305 4357 et
3325 4296 3470 4355 Pha-

1889 4403 1984 4443 rao
2010 4396 2316 4460 superatur,
2363 4404 2493 4443 crus
2520 4387 2718 4443 Christi
2747 4396 2859 4451 est,
2915 4402 3010 4458 per
3038 4402 3201 4459 quam
3233 4387 3466 4447 mundus

1887 4479 2122 4534 vincitur
2141 4487 2196 4534 et
2222 4478 2465 4533 diabolus
2486 4488 2768 4548 superatur
2788 4477 2872 4532 vel
2895 4477 3276 4551 triumphatur.
3301 4476 3467 4553 Virga
3502 4466 3511 4497 ³

1886 4570 2124 4641 projecta
2168 4568 2225 4623 iit
2265 4584 2516 4639 serpens,
2563 4568 2654 4640 qui
2692 4569 3009 4641 sapientiam
3040 4570 3345 4643 signiﬁcat,
3380 4588 3469 4631 se-

206 4672 514 4745 projicitnr,
540 4669 722 4725 statim
766 4666 1123 4729 obmutescit;
1172 4666 1390 4723 tertium
1420 4661 1534 4734 ejus
1553 4678 1672 4736 qute
1697 4679 1788 4718 ru-
1813 4656 1865 4719 D
1889 4660 2122 4716 cundum
2148 4658 2278 4715 illud
2319 4656 2505 4717 Matth.
2543 4675 2577 4713 χ
2606 4678 2620 4714 z
2652 4658 2831 4715 Estote
2864 4658 3143 4732 prudentes
3187 4661 3322 4716 sicut
3365 4678 3470 4717 ser-
3510 4732 3513 4737 ι

206 4764 337 4821 beta
363 4761 578 4827 dicitur,
604 4775 671 4816 co
693 4759 836 4831 quod
856 4758 910 4814 in
936 4759 1188 4830 vepribus
1210 4765 1352 4829 agat.

286 4853 498 4927 (Οιιιθ.)
532 4851 697 4907 Ranm
722 4850 1030 4922 signiﬁcant
1056 4850 1296 4907 carmina
1336 4857 1633 4921 poetarum,
1669 4862 1790 4923 qua:

210 4950 365 5006 inani
395 4957 452 5005 et
498 4946 685 5005 inﬂata
727 4945 1113 5012 modulatione,
1165 4945 1310 5000 velut
1339 4958 1593 4999 ranarum
1642 4940 1791 4997 sonis

206 5051 268 5099 et
294 5041 567 5111 cantibus,
592 5039 793 5095 mundo
833 5038 1166 5110 deceptionis
1192 5036 1401 5091 fabulas
1447 5035 1785 5091 intulerunt:

206 5137 282 5192 ad
336 5134 473 5193 nihil
521 5133 668 5201 enim
722 5130 922 5191 animal
966 5128 1094 5187 illud
1139 5130 1269 5185 utile
1318 5136 1431 5196 est,
1487 5128 1588 5182 nisi
1645 5126 1790 5198 quod

205 5243 409 5285 sonum
473 5225 626 5291 vocis
688 5223 946 5296 improbis
992 5232 1046 5281 et
1094 5220 1416 5294 importunis
1464 5217 1790 5274 clamoribus

206 5320 415 5378 reddit.

280 5412 467 5485 (Rau)
494 5411 801 5469 Secundum
824 5416 1185 5480 praeceptum:
1217 5400 1342 5461 Non
1361 5405 1583 5479 accipies
1604 5418 1792 5459 nomen

206 5506 311 5563 Dei
340 5506 417 5561 tui
438 5506 495 5561 in
521 5519 737 5558 uanum.
769 5499 973 5565 Nomen
994 5498 1089 5557 Dei
1123 5498 1326 5565 Veritas
1348 5506 1432 5553 est
1459 5513 1472 5551 :
1503 5495 1617 5565 ipse
1646 5494 1790 5549 enim

210 5601 323 5656 ait:
350 5598 466 5670 Ego
483 5613 601 5654 sum
619 5595 829 5653 veritas.
870 5593 970 5662 Qui
998 5592 1233 5663 loquitur
1252 5590 1555 5654 veritatem,
1581 5588 1646 5643 de
1676 5585 1788 5641 Deo

210 5690 484 5763 loquitur;
522 5689 613 5762 qui
659 5687 804 5743 enim
845 5684 1073 5755 loquitur
1100 5683 1457 5748 mendacium,
1484 5680 1547 5734 de
1571 5696 1665 5735 suo
1702 5677 1785 5732 lo-

208 5784 412 5855 quitur.
464 5782 758 5837 Veritatem
786 5777 929 5835 enim
960 5775 1104 5847 loqui
1135 5783 1219 5831 est
1266 5771 1655 5831 rationabiliter
1710 5768 1788 5824 lo-

212 5877 307 5947 qui
337 5892 351 5929 :
388 5873 678 5931 vanitatem
708 5870 872 5942 loqui,
909 5878 1149 5938 strepere
1179 5874 1278 5921 est.
1330 5861 1635 5919 Secundum
1658 5876 1785 5932 ergo

1888 4763 2096 4826 pentes,
2145 4760 2252 4809 etc.
2314 4749 2479 4827 Virga
2522 4758 2801 4822 serpentes
2840 4766 3116 4825 magorum
3167 4750 3463 4821 devoravit,

1890 4855 1945 4901 et
1978 4848 2120 4903 crux‘
2153 4844 2384 4909 Christi,
2430 4843 2581 4913 cujus
2604 4843 2916 4917 prmdicatio
2960 4842 3177 4899 videtur
3220 4839 3464 4913 stultitia,

1891 4956 2104 4997 omnem
2148 4939 2466 5010 sapientiam
2508 4934 2691 4992 mundi
2732 4942 2970 5008 superat.
3020 4932 3173 4991 Unde
3214 4952 3227 4989 ε
3268 4932 3348 4989 De
3381 4950 3468 4993 me

1890 5031 2026 5085 enim
2048 5028 2135 5085 ille
2171 5029 2377 5099 scripsit
2418 5024 2599 5100 (Joan.
2629 5026 2705 5100 v).
2730 5022 2891 5098 Virga
2916 5026 2968 5081 in
2999 5020 3194 5080 terram
3228 5024 3469 5094 projrrta

1889 5138 2044 5178 versa
2072 5130 2155 5177 est
2187 5121 2241 5175 in
2267 5127 2569 5189 serpentem
2592 5160 2606 5184 ,
2635 5118 2757 5189 quia
2791 5134 2914 5175 cum
2944 5116 3260 5189 mysterium
3288 5114 3476 5171 crucis

1890 5215 1957 5269 ad
1988 5214 2146 5268 ﬁdem
2198 5212 2477 5268 hominum
2506 5212 2673 5278 venit,
2697 5209 3016 5287 sapientiam
3039 5206 3222 5264 mundi
3245 5204 3468 5265 stultam

1890 5305 2036 5362 fecit.

1964 5396 2031 5451 Et
2060 5397 2163 5451 sint
2190 5396 2468 5467 sciniphes,
2507 5404 2611 5449 etc.
2644 5391 2822 5464 (Ome.
2851 5392 2870 5464 )
2904 5390 3019 5448 Hoc
3059 5389 3256 5445 animal
3280 5389 3473 5461 pennis

1893 5488 2239 5569 suspenditur
2267 5503 2364 5559 per
2393 5502 2515 5541 aera
2540 5485 2791 5549 volitans,
2828 5482 3021 5569 sed‘ita
3055 5478 3252 5538 subtile
3277 5486 3332 5532 et
3368 5477 3468 5533 mi—

1894 5566 2104 5645 nutum,
2131 5589 2184 5633 ut
2210 5578 2351 5634 oculi
2372 5578 2566 5641 visum,
2592 5577 2694 5631 nisi
2716 5583 2873 5631 acute
2901 5566 3197 5637 cernentis,
3227 5566 3467 5639 eﬂ'ngiat.

1894 5672 2101 5744 Corpus
2145 5681 2322 5728 tamen
2353 5686 2475 5727 cum
2525 5668 2802 5733 insederit,
2831 5666 3184 5724 acerbissimo
3235 5661 3473 5719 terebrat

1895 5763 2129 5829 stimulo,
2177 5772 2237 5817 ut
2263 5778 2423 5832 quem
2480 5761 2745 5814 volantem
2790 5758 2973 5813 videre
2999 5756 3123 5827 quis
3170 5767 3275 5811 non
3308 5750 3469 5822 valet,

1894 5858 2091 5912 sentiat
2112 5857 2494 5912 stimulantem.
2528 5854 2636 5907 Hoc
2665 5868 2793 5921 ergo
2822 5849 3020 5907 animal
3046 5849 3149 5903 arti
3179 5846 3467 5907 dialectica

2006 5999 2083 6019 Μ
2100 6004 2103 6007 ·
