3998 6332
525 451 634 510 207

1033 444 1420 506 WALAFRlDl
1459 443 1706 501 STRABI
1743 439 1948 500 FULD.
1991 436 2159 496 MON.
2200 437 2353 495 OPP.
2395 435 2574 494 PARS
2611 435 2654 492 l.
2693 464 2763 478 -—
2800 431 3263 490 THEOLOGICA.

3687 430 3796 488 208

525 577 908 636 comparatur,
929 578 1048 634 quae
1073 562 1296 618 minutis
1315 568 1369 618 et
1391 559 1677 617 subtilibus
1704 557 1991 613 verborum
2014 554 2110 610 sti—
2135 557 2188 617 Α
2283 547 2446 604 Vens.
2477 547 2567 602 21.
2597 577 2668 588 —-
2696 545 2864 601 Omne
2901 561 3062 616 genus
3096 554 3419 636 muscarum.
3453 539 3654 636 {lsro.2_
3673 538 3799 610 My.

523 657 686 714 mulis
711 655 924 711 animas
967 654 1223 719 terebrat,
1247 662 1302 709 et
1328 660 1477 707 tanta
1526 648 1818 705 calliditate
1868 646 2073 700 circum

521 747 691 809 venit,
717 754 778 801 ut
797 746 1054 815 deceptus
1082 758 1184 800 nec
1212 743 1390 798 videat
1417 757 1516 797 nec
1550 738 1811 808 intelligat
1837 735 1979 790 unde
2009 734 2100 788 de-

523 839 777 910 cipiatur.

593 929 774 1003 (Βη.)
825 927 1120 984 Moraliter.
1168 927 1408 982 Tertium
1434 931 1803 996 praeceptum:
1841 919 2100 976 Memento

522 1024 660 1078 diem
681 1022 886 1077 sabbati
916 1020 1268 1091 sancti/icore.
1299 1017 1420 1086 Quo
1463 1017 1770 1072 insinuatur
1815 1013 2026 1067 vacatio
2048 1018 2103 1065 et

523 1114 884 1184 tranquillitas
910 1113 1121 1177 mentis,
1147 1127 1309 1182 quam
1339 1111 1480 1165 bona
1501 1108 1826 1164 conscientia
1849 1104 1996 1159 facit.
2027 1101 2102 1156 [bi

519 1206 1037 1276 sanctiﬁcatio,quia
1061 1203 1132 1258 ibi
1152 1202 1384 1273 Spiritus
1403 1201 1518 1256 Dei.
1549 1199 1736 1254 Unde:
1762 1194 1928 1265 Super
1950 1210 2103 1265 quem

521 1300 798 1370 requiescet
816 1297 1042 1368 Spiritus
1061 1311 1206 1350 meus
1229 1293 1330 1348 nisi
1350 1309 1504 1363 super
1517 1289 1762 1345 humilem
1778 1296 1824 1342 et
1845 1284 2105 1356 quietura?

516 1400 623 1447 etc.
654 1390 787 1463 (13a.
826 1388 994 1458 uvr).
1019 1386 1246 1457 lnquieti
1273 1399 1402 1454 ergo
1435 1398 1466 1437 a
1494 1381 1700 1452 Spiritu
1746 1386 1935 1433 sancto
1969 1375 2106 1430 resi-

517 1480 673 1545 liunt,
698 1487 1081 1552 provocatores
1105 1477 1366 1538 rixarum,
1394 1481 1664 1527 amatores
1685 1467 2100 1530 calumniarum,

517 1586 618 1626 nec
646 1571 941 1626 admittunt
963 1568 1203 1638 quietem
1234 1564 1442 1620 sabbati
1474 1559 1790 1632 spiritualis.
1816 1558 1945 1612 Esto
1973 1571 2104 1626 ergo

520 1675 854 1725 mansuetus,
890 1676 998 1718 non
1021 1661 1090 1715 sit
1129 1659 1386 1714 tumultus
1413 1657 1466 1712 in
1497 1654 1659 1712 corde
1683 1662 1806 1716 tuo,
1833 1648 2087 1706 volitanti

514 1755 617 1810 bus
655 1769 752 1825 per
783 1752 1184 1822 corruptionem
1227 1744 1698 1818 phantasmatibus
1725 1751 1782 1797 et
1823 1737 2106 1810 pungenti-

515 1847 620 1902 bus
647 1853 717 1900 te.
764 1843 903 1898 Audi
943 1841 1110 1896 Deum
1147 1840 1413 1894 dicentem
1454 1835 1591 1906 psal.
1637 1849 1738 1887 ΜΝ
1774 1851 1786 1885 :
1837 1831 2031 1885 Vacate
2056 1837 2104 1883 et

2201 640 2344 695 stice.
2378 639 2582 707 Quarto
2609 638 2730 694 loco
2751 637 3016 708 Egyptus
3036 633 3240 689 muscis
3259 629 3580 702 percutitur.
3605 629 3798 688 Musca

2203 741 2380 787 autem
2409 730 2643 784 insolens
2665 737 2720 782 et
2742 727 3039 797 inquietum
3065 721 3266 778 animal
3289 729 3394 788 est,
3431 721 3485 776 in
3511 736 3617 792 qua
3647 721 3799 778 inso-

2202 821 2374 877 lentes
2439 835 2583 876 curte
2638 816 2937 874 carnalium
3004 813 3398 870 desideriorum
3463 810 3794 883 ﬁgurantur.

2203 913 2463 985 Egyptus
2487 925 2616 966 vero
2652 909 2853 965 muscis
2879 907 3184 978 percutitur
3209 945 3223 970 ,
3255 904 3384 975 quia
3408 904 3573 958 corda
3602 919 3798 960 eorum

2203 1004 2294 1073 qui
2326 1001 2578 1058 saeculum
2606 999 2868 1070 diligunt,
2901 996 3295 1053 desideriorum
3325 994 3799 1065 inquietudinibus

2203 1094 2490 1150 feriuntur.
2522 1090 2704 1148 LXX:
2734 1103 3088 1162 cynomyiam,
3125 1086 3179 1142 id
3219 1093 3332 1150 est,
3363 1101 3607 1141 muscam
3641 1087 3799 1142 cani-

2205 1201 2354 1251 nam,
2385 1192 2683 1255 posuerunt
2708 1200 2721 1238 :
2747 1196 2847 1252 per
2872 1195 3036 1250 quam
3064 1178 3244 1234 canini
3273 1192 3454 1232 mores
3484 1176 3799 1249 signiﬁcan-

2206 1285 2314 1342 tur,
2357 1278 2410 1332 in
2456 1275 2654 1347 quibus
2694 1276 2946 1329 humanae
2988 1271 3188 1326 mentis
3223 1269 3492 1338 voluptas,
3534 1279 3590 1324 et
3627 1268 3798 1324 libido

2207 1373 2387 1426 carnis
2437 1369 2702 1440 arguitur.
2757 1366 2940 1422 Potest
2987 1365 3150 1420 etiam
3202 1362 3434 1419 forensis
3482 1362 3798 1433 eloquentia

2206 1461 2485 1516 hominum
2512 1457 2805 1531 signiﬁcari
2832 1473 2929 1528 per
2951 1471 3194 1512 muscam
3217 1455 3495 1521 caninam,
3523 1455 3618 1526 qui
3643 1454 3798 1511 velut

2206 1566 2368 1634 cpnes
2399 1551 2718 1606 alterutrum
2754 1564 2814 1604 se
2839 1548 3099 1604 lacerant.

2279 1644 2556 1718 (Pnocor.)
2584 1643 2727 1699 Deus
2762 1658 2872 1698 non
2914 1641 3124 1714 magnis
3159 1641 3350 1697 belluis
3393 1640 3568 1695 utitur
3608 1639 3667 1694 in
3694 1654 3790 1694 exe

2206 1738 2495 1811 pugnanda
2518 1738 2776 1810 Egypto,
2807 1737 2902 1792 sed
2924 1735 3512 1806 contemptissimarum
3537 1733 3799 1789 bestiola-

2208 1849 2328 1888 rum
2356 1842 2413 1889 et
2432 1833 2764 1888 insectorum
2790 1831 3152 1886 ministerium
3182 1830 3412 1885 accersit
3446 1847 3460 1883 :
3489 1843 3558 1884 ne
3585 1829 3800 1884 scilicet

517 1936 684 1992 videte
711 1935 960 2006 quoniam
990 1949 1082 2002 ego
1098 1946 1214 1985 sum
1242 1929 1398 1983 Deus.
1430 1927 1508 1982 Tu
1541 1940 1638 1996 per
1678 1923 2104 1994 inquietudinem
2133 1937 2182 1998 Β
2208 1929 2422 1985 illarum
2445 1928 2703 1999 potentiae
2747 1926 3114 1982 ascriberetur
3139 1924 3383 1981 eﬁ‘ectus.
3416 1923 3663 1992 Arjectis
3690 1924 3801 1979 illis

514 2041 708 2082 vacare
750 2040 855 2080 non
909 2024 1009 2088 vis,
1039 2029 1093 2077 et
1137 2029 1366 2077 emeatus
1403 2017 1575 2090 exigis
1609 2016 1790 2070 videre
1819 2015 1961 2085 quod
1989 2027 2098 2067 non

513 2131 685 2193 potes.
723 2119 955 2175 Attende
983 2117 1126 2171 enim
1154 2114 1484 2170 contrariam
1516 2111 1727 2181 plagam
1767 2128 1779 2162 :
1826 2107 2098 2176 sciniphes

513 2212 627 2268 nati
679 2219 805 2266 sunt
845 2209 901 2264 in
951 2217 1095 2263 terra
1126 2204 1342 2278 {Egypti
1383 2203 1447 2258 de
1487 2202 1634 2265 limo,
1667 2214 1866 2254 musae
1896 2197 2099 2253 scilicet

514 2301 890 2357 minutissima:
919 2296 1351 2368 inquietissimzr,
1386 2292 1692 2348 inordinate
1740 2288 2005 2351 volantes,
2042 2287 2097 2340 iu

512 2393 699 2448 oculos
748 2398 1008 2456 ruentes,
1061 2397 1116 2443 et
1161 2393 1417 2458 negantes
1470 2380 1775 2438 hominibus
1821 2378 2094 2448 requiem;

514 2486 641 2540 dum
695 2484 1007 2556 abiguntur,
1034 2479 1292 2544 redeunt;
1341 2477 1420 2532 sic
1456 2476 1834 2545 phantasmata
1890 2469 2099 2539 inquie—

513 2587 714 2634 torum.
747 2574 1085 2643 Praeceptum
1109 2556 1255 2633 tene,
1280 2568 1494 2639 plagam
1518 2577 1669 2618 cave.

586 2669 751 2724 Vnus.
783 2667 865 2723 18.
887 2694 959 2708 -ι
981 2665 1256 2734 Erantque
1296 2661 1573 2731 sciniphes.
1622 2657 1852 2728 Sanguis
1887 2663 1971 2712 est
2005 2657 2099 2712 do-

511 2761 686 2818 ctrina
741 2757 1228 2830 philosophorum:
1264 2767 1446 2820 ranae,
1489 2752 1744 2823 ﬁgmenta
1787 2758 2095 2822 poetarum;

515 2853 820 2922 sciniphes,
871 2849 1206 2920 sophismata
1259 2847 1708 2903 dialecticorum:
1752 2859 1872 2914 quae
1917 2843 2100 2898 omnia

513 2946 776 3002 mundum
803 2945 1152 3014 deceperunt.

582 3037 746 3093 Vens.
781 3035 868 3090 l9.
889 3065 962 3075 —
989 3033 1195 3104 Digilus
1223 3030 1319 3086 Dei
1343 3039 1416 3085 est
1441 3030 1546 3095 hic,
1573 3037 1680 3085 etc.
1705 3027 1849 3100 (lsm.
1866 3043 1932 3082 ex
1957 3026 2094 3096 Aug.

510 3145 595 3198 ep.
633 3126 780 3200 119.)
827 3127 884 3182 ιιι
913 3125 1076 3181 tertio
1119 3125 1274 3193 signo
1320 3122 1460 3190 magi
1500 3121 1773 3180 deﬁciunt,
1813 3119 2094 3175 dicentes:

512 3222 723 3292 Digitus
749 3219 845 3274 Dei
874 3228 950 3274 est
973 3233 991 3270 :
1023 3217 1114 3288 qui
1147 3225 1334 3286 typum
1377 3212 1758 3268 haereticorum
1790 3219 1844 3265 et
1889 3209 2096 3264 animo-

2207 2028 2263 2077 et
2314 2019 2544 2075 inﬁrmis
2601 2017 2844 2074 bestiolis
2889 2015 3078 2071 tribuit
3132 2017 3278 2072 vires
3325 2015 3796 2086 inexpugnabiles,

2207 2112 2342 2168 adeo
2387 2119 2448 2166 ut
2493 2111 2742 2182 desperet
2784 2109 3047 2182 Egyptus
3090 2124 3148 2164 se
3191 2124 3349 2180 posse
3398 2109 3504 2163 illis
3549 2109 3799 2164 bestiolis

2206 2204 2496 2268 resistere,
2541 2211 2596 2258 et
2644 2201 2883 2258 clamitet
2929 2219 2944 2255 :
2985 2200 3196 2271 Digitus
3231 2199 3332 2256 Dei
3375 2201 3458 2255 hic
3486 2210 3562 2255 est
3601 2213 3619 2252 :
3657 2198 3797 2254 Nam

2206 2313 2424 2353 manum
2465 2297 2560 2352 Dei
2610 2311 2718 2350 non
2766 2294 2905 2352 feret
2955 2294 3243 2352 universus
3295 2295 3531 2351 mundus
3575 2293 3799 2366 conglo-

2204 2389 2383 2445 batus.

2277 2478 2477 2552 (Οιιιο.)
2511 2479 2807 2550 Cynomyia
2842 2478 3223 2535 haereticorum
3269 2475 3406 2551 [Al.,
3441 2475 3795 2550 Cynicorum]

2206 2581 2373 2636 secta,
2407 2571 2499 2642 qui
2528 2572 2594 2625 ad
2630 2571 2861 2641 reliquas
2890 2572 3224 2642 deceptionis
3254 2586 3364 2626 sua:
3388 2571 3794 2641 improbitates,

2205 2663 2530 2734 voluptatem
2555 2670 2611 2718 et
2636 2662 2910 2718 libidinem
2942 2677 3210 2718 summum
3237 2662 3538 2732 praedicant
3564 2663 3791 2717 bonum.

2205 2755 2470 2822 Quoniam
2508 2755 2674 2826 igitur
2716 2770 2815 2824 per
2847 2759 2964 2810 lucc
3001 2754 3210 2826 singula
3237 2755 3386 2826 prius
3419 2755 3678 2825 deceptus
3705 2764 3792 2810 est

2205 2849 2458 2914 mundus,
2491 2847 2682 2902 merito
2717 2847 3012 2902 adveniens
3041 2862 3220 2902 sermo
3257 2856 3313 2902 et
3343 2846 3434 2901 lex
3469 2847 3566 2902 Dei
3603 2848 3793 2917 hujus-

2206 2940 2350 2995 modi
2377 2940 2810 3010 correptionibus
2847 2939 3063 3010 arguit,
3095 2949 3155 2994 ut
3193 2955 3261 2994 ex
3293 2939 3554 3009 qualitate
3593 2956 3790 3010 paena-

2208 3047 2328 3087 rum
2359 3030 2650 3102 qualitates
2678 3031 2888 3102 proprii
2913 3039 3251 3103 cognoscant
3276 3032 3501 3086 erroris.

2277 3129 2442 3184 Vens.
2472 3129 2563 3194 22,
2581 3129 2670 3184 25.
2697 3159 2766 3169 -
2789 3127 3115 3199 Faciamque
3143 3127 3455 3192 mirabilem,
3473 3137 3580 3182 etc.
3608 3128 3788 3200 (Avo,

2205 3229 2390 3290 quiest.
2419 3218 2532 3290 26.)
2565 3218 2678 3274 Hoc
2704 3219 2756 3272 in
2783 3218 3052 3288 prioribus
3081 3217 3248 3289 signis
3274 3217 3684 3289 intelligendum
3714 3228 3794 3274 est

510 3313 730 3369 sitatem
759 3311 1083 3366 habuerunt.
1121 3307 1274 3364 Unde
1299 3305 1495 3361 :’Sicut
1521 3303 1738 3358 Jamnes
1761 3313 1808 3356 et
1838 3302 2100 3356 Mambres
2127 3313 2174 3377 ο
2207 3311 2406 3366 factum
2435 3326 2554 3365 esse
2577 3351 2590 3376 ,
2628 3319 2689 3364 ιιι
2717 3319 2863 3364 terra
2897 3309 2953 3364 in
2990 3326 3096 3380 qua
3122 3309 3403 3364 habitabat
3437 3310 3672 3380 populus

509 3404 808 3459 restiterunt
835 3400 1028 3472 Moysi,
1056 3399 1131 3453 ita
1171 3408 1221 3454 et
1255 3398 1309 3451 hi
1335 3397 1575 3452 resistunt
1612 3395 1832 3456 veritati,
1865 3395 2098 3448 homines

508 3507 678 3552 mente
704 3496 956 3562 corrupti,
987 3491 1191 3564 reprobi
1213 3493 1353 3545 circa
1377 3489 1559 3560 ﬁdem,
1581 3499 1683 3544 etc.
1715 3488 1798 3560 (II
1828 3487 1960 3541 Tim.
1991 3487 2094 3559 ul).

515 3589 581 3644 Hi
606 3599 787 3643 autem
810 3588 902 3658 qui
925 3603 1021 3658 per
1049 3585 1245 3641 mentis
1275 3584 1679 3654 corruptionem
1710 3583 1934 3652 inquieti
1977 3580 2094 3636 fue-

514 3691 676 3746 runt,
706 3680 759 3735 in
791 3679 950 3735 tertio
976 3679 1130 3748 signo
1156 3676 1493 3738 defecerunt.
1522 3675 1750 3730 fatentes
1776 3673 1878 3729 sibi
1902 3675 2097 3728 adver-

513 3786 634 3826 sum
684 3770 945 3840 Spiritum
1001 3779 1268 3833 sanctum,
1321 3767 1412 3836 qui
1442 3776 1563 3821 erat
1607 3766 1676 3820 in'
1717 3765 1879 3820 Mose.
1915 3765 2098 3820 Tertio

513 3865 658 3919 enim
691 3863 910 3933 ponitur
941 3861 1059 3918 loco
1082 3862 1336 3930 Spiritus,
1369 3860 1460 3929 qui
1486 3867 1570 3914 est
1601 3859 1801 3929 digitus
1838 3859 1930 3912 Dei
1957 3873 1972 3912 :
2005 3857 2097 3928 qui

513 3956 654 4011 sicut
679 3955 923 4026 placatus
965 3953 1205 4024 requiem
1233 3960 1453 4023 praestat
1481 3951 1698 4004 mitibus
1725 3957 1778 4002 et
1807 3949 2098 4004 humilibus

512 4046 697 4111 corde,
727 4045 798 4100 ita
826 4045 996 4099 iratus
1020 4043 1253 4098 immites
1277 4051 1331 4099 et
1358 4044 1618 4113 superbos
1639 4057 1737 4110 per
1765 4041 2095 4112 inquietudi-

511 4152 636 4192 nem
681 4137 953 4206 exagitat,
987 4150 1146 4206 quam
1191 4151 1391 4190 musca:
1441 4135 1773 4206 gravissima:
1823 4134 2096 4205 signiﬁca-

513 4237 730 4292 verunt,
757 4228 859 4283 sub
897 4227 1095 4298 quibus
1137 4226 1277 4298 magi
1315 4225 1648 4292 defecerunt,
1679 4226 1921 4281 dicentes
1955 4243 1968 4278 :
1997 4224 2095 4278 Di-

511 4321 650 4392 gitus
672 4319 770 4374 Dei
790 4329 865 4374 est
893 4321 1000 4384 hic,
1025 4332 1094 4374 ne
1119 4317 1422 4389 intelligant
1453 4319 1594 4372 unde
1619 4317 1977 4386 decipiantur.

587 4413 838 4486 (Suum)
879 4411 1183 4468 Notandum
1224 4412 1350 4481 quia
1400 4411 1562 4466 tertio
1607 4411 1760 4482 signo
1795 4411 1926 4465 victi
1973 4416 2099 4465 sunt

513 4507 699 4579 magi,
737 4506 860 4576 quia
895 4505 1072 4560 omnis
1112 4505 1338 4574 perﬁdia
1378 4511 1433 4558 et
1481 4505 1753 4558 mundana
1802 4502 2094 4572 sapientia,

513 4599 597 4654 vel
626 4597 981 4669 philosophia,
1018 4597 1122 4651 ﬁde
1168 4595 1451 4650 Trinitatis
1481 4593 1738 4649 vincitur.
1779 4594 1914 4649 Cum
1949 4595 2094 4649 enim

2205 3401 2367 3457 nullis
2402 3400 2599 3456 talibus
2627 3400 2800 3472 plagis
2826 3412 3138 3456 vexaretur.
3186 3399 3561 3471 Opportunum
3607 3410 3792 3456 autem

2203 3493 2305 3547 fuit
2327 3501 2385 3547 ut
2413 3493 2487 3548 ibi
2512 3494 2614 3548 hoc
2641 3503 2826 3564 aperte
2851 3503 3148 3564 poneretur
3171 3511 3188 3560 ;
3209 3493 3350 3548 unde
3368 3493 3481 3563 jam
3523 3494 3795 3563 incipiunt

2204 3586 2383 3657 signa,
2413 3585 2608 3656 quibus
2640 3586 2783 3656 magi
2809 3586 3007 3640 similia
3039 3602 3149 3641 non
3189 3587 3367 3641 conati
3411 3595 3535 3641 sunt
3582 3587 3787 3642 facere.

2201 3677 2306 3734 Pro
2331 3687 2480 3733 certo
2504 3686 2587 3733 est
2613 3677 2757 3732 enim
2789 3677 2914 3746 quia
2942 3677 3144 3747 ubique
3173 3675 3390 3732 fuerant
3424 3677 3704 3747 sciniphes
3737 3679 3791 3732 in

2202 3785 2371 3840 regno
2404 3769 2728 3834 Pharaonis,
2753 3785 2860 3822 non
2887 3778 3069 3824 autem
3097 3768 3308 3824 fuerant
3339 3769 3394 3824 in
3420 3779 3563 3824 terra
3582 3769 3790 3826 Gessen

2199 3863 2284 3919 vel
2306 3862 2522 3918 Gesen:
2559 3862 2631 3916 ibi
2660 3861 2840 3917 conati
2875 3870 3002 3916 sunt
3041 3861 3185 3932 magi
3220 3861 3417 3918 similia
3445 3862 3654 3928 facere,
3689 3879 3790 3919 nec

2199 3967 2489 4031 potuerunt
2524 3977 2537 4012 :
2569 3974 2852 4030 quousque
2881 3973 3012 4029 ergo
3042 3957 3357 4023 deﬁcerent,
3389 3957 3521 4012 nihil
3549 3959 3619 4012 de
3646 3957 3791 4013 illius

2203 4062 2361 4108 terra;
2391 4053 2732 4123 separatione
2760 4051 2964 4106 dictum
2997 4061 3120 4117 est,
3149 4051 3241 4106 sed
3271 4068 3338 4107 ex
3377 4067 3484 4122 quo
3508 4061 3791 4124 coeperunt

2199 4160 2263 4201 ea
2299 4143 2420 4198 ﬁeri
2447 4157 2565 4212 quae
2587 4142 2659 4196 illi
2689 4156 2790 4197 nec
2811 4143 3075 4197 auderent
3100 4145 3307 4198 conari.

2269 4232 2434 4288 Vnus.
2476 4231 2570 4298 24,
2593 4230 2684 4287 25.
2715 4261 2785 4271 -—
2815 4230 2882 4284 Et
2911 4232 3049 4286 venit
3089 4249 3269 4286 musca
3309 4249 3643 4302 gravissima,
3679 4243 3785 4290 etc.

2201 4323 2384 4397 (Aec.,
2417 4323 2571 4394 ibid.)
2609 4323 2792 4379 Musca
2829 4339 2927 4394 pro
2949 4323 3298 4380 multitudine
3336 4341 3648 4380 muscarum
3689 4344 3789 4398 po-

2199 4418 2324 4474 sita.
2355 4415 2548 4471 Nescio
2585 4415 2730 4470 enim
2773 4414 3042 4485 quomodo
3077 4429 3175 4484 per
3203 4414 3454 4484 loquendi
3481 4427 3782 4470 consuetu-

2201 4512 2382 4568 dinem
2407 4509 2628 4565 imbutis
2653 4509 2902 4564 sensibus
2917 4508 3193 4563 hominum
3215 4523 3230 4562 :
3260 4523 3402 4577 saepe
3425 4507 3548 4578 plus
3570 4508 3788 4563 videtur

2201 4602 2342 4672 quod
2391 4600 2754 4671 singulariter,
2803 4615 2966 4667 quam
3011 4597 3156 4668 quod
3201 4597 3504 4668 pluraliter,
3555 4599 3785 4664 dieitur;

511 4690 906 4761 philosophiam
932 4687 1260 4752 invenerint,
1283 4687 1426 4742 etde
1447 4687 1700 4741 machina
1725 4687 1888 4742 totius
1911 4687 2095 4742 mundi
2125 4676 2176 4736 D
2202 4698 2350 4755 vel-bi
2403 4697 2576 4768 gratia
2602 4713 2616 4750 ε
2645 4695 2741 4750 Est
2795 4695 2906 4749 illic
2955 4693 3146 4759 mnes,
3205 4709 3368 4764 quam
3415 4702 3542 4748 sum
3586 4693 3787 4747 ηιεῃιεε

515 4781 940 4850 disputaverint,
983 4780 1051 4834 ad
1087 4778 1448 4848 cognitionem
1489 4775 1774 4833 Trinitatis
1819 4777 2098 4847 pervenire

514 4873 895 4945 nequiverunt.
912 4870 1016 4925 Per
1030 4869 1253 4938 digitum
1272 4868 1507 4939 Spiritus
1526 4877 1745 4924 sanctus
1759 4869 2095 4939 intelligitur,

514 4981 622 5021 non
650 4965 794 5036 quod
818 4963 992 5017 minor
1015 4960 1087 5015 sit
1112 4959 1274 5014 Patre
1302 4968 1357 5014 et
1385 4958 1543 5025 Filio,
1571 4963 1664 5015 sed
1689 4961 1816 5029 quia
1847 4961 1900 5014 in
1931 4960 2098 5030 digito

515 5056 762 5128 plurimm
788 5053 1083 5109 divisiones
1123 5061 1285 5119 sunt,
1331 5061 1388 5108 et
1424 5068 1522 5123 per
1560 5052 1818 5123 Spiritum
1848 5064 2095 5107 sanctum

519 5147 679 5201 datur
703 5145 896 5200 divisio
916 5143 1230 5215 gratiarum.

591 5233 770 5305 (AUG.,
794 5243 977 5306 quiest.
995 5233 1066 5288 25
1087 5235 1143 5289 in
1165 5233 1363 5301 Exeat,
1389 5243 1518 5290 tom.
1534 5234 1644 5306 Ill.)
1668 5235 1819 5303 Quod
1844 5237 2097 5293 dixerunt

520 5329 662 5400 magi
709 5327 775 5382 ad
823 5327 1193 5393 Pharaonem,
1234 5335 1364 5394 etc.,
1419 5344 1579 5399 usque
1605 5328 1693 5394 ad,
1727 5329 1977 5400 quamvis
2033 5330 2098 5384 de

520 5423 657 5479 Filio
686 5438 792 5478 non
821 5429 1121 5477 tacuerunt.

593 5517 756 5573 Vens.
778 5515 866 5570 20.
895 5545 966 5555 -
985 5512 1114 5568 Ηιεε
1137 5514 1261 5568 dicit
1284 5513 1556 5579 Dominus,
1585 5523 1687 5568 etc.
1719 5515 1902 5585 (ΚΑΒ.)
1924 5516 2100 5584 Quar-

523 5618 635 5666 tum
672 5614 997 5680 praeceptum
1037 5624 1051 5659 :
1093 5604 1312 5661 Honora
1353 5615 1554 5676 patrem
1595 5615 1746 5660 tuum
1789 5617 1837 5661 et
1877 5617 2095 5661 matrem

522 5713 686 5756 tuam.
713 5701 850 5757 lluic
891 5699 1163 5756 contraria
1201 5708 1283 5753 est
1317 5708 1506 5769 quarta
1545 5697 1734 5770 plaga,
1773 5700 1978 5756 scilicet
2009 5717 2098 5772 cy-

522 5793 760 5864 nomyia,
791 5791 842 5847 id
865 5791 1180 5856 cst,canina
1209 5806 1390 5845 musca
1415 5808 1424 5841 :
1457 5791 1711 5845 caninum
1734 5801 1817 5845 est
1847 5801 2096 5860 parentes

521 5897 627 5943 non
661 5898 988 5958 agnoscere;
1026 5883 1163 5939 unde
1197 5883 1360 5940 catuli
1391 5899 1580 5943 eorum
1610 5885 1736 5942 cmci
1773 5893 2090 5942 nascuntur.

2202 4790 2348 4856 illic;
2380 4798 2466 4846 est
2491 4789 2601 4844 illic
2629 4787 2824 4859 piscis,
2869 4785 2990 4856 plus
3015 4783 3287 4855 signiﬁcat
3313 4800 3475 4857 quam
3522 4794 3651 4840 sunt
3681 4784 3787 4839 illic

2199 4883 2394 4952 pisces.

2271 4972 2436 5027 Vens.
2464 4969 2648 5026 26-51.
2705 5000 2774 5009 —
2814 4969 3258 5023 Abominationes.
3296 4966 3548 5022 Perversi
3586 4967 3789 5022 abomi-

2201 5073 2399 5118 nantur
2445 5063 2586 5118 bona
2636 5061 2906 5132 Egyptii,
2949 5060 3002 5114 id
3045 5067 3160 5123 est,
3206 5059 3353 5113 cives
3393 5055 3556 5126 hujus
3604 5056 3786 5112 saeculi

2206 5153 2590 5208 abominantur
2617 5167 2746 5207 oves
2773 5191 2788 5216 ,
2821 5151 2875 5205 id
2905 5159 2989 5206 est
3011 5190 3026 5216 ,
3055 5147 3458 5218 simplicitatem
3495 5148 3782 5203 bonorum.

2207 5243 2358 5300 Sicut
2386 5243 2528 5298 enim
2560 5243 2685 5297 boni
2721 5241 3104 5296 abominantur
3133 5239 3296 5304 mala,
3340 5237 3417 5294 ita
3459 5237 3591 5292 mali
3622 5237 3784 5294 bona.

2209 5335 2358 5391 [nde
2387 5333 2768 5390 abominantur
2795 5332 2923 5390 boni
2952 5332 3130 5386 virum
3158 5330 3403 5400 impium,
3428 5336 3484 5384 et
3511 5327 3666 5399 impii
3695 5342 3786 5380 eos

2205 5428 2295 5499 qui
2328 5427 2382 5482 in
2412 5435 2556 5482 recta
2581 5435 2707 5482 sunt
2732 5425 2834 5480 via.

2277 5517 2433 5589 (Aac.
2477 5516 2676 5583 Quwst.
2704 5516 2824 5588 28.)
2862 5516 2921 5571 ln
2958 5529 3196 5572 eremum
3227 5512 3442 5568 dicebat
3482 5510 3700 5582 Moyses
3731 5525 3784 5565 sc

2205 5611 2339 5667 velle
2380 5613 2457 5666 ire
2502 5611 2593 5666 ubi
2633 5608 2871 5683 Egyptii
2918 5624 3021 5663 non
3069 5607 3312 5661 viderent
3353 5603 3785 5658 abotninationcs

2205 5721 2353 5761 suas.
2398 5701 2511 5757 Hoc
2540 5710 2720 5756 autem
2749 5698 3153 5769 intelligendum
3190 5703 3274 5751 est
3310 5695 3540 5766 mystice
3582 5692 3786 5765 signiﬁ-

2205 5797 2338 5862 cari,
2360 5795 2504 5866 quod
2525 5794 2590 5848 de
2617 5791 2923 5862 pastoribus
2948 5791 3202 5854 diximus,
3227 5789 3318 5859 qui
3344 5796 3500 5843 erant
3521 5787 3786 5859 Aigyptiis

2205 5884 2594 5945 abominabiles
2640 5899 2648 5938 :
2692 5885 2744 5940 cl
2791 5880 2910 5939 ideo
2945 5889 3249 5952 separatam
3287 5887 3490 5935 terram
3527 5875 3784 5935 lsrnelita
