3998 6332
209 425 322 486 209

1254 399 1521 481 GLOSSA
1558 420 1953 479 0RDINARIA.
1994 451 2064 466 -
2101 422 2228 478 un.
2269 421 2473 480 exon.

3355 428 3461 484 910

207 551 532 615 receperunt
558 543 610 598 in
647 542 901 613 1Egypto.
937 541 1024 597 Sic
1055 542 1198 597 enim
1223 540 1487 596 sacrilicia
1515 538 1784 594 Israelita-
1811 543 1860 602 Α
1958 536 2121 591 Vens.
2153 537 2206 593 8.
2245 567 2313 578 -
2341 535 2525 591 Tollite
2551 536 2749 606 plenas,
2793 545 2896 593 etc.
2926 538 3108 610 (Auc.,
3135 551 3318 610 quiest.
3343 527 3461 611 5t.)

205 650 334 691 rum
364 633 794 690 abominationes
830 640 953 688 sunt
972 632 1262 704 Egyptiis,
1293 631 1433 686 sicut
1457 631 1656 701 iniquis
1681 631 1790 686 vita

200 723 501 798 iustorum.

285 816 536 890 (Suum)
563 815 848 871 Historice.
881 814 1121 888 Egyptii
1159 816 1540 871 abominantur
1577 829 1706 870 oves
1738 823 1794 868 et

207 921 308 964 eas
334 909 561 963 adorant
588 916 809 978 propter
834 905 1022 963 Jovem
1057 907 1400 978 Ammonem,
1430 908 1520 977 qui
1550 923 1668 961 eum
1701 923 1792 962 ca-

209 1001 325 1074 pite
354 977 870 1070 arietinopingitur.
904 999 1034 1054 Item
1064 977 1292 1054 :bovi'em
1327 999 1507 1052 colunt
1529 997 1793 1069 IEgyptii,

212 1095 308 1164 qui
339 1102 689 1149 consecratus
710 1102 795 1147 est
821 1092 944 1162 Api,
970 1092 1110 1146 sicut
1130 1107 1291 1146 vacca
1318 1091 1466 1146 Isidi.
1494 1091 1624 1160 Apis
1652 1090 1796 1144 enim

210 1196 334 1242 erat
372 1187 664 1240 maximum
710 1201 908 1240 numen
964 1185 1364 1256 Egyptiarum,
1403 1185 1492 1254 qui
1534 1183 1699 1238 semel
1742 1183 1796 1238 in

211 1291 361 1331 anno
402 1286 552 1331 certo
586 1286 826 1346 tempore
859 1278 1152 1346 apparebat
1191 1275 1559 1330 sacerdotibus
1585 1288 1792 1328 eorum.

209 1368 294 1426 Illi
317 1383 447 1422 vero
477 1384 596 1422 cum
638 1369 851 1438 hymnis
879 1377 932 1422 et
961 1368 1212 1422 laudibus
1239 1381 1362 1421 eum
1391 1371 1795 1437 prosequentes,

211 1460 372 1529 quasi
399 1459 709 1529 lymphatici
738 1460 1154 1529 pmphetahant.

290 1547 506 1619 (Gaza,
536 1548 626 1603 lib.
657 1565 787 1604 svnt
838 1547 1057 1609 Moral..
1081 1564 1130 1604 c.
1159 1549 1246 1612 28,
1275 1558 1403 1603 tom.
1428 1548 1516 1619 ll.)
1538 1547 1801 1621 .Egyptus

213 1639 422 1692 muscis
451 1640 774 1708 percutitur,
799 1648 932 1704 etc.,
979 1657 1140 1712 usque
1177 1640 1246 1693 ad
1299 1639 1492 1694 Vacate
1535 1650 1584 1695 et
1615 1641 1798 1709 videte,

213 1730 470 1798 quoniam
501 1746 592 1797 ego
616 1746 731 1782 sum
762 1729 919 1783 Deus.

291 1822 456 1875 Vens.
491 1821 578 1875 32.
611 1853 680 1862 —
707 1821 774 1875 Et
795 1823 1122 1892 ingravatum
1150 1831 1244 1887 est,
1270 1833 1375 1877 etc.
1404 1823 1581 1890 (AUG.,
1611 1833 1795 1895 quiest.

1895 631 2006 684 Alia
2035 631 2213 685 littera
2256 646 2270 684 :
2320 629 2520 685 Sumite
2553 630 2732 701 plenas
2773 647 2959 686 manus
2994 631 3132 686 vobis
3170 633 3367 703 favillae
3402 635 3467 688 de

1893 723 2126 792 fornace,
2177 730 2224 774 ct
2272 729 2504 791 asperget
2558 719 2786 790 Moyses,
2830 729 2935 776 etc.
2986 720 3276 792 Superiora
3312 723 3468 794 signa

1893 815 2043 885 virga
2066 813 2286 877 fiebant,
2309 828 2469 882 quam
2499 828 2606 867 non
2635 813 2864 884 Moyses,
2888 814 2981 869 sed
3005 813 3187 869 Aaron
3211 815 3470 871 extende-

1893 904 1984 958 bat
2015 919 2176 974 super
2204 918 2418 972 aquam,
2463 903 2548 958 vel
2581 905 2647 958 ad
2689 913 2884 960 terram
2925 907 3280 976 percutiebat.
3314 905 3471 964 Nunc

1893 1010 2024 1050 vero
2053 995 2384 1064 interpositis
2413 996 2619 1050 duobus
2649 997 2836 1067 signis,
2861 998 2928 1053 de
2952 1000 3232 1070 cynomyia
3264 999 3472 1054 scilicet

1894 1093 1948 1140 et
1971 1085 2230 1140 mortibus
2248 1099 2529 1154 pecorum,
2558 1085 2647 1140 ubi
2671 1101 2770 1140 nec
2794 1086 2973 1142 Aaron
3008 1103 3106 1142 nec
3134 1088 3343 1159 Moyses
3369 1088 3471 1143 ali-

1895 1177 2023 1246 quid
2072 1192 2231 1231 manu
2279 1185 2608 1244 operantur,
2652 1177 2849 1232 dicitur
2890 1187 2951 1232 ut
2992 1178 3199 1250 Moyses
3237 1179 3472 1235 favillam

1898 1280 2114 1341 spargat
2144 1270 2196 1323 in
2246 1270 2471 1334 malum;
2523 1268 2680 1323 ambo
2709 1270 2965 1341 jubentur
2991 1287 3222 1337 sumere,
3259 1273 3350 1326 sed
3382 1273 3474 1328 ille

1899 1377 2152 1433 spargere
2199 1378 2303 1417 non
2353 1362 2406 1415 in
2455 1369 2655 1416 terram
2705 1363 2796 1416 sed
2847 1363 2900 1417 in
2944 1364 3136 1419 cretum
3168 1383 3180 1417 :
3216 1371 3473 1435 tanquam

1897 1455 2074 1510 Aaron
2112 1455 2224 1525 (qui
2263 1455 2420 1509 datus
2463 1463 2582 1509 erat
2625 1453 2691 1508 ad
2737 1454 3009 1525 populum)
3045 1463 3242 1510 terram
3282 1472 3475 1526 percu-

1903 1556 2015 1602 tere
2042 1546 2280 1613 deberet,
2318 1546 2399 1600 vel
2443 1547 2494 1600 in
2534 1551 2728 1616 aquam
2759 1548 2870 1601 sive
2911 1548 2963 1601 in
3011 1556 3210 1603 terram
3254 1563 3474 1603 manum

1901 1636 2218 1702 extendere;
2251 1637 2460 1709 Moyses
2487 1652 2638 1702 vero,
2669 1637 2760 1705 qui
2786 1646 2903 1690 erat
2934 1637 2984 1691 in
3019 1637 3102 1692 liis
3122 1654 3242 1708 qua:
3270 1641 3334 1692 ad
3374 1639 3478 1692 Do-

1904 1729 2132 1793 minum,
2174 1727 2404 1781 favillam
2431 1727 2644 1794 iubetur
2675 1742 2946 1797 spargere.
2976 1727 3113 1794 Quid
3145 1727 3251 1783 duo
3281 1728 3369 1782 illa
3394 1744 3478 1782 su-
3519 1779 3522 1781 Α

1902 1821 2140 1892 periura.
2165 1821 2337 1890 signa,
2381 1819 2469 1872 ubi
2522 1834 2620 1872 nec
2665 1817 2872 1889 Moyses
2920 1833 3018 1873 nec
3059 1819 3236 1874 Aaron
3277 1819 3479 1889 aliquid

215 1913 344 1978 29.)
377 1912 510 1967 Cum
541 1912 716 1966 ablata
745 1923 886 1967 esset
922 1913 1148 1977 locusta,
1194 1914 1395 1968 dictum
1433 1924 1516 1967 est
1554 1915 1618 1970 de
1659 1915 1799 1969 Pha-
1827 1913 1875 1974 Β
1903 1929 2064 1967 manu
2095 1912 2420 1982 operantur?
2447 1911 2584 1978 Quid
2610 1911 2711 1966 sibi
2741 1910 2853 1965 vult
2881 1911 2993 1982 ipsa
3021 1898 3347 1966 diversitas?
3377 1911 3478 1967 Ne-

215 2018 386 2057 raone
426 2017 440 2056 :
480 2002 779 2072 Ingravavit
829 2000 1042 2056 Pharao
1088 2020 1178 2056 cor
1217 2020 1371 2058 suum
1406 2006 1562 2058 etiam
1605 2005 1660 2058 in
1706 2006 1803 2060 hoc

214 2107 482 2168 tempore,
521 2107 569 2151 et
619 2097 784 2152 noluit
835 2099 1092 2152 dimittere
1141 2101 1409 2171 paputum.
1461 2100 1620 2156 Certe
1663 2118 1803 2158 nunc

214 2206 327 2245 non
359 2190 562 2243 dictum
598 2198 702 2252 est,
731 2190 1074 2260 lngravatum
1107 2201 1191 2246 est
1229 2208 1324 2245 cor
1355 2192 1686 2254 Pharaonis,
1711 2193 1805 2247 sed

212 2283 509 2352 ingravavit
546 2280 758 2336 Pharao
799 2300 888 2336 cor
935 2299 1108 2338 suum.
1170 2283 1483 2356 Siculique
1524 2287 1577 2340 in
1631 2288 1804 2341 omni-

214 2379 320 2433 bus
345 2378 537 2449 plagis.
579 2377 621 2431 A
652 2378 927 2434 voluntate
962 2381 1198 2435 hominis
1232 2390 1315 2435 est
1342 2381 1495 2450 origo
1524 2381 1798 2436 vitiorum.

217 2467 504 2524 Moventur
543 2478 722 2524 autem
771 2471 950 2525 causis
989 2471 1148 2526 corda
1202 2472 1514 2535 hominum,
1547 2471 1660 2526 alia
1703 2471 1801 2537 sic,

217 2563 322 2617 alia
347 2578 479 2618 vero
503 2565 603 2630 sic,
629 2565 792 2618 etiam
823 2580 926 2618 non
953 2564 1180 2619 diversis
1198 2565 1390 2627 causis,
1419 2579 1563 2634 szepe
1588 2564 1803 2619 diverso

219 2657 403 2720 modo,
427 2657 726 2712 secundum
751 2657 996 2727 proprias
1025 2657 1333 2728 qualitates,
1363 2671 1486 2728 qua:
1511 2672 1580 2712 ex
1606 2656 1802 2712 volun-

219 2749 426 2808 tatibus
450 2749 694 2804 veniunt.

835 2880 1062 2937 CAPUT
1097 2880 1190 2936 1X.

291 2993 456 3049 Vsus.
489 2993 688 3049 1-6.-
706 2993 850 3049 Dixit
878 3004 1051 3048 autem
1077 2993 1330 3048 Dominus
1351 2993 1418 3048 ad
1434 2992 1670 3065 Moysen,
1694 3002 1799 3050 etc.

220 3085 502 3157 (Pnocor.)
533 3083 699 3139 Primi
748 3085 889 3139 inter
933 3084 1180 3153 iumenta
1230 3092 1612 3155 computantur
1654 3085 1798 3154 equi,

217 3179 310 3248 qui
343 3187 470 3234 sunt
508 3177 794 3232 mendaces
827 3192 919 3232 seu
951 3175 1070 3232 falsi
1112 3177 1180 3231 ad
1207 3176 1453 3232 salutem.
1485 3175 1689 3231 Deinde
1714 3175 1803 3246 ju-

217 3277 404 3324 menta
449 3269 746 3332 immunda,
789 3283 908 3337 quae
936 3282 1035 3322 nec
1058 3266 1285 3336 ungulas
1311 3266 1538 3333 findunt,
1584 3281 1685 3322 nec
1713 3283 1799 3322 ru-
1828 3264 1874 3329 C

218 3362 449 3426 minant,
489 3361 671 3415 currui
709 3369 890 3415 tamen
926 3361 1242 3430 junguntur.
1284 3359 1547 3430 Deinceps
1575 3360 1799 3426 cameli,

217 3451 316 3523 qui
367 3451 618 3522 quamvis
664 3461 885 3522 propter
940 3451 1357 3504 rnminationem
1409 3451 1563 3520 quasi
1618 3449 1803 3504 mundi

217 3555 560 3616 reputentur,
587 3554 764 3600 tamen
788 3545 910 3614 quia
942 3559 1130 3599 eorum
1166 3542 1360 3614 ungula
1387 3558 1492 3596 non
1532 3542 1802 3607 sulcatur,

218 3646 512 3693 censentur
571 3636 854 3714 immundi.
902 3634 1282 3691 Verumtamen
1343 3635 1540 3706 partim
1591 3635 1805 3690 munda

214 3729 420 3801 partim
472 3728 759 3783 immundae
808 3726 1133 3782 conditionis
1187 3725 1375 3780 cameli
1424 3724 1801 3796 perhibentur.

216 3818 488 3873 Caeterum
523 3818 648 3888 quia
672 3818 787 3872 haec
807 3817 984 3888 plaga,
1017 3826 1076 3872 ut
1095 3831 1282 3887 parum
1305 3816 1464 3870 noxia
1486 3823 1707 3887 propter
1727 3816 1807 3869 vi-

216 3911 430 3966 litatem
457 3911 856 3965 immundorum
894 3909 1207 3963 animalium
1235 3908 1578 3972 credebatur,
1614 3909 1808 3964 transit

216 4003 286 4057 ad
308 4001 490 4065 boves,
524 4001 720 4055 dehinc
739 3999 802 4054 ad
823 3999 1244 4070 placidissimum
1269 3998 1602 4064 animalium,
1626 4013 1802 4054 ovem.

291 4091 498 4163 (Ontc.,
531 4092 671 4144 hom.
702 4091 781 4161 4.)
808 4090 1008 4158 Quinto
1041 4090 1158 4145 loco
1199 4089 1512 4145 animalium
1548 4106 1680 4146 nece
1720 4090 1804 4146 vel

214 4182 488 4253 pecudum
528 4181 790 4253 Egyptus
825 4180 1164 4236 verberatur.
1199 4182 1255 4237 In
1296 4197 1404 4252 quo
1436 4183 1690 4238 vecordia
1720 4178 1807 4237 vel

216 4273 451 4328 stultitia
479 4272 788 4326 mortalium
816 4273 1079 4343 arguitur,
1113 4271 1204 4342 qui
1234 4279 1488 4345 tanquam
1513 4273 1805 4328 irrationa-

215 4364 350 4420 bilia
387 4379 584 4435 pecora
624 4364 826 4419 cultum
865 4373 921 4419 et
950 4363 1269 4419 vocabulum
1301 4365 1395 4419 Dei
1435 4365 1808 4435 imposuerunt

219 4455 432 4528 ﬁguris,
477 4471 585 4511 non
632 4455 805 4512 solum
839 4455 1118 4511 hominum
1158 4456 1253 4512 sed
1280 4456 1547 4526 pecudqu
1577 4458 1723 4529 ligno
1753 4467 1810 4512 et

218 4548 493 4620 lapidibus
539 4551 816 4621 impressis
867 4568 878 4604 :
926 4549 1247 4605 Ammonem
1295 4549 1481 4606 Jovem
1529 4552 1584 4606 in
1634 4552 1805 4608 ariete

219 4649 581 4706 venerantes,
633 4641 866 4697 Anubim
925 4643 978 4696 in
1031 4657 1202 4707 cane,
1256 4641 1414 4712 Apim
1482 4641 1536 4696 in
1603 4650 1799 4709 tauro,

217 4741 277 4788 et
313 4741 509 4789 caatera
545 4744 792 4805 portenta
829 4735 1074 4802 deorum,
1110 4750 1230 4805 quae
1263 4734 1526 4806 Egyptus
1553 4736 1801 4802 miratur,

217 4835 281 4879 ut
306 4827 504 4896 quibus
535 4828 737 4883 cultum
769 4829 1063 4884 credebant
1087 4843 1208 4883 esse
1237 4827 1503 4892 divinum,
1533 4829 1585 4884 in
1618 4829 1703 4884 his
1726 4831 1805 4885 vi-

217 4918 414 4973 derent
438 4919 808 4974 miserandum
838 4919 1181 4990 supp!icium.

293 5029 452 5101 (llas.
467 5031 521 5084 in
544 5030 743 5097 Exod,
769 5041 900 5087 tom.
929 5030 1018 5099 ll.)
1041 5031 1298 5099 Quintum
1324 5038 1649 5101 praeceptum
1679 5038 1798 5086 est:

217 5119 350 5177 Non
379 5122 735 5189 machaberis,
768 5131 873 5179 etc.
893 5164 909 5189 ,
938 5139 1101 5194 usque
1130 5123 1198 5178 ad
1235 5125 1452 5179 attende
1478 5122 1688 5195 plagam
1719 5138 1732 5176 :
1757 5123 1802 5178 si

211 5223 389 5280 pecus
414 5226 495 5276 es,
521 5211 712 5267 saltem
741 5213 879 5270 mori
908 5213 1056 5268 time.

292 5327 458 5382 Vens.
491 5329 542 5383 7.
566 5357 637 5370 --
664 5327 1108 5402 Ingravatumque
1142 5339 1248 5398 est,
1273 5339 1378 5387 etc.
1407 5331 1588 5403 (Ana,
1615 5339 1798 5402 quiest.

213 5415 334 5488 30.)
373 5414 430 5470 Si
473 5432 667 5487 pecora
706 5418 1073 5474 lsraelitarum
1106 5429 1448 5476 morerentur
1473 5462 1488 5485 ,
1533 5421 1803 5476 videretur

210 5522 386 5566 causa
407 5518 722 5580 competens
750 5525 920 5582 quare
941 5527 1036 5567 cor
1065 5513 1181 5582 ejus
1221 5521 1539 5583 gravaretur
1564 5513 1632 5568 ad
1674 5529 1802 5567 con-

213 5608 488 5671 temptum
525 5602 642 5668 Dei,
678 5611 931 5674 tanquam
965 5604 1010 5659 si
1046 5605 1188 5676 magi
1219 5603 1335 5674 ejus
1360 5620 1552 5676 pecora
1582 5604 1798 5660 lsraeli-

191 5702 402 5758 tarum
442 5693 797 5762 occidissent;
849 5695 947 5751 sed
988 5697 1130 5751 unde
1173 5696 1357 5751 debuit
1401 5696 1468 5752 ad
1506 5696 1799 5752 timendum

212 5783 303 5839 vel
348 5784 676 5840 credendum
727 5787 951 5852 moveri,
985 5786 1322 5858 ingravatum
1365 5796 1472 5854 est,
1510 5795 1566 5844 et
1603 5787 1689 5842 illa
1716 5786 1801 5841 in-

213 5875 463 5947 gravatio
491 5875 658 5932 etiam
684 5877 966 5947 hucusque
999 5892 1284 5950 progressa
1303 5888 1406 5933 est.

1904 2020 2009 2073 que
2035 2005 2175 2058 enim
2205 2003 2355 2057 nihil.

1975 2095 2155 2166 (llas)
2206 2094 2429 2149 Sextum
2475 2104 2842 2165 praeceptum:
2883 2095 3007 2150 Non
3049 2096 3283 2162 occides;
3324 2103 3478 2151 sexta

1903 2185 2077 2256 plaga,
2109 2184 2334 2253 pustula:
2373 2184 2426 2238 in
2465 2200 2712 2254 corpore,
2740 2185 2932 2240 vesica:
2961 2185 3246 2241 bullientes
3283 2197 3338 2240 et
3362 2202 3480 2242 sca-

1906 2287 2100 2338 tentes,
2150 2277 2395 2332 incendia
2438 2277 2718 2330 vulnerum
2763 2286 2815 2330 et
2860 2275 3056 2331 favilla:
3100 2277 3354 2332 fornacis.
3381 2279 3481 2332 Ar-

1905 2369 2031 2424 dcnt
2057 2369 2202 2424 enim
2240 2367 2520 2422 homicidae.
2564 2369 2643 2422 ira
2668 2408 2683 2432 ,
2717 2368 2948 2422 insania.
2993 2367 3049 2423 Si
3080 2384 3266 2438 posses
3295 2371 3480 2426 videre

1905 2463 2112 2517 animas
2145 2461 2555 2524 homicidarum,
2588 2460 2706 2530 plus
2747 2461 3030 2534 plangeres
3075 2477 3168 2517 eas
3197 2477 3360 2532 quam
3384 2479 3482 2535 pu-

1904 2552 2194 2606 trescentia
2226 2566 2452 2621 corpora
2478 2551 2865 2606 ulceratornm.

1975 2643 2138 2698 Vens.
2159 2643 2309 2699 9-12.
2333 2675 2403 2684 —
2426 2643 2628 2715 (0mc.,
2658 2644 2811 2716 ibid.)
2841 2643 3071 2699 Vulnera
3093 2655 3139 2700 et
3161 2646 3339 2702 t'esica'
3360 2662 3482 2703 cum

1906 2738 2116 2793 fervore
2151 2738 2204 2792 in
2234 2745 2389 2792 sexto
2419 2736 2645 2791 verbere
2691 2737 3080 2806 producuntur.
3120 2739 3178 2794 In
3211 2739 3486 2797 ulceribus

1903 2832 2093 2887 dolosa
2140 2830 2532 2902 purulentaqne
2583 2829 2789 2884 malitia
2853 2831 3137 2902 arguitur;
3187 2832 3241 2888 in
3289 2833 3485 2889 vesicis

1903 2935 2120 2981 tumens
2142 2933 2196 2980 et
2224 2923 2406 2980 inllata
2433 2924 2684 2995 superbia
2711 2942 2723 2979 :
2753 2923 2808 2980 in
2837 2923 3068 2992 fervore,
3095 2925 3175 2980 ira
3204 2933 3260 2981 et
3284 2924 3484 2982 furoris

1905 3035 2136 3074 Insania.

1976 3128 2139 3184 Vens.
2175 3129 2364 3184 15-15.
2391 3160 2460 3170 —
2487 3129 2866 3202 Induravitque
2900 3131 3158 3189 Dominus
3197 3151 3288 3189 cor
3311 3175 3326 3202 ,
3372 3144 3480 3192 etc.

1908 3220 2110 3293 (Οιιια.,
2144 3221 2296 3292 ibid.)
2329 3220 2465 3277 Nota
2500 3221 2625 3291 quia
2663 3223 2717 3276 in
2759 3232 2911 3278 sexta
2937 3224 3090 3296 plaga
3133 3241 3238 3281 non
3265 3227 3480 3294 dicitur,

1904 3313 2217 3368 lnduratum
2242 3323 2322 3368 est
2349 3330 2444 3369 cor
2470 3313 2790 3382 Pharaonis,
2824 3317 2917 3372 sed
2953 3317 3152 3388 aliquid
3189 3320 3482 3378 terribilius

1906 3405 2150 3471 additur;
2187 3409 2446 3476 scriptum
2477 3415 2558 3461 est
2600 3407 2746 3463 enim
2780 3409 2903 3478 quia
2936 3409 3201 3465 induravit
3227 3411 3485 3467 Dominus

1907 3513 1998 3550 cor
2031 3495 2348 3562 Pharaonis,
2389 3506 2493 3553 etc.
2524 3497 2734 3555 Rursus
2761 3500 2816 3554 in
2848 3501 3075 3568 septima
3116 3517 3237 3557 cum
3280 3506 3486 3574 grando

1906 3596 1961 3643 et
2008 3589 2148 3659 ignis
2198 3589 2493 3660 IEgyptum
2537 3597 2753 3655 vastat,
2803 3590 3090 3647 induratur
3125 3594 3342 3663 quidem
3390 3611 3487 3651 cor

1906 3679 2226 3741 Pharaonis,
2252 3683 2344 3735 sed
2374 3696 2478 3735 non
2515 3697 2545 3736 a
2576 3680 2822 3736 Domino.
2867 3681 2924 3737 ln
2959 3693 3149 3740 octava
3185 3701 3314 3741 vero
3341 3727 3357 3753 ,
3393 3688 3484 3744 ubi

1907 3771 2112 3826 locusta
2168 3771 2502 3841 producitur,
2553 3773 2750 3829 dicitur
2799 3773 3058 3833 Dominus
3099 3777 3355 3836 indurare
3392 3794 3488 3834 cor

1908 3863 2223 3919 Pharaonis.
2249 3863 2316 3918 Et
2343 3863 2394 3918 in
2423 3879 2562 3919 nona
2585 3881 2707 3921 cum
2744 3867 2980 3923 tenebrae
3009 3869 3305 3940 palpabiles
3331 3871 3485 3941 fiunt,

1910 3957 2126 4012 tandem
2150 3972 2276 4011 vero
2313 3972 2458 4023 etin),
2491 3958 2776 4015 exstinctis
2803 3959 3200 4030 primogenitis,
3230 3962 3488 4020 Israelita

1908 4048 2327 4109 discessissent,
2371 4048 2444 4102 ita
2505 4049 2704 4104 dicitur
2757 4069 2770 4105 :
2823 4049 2888 4104 Et
2926 4052 3190 4108 induravit
3236 4054 3488 4112 Dominus

1907 4156 1999 4194 cor
2026 4137 2325 4194 Pharaonis
2355 4141 2487 4210 regis
2525 4139 2744 4212 {Egypti
2772 4151 2820 4196 et
2851 4159 3116 4198 servorum
3152 4145 3289 4215 ejus,
3324 4157 3371 4200 et
3400 4149 3487 4202 in-

1907 4241 2115 4286 secutus
2145 4241 2219 4285 est
2245 4248 2350 4285 eos.
2386 4230 2492 4288 Sed
2520 4240 2575 4286 et
2603 4247 2723 4287 cum
2757 4231 2970 4304 Moyses
3003 4235 3069 4289 de
3100 4245 3243 4291 terra
3272 4236 3485 4292 Madian

1908 4324 1975 4378 ad
1997 4321 2290 4394 Egyptum
2322 4323 2555 4377 mittitur
2584 4331 2639 4378 et
2662 4324 2978 4394 prmcipitur
3007 4326 3055 4380 ei
3101 4325 3281 4381 facere
3308 4326 3490 4396 prodi-

1908 4416 2016 4487 gia,
2048 4417 2264 4470 additur
2292 4433 2304 4468 :
2332 4413 2522 4469 Facies
2549 4432 2610 4469 ea
2632 4417 2688 4469 in
2709 4425 2985 4486 conspectu
3008 4415 3306 4471 Pharaonis
3330 4432 3348 4469 :
3377 4415 3488 4489 Ego

1908 4517 2082 4562 autem
2113 4505 2371 4560 indurabo
2413 4522 2503 4559 cor
2543 4502 2879 4571 Pharaonis,
2921 4513 3030 4562 etc.
3077 4505 3213 4563 Hinc
3251 4508 3486 4578 primum

1829 4616 1883 4677 Β
1908 4597 2108 4652 dictum
2140 4604 2224 4652 est
2255 4611 2286 4650 a
2314 4595 2542 4650 Domino
2575 4613 2588 4649 :
2618 4594 2732 4666 Ego
2758 4595 3016 4651 indurabo
3043 4614 3134 4652 cor
3165 4597 3485 4665 Pharaonis,

1907 4695 2013 4742 etc.
2041 4684 2290 4742 Secundo
2315 4700 2550 4756 quoque,
2579 4687 2912 4742 enumeratis
2934 4688 3292 4759 principibus,
3319 4688 3486 4745 Israel

1905 4775 2104 4831 dicitur
2138 4794 2150 4830 :
2182 4775 2293 4846 Ego
2328 4774 2586 4830 indurabo
2622 4792 2714 4832 cor
2743 4773 3063 4841 Pharaonis.
3093 4787 3202 4835 etc.
3231 4779 3348 4836 Non
3375 4779 3488 4836 fruv

1907 4874 2020 4920 stra
2041 4863 2182 4921 facta
2211 4879 2293 4920 est
2323 4867 2425 4921 ista
2446 4866 2704 4933 varietas,
2726 4875 2789 4923 ut
2816 4855 2964 4925 nunc.
2985 4869 3199 4925 dicatur
3226 4871 3484 4927 Dominus

1907 4955 2184 5011 indurasse
2215 4971 2310 5010 cor
2339 4955 2662 5023 Pharaonis,
2698 4974 2844 5015 nunc
2881 4968 3073 5030 sponte
3099 4974 3218 5016 esse
3259 4961 3483 5015 indura-

1906 5056 2039 5102 tum.
2074 5048 2241 5104 Video
2267 5046 2492 5103 Paulum
2524 5058 2778 5120 tanquam
2808 5051 3196 5123 intelligentem
3221 5053 3350 5123 quid
3380 5051 3482 5108 dif-

1906 5139 2062 5205 ferat,
2105 5139 2413 5194 induratum
2445 5155 2565 5196 esse
2602 5157 2698 5198 cor
2736 5141 3072 5209 Pharaonis,
3110 5153 3165 5199 et
3199 5143 3483 5202 indurasse

1907 5232 2191 5287 Dominum
2215 5248 2312 5288 cor
2336 5231 2639 5289 Pharaonis
2657 5235 2838 5290 dicere
2864 5235 3023 5291 Rom.
3054 5251 3093 5290 ll
3121 5251 3136 5290 :
3157 5236 3240 5291 An
3267 5237 3480 5292 divitias

1905 5324 2150 5378 bonitatis
2202 5325 2317 5394 ejus
2343 5365 2358 5391 ,
2403 5334 2453 5380 et
2511 5328 2776 5397 patientia:
2818 5338 2867 5382 et
2909 5327 3324 5399 longanimitatis
3357 5345 3482 5383 con-

1905 5417 2128 5471 temnis?
2165 5415 2388 5487 Ignoras
2415 5420 2660 5489 quoniam
2690 5419 2980 5490 benignitas
3009 5419 3104 5474 Dei
3133 5421 3203 5475 ad
3228 5421 3479 5492 pcniten—

1906 5511 2034 5566 tiam
2063 5519 2111 5565 te
2135 5511 2373 5576 adducit,
2394 5521 2502 5567 etc.
2544 5511 2644 5568 Hic
2669 5513 2785 5568 sine
2822 5513 2982 5570 dubio
3013 5527 3136 5569 eum
3170 5514 3263 5583 qui
3290 5519 3482 5583 sponte

1908 5601 2192 5657 induratus
2223 5611 2326 5669 est,
2359 5604 2558 5674 culpat.
2592 5603 2730 5659 Alibi
2770 5620 2918 5672 vero,
2949 5605 3098 5660 velut
3124 5604 3480 5674 quaestionem

1906 5695 2068 5765 super
2097 5697 2198 5752 hoc
2225 5711 2553 5766 proponens,
2582 5697 2752 5752 dicit:
2778 5697 2919 5770 Ergo
2947 5699 3030 5751 cui
3053 5696 3160 5752 vult
3184 5696 3478 5766 miseretur,

1905 5795 1954 5840 et
1979 5803 2132 5857 quem
2159 5785 2264 5841 vult
2301 5786 2532 5854 indurat,
2559 5795 2662 5842 etc.
2696 5787 2856 5844 Addit
2876 5788 3039 5842 etiam
3068 5786 3154 5842 his
3182 5805 3194 5840 :
3228 5784 3272 5840 0
3300 5786 3478 5854 homo,

1907 5888 1963 5932 tu
1987 5879 2075 5948 qui
2103 5894 2154 5932 es
2181 5877 2270 5946 qui
2303 5877 2613 5946 respondeas
2639 5879 2747 5933 Deo
2777 5875 2956 5946 (Rom.
2983 5878 3084 5946 Ix).
3117 5877 3218 5934 Per
3240 5877 3384 5949 quod
3409 5879 3477 5934 de
