3998 6332
536 496 636 554 211

1037 486 1425 546 WALAFRIDI
1466 483 1709 539 Sil-BAN
1750 480 1953 537 FELD.
1998 477 2160 533 MON.
2202 475 2351 532 OPl’.
2394 472 2570 528 PARS
2610 470 2650 527 I.
2690 501 2759 511 —
2799 468 3256 526 THEOLOGICA.

531 608 597 670 eo
624 609 720 683 qui
764 624 793 663 a
837 606 1064 663 Domino
1106 606 1303 661 dicitur
1333 604 1641 665 induratus,
1690 614 1795 653 non
1828 604 1937 652 tam
1964 610 2107 665 quac-
2138 598 2182 656 Α
2214 591 2359 647 ducit
2388 589 2640 644 locustas.
2702 584 2808 642 Sed
2834 593 2888 683 et
2917 583 2969 639 in
3017 598 3171 683 nona-
3203 579 3442 683 extendit
3471 594 3687 683 manum
3739 582 3798 636 in

534 700 725 759 stionis
764 698 1032 756 solutione
1058 739 1072 762 ,
1118 711 1279 766 quam
1324 690 1621 764 apostolica
1659 688 1980 744 auctoritate
2023 700 2109 740 re-

537 792 770 865 spondit,
807 806 907 861 pro
935 774 1299 860 incapacitate'
1325 785 1663 849 auditorum,
1693 780 1832 836 sicut
1867 776 1993 833 alibi
2034 775 2110 830 ait

538 882 624 958 (II
649 880 772 938 Cor.
799 879 897 954 xu)
932 899 944 934 :
978 879 1044 935 Et
1074 878 1271 933 audivit
1302 892 1497 933 arcana
1527 874 1699 939 verba,
1729 888 1844 943 qua-
1868 886 1972 925 non
1991 868 2111 923 licet

536 973 735 1029 homini
763 970 925 1040 loqui.
957 969 1110 1026 Unde
1136 968 1190 1023 in
1220 966 1569 1039 sequentibus
1597 976 1721 1017 eum
1749 960 1839 1033 qui
1870 974 1973 1014 non
2000 966 2111 1011 tam

538 1064 839 1123 studiorum
860 1061 1053 1117 merito
1075 1073 1235 1130 quam
1262 1058 1468 1114 sciendi
1496 1055 1789 1125 cupiditate
1811 1047 2111 1106 secretiorio

540 1154 643 1213 bus
669 1168 729 1211 se
760 1150 1146 1223 qumstionibus
1180 1148 1444 1209 curiosius
1479 1140 1771 1221 [curiosus]
1804 1137 2111 1210 immergit,

541 1248 777 1306 deterret
800 1246 985 1302 dicens
1006 1242 1161 1300 Rom.
1193 1257 1249 1299 lx
1278 1258 1292 1296 :
1318 1238 1555 1305 Ohomo,
1579 1237 1696 1310 quis
1720 1252 1772 1291 es
1792 1234 1880 1306 qui
1909 1244 2116 1301 respon-

540 1337 666 1395 deas
696 1336 827 1395 Deo.

612 1424 814 1499 (ιω.)
865 1421 1166 1495 Septimum
1217 1420 1546 1494 praeceptum
1595 1434 1609 1471 :
1653 1416 1779 1471 Non
1826 1410 2113 1485 furaberis;

540 1519 769 1591 septima
796 1518 950 1590 plaga
977 1557 993 1583 ,
1022 1514 1228 1587 grando
1254 1514 1310 1569 in
1344 1511 1630 1567 fructibus.
1656 1507 1824 1563 Nemo
1850 1505 1993 1562 enim
2019 1504 2117 1558 ha-

542 1609 632 1665 bet
662 1610 919 1682 iniustum
947 1607 1156 1664 lucrum
1183 1604 1300 1661 sine
1321 1602 1470 1674 justo
1490 1601 1707 1657 damno.
1735 1594 1871 1653 Dum
1895 1592 2114 1661 iuraris,

541 1700 779 1770 acquiris
832 1707 1073 1760 vestem.
1119 1695 1325 1753 amittis
1372 1693 1531 1750 ﬁdem
1578 1691 1837 1747 :lucrum
1874 1687 2114 1752 visibile,

542 1791 795 1847 damnum
817 1787 1085 1845 invisibile
1111 1802 1128 1843 :
1152 1786 1362 1843 lucrum
1384 1787 1449 1841 de
1471 1794 1558 1839 tua
1578 1782 1841 1845 caecitate,
1864 1779 2118 1834 damnum

545 1882 613 1939 de
634 1880 844 1939 Domini
876 1880 1036 1937 nube.
1065 1878 1166 1947 Qui
1189 1877 1334 1935 enim
1359 1876 1501 1932 malo
1528 1875 1792 1932 desiderio
1821 1870 2120 1927 forinsecus

2211 682 2430 746 C(Blttm,
2460 688 2513 736 et
2544 680 2675 733 ﬁunt
2710 677 2945 733 tenebrae
2990 683 3046 731 et
3071 672 3266 745 caligo.
3314 671 3373 729 ιιι
3406 672 3612 729 decima
3664 687 3799 728 vero

2213 772 2334 827 linis
2383 780 2437 827 et
2493 770 2752 841 perfectio
2806 768 2970 823 totius
3016 767 3196 839 operis
3232 766 3572 821 ministratur
3618 779 3649 818 a
3686 760 3797 819 Do-

2211 864 2379 918 mino.
2435 860 2587 916 Sicut
2632 860 2772 915 enim
2820 858 3057 916 dicitur:
3116 854 3183 914 Et
3232 856 3491 912 Dominus
3538 857 3801 928 percussit

2211 970 2361 1008 omne
2384 953 2785 1024 primogenitum
2804 952 2864 1005 in
2894 959 3034 1005 terra
3062 946 3137 1004 1E
3141 951 3304 1023 gypti.

2284 1044 2481 1117 (locu)
2514 1044 2605 1098 Est
2633 1042 2736 1098 alia
2781 1040 3117 1097 observanda
3157 1038 3461 1096 differentia
3490 1057 3503 1094 :
3539 1036 3590 1094 in
3620 1038 3801 1111 prima

2213 1136 2358 1192 enim
2412 1134 2567 1207 plaga
2598 1150 2721 1190 cum
2751 1149 2888 1204 aqua
2920 1132 3149 1187 vertitur
3177 1132 3229 1186 in
3278 1131 3618 1203 sanguinem,
3662 1146 3806 1185 non-

2213 1228 2340 1286 dum
2365 1230 2562 1285 dicitur
2610 1228 2739 1283 Mosi
2775 1238 2832 1283 ut
2876 1228 3099 1283 intraret
3130 1228 3195 1283 ad
3238 1226 3623 1293 Pharaonem,
3683 1226 3801 1293 sed,

2214 1323 2345 1378 uade
2370 1324 2426 1378 in
2453 1339 2725 1377 occursum
2766 1322 2901 1392 ejus,
2934 1330 3041 1376 etc.
3094 1318 3151 1376 in
3197 1321 3432 1377 secunda
3478 1336 3624 1386 vero,
3667 1335 3804 1375 cou-

2216 1422 2421 1470 stauter
2476 1423 2533 1469 et
2585 1414 2813 1469 ﬁdeliter
2864 1412 3170 1468 ministrata
3231 1411 3430 1485 prima,
3485 1410 3688 1467 dicitur
3738 1410 3807 1468 ad

2214 1522 2337 1561 eum
2362 1523 2375 1559 :
2417 1503 2567 1559 Intra
2593 1505 2664 1559 ad
2696 1504 3044 1565 Pharaonem,
3076 1514 3181 1559 etc.
3208 1503 3265 1558 In
3294 1504 3450 1558 tertia
3481 1518 3610 1557 vero
3634 1501 3808 1559 scini-

2215 1597 2349 1669 phes
2378 1596 2710 1663 inferuntvr,
2739 1597 2877 1669 magi
2909 1596 3107 1652 cedunt
3131 1596 3472 1661 conﬁtentes,
3511 1595 3637 1667 quia
3670 1596 3809 1665 digi-

2178 1748 2187 1755 ,
2218 1698 2301 1744 tua
2328 1686 2424 1743 Dei
2453 1698 2527 1743 est
2565 1689 2668 1743 hic.
2715 1687 2773 1743 ln
2806 1697 2995 1758 quarta
3032 1703 3160 1743 vero
3197 1682 3422 1758 vigilare
3446 1684 3668 1756 iubetur
3700 1684 3811 1743 Mo-

2219 1796 2307 1836 ses
2334 1796 2513 1845 mane,
2547 1789 2601 1835 et
2628 1793 2773 1836 stare
2812 1789 3000 1835 contra
3040 1780 3381 1835 Pharaonem
3424 1781 3811 1851 procedentem

2219 1866 2285 1922 ad
2308 1884 2499 1938 aquas,
2537 1884 2658 1925 cum
2687 1868 2969 1942 cynomyia
2998 1869 3275 1940 replentur
3309 1867 3692 1941 Egyptiorum
3719 1871 3812 1924 do-

546 1973 818 2039 furautur,
840 1969 1119 2040 dejudicio
1141 1969 1465 2024 intrinsecus
1482 1966 1894 2038 grandinantur,
1916 1972 1971 2019 et
1990 1976 2120 2043 ager
2148 1950 2193 2014 Β
2221 1974 2361 2014 mus.
2401 1956 2459 2014 in
2496 1958 2682 2031 quinta
2710 1975 2830 2014 cum
2856 1975 3051 2031 pecora
3074 1959 3342 2026 delentur,
3374 1960 3441 2015 ad
3467 1957 3811 2015 Pharaonem

547 2063 727 2121 cordis
749 2077 935 2119 eorum
963 2062 1289 2117 devastatur.

626 2153 788 2211 Vsus.
822 2152 918 2218 16,
947 2151 1032 2209 l7.
1076 2150 1313 2207 -Idcirco
1337 2160 1510 2205 autem
1522 2147 1672 2219 posui
1700 2157 1768 2212 te,
1794 2154 1898 2203 etc.
1927 2144 2083 2218 (Atto.
2103 2184 2118 2209 ,

545 2253 731 2316 quast.
755 2242 872 2317 δε.)
900 2240 1027 2301 Haec
1056 2241 1223 2297 verba
1247 2239 1536 2312 Apostolus
1568 2237 1768 2309 posuit,
1797 2245 1928 2303 etc.,
1958 2251 2121 2308 usque

546 2336 616 2393 ad
641 2337 708 2393 ad
734 2350 921 2392 eorum
952 2333 1238 2389 utilitatem
1266 2348 1395 2403 ergo
1416 2330 1627 2387 Pharao
1654 2338 1736 2384 est
1758 2337 2022 2385 servatus.

618 2426 786 2485 Vsus.
831 2427 917 2482 i8.
950 2456 1020 2467 —
1046 2424 1131 2481 En
1156 2423 1337 2498 pluam
1374 2439 1509 2489 cras,
1544 2432 1647 2479 etc.
1678 2420 1878 2494 (Ontc.)
1919 2418 2123 2475 ilucus-

545 2531 651 2590 que
697 2532 793 2589 per
832 2532 1079 2573 errorum
1124 2531 1341 2572 suorum
1382 2515 1583 2585 ﬁguras
1620 2514 1819 2569 mundo
1859 2510 2119 2583 supplicia

548 2615 920 2679 temperantur
948 2625 961 2662 :
1000 2615 1123 2681 post
1158 2606 1276 2663 hac
1304 2607 1525 2661 veniunt
1567 2605 1791 2659 verbera
1828 2603 1893 2659 de
1924 2616 2107 2675 super-

546 2713 651 2753 IIIS.

612 2778 778 2844 Vsus.
811 2782 987 2842 19-21.
1019 2817 1088 2828 —
1111 2785 1263 2842 Mitte
1294 2802 1414 2857 ergo
1441 2787 1555 2857 jam
1592 2798 1763 2849 nunc,
1788 2790 1894 2838 etc.
1933 2780 2116 2856 (Auc.,

543 2886 730 2951 quast.
760 2870 829 2933 55
864 2878 920 2932 in
959 2870 1159 2943 (£304.,
1206 2885 1340 2931 tom.
1371 2872 1484 2949 ill.)
1526 2874 1639 2931 Hoc
1674 2889 1778 2930 non
1821 2884 1931 2930 tam
1986 2872 2120 2929 iudi-

543 2978 774 3041 gnanter
836 2983 998 3039 quam
1052 2962 1477 3023 misericorditer
1518 2980 1851 3036 praemonere
1907 2963 2119 3018 videtur

543 3058 728 3124 Deus,
776 3067 881 3115 etc.
907 3099 923 3123 ,
969 3074 1131 3130 usque
1173 3059 1241 3112 ad
1284 3059 1540 3128 quoniam
1587 3065 1817 3112 mortem
1858 3071 2117 3126 pecorum

542 3148 778 3205 minatus
809 3156 892 3205 est
920 3148 1081 3215 Deus,
1109 3152 1358 3219 quamvis
1388 3149 1440 3205 id
1468 3147 1752 3220 Scriptura
1778 3147 2027 3203 tacuerit.

614 3240 892 3313 (Pnocor.)
929 3240 1196 3297 Caeterum
1224 3240 1561 3311 providentia
1591 3241 1772 3295 divina
1800 3238 2005 3295 factum
2030 3247 2115 3294 est

545 3347 611 3389 ne
653 3331 895 3402 iumenta
932 3332 1217 3388 interirent
1263 3332 1466 3389 omnia.
1518 3330 1653 3387 Nam
1698 3345 1834 3403 opus
1874 3338 1993 3387 erat
2028 3329 2114 3402 ju-

545 3425 740 3482 meatis
758 3432 877 3495 qua:
904 3425 1182 3481 traherent
1207 3438 1400 3481 currus
1427 3424 1623 3496 quibus
1643 3422 1854 3480 Pharao
1882 3431 2119 3494 postmo-

543 3517 669 3572 dum
700 3518 1042 3573 insecuturos
1066 3524 1185 3573 erat
1214 3514 1501 3590 fugientes,
1538 3526 1598 3572 ut
1625 3531 1719 3573 eos
1750 3514 1805 3571 in
1832 3512 2119 3571 solitudine

545 3610 857 3667 trucidaret.
891 3610 1093 3667 Verum
1139 3610 1319 3667 divina
1366 3608 1702 3683 providentia
1748 3606 1907 3665 aliter
1945 3614 2118 3664 totum

488 3740 494 3747 .
550 3705 868 3776 gubernavit
895 3705 1188 3778 negotium.

614 3794 777 3852 Vsus.
806 3794 897 3851 22.
930 3826 998 3837 —-
1024 3794 1260 3851 Extende
1298 3810 1534 3863 manum,
1564 3804 1669 3851 etc.
1701 3793 1987 3866 (Pnocor.)
2013 3788 2120 3848 Ad-

546 3887 851 3941 monendus
888 3887 1101 3944 esthoc
1129 3886 1249 3942 loco
1290 3885 1460 3941 lector
1491 3928 1505 3949 ,
1554 3884 1756 3942 Mosem
1798 3901 1902 3940 non
1941 3881 2122 3955 iuberi

548 3979 729 4035 omnia
760 3978 1007 4034 miranda
1037 3979 1218 4035 facere
1246 3976 1415 4049 virga,
1461 3979 1553 4033 sed
1583 3977 1771 4034 saltem
1815 3977 2060 4049 quaedam
2104 3992 2116 4030 :

546 4069 793 4139 quaedam
815 4082 1029 4141 quoque
1050 4069 1368 4140 praedicere,
1391 4078 1451 4123 ut
1472 4069 1672 4125 culices
1687 4078 1739 4124 et
1752 4066 2120 4136 iumentorum

550 4158 826 4214 interitum
879 4176 892 4213 :
941 4158 1186 4229 quaedam
1220 4168 1475 4213 manuum
1503 4157 1803 4213 ministerio
1842 4171 2119 4229 peragere,

543 4256 605 4307 ut
648 4252 773 4306 dum
816 4250 1013 4322 accipit
1050 4249 1324 4323 fuliginem
1367 4251 1434 4307 de
1471 4250 1683 4306 camino
1716 4258 1770 4305 et
1804 4249 2121 4320 grandinem

549 4341 802 4396 concitat.
858 4341 967 4396 Sed
1014 4355 1133 4411 qua:
1184 4340 1375 4397 horum
1420 4348 1504 4396 est
1552 4341 1749 4396 causa?
1806 4338 1885 4396 Ne
1933 4338 2123 4411 vulgus

552 4430 802 4502 opinetur
821 4432 1028 4501 magica
1051 4431 1432 4503 superstitione
1454 4431 1658 4503 virgam
1680 4446 1801 4487 esse
1822 4430 2042 4495 factam,
2069 4437 2124 4483 et

554 4522 655 4592 ipsi
680 4522 937 4578 miriﬁcos
968 4523 1086 4580 illos
1114 4523 1336 4581 etfcctus
1365 4524 1725 4601 assignarent.

628 4612 787 4668 Vens.
819 4612 1010 4668 25-29.
1039 4640 1112 4656 —-
1137 4613 1481 4689 Extenditque
1525 4612 1728 4685 Moyses
1764 4614 1983 4685 virgam,
2016 4620 2120 4669 etc.

554 4699 760 4773 (Otum,
808 4702 896 4756 ubi
945 4704 1145 4775 supra.)
1192 4704 1323 4759 Illud
1367 4720 1581 4775 quoque
1601 4704 1928 4771 notandum,
1981 4705 2125 4774 quod

552 4792 795 4861 quaedam
827 4794 1051 4850 verbera
1080 4794 1277 4851 inferre
1303 4796 1503 4852 dicitur
1527 4796 1709 4852 Aaron
1731 4794 1999 4852 Pharaoni
2041 4796 2126 4853 vel

549 4880 809 4954 Algypto,
844 4883 1087 4955 quaedam
1118 4883 1312 4951 Moses,
1345 4884 1590 4956 quaedam
1616 4900 1748 4940 vero
1788 4884 1901 4955 ipse
1946 4885 2126 4941 Domi-

548 4992 669 5035 uus.
699 4976 753 5032 In
781 4976 953 5049 prima
984 4978 1125 5033 enim
1158 4978 1334 5050 plaga,
1383 4979 1476 5037 ulti
1503 4994 1670 5051 aquas
1709 4979 1872 5033 vertit
1920 4978 1972 5032 in
2002 4992 2125 5033 sau-

549 5068 789 5139 guinem,
826 5068 1002 5124 elevat
1025 5068 1205 5125 Aaron
1234 5071 1438 5141 virgam
1462 5080 1511 5126 et
1546 5070 1780 5141 percutit
1807 5082 2020 5139 aquam.
2066 5070 2121 5124 in

548 5164 786 5219 secunda
816 5164 1051 5235 percutit
1078 5180 1245 5237 aquas
1271 5176 1326 5221 et
1345 5166 1526 5223 educit
1547 5181 1726 5220 ranas.
1762 5162 1819 5219 ln
1847 5166 2004 5220 tertia
2034 5178 2125 5218 ex-

550 5254 722 5310 tendit
774 5270 989 5311 manum
1018 5263 1074 5311 et
1120 5257 1349 5327 percutit
1377 5258 1526 5326 virga
1577 5253 1850 5325 pulverem
1884 5264 2043 5310 terra:
2070 5260 2127 5308 et

550 5345 686 5401 ﬁunt
709 5344 998 5417 sciniphes.
1020 5345 1078 5402 ln
1100 5356 1293 5418 quarta
1312 5345 1513 5401 dicitur
1535 5346 1793 5401 Dominus
1820 5346 2031 5413 fecisse,
2068 5352 2126 5399 ut

548 5438 757 5495 veniret
770 5441 1073 5514 cynomyia.
1096 5440 1151 5496 ln
1166 5442 1352 5512 quinta
1386 5455 1599 5511 quoque
1628 5457 1748 5496 cum
1771 5444 2124 5514 exstinguun-

550 5538 641 5586 tur
660 5544 877 5603 pecora,
903 5534 1104 5589 dicitur
1128 5531 1320 5588 fecisse
1343 5530 1566 5589 verbum
1592 5535 1712 5591 hoc.
1741 5534 1796 5589 ln
1822 5543 1970 5590 sexta
2002 5550 2126 5590 vero

536 5622 728 5682 .Moses
752 5626 989 5697 aspergit
1013 5624 1271 5691 favillam,
1297 5632 1351 5680 et
1377 5625 1509 5680 ﬁunt
1542 5626 1717 5681 ulcera
1748 5634 1803 5681 et
1826 5627 2038 5681 vesicte.
2070 5626 2124 5680 in

553 5717 781 5786 septima
809 5716 983 5772 elevat
1023 5732 1241 5772 manum
1290 5718 1345 5772 in
1379 5717 1575 5773 omium
1603 5730 1659 5772 et
1694 5717 1829 5772 ﬁunt
1865 5732 2023 5772 voces
2074 5724 2128 5773 et

552 5808 756 5878 grando
777 5808 1006 5875 scilicet,
1027 5818 1133 5865 etc.
1166 5809 1220 5862 in
1250 5818 1443 5864 octava
1471 5809 1717 5864 similiter
1745 5808 1987 5864 extendit
2015 5825 2129 5864 rna-

557 5914 656 5955 nus
686 5900 740 5955 in
785 5898 1016 5965 ctelum,
1065 5908 1118 5953 et
1152 5898 1413 5956 Dominus
1440 5901 1646 5955 inducit
1680 5910 1920 5969 ventum,
1950 5910 2005 5958 et
2029 5902 2125 5957 ad-

2226 2048 2433 2105 intrare
2463 2046 2701 2119 iubetur.
2755 2048 2811 2105 In
2842 2057 2991 2106 sexta
3022 2060 3389 2107 contemnitur
3422 2050 3654 2117 Pharao,
3715 2065 3813 2107 uec

2225 2142 2422 2197 (lltllill‘
2466 2143 2606 2212 quod
2646 2142 2969 2198 intraverint
3002 2140 3176 2198 Moses
3220 2152 3277 2198 et
3322 2142 3502 2198 Aaron
3546 2142 3612 2196 ad
3662 2158 3812 2211 eum,

2224 2234 2350 2306 quia
2378 2233 2519 2290 facta
2559 2242 2686 2289 sunt
2708 2232 2891 2289 ulcera
2933 2242 2987 2289 et
3029 2234 3219 2289 vesicte
3245 2249 3364 2288 cum
3405 2232 3617 2291 fervore
3644 2232 3811 2287 etiam

2225 2341 2385 2398 super
2413 2325 2689 2381 maleﬁcos
2714 2365 2727 2387 ,
2769 2333 2825 2379 et
2853 2340 2957 2380 non
2990 2330 3241 2394 poterant
3275 2322 3525 2378 resistere
3559 2314 3719 2377 Mosi.
3756 2318 3812 2377 in

2223 2417 2457 2489 septima
2477 2416 2702 2489 vigilare
2723 2414 2947 2488 iubetur
2974 2412 3131 2472 valde
3156 2430 3312 2471 mane
3329 2456 3345 2483 ,
3372 2424 3427 2471 et
3449 2425 3595 2471 stare
3617 2424 3811 2472 contra

2221 2507 2560 2564 Pharaonem
2583 2549 2600 2575 ,
2648 2524 2770 2564 cum
2817 2504 3134 2580 grandinem
3170 2514 3225 2564 et
3253 2509 3431 2582 ignem
3460 2508 3715 2580 producit
3762 2518 3813 2565 et

2222 2614 2403 2654 voces.
2439 2598 2495 2653 ln
2518 2606 2708 2654 octava
2740 2599 2944 2653 intrare
2971 2598 3281 2669 praecipitur
3307 2599 3376 2653 ad
3412 2613 3535 2653 eum
3571 2614 3701 2654 cum
3732 2598 3808 2652 lo-

2221 2700 2374 2748 custa
2403 2688 2736 2763 producitur.
2782 2688 2841 2746 in
2880 2706 3019 2746 nona
3052 2706 3239 2746 rursus
3268 2691 3633 2747 contemnitur
3660 2690 3808 2748 Pha-

2222 2801 2340 2850 rao,
2370 2793 2424 2840 et
2449 2782 2578 2840 Mosi
2603 2782 2824 2856 [Moses]
2851 2783 3161 2853 praecipitur
3195 2783 3260 2838 ad
3293 2782 3487 2839 corium
3511 2782 3811 2838 extendere

2221 2891 2431 2940 manus,
2466 2883 2526 2930 ut
2550 2874 2683 2931 ﬁant
2725 2875 2959 2930 tenebrae
2984 2873 3319 2945 palpabiles:
3357 2888 3460 2928 uec
3487 2874 3675 2937 intrat,
3715 2873 3809 2927 sed

2221 2976 2446 3024 vocatur
2488 2967 2557 3023 ad
2607 2967 2966 3023 Pharaonem.
3015 2964 3277 3021 Similiter
3317 2964 3372 3020 in
3413 2964 3649 3030 decima,
3682 2980 3808 3020 cum

2218 3060 2495 3132 pritnitiva
2520 3058 2787 3126 delentur,
2819 3066 2876 3114 et
2898 3057 3112 3129 cogitur
3131 3071 3255 3114 cum
3280 3055 3631 3113 festinatione
3654 3057 3810 3113 exitu

2220 3150 2288 3207 de
2313 3149 2569 3223 Egypto.

2294 3243 2360 3299 Et
2390 3243 2646 3299 Dominus
2688 3243 2829 3297 dedit
2872 3242 3128 3307 tonitrua,
3180 3250 3287 3297 etc.
3335 3240 3461 3313 (19.,
3489 3239 3701 3307 homil.,
3729 3240 3809 3313 ι.)

2222 3337 2354 3394 Vide
2376 3343 2859 3406 temperamentum
2878 3334 3073 3390 divinae
3100 3333 3494 3390 correctionis:
3538 3346 3651 3389 non
3681 3349 3810 3390 cum

2219 3429 2432 3489 silentio
2467 3429 2739 3493 verberat,
2767 3426 2863 3483 sed
2898 3427 2992 3483 dat
3026 3441 3208 3492 voces,
3235 3433 3291 3482 et
3317 3425 3622 3481 doctrinam
3649 3426 3807 3483 cali-

2221 3530 2309 3579 tus
2340 3520 2526 3586 mittit,
2574 3535 2673 3590 per
2698 3533 2862 3589 quam
2910 3517 3081 3589 possit
3108 3516 3343 3573 mundus
3368 3517 3669 3587 castigatus
3695 3517 3810 3573 cul-

2219 3628 2341 3684 pam
2372 3626 2526 3669 suam
2558 3625 2869 3682 agnoscere.
2910 3610 3011 3665 Dat
3038 3608 3358 3679 grandinem
3384 3622 3483 3679 per
3513 3623 3679 3679 quam
3726 3618 3806 3665 te-

2223 3722 2353 3763 nera
2391 3715 2675 3762 vastantur
2721 3705 2897 3759 adhuc
2930 3701 3207 3757 nascentia
3257 3700 3531 3757 vitiorum.
3598 3700 3724 3755 Dat‘
3758 3711 3811 3757 et

2224 3802 2425 3870 ignem,
2449 3799 2627 3854 sciens
2662 3812 2783 3853 esse
2821 3797 3006 3866 spinas
3044 3802 3098 3849 et
3122 3792 3351 3849 tribulos
3398 3808 3535 3865 quos
3577 3793 3811 3849 debebat

2224 3889 2460 3961 depasci,
2505 3889 2573 3944 de
2620 3903 2728 3958 quo
2780 3887 2910 3943 dicit
2954 3885 3213 3941 Dominus
3255 3883 3386 3940 Luc.
3447 3900 3567 3940 xu:
3623 3883 3810 3955 Ignem

2223 3984 2336 4041 ueni
2365 3984 2567 4039 mittere
2594 3982 2649 4035 in
2675 3990 2816 4035 terra
2838 3977 2988 4050 (Luc.
3016 3977 3137 4049 xu).
3194 3975 3298 4033 Per
3324 3977 3468 4033 hunc
3513 3976 3695 4048 ignem
3722 3976 3806 4029 in-

2227 4074 2437 4128 centiva
2467 4071 2757 4142 voluptatis
2787 4078 2837 4124 et
2874 4068 3111 4125 libidinis
3133 4074 3545 4123 consumuntur.

2295 4161 2492 4235 (ιοειι.)
2527 4159 2665 4217 Sunt
2689 4159 2793 4216 alia
2822 4158 2989 4213 multa
3017 4157 3376 4221 observanda,
3412 4157 3467 4212 in
3493 4155 3691 4225 quibus
3730 4156 3809 4211 di.

2224 4256 2348 4311 vina
2374 4253 2646 4310 indicatur
2693 4248 2973 4320 sapientia.
3019 4247 3204 4305 Primo
3235 4248 3379 4305 enim
3416 4262 3523 4303 non
3574 4245 3812 4302 ﬂectitur

2224 4345 2434 4403 Pharao
2461 4360 2584 4401 cum
2611 4357 2748 4414 aqua
2776 4343 2828 4397 in
2861 4341 3175 4411 sanguinem
3197 4341 3444 4397 vertitur.
3484 4337 3543 4394 in
3569 4339 3811 4394 secundo

2223 4455 2415 4513 parum
2470 4436 2669 4505 molliri
2718 4436 2977 4491 videtur:
3049 4431 3260 4488 Voearit
3303 4433 3439 4487 enim
3485 4430 3722 4501 Hoysem
3762 4441 3809 4486 et

2223 4531 2425 4595 Aaron,
2452 4529 2630 4584 dicens
2650 4541 2670 4582 ἰ
2715 4525 2875 4583 Orate
2898 4542 2993 4597 pro
3035 4542 3116 4579 me
3140 4524 3445 4587 Dominum,
3473 4530 3580 4579 etc.
3614 4522 3673 4577 In
3699 4532 3809 4577 ter-

2229 4623 2304 4678 tio
2332 4621 2471 4693 magi
2502 4619 2719 4685 cedunt,
2758 4620 3032 4675 dicentes:
3082 4616 3289 4688 Digitus
3319 4615 3413 4670 Dei
3442 4626 3513 4671 est
3547 4616 3656 4679 hic,
3699 4625 3807 4670 etc.

2228 4712 2287 4767 In
2312 4719 2507 4782 quarto
2532 4726 2628 4781 per
2653 4708 2991 4781 cynomyiam
3016 4706 3353 4768 verberatus,
3400 4705 3571 4761 dicit:
3613 4704 3809 4759 Euntes

2228 4800 2493 4856 immolate
2514 4788 2738 4855 Domino
2768 4797 2898 4863 Deo,
2920 4806 3025 4853 etc.
3069 4796 3126 4851 lu
3152 4796 3366 4867 quinto,
3408 4796 3496 4851 ubi
3523 4811 3685 4851 neces
3716 4812 3808 4865 pe-

2227 4891 2422 4946 cudum
2450 4905 2568 4944 esse
2591 4889 2844 4943 dicuntur
2863 4927 2878 4952 ,
2930 4903 3035 4943 non
3062 4888 3223 4950 cedit,
3267 4887 3363 4942 sed
3396 4886 3628 4957 amplius
3656 4887 3810 4941 indm

2229 4984 2386 5037 ravit.
2424 4980 2683 5035 Similiter
2709 4980 2761 5033 in
2792 4987 2947 5034 sexto
2973 4994 3134 5048 super
3158 4978 3310 5049 plaga
3334 4979 3594 5035 ulcerum.
3640 4979 3699 5033 in
3728 4996 3807 5033 se-

2224 5078 2394 5148 ptimo
2431 5092 2578 5141 vero,
2605 5088 2727 5131 cum
2757 5072 3016 5143 grandine
3044 5082 3286 5128 vastatur
3304 5083 3359 5128 et
3387 5072 3620 5145 ignibus,
3659 5090 3808 5127 rora-

2228 5169 2296 5223 vit
2324 5166 2538 5237 Moysen
2587 5177 2634 5221 et
2680 5167 2874 5229 Aaron,
2931 5158 3416 5219 dicens:.Pert-aui
3460 5166 3613 5219 etiam
3646 5182 3802 5229 nunc,

2234 5260 2483 5314 Dominus
2520 5260 2722 5330 justus,
2757 5276 2851 5329 ego
2873 5269 3042 5313 autem
3068 5269 3113 5312 et
3142 5258 3319 5329 populi
3347 5260 3447 5312 mei
3468 5258 3655 5328 iniqui,
3697 5268 3803 5314 etc.

2232 5350 2287 5405 In
2317 5360 2511 5405 octavo
2533 5364 2654 5405 eum
2680 5348 2904 5407 locustis
2928 5358 3225 5419 urgeretur,
3260 5348 3574 5406 festinanter
3600 5351 3808 5405 vocavit

2236 5440 2414 5495 Mosen
2437 5449 2491 5494 et
2509 5444 2687 5496 Aaron
2710 5443 2893 5495 dicens
2917 5458 2930 5493 ε
2960 5437 3178 5495 Peccavi
3200 5450 3321 5496 ante
3341 5441 3617 5496 Dominum
3642 5440 3805 5495 Deum

2236 5542 2453 5585 vestrum
2478 5543 2525 5586 et
2556 5532 2610 5586 in
2643 5548 2750 5586 vos.
2801 5531 3061 5601 Suscipite
3105 5540 3369 5603 peccatum
3418 5542 3611 5597 meum,
3650 5532 3805 5586 etiam

2237 5640 2372 5678 nunc
2389 5636 2531 5679 orate
2554 5625 2623 5679 ad
2651 5622 2925 5679 Dominum
2946 5622 3112 5678 Deum
3134 5633 3373 5678 vestrum.
3404 5616 3460 5676 in
3487 5634 3651 5689 nouo,
3685 5638 3804 5677 cum

2236 5717 2470 5771 tenebris
2500 5714 2843 5779 suﬁ'nnttitur,
2886 5724 3043 5769 vocat
3073 5712 3251 5768 Mosen
3280 5722 3335 5768 et
3354 5712 3554 5779 Aaron,
3581 5712 3802 5768 dicens:

2236 5810 2316 5863 Ite
2362 5819 2409 5863 et
2435 5810 2616 5862 servire
2646 5808 2870 5862 Domino
2902 5806 3007 5862 Deo
3046 5816 3226 5861 vestro.
3282 5805 3340 5862 In
3393 5797 3635 5872 decimo,
3685 5820 3803 5861 cum

2235 5901 2503 5975 primitiva
2549 5901 2984 5971 exstinguuntur,
3036 5908 3191 5955 vocat
3220 5916 3314 5957 eos
3363 5906 3516 5957 nocte
3548 5908 3601 5956 et
3630 5898 3803 5957 dicit:
