3998 6332
253 440 364 499 213

1275 444 1538 501 GLOSSA
1578 441 1971 499 ORDINARIA.
2019 474 2080 482 —-
2116 442 2243 498 Llll.
2284 444 2488 501 EXOD.

3409 446 3512 503 (ΞΗ

249 556 486 629 Surgite,
521 559 659 615 exite
678 560 742 615 de
785 558 975 631 populo
1004 576 1138 627 meo,
1178 577 1265 614 vos
1306 570 1352 614 et
1383 559 1480 629 lilii
1510 558 1702 625 Israel,
1734 566 1839 611 etc.
1950 558 2048 611 bus
2077 557 2229 614 bellis
2264 561 2481 631 propria
2513 561 2719 617 viscera
2755 569 2811 617 et
2849 562 3157 633 sdjumenta
3186 562 3513 633 reipublicm,

249 651 322 707 Et
356 650 644 724 sdungit:
700 652 998 711 Bmdicite
1027 664 1201 708 autem
1232 664 1279 708 et
1312 670 1412 709 me.
1463 652 1583 709 Non
1616 660 1840 724 possunt

246 742 369 799 haec
411 742 671 813 explicari
723 745 828 799 nisi
872 745 1063 800 eodem
1112 742 1303 815 spiritu
1351 758 1459 815 quo
1488 752 1641 816 gestu
1689 752 1838 810 sunt,

244 835 404 906 quia,
463 834 766 892 secundum
818 836 1137 907 Apostolum
1188 836 1241 907 (Ι
1286 830 1411 892 Cor.
1449 842 1584 907 xu),
1617 836 1840 907 spiritus

246 931 638 1001 prophetarum
661 930 943 1001 prophetis
970 929 1250 999 subjectus
1278 939 1398 996 est;
1436 945 1543 985 non
1567 944 1699 999 ergo
1720 928 1839 999 qui-

246 1021 570 1090 buscunque
605 1020 673 1073 ad
706 1019 1102 1090 explanandum
1124 1020 1267 1076 dicta
1296 1021 1703 1091 prophetarum,
1739 1020 1835 1077 sed

246 1110 533 1180 prophetis
552 1110 805 1165 dicuntur
831 1126 952 1167 esse
975 1109 1235 1179 subjecta.

322 1201 488 1256 Vens.
537 1199 722 1256 50-35.
752 1230 825 1241 -—
861 1199 1001 1256 Novi
1044 1212 1219 1257 autem
1266 1203 1425 1272 quod,
1478 1211 1586 1259 etc.
1646 1201 1831 1276 (Aus.,

244 1300 435 1362 quiest.
467 1291 538 1346 35
574 1291 630 1347 in
659 1290 857 1362 Exod.)
886 1292 960 1347 De
981 1291 1193 1363 fragore
1216 1294 1338 1351 caeli
1366 1303 1422 1350 et
1448 1295 1709 1366 grandine
1737 1309 1833 1353 ex-

244 1383 480 1439 territus
509 1390 626 1438 erat
648 1383 876 1440 Pharao.
926 1383 1077 1441 Unde
1108 1384 1334 1456 rogabat
1361 1385 1543 1443 Mosen
1570 1394 1629 1443 ut
1648 1397 1833 1444 oraret

242 1489 347 1545 pro
370 1488 456 1538 eo,
495 1475 758 1531 confitens
807 1476 1147 1547 iniquitatem
1192 1494 1343 1533 suam
1392 1489 1448 1533 et
1492 1478 1672 1549 populi
1722 1480 1827 1535 sui.

246 1564 356 1619 Sed
388 1563 563 1620 loses
596 1565 761 1621 alium
808 1565 1056 1622 timorem
1102 1567 1398 1637 quaerebat.
1455 1568 1635 1625 Facile
1683 1569 1829 1625 enim

242 1665 329 1709 est
352 1671 571 1726 pumam
614 1658 842 1712 timere:
891 1658 986 1714 sed
1022 1666 1236 1713 nonest
1262 1659 1365 1714 hoc
1411 1658 1581 1715 Deum
1617 1659 1826 1728 timere,

244 1747 339 1801 illo
360 1748 569 1804 scilicet
594 1749 811 1820 pietatis
841 1749 1056 1817 timore,
1085 1749 1153 1805 de
1179 1766 1287 1821 quo
1306 1750 1471 1807 Jacob
1503 1752 1632 1809 dicit
1658 1771 1671 1809 :
1706 1751 1829 1809 Nisi

241 1839 389 1895 Deus
433 1842 601 1912 patris
634 1843 733 1897 usei
764 1840 1049 1908 Abraham,
1088 1852 1135 1898 et
1172 1843 1330 1897 timor
1366 1843 1527 1899 Isaac
1573 1845 1828 1916 adfuisset

240 1931 394 1996 mihi,
420 1948 559 1988 nunc
585 1948 666 1988 uta
688 1933 899 1988 inanem
938 1933 1226 1990 dimisisses
1251 1931 1406 2006 (Ges.
1433 1934 1607 2008 XXXI).

862 2068 1091 2128 CAPUT
1132 2071 1197 2127 X.

318 2200 479 2257 Vsus.
518 2200 618 2257 1-5
640 2231 713 2243 -—
844 2200 957 2273 Ego
996 2205 1133 2257 enim
1161 2202 1407 2259 indutui
1427 2221 1519 2259 cor
1544 2203 1681 2276 ejus,
1711 2212 1819 2265 etc.

237 2290 428 2364 (Acen,
476 2300 662 2363 quiest.
712 2290 781 2346 36
808 2291 863 2347 in
892 2289 1093 2362 Exod.)
1124 2290 1247 2349 Haec
1278 2307 1381 2347 non
1413 2294 1487 2348 ita
1529 2294 1665 2349 dixit
1705 2301 1824 2349 tan-

235 2399 403 2453 quam
430 2398 568 2455 opus
604 2383 799 2439 habeat
843 2384 983 2439 Deus
1012 2382 1326 2455 cujusquam
1356 2385 1583 2450 malitia,
1613 2386 1707 2442 sed
1743 2386 1821 2443 sic

235 2474 649 2547 intelligendum
687 2482 770 2531 est
797 2490 862 2531 ac
887 2476 931 2530 si
971 2476 1212 2531 diceret:
1242 2475 1354 2546 Ego
1378 2478 1590 2547 patiens
1614 2476 1689 2533 fui
1731 2492 1817 2533 su-

220 2582 333 2638 ,per
360 2582 485 2623 eum
512 2578 567 2622 et
593 2582 780 2625 servos
805 2568 942 2639 ejus,
973 2576 1033 2624 ut
1060 2584 1164 2623 non
1206 2583 1301 2623 eos
1326 2569 1615 2635 auferrem,
1643 2579 1701 2624 ut
1731 2586 1819 2628 ore

233 2657 361 2713 dine
384 2658 771 2729 superveniunt
813 2659 965 2731 signa
995 2674 1113 2714 mea
1144 2676 1309 2733 super
1342 2677 1471 2728 eos;
1520 2662 1647 2732 quia
1672 2663 1817 2719 enim

231 2750 493 2821 patientia
534 2749 627 2805 Dei
653 2749 978 2806 obstinatior
1017 2751 1178 2806 fiebat
1220 2752 1394 2809 malus
1438 2753 1669 2820 animus,
1719 2768 1818 2824 pro

231 2854 299 2894 eo
325 2842 469 2911 quod
497 2841 709 2911 patiens
734 2841 788 2897 in
818 2855 883 2897 eo
902 2839 1001 2905 fui,
1030 2842 1246 2908 dicitur,
1280 2844 1543 2914 ingravavi
1564 2861 1656 2899 cor
1680 2846 1814 2915 ejus.

228 2932 412 3008 Plagae
456 2933 830 3008 AEIgvptiorum
865 2936 1098 2993 eruditio
1130 2945 1209 2993 est
1243 2936 1473 2993 filiorum
1517 2936 1701 3004 Israel,
1748 2953 1818 2994 ne

229 3026 482 3081 similiter
524 3027 875 3095 indurentur,
905 3038 961 3083 et
1001 3029 1195 3085 similia
1247 3030 1540 3102 patiantur.
1595 3029 1817 3087 Multam

228 3115 519 3185 pestilenta
548 3117 845 3189 sapientior
872 3120 977 3177 erit
1005 3120 1283 3192 parvulus.

302 3209 511 3282 (οης.)
538 3209 771 3269 Possunt
796 3214 980 3271 decem
1004 3214 1174 3287 plaga:
1201 3215 1397 3287 quibus
1418 3214 1688 3290 Egyptus
1714 3232 1815 3289 per

226 3300 502 3361 Israelitas
540 3307 877 3372 verberatur,
911 3305 1137 3362 Romani
1167 3309 1317 3380 regni
1344 3310 1647 3380 comparari
1682 3318 1815 3365 tem-

225 3399 474 3470 poribus,
527 3401 653 3470 quia
684 3401 799 3459 haec
833 3401 886 3456 in
911 3390 1082 3474 figura
1127 3406 1295 3459 nostri
1318 3402 1459 3459 facta
1484 3413 1629 3461 sunt.
1659 3403 1817 3461 Chri-

226 3489 439 3545 stianus
486 3499 541 3546 et
580 3490 906 3547 lsraeliticus
952 3492 1182 3564 populus
1230 3494 1389 3551 unius
1436 3494 1532 3551 Dei
1560 3505 1667 3562 est,
1710 3511 1815 3552 una

226 3583 519 3654 utriusque
561 3599 723 3640 causa
752 3585 965 3640 subdita
1008 3585 1148 3652 fuit,
1197 3586 1480 3660 Synagoga
1526 3587 1817 3661 Aigyptiis,

226 3674 473 3732 Ecclesia
500 3676 774 3734 Romanis.
802 3677 1077 3734 Persecuti
1098 3688 1225 3735 sunt
1252 3679 1516 3753 Egyptii,
1544 3684 1814 3752 persecuti

226 3776 356 3823 sunt
385 3776 439 3823 ct
469 3767 716 3825 Romani.
763 3768 838 3825 ibi
864 3771 1044 3826 decies
1089 3772 1481 3828 contradicitur
1528 3771 1681 3839 Mosi,
1729 3773 1817 3829 hic

225 3861 418 3916 decem
448 3861 621 3918 edicta
664 3870 853 3918 contra
897 3858 1194 3919 C'tristum.
1240 3862 1478 3921 Diversae
1522 3865 1594 3921 ibi
1648 3864 1816 3937 plagae

224 3951 634 4026 Egyptiorum,
674 3956 903 4012 diversa:
941 3956 1028 4012 hic
1064 3956 1399 4015 calamitates
1426 3957 1811 4016 Romanorum.

224 4044 306 4101 lbi
340 4047 577 4118 primum
603 4048 821 4119 sanguis
858 4048 923 4103 de
963 4048 1139 4119 puteis
1176 4058 1232 4105 et
1258 4047 1568 4106 fluminibus
1611 4058 1813 4115 manat,

225 4139 319 4196 hic
352 4139 527 4211 prima
567 4141 667 4197 sub
702 4139 913 4199 Nerone
937 4140 1119 4212 plaga,
1160 4150 1221 4197 ut
1246 4140 1445 4213 ubique
1472 4141 1817 4199 morientium

225 4231 455 4302 sanguis
499 4240 666 4297 esset,
710 4231 793 4287 vel
840 4231 1043 4288 morbis
1086 4233 1143 4291 in
1181 4231 1325 4288 Urbe
1375 4241 1683 4304 corruptus,
1731 4232 1816 4288 vel

224 4323 388 4379 bellis
423 4323 476 4378 in
503 4324 636 4381 orbe
660 4324 933 4395 profusus.
984 4323 1060 4380 ibi
1097 4325 1334 4381 secunda
1374 4324 1548 4397 plaga,
1582 4341 1729 4381 same
1761 4324 1817 4380 in

224 4416 625 4487 penetralibus,
665 4416 842 4474 inedia
870 4432 1007 4488 pene
1039 4417 1372 4473 habitatores
1398 4417 1696 4473 exstinxit:
1728 4418 1818 4474 hic

226 4510 335 4565 sub
386 4508 695 4565 Domitiano
748 4509 1008 4566 satellites
1061 4508 1351 4576 effrenati,
1401 4509 1555 4581 jussu
1603 4512 1816 4567 cruenti

1943 648 1996 703 id
2042 659 2147 716 est,
2198 650 2384 721 plebes
2430 653 2830 722 provinciarum
2877 663 2932 707 et
2975 653 3214 727 legiones
3260 654 3511 720 militum,

1940 741 2281 798 comminutae
2306 752 2451 800 sunt.
2499 744 2590 812 lbi,
2605 754 2758 801 sexta
2787 745 2965 817 plaga,
3019 747 3211 802 vesicae
3239 754 3514 816 turgentes

1936 832 2224 906 ulceraque
2260 839 2571 893 manantia:
2615 839 2704 895 hic
2747 839 2901 911 plaga
2928 855 3049 910 qua:
3074 848 3196 911 post
3235 839 3513 897 Maximini

1935 926 2365 993 persecutionem
2395 926 2519 996 fuit,
2550 930 2644 1000 qui
2672 929 2977 1001 specialiter
3013 931 3298 1002 episcopos
3324 938 3379 987 et
3406 931 3513 987 elc-

1935 1015 2100 1081 ricos,
2131 1031 2331 1073 omissa
2370 1019 2520 1075 turba
2556 1020 2819 1091 populari,
2851 1021 3215 1079 Ecclesiarum
3252 1022 3514 1095 primates

1934 1106 2165 1163 cruciari
2182 1109 2562 1180 imperaverat,
2590 1112 2958 1170 intumescens
2981 1114 3176 1170 crebro
3198 1114 3277 1171 ira
3301 1125 3356 1171 et
3382 1130 3509 1186 per-

1933 1194 2059 1251 fidia
2101 1213 2206 1253 non
2234 1214 2331 1270 per
2359 1199 2501 1269 vulgi
2527 1201 2749 1271 caedem,
2777 1205 2872 1263 sed
2896 1220 2995 1275 per
3026 1204 3249 1262 vulnera
3275 1206 3514 1263 morien-

1932 1284 2066 1341 tium
2095 1289 2396 1360 priucipnm
2442 1299 2497 1347 et
2532 1294 2835 1363 potentium
2875 1293 3109 1351 exaltata
3155 1303 3260 1352 est.
3296 1294 3373 1351 lbi
3420 1311 3508 1351 sc-

1929 1380 2098 1451 ptima
2131 1380 2309 1453 plaga,
2340 1392 2526 1441 coacta
2559 1384 2613 1440 in
2641 1400 2767 1442 aere
2796 1387 3025 1457 grando,
3054 1402 3173 1457 quae
3198 1387 3511 1445 hominibus

1930 1480 1985 1525 et
2032 1469 2293 1540 jumentis
2340 1472 2441 1529 fuit
2486 1474 2695 1532 exitio:
2752 1476 2840 1532 hic
2877 1477 2980 1533 sub
3024 1477 3178 1534 Gallo
3237 1486 3292 1532 et
3346 1478 3510 1533 Volu—

1930 1562 2102 1629 siano,
2131 1564 2222 1633 qui
2255 1564 2418 1621 Decio
2446 1570 2777 1637 persecutori
2802 1579 3204 1635 successerunt,
3233 1571 3402 1641 pestis
3424 1570 3508 1625 in-

1928 1652 2047 1710 fusa
2092 1662 2175 1709 est
2202 1670 2300 1725 per
2327 1657 2511 1713 omnis
2539 1659 2715 1728 spatia
2758 1657 2986 1716 Romani
3038 1660 3223 1732 regni,
3261 1668 3318 1717 et
3343 1676 3507 1717 omne

1927 1758 2095 1815 prope
2124 1762 2293 1818 genus
2337 1748 2635 1804 humanum
2680 1749 2829 1806 dedit
2864 1751 3004 1807 neci.
3052 1751 3130 1807 ibi
3154 1760 3346 1808 octava
3388 1767 3509 1808 cor-

1928 1838 2124 1903 rectio,
2169 1839 2418 1894 excitata:
2445 1839 2682 1911 undique
2714 1839 2975 1897 locusta:
3011 1842 3101 1899 hic
3129 1843 3378 1899 excitata:
3403 1859 3505 1899 un-

1851 1913 1900 1974 B
1926 1927 2089 1998 dique
2117 1939 2305 2001 gentes
2336 1930 2639 1987 Romanum
2661 1932 2850 1990 orbem
2874 1934 3113 1991 caedibus
3141 1944 3198 1991 et
3242 1935 3505 1991 incendiis

1924 2030 2290 2077 vastaverunt.
2342 2021 2422 2078 lbi
2456 2039 2598 2079 nona
2632 2023 2823 2095 plaga,
2874 2026 3115 2082 tenebrat
3166 2025 3501 2093 tractabiles,

1923 2110 2044 2181 plus
2070 2112 2292 2182 periculi
2324 2115 2720 2173 comminantes
2742 2132 2906 2187 quam
2938 2115 3242 2177 facisutes:
3286 2118 3375 2176 hic
3390 2118 3502 2175 Au-

1926 2201 2131 2257 reliano
2151 2213 2497 2273 perseeutore
2521 2205 2869 2273 decernente,
2902 2208 3036 2263 diris
3066 2207 3371 2265 turbinibus
3394 2217 3503 2265 ter-

1923 2292 2079 2348 ribile
2105 2291 2304 2349 fulmen
2325 2294 2426 2349 sub
2454 2295 2623 2366 ipsius
2650 2296 2879 2366 pedibus
2906 2298 3033 2363 ruit,
3059 2299 3347 2355 ostendens
3371 2299 3503 2368 quid

1919 2382 2128 2439 faceret
2165 2392 2343 2440 tantus
2374 2386 2540 2453 ultor,
2589 2388 2693 2444 nisi
2720 2388 2933 2459 patiens
2960 2397 3142 2449 esset:
3190 2404 3502 2461 quanquam

1922 2474 2064 2533 intra
2113 2492 2207 2531 sex
2240 2492 2452 2533 menses
2484 2487 2595 2535 tres
2625 2479 2894 2537 interfecti
2945 2491 3071 2538 sunt
3122 2482 3502 2554 imperatores,

1919 2565 2269 2634 Aurelianus,
2310 2564 2532 2625 Tacitus
2554 2581 2610 2625 et
2637 2569 2941 2627 Fiorianus.
2993 2568 3071 2628 Ibi
3099 2573 3309 2628 decima
3339 2581 3394 2629 et
3422 2573 3507 2628 ul-

1919 2661 2051 2717 tima
2100 2661 2280 2735 plaga,
2332 2663 2820 2736 primogemtorum
2865 2664 3211 2725 interfectio:
3268 2667 3358 2725 hic
3386 2684 3503 2725 om-

1919 2752 2069 2809 nium
2097 2755 2329 2827 perditio
2376 2755 2662 2823 idolorum,
2694 2773 2816 2829 qu:e
2838 2759 3092 2830 primitus
3122 2758 3269 2817 facta
3312 2761 3367 2817 in
3392 2761 3505 2833 pri-

1917 2844 2023 2900 mis
2070 2846 2346 2901 amabant.
2395 2844 2472 2902 lbi
2523 2862 2646 2916 rex.
2663 2848 2960 2921 potentiam
2996 2849 3090 2906 Dei
3127 2849 3398 2923 probavit,
3448 2860 3506 2908 et

1917 2937 2117 3004 sensit,
2149 2947 2203 2994 et
2247 2938 2448 3008 timuit,
2483 2948 2538 2996 et
2564 2942 2823 3013 populum
2854 2941 2948 2997 Dei
2980 2940 3211 2999 liberum
3256 2943 3498 3001 dimisit:

1916 3025 2007 3082 hic
2036 3043 2252 3099 quoque
2277 3028 2392 3085 haec
2420 3029 2603 3085 omnia
2635 3028 2783 3097 fecit,
2811 3040 2861 3088 et
2894 3032 3057 3089 etiam
3080 3033 3331 3090 credidit.

1987 3116 2184 3189 (IDEI.)
2214 3116 2289 3173 lbi
2316 3118 2541 3191 populus
2579 3118 2673 3175 Dei
2711 3136 2818 3177 non
2844 3128 2928 3178 est
2953 3123 3020 3178 ad
3046 3124 3365 3181 servitutem
3406 3140 3494 3181 re-

1916 3214 2140 3273 tractus,
2195 3225 2296 3266 nec
2328 3210 2414 3265 hic
2442 3222 2632 3282 postea
2669 3210 2737 3267 ad
2766 3210 3122 3269 idololatriam
3149 3224 3390 3273 coactus.
3422 3216 3503 3274 ibi

2016 3260 2025 3262 _
2195 3260 2294 3266 --η
2328 3260 2412 3265 --η
2442 3260 2632 3282 ,πη-
2669 3260 2737 3267 __
2766 3260 3122 3269 -e--c-_..--...
3151 3260 3390 3273 ww".-.
3422 3260 3501 3274 ..,.

1840 3260 1889 3337 α
1918 3297 2299 3371 Egyptiorum
2322 3318 2449 3358 vasa
2472 3304 2706 3374 pretiosa
2732 3304 2971 3363 Hebraeis
2999 3308 3193 3362 tradita
3221 3317 3345 3363 sunt
3369 3328 3381 3363 :
3414 3298 3501 3365 hic

1916 3388 2172 3446 Ecclrsiaz
2200 3388 2636 3450 Chrlsuanorum
2664 3396 2899 3466 pretiosa
2938 3412 3269 3470 paganorum
3302 3402 3497 3472 templa

1916 3489 2217 3538 cesserunt.
2246 3514 2253 3522 -

1988 3572 2186 3645 (Ιοει.)
2216 3570 2488 3645 .Egyptiis
2512 3583 2634 3646 post
2663 3576 2847 3632 decem
2896 3575 3079 3651 plagas
3108 3576 3358 3638 dimissos
3388 3580 3496 3637 lie-

1916 3665 2091 3721 brzeos
2137 3667 2593 3738 persequentibus
2640 3668 2803 3726 maris
2852 3668 3010 3726 irruit
3054 3671 3347 3729 interitus:
3396 3692 3495 3732 nos

1916 3772 2129 3831 quoque
2172 3760 2579 3831 peregrinantes
2610 3764 2917 3834 persecutio
2962 3764 3241 3836 gentilium
3292 3780 3494 3835 manet,

1915 3856 2088 3912 donec
2115 3870 2264 3913 mare
2290 3855 2553 3925 Rubrum,
2602 3858 2653 3914 id
2699 3866 2781 3915 est
2812 3860 2988 3931 ignem
3026 3860 3237 3932 judicii,
3281 3862 3498 3921 Christo

1917 3951 2051 4006 duce
2075 3959 2130 4006 et
2147 3949 2332 4020 judice
2353 3958 2711 4009 transeamus.
2741 3952 2843 4022 Qui
2868 3966 2995 4011 vero
3020 3952 3355 4014 CitriStianos
3383 3973 3499 4029 per-

1916 4051 2236 4113 sequuntur,
2293 4058 2416 4100 cum
2466 4058 2595 4115 rege
2629 4058 2728 4101 suo
2778 4045 3118 4103 Anticlristo
3145 4089 3159 4105 .
3214 4048 3268 4103 in
3307 4057 3499 4123 stagno

1919 4134 2058 4205 ignis
2080 4134 2271 4190 mterni
2298 4136 2733 4207 submergentur.

1993 4226 2157 4285 Vsus.
2190 4226 2348 4283 loli.
2373 4259 2444 4271 -—
2472 4229 2607 4284 Ecce
2636 4246 2728 4301 ego
2763 4230 3010 4286 inducam
3060 4247 3179 4287 cras
3217 4231 3493 4300 locustam,

1916 4329 2023 4378 etc.
2062 4319 2246 4395 (BAL)
2286 4318 2551 4378 Octavum
2587 4331 2955 4393 pmceptum:
2996 4319 3219 4377 Falsum
3263 4325 3497 4379 testimo-

1919 4413 2064 4465 nium
2102 4428 2206 4467 non
2232 4412 2372 4467 dices
2398 4426 2418 4465 .'
2453 4412 2646 4468 oc’tava
2679 4411 2858 4483 plaga,
2892 4411 3121 4478 locusta,
3154 4413 3353 4469 animal
3384 4416 3492 4470 sci-

1919 4502 2046 4557 licet
2071 4503 2232 4558 dente
2273 4503 2515 4558 noxium.
2557 4502 2750 4557 Falsus
2788 4502 2934 4557 enim
2972 4504 3124 4560 testis
3152 4512 3311 4561 nocet
3347 4520 3497 4563 mor.

223 4600 513 4672 principis,
542 4609 599 4657 et
641 4600 820 4672 inopia
850 4616 987 4673 pene
1008 4616 1198 4657 clunes
1237 4600 1513 4659 Romanos
1534 4601 1679 4657 cives
1707 4601 1816 4658 dis—
1843 4628 1895 4695 Β
1921 4593 2099 4648 dendo
2126 4601 2183 4647 ει
2507 4592 2857 4695 inﬂuenti“.
2897 4591 3087 4695 Ῑξηάθι
3141 4590 3201 4651 Si
3248 4598 3495 4695 ’ποτάοξίξ

222 4692 420 4764 persit.
466 4690 546 4748 lbi
576 4692 733 4747 tertia
783 4691 939 4764 plaga
988 4692 1283 4763 sciniphes,
1333 4692 1592 4748 musculae
1628 4692 1815 4749 smvis-
1846 4682 1889 4695 ”
1918 4696 1969 4740 et
2016 4683 2343 4750 consumitis,
2395 4683 2563 4739 videte
2613 4697 2677 4737 ne
2727 4682 2791 4737 ab
2837 4683 3055 4739 invicem
3105 4689 3494 4743 consumamini

226 4784 403 4851 sinus,
428 4798 547 4854 qua:
582 4785 756 4840 media
779 4791 968 4841 testate
1007 4799 1104 4855 per
1139 4783 1255 4839 loca
1281 4784 1524 4855 squalida
1548 4784 1815 4856 gregatim

222 4874 431 4937 volant,
454 4873 768 4947 capillisque
788 4874 1061 4930 hominum
1085 4875 1319 4945 setisque
1338 4876 1601 4946 pecudum
1624 4884 1819 4931 urente

223 4978 413 5023 morsu
442 4966 783 5023 inferuntur:
815 4967 904 5022 hic
946 4967 1102 5023 tertia
1130 4966 1285 5038 plaga
1316 4967 1414 5022 sub
1457 4966 1691 5037 Trajano
1720 4965 1815 5023 Juv

223 5060 376 5117 deos
407 5059 690 5123 excitavit,
717 5060 807 5129 qui
839 5076 962 5114 cum
990 5067 1118 5114 ante
1136 5059 1383 5131 diSpersi,
1414 5060 1565 5130 quasi
1596 5075 1703 5115 non
1734 5076 1816 5116 es.

222 5158 373 5214 sent,
412 5149 773 5219 quiescerent,
816 5149 1099 5220 repentino
1136 5148 1316 5205 calore
1363 5150 1615 5220 permoti,
1662 5166 1815 5222 gras-

224 5243 332 5297 sati
358 5252 503 5299 sunt.
548 5242 815 5299 Praeterea
842 5242 1020 5299 multa:
1055 5244 1217 5298 urbes
1245 5243 1437 5299 iisdem
1483 5244 1813 5315 temporibus

225 5342 553 5389 corruerunt
576 5342 733 5390 terra:
757 5343 925 5390 motu.
956 5334 1035 5389 ibi
1057 5344 1247 5405 quarta
1272 5334 1450 5406 plaga,
1481 5350 1681 5391 muscae
1715 5352 1810 5392 ca-

224 5427 397 5490 ninae,
436 5425 667 5481 alumna:
687 5424 1012 5496 putredinis,
1041 5424 1303 5481 vermium
1334 5432 1573 5491 matres;
1596 5424 1685 5481 hic
1710 5426 1812 5482 sub

222 5517 411 5577 Marco
437 5518 673 5575 Antonio
696 5518 811 5575 lues
839 5518 1021 5574 multis
1046 5518 1223 5575 inlusa
1252 5518 1566 5589 provinciis,
1602 5518 1809 5573 Italiam

223 5620 283 5666 et
316 5611 506 5666 urbem
548 5608 805 5676 Romam,
854 5610 1257 5680 exercitumque
1302 5609 1669 5664 Romanorum
1716 5622 1813 5679 per

223 5704 445 5760 diversa
476 5702 699 5759 hiberna
724 5702 1046 5773 dispersum,
1097 5711 1270 5757 morte
1313 5701 1667 5766 dissolutum,
1714 5714 1810 5771 pu-

225 5796 426 5851 trediui
457 5803 513 5851 et
538 5796 811 5851 vermibus
840 5794 1005 5851 dedit.
1037 5793 1112 5848 lbi
1137 5793 1321 5864 quinta
1353 5792 1531 5867 plaga,
1553 5806 1811 5863 pecorum

222 5896 280 5940 et
307 5884 683 5957 iumentorum
710 5905 722 5941 :
769 5887 857 5942 hic
908 5887 1007 5942 sub
1038 5884 1242 5940 Severo
1270 5892 1616 5957 persecutore
1641 5881 1841 5959 civili-5

1920 4776 2063 4849 (Gal.
2092 4777 2166 4847 v).

1988 4866 2193 4941 (Οιιρ.)
2235 4868 2376 4924 hom.
2422 4866 2456 4923 4
2489 4867 2545 4922 in
2592 4865 2794 4941 Exod.)
2851 4865 2989 4924 Puto
3030 4882 3130 4940 per
3178 4869 3282 4927 hoc
3327 4886 3497 4944 genus

1914 4959 2082 5032 plagae
2111 4959 2421 5017 dissidentis
2467 4973 2702 5030 semper,
2751 4974 2781 5014 a
2808 4973 2868 5016 se
2908 4956 2965 5015 et
2992 4960 3355 5018 discordantis
3395 4963 3496 5018 hu-

1906 5053 2059 5119 .mani
2083 5050 2296 5124 generis
2323 5050 2738 5107 inconstantiam
2760 5050 3046 5106 confutari.
3081 5051 3312 5108 Locusta
3325 5054 3492 5120 enim,

1916 5160 2039 5201 cum
2065 5158 2250 5216 regem
2279 5156 2384 5197 non
2414 5142 2632 5209 habeat,
2659 5141 2951 5198 secundum
2974 5139 3329 5211 Scriptorum,
3356 5143 3497 5200 ordi—

1918 5246 2103 5295 natum
2136 5235 2282 5291 ducit
2301 5234 2629 5291 exercitum:
2654 5232 2901 5289 homines
2926 5246 3077 5299 vero,
3103 5246 3227 5288 cum
3256 5233 3494 5289 rationa-

1918 5330 1997 5388 les
2020 5328 2149 5384 facti
2179 5339 2323 5397 sunt,
2374 5343 2548 5399 neque
2595 5342 2655 5384 se
2681 5341 2870 5398 regere
2898 5324 3147 5381 ordinate
3179 5334 3492 5396 potuerunt,

1918 5435 2093 5490 neque
2130 5418 2227 5475 Dei
2258 5419 2493 5491 regentis
2533 5418 2803 5490 patienter
2845 5415 3215 5475 moderamina
3257 5415 3492 5488 pertule-

1914 5521 2060 5582 runt.

1987 5602 2235 5677 (ενι-ιη.)
2280 5602 2385 5659 Per
2426 5602 2724 5669 locustam,
2775 5613 2895 5671 quae
2940 5614 3122 5671 regem
3168 5612 3275 5655 non
3307 5597 3492 5664 habet,

1914 5697 2250 5769 signiﬁcatur
2288 5696 2567 5752 temeritas
2598 5693 2813 5749 illorum
2840 5691 2957 5762 qui,
2983 5690 3110 5746 licet
3132 5688 3361 5744 diversis
3384 5703 3496 5759 pm-

1916 5787 2000 5842 nis
2049 5788 2282 5851 multati,
2328 5802 2541 5858 semper
2589 5786 2643 5841 in
2703 5783 2904 5840 duritia
2948 5797 3047 5839 sua
3097 5789 3339 5848 manent,
3374 5790 3497 5837 tan:

1918 5895 2080 5955 quam
2111 5881 2314 5935 nullum
2339 5878 2575 5935 habeant
2602 5886 2890 5933 rectorem.
