3998 6332
501 378 600 437 iis

497 581 834 650 accipiuntur
876 586 1131 648 tanquam
1169 592 1320 649 vagae
1354 585 1410 632 et
1455 574 1710 632 salientes
1734 572 1931 629 anima:
1974 586 2073 643 pro

494 677 771 747 voluptate
800 672 1003 731 saeculi.

979 370 1376 431 WALAFBIDI
1412 368 1664 429 STRABI
1697 365 1903 425 που).
1944 360 2112 419 MON.
2152 358 2304 419 OPP.
2346 359 2529 438 ΡᾼΒΞ
2568 357 2612 414 Ι.
2652 386 2721 399 —-
2761 348 3219 412 THEOLOGICA.

562 492 862 546 Locustam.
886 486 1063 561 (lt-no.)
1098 486 1345 543 Locusta
1380 501 1480 558 pro
1507 484 1808 541 mobilitate
1836 480 2070 537 levitatis
2097 480 2152 540 Α

3635 351 3756 409 210

2771 510 2998 570 CAPUT
3034 510 3128 567 XI.
3162 550 3169 557 .

2244 653 2409 710 Vens.
2440 653 2493 709 2.
2537 682 2609 694 ——
2651 650 2804 705 Dices
2852 664 2974 720 ergo
3021 645 3165 701 omni
3210 644 3367 716 plebi,
3414 653 3520 701 etc.
3566 644 3759 718 (Aoc.,

566 736 727 822 Vens.
768 764 951 822 ts-ts.
979 794 1051 805 —
1072 763 1143 819 Et
1167 762 1392 818 extendit
1419 761 1594 816 Moses
1632 761 1851 831 uirgam.
1891 756 2072 831 (ειη.)
2171 759 2357 820 quiest.
2387 745 2456 802 at
2480 746 2536 800 in
2577 741 2772 807 Exod.,
2804 748 2935 795 tom.
2963 737 3076 811 Ill.)
3106 736 3225 793 Non
3261 737 3422 831 debet
3448 736 3575 793 hinc
3607 737 3765 807 quis-

493 857 752 927 Quazdam
801 854 1044 926 prodigia
1092 853 1229 909 ﬁunt
1277 868 1377 923 per
1424 851 1627 919 Mosen,
1684 850 1931 921 quaedam
1975 862 2076 920 per

495 949 674 1004 Aaron
700 986 716 1014 ,
773 946 1017 1016 quaedam
1071 961 1200 1002 vero
1257 960 1356 1017 per
1408 945 1583 1015 ipsum
1634 943 1959 1008 Dominum;
2015 949 2076 996 ut

494 1050 884 1108 cognoscamus
926 1035 983 1090 in
1012 1034 1331 1106 quibusdam
1362 1048 1463 1105 per
1513 1032 1780 1089 sacriﬁcia
1825 1031 2076 1088 sacerdo-

492 1134 609 1182 tum
637 1137 693 1182 et
715 1125 1116 1182 obsecrationes
1138 1125 1452 1196 pontiﬁcum
1485 1141 1584 1182 nos
1605 1140 1725 1181 esse
1747 1125 2071 1195 purgandos,

494 1231 630 1286 quos
662 1219 845 1272 Aaron
896 1231 1124 1288 persona
1163 1217 1449 1288 designat:
1509 1217 1565 1272 in
1614 1218 1933 1287 quibusdam
1979 1232 2076 1287 per

494 1308 780 1363 scientiam
810 1308 942 1380 legis
964 1308 1348 1373 emendandos,
1377 1309 1521 1379 quod
1551 1308 1684 1364 Mosi
1724 1308 1972 1379 designat
1995 1307 2077 1362 of-

494 1399 696 1455 ﬁcium.
736 1399 796 1455 In
815 1399 1202 1457 dillieilioribus
1229 1409 1412 1456 autem
1439 1400 1609 1474 ipsius
1637 1401 1850 1456 Domini
1872 1401 2075 1456 virtute

494 1505 733 1561 egemus.

567 1579 783 1653 (Gnse.,
820 1582 914 1637 lib.
946 1598 1101 1649 xxxt,
1130 1581 1351 1649 Μοῖραι,
1386 1598 1505 1654 cap.
1532 1583 1645 1655 20).
1672 1582 1938 1639 Exhibitaa
1965 1596 2076 1638 cm-

493 1671 622 1729 litus
647 1672 866 1745 [Egypti
892 1673 1080 1745 plagae,
1120 1683 1251 1740 etc.,
1297 1692 1459 1747 usque
1479 1676 1548 1730 ad
1577 1691 1699 1731 cum
1733 1676 1885 1730 vanis
1907 1675 2076 1730 laudi-

494 1764 596 1819 bus
621 1765 977 1833 quorumdam
1000 1765 1113 1836 jam
1141 1766 1294 1836 quasi
1318 1765 1535 1822 fortium
1565 1782 1726 1838 opera
1750 1773 2024 1822 enervant.

2173 854 2279 909 que
2307 836 2613 906 exemplum
2657 848 2891 898 sumere,
2948 840 3080 897 etc.,
3132 846 3294 902 usque
3334 829 3405 884 ad
3432 838 3493 885 ut
3516 845 3616 887 nec
3651 831 3765 886 isto

2174 931 2373 987 damno
2419 927 2751 993 ferirentur,
2819 922 2913 996 qui
2956 922 3076 979 aliis
3134 922 3309 994 plagis
3356 922 3598 992 percussi
3649 936 3766 978 non

2175 1031 2353 1081 erant.

2247 1116 2317 1172 Ut
2365 1113 2591 1189 postulet
2635 1113 2736 1179 vir,
2778 1120 2884 1167 etc.
2940 1108 3155 1182 (Gnee.,
3202 1109 3299 1167 lib.
3318 1108 3497 1166 'xxvttt
3538 1107 3767 1175 Moral.,

2174 1226 2295 1283 cap.
2324 1208 2435 1280 l7.)
2464 1207 2670 1263 Mentes
2697 1203 2816 1259 usui
2838 1204 2962 1258 vitae
2988 1202 3224 1258 carnalis
3253 1202 3603 1266 inhmrentes,
3629 1211 3767 1267 etc.,

2176 1321 2337 1377 usque
2361 1305 2430 1358 ad
2457 1300 2629 1370 major
2654 1297 2912 1354 fortitudo
2938 1297 3161 1367 spiritus
3190 1295 3490 1351 nuntiatur.

2247 1397 2413 1452 Vens.
2438 1394 2493 1460 3,
2525 1393 2581 1448 4.
2605 1421 2676 1433 -
2703 1390 2859 1445 Dabit
2901 1398 3076 1443 autem
3113 1387 3366 1442 Dominus
3414 1386 3641 1458 gratiam
3669 1402 3770 1456 po-

2173 1489 2298 1563 pulo
2328 1505 2423 1544 suo
2451 1501 2629 1542 coram
2655 1482 2946 1554 At'gyptiis,
2967 1489 3073 1537 etc.
3098 1479 3201 1548 Qui
3223 1479 3431 1535 scilicet
3449 1478 3773 1533 habitabant

2176 1594 2299 1636 cum
2324 1576 2564 1633 Hebraeis
2590 1575 2643 1629 in
2667 1582 2815 1629 terra
2836 1571 3063 1637 Gessen,
3091 1580 3146 1626 et
3169 1586 3268 1641 pro
3290 1570 3421 1641 ipsis
3444 1585 3638 1625 novem
3662 1569 3777 1639 pla-

2176 1671 2259 1743 gis
2286 1669 2396 1725 lysi
2427 1684 2534 1725 non
2568 1674 2747 1732 erant,
2804 1666 3031 1734 ideoque
3058 1678 3154 1719 eos
3183 1662 3479 1735 diligebant
3508 1681 3522 1717 :
3554 1663 3771 1718 decima

2177 1762 2330 1834 plaga
2362 1759 2543 1815 alllicti
2574 1768 2719 1824 sunt,
2751 1773 2872 1813 cum
2904 1756 3281 1813 discessissent
3310 1754 3519 1811 Hebraei
3541 1755 3611 1810 ab
3636 1755 3744 1811 eis.

575 1855 734 1911 Vens.
770 1856 855 1920 l9,
881 1855 971 1910 20.
994 1886 1064 1897 —
1088 1855 1211 1911 Non
1236 1858 1486 1912 remansit
1512 1875 1576 1913 ne
1595 1875 1708 1912 una
1724 1858 1953 1930 quidem.
1979 1865 2082 1913 etc.
2112 1846 2164 1908 Β
2259 1854 2424 1909 Vnns.
2471 1852 2525 1917 5,
2556 1853 2609 1907 (ἲ.
2642 1882 2712 1894 -
2738 1851 2807 1906 Et
2857 1852 3111 1905 morietur
3148 1866 3298 1904 omne
3344 1851 3774 1921 primogenitum,

498 1943 683 2016 (Auc.)
736 1944 1063 2000 Beneﬁcium
1118 1954 1266 2000 certe
1310 1945 1406 2000 Dei
1449 1946 1893 2001 commemoravit
1932 1944 2083 2001 Scri-

496 2043 655 2107 ptura
683 2076 699 2101 ,
730 2036 873 2105 quud
900 2035 1121 2091 abstulit
1146 2036 1402 2101 locustas,
1447 2043 1500 2091 et
1524 2045 1806 2107 prosecuta
1828 2035 2084 2109 dixit‘in-

498 2127 725 2182 durasse
754 2127 1039 2183 Dominum
1083 2142 1179 2184 cor
1216 2127 1532 2191 Pharaonis,
1586 2127 1851 2183 beneﬁcio
1877 2126 2085 2182 scilicet

498 2232 598 2274 suo
624 2228 679 2273 et
705 2219 982 2289 patientia,
1024 2235 1131 2290 qua
1178 2219 1268 2275 ille
1307 2219 1470 2274 ﬁebat
1501 2218 1822 2275 obstinatior
1865 2218 1991 2273 dum
2033 2217 2085 2273 ei

495 2319 850 2377 parceretur:
900 2309 1043 2363 sicut
1065 2310 1247 2364 omnia
1292 2309 1432 2364 mala
1477 2309 1639 2364 corda
1685 2308 1960 2365 numinum
1990 2324 2085 2379 pa-

498 2398 688 2454 tientia
714 2398 810 2453 Dei
845 2399 983 2455 male
1011 2400 1211 2455 utendo
1234 2401 1547 2456 durescunt.

570 2512 737 2569 Vens.
765 2513 857 2570 21.
893 2544 962 2555 --
997 2513 1237 2569 Extende
1259 2530 1498 2579 manum,
1544 2521 1650 2569 etc.
1690 2512 1873 2586 (Aoc.)
1901 2512 2087 2569 Tertio

500 2604 700 2661 dicitur
740 2605 809 2660 ad
840 2604 1021 2659 Mosen
1047 2622 1062 2659 :
1120 2604 1360 2659 Extende
1383 2620 1599 2658 manum
1624 2611 1771 2658 tuam
1803 2605 1859 2658 in
1879 2602 2083 2670 calum,

499 2704 562 2752 ut
604 2696 758 2754 fieret
788 2698 951 2752 etiam
985 2696 1143 2768 plaga
1171 2696 1539 2752 tenebrarum.
1580 2695 1860 2766 Nunquam
1904 2705 2086 2752 autem

502 2787 706 2844 dictum
733 2796 818 2844 est
846 2788 914 2843 ad
935 2787 1116 2843 Aaron
1141 2796 1200 2843 ut
1221 2788 1540 2844 extenderet
1566 2802 1759 2843 manus
1784 2787 1840 2843 in
1867 2788 2084 2845 malum.

503 2877 657 2946 Quod
683 2895 813 2952 ergo
852 2880 1056 2937 dictum
1084 2891 1168 2937 est
1210 2880 1280 2936 ad
1334 2880 1559 2937 Mosen:
1603 2879 1839 2937 Extende
1873 2899 2087 2936 manum

504 2979 651 3025 tuam
674 2987 831 3041 super
854 2980 1045 3026 terram
1076 2971 1320 3043 ngypti,
1351 2981 1401 3027 et
1423 2973 1670 3028 ascendat
1709 2972 1908 3028 locusta
1932 2991 2090 3044 super

505 3071 725 3128 terram,
773 3062 936 3118 credo
980 3063 1035 3118 id
1059 3063 1375 3134 signiﬁcari,
1402 3065 1567 3120 etiam
1605 3065 1785 3120 minus
1811 3080 1968 3134 posse
1996 3065 2089 3136 qui

505 3153 627 3225 plus
656 3161 870 3224 potest;
910 3169 1018 3210 non
1045 3162 1228 3210 autem
1256 3155 1515 3212 continuo
1539 3156 1627 3211 cui
1656 3156 1865 3212 minora
1893 3171 2090 3213 conce-

507 3246 728 3313 dunt’ur,
759 3262 923 3318 posse
948 3247 1180 3320 majora.

580 3360 784 3434 (Onto.)
825 3361 977 3418 Nona
1017 3362 1175 3434 plaga
1202 3362 1440 3419 tenebrae
1486 3370 1632 3427 sunt,
1681 3372 1743 3418 ut
1783 3363 1981 3419 mentis
2004 3378 2097 3420 eo-

506 3469 629 3510 rum
689 3457 907 3511 caecitas
960 3462 1257 3527 arguatur,
1304 3455 1391 3510 vel
1440 3463 1501 3510 ut
1552 3454 1854 3527 intelligant
1899 3454 2095 3511 divina:

509 3548 928 3619 dispensationis
950 3556 1006 3605 et
1042 3548 1396 3620 providentia:
1420 3548 1836 3604 obscurissimas
1863 3562 1982 3604 esse
2010 3563 2096 3604 ra-

507 3641 703 3698 tiones.
748 3639 937 3695 Posuit
986 3641 1130 3696 enim
1160 3640 1303 3697 Deus
1350 3641 1586 3697 tenebras
1614 3640 1892 3697 latibulum
1941 3658 2096 3697 suum

511 3730 686 3803 (Psal.
716 3730 852 3802 xvn)
880 3749 894 3786 :
927 3747 1062 3802 quas
1092 3731 1171 3786 illi
1214 3731 1475 3787 audacter
1516 3741 1573 3788 et
1603 3742 1807 3787 temere
1835 3747 2094 3802 perscru-

510 3830 714 3887 tantes,
741 3830 795 3877 et
819 3822 927 3877 alia
960 3837 1028 3877 ex
1056 3822 1179 3878 aliis
1207 3829 1533 3890 asserentes,
1565 3824 1621 3878 in
1650 3837 1864 3880 crassas
1892 3832 1948 3880 et
1975 3824 2094 3896 pal-

510 3914 718 3987 pabiles
745 3929 991 3970 errorum
1019 3915 1272 3971 tenebras
1295 3915 1529 3971 devoluti
1554 3924 1698 3972 sunt.

587 4027 838 4101 (Sa-nn.)
884 4029 991 4084 Per
1033 4031 1286 4086 tenebras
1314 4031 1622 4102 insipientia
1645 4044 1833 4088 eorum
1862 4027 2099 4103 [Iudaeo-

513 4118 659 4193 rum]
694 4119 1016 4187 ostenditur,
1059 4120 1153 4192 qui
1190 4119 1561 4192 aflligebantur
1599 4131 1654 4177 et
1682 4122 2002 4195 ignorabant
2030 4123 2100 4179 ad

514 4228 678 4287 quem
704 4212 866 4269 ﬁnem
896 4227 1085 4269 eorum
1113 4229 1286 4285 paenae
1308 4214 1642 4271 devenirent.
1675 4215 1855 4271 Etiam
1884 4216 1971 4273 vel
2002 4232 2100 4289 per

519 4305 777 4363 tenebras
824 4319 1084 4361 arcanum
1138 4305 1305 4361 divini
1346 4304 1536 4375 judieii
1586 4305 1938 4377 signiﬁcatur,
1992 4324 2101 4381 quo

510 4396 690 4468 justos
747 4396 1171 4455 misericorditer
1225 4397 1441 4465 salvat,
1507 4397 1704 4470 impios
1763 4399 1912 4468 jnsle
1968 4416 2098 4457 con-

515 4490 756 4547 demnat.

588 4580 756 4637 Vens.
782 4581 970 4639 24-29.
987 4612 1061 4624 -
1074 4581 1204 4639 Oves
1231 4591 1454 4650 tantum,
1469 4592 1577 4642 etc.
1601 4586 1759 4659 (A06.
1773 4587 1829 4643 in
1843 4586 2095 4644 Locutio-
2117 4580 2175 4643 Ι)

517 4668 668 4726 nibus
709 4669 765 4723 in
794 4667 988 4733 Exod.,
1020 4669 1060 4724 l.
1113 4668 1226 4741 52.)
1274 4669 1493 4729 Graecus
1534 4674 1716 4741 habet,
1745 4686 1937 4747 praeter
1976 4695 2095 4735 oves

517 4772 564 4818 et
594 4761 743 4817 boves
772 4761 1063 4834 relinquite,
1097 4771 1153 4819 et
1189 4772 1275 4820 est
1298 4766 1553 4823 inusitata
1595 4767 1814 4836 locutio,
1844 4772 1947 4829 nisi
1970 4781 2095 4842 post

518 4851 922 4921 distinctionem
954 4853 1250 4925 inseratur,
1280 4857 1596 4931 relinquite;
1644 4871 1699 4917 et
1722 4863 2093 4933 subaudiatur,

452 4940 459 4953 ’
518 4943 646 5013 ista,
675 4952 737 5000 ut
763 4944 835 5001 sit
867 4961 1093 5004 sensus:
1141 4948 1218 5005 lte
1243 4959 1443 5020 praeter
1476 4968 1604 5009 oves
1630 4962 1686 5010 et
1711 4955 1896 5022 boves,
1927 4965 1985 5012 et
2010 4974 2099 5015 re-

517 5032 745 5104 linquite
771 5034 895 5091 isla.
941 5035 1089 5094 Solet
1116 5039 1257 5096 enim
1285 5041 1409 5099 talis
1437 5042 1655 5114 eclipsis
1678 5044 1796 5102 ﬁeri
1818 5049 2010 5106 crebro
2040 5050 2097 5106 in

520 5124 885 5185 locationibus
914 5129 1336 5202 Seripturarum.
1448 5124 1457 5128 ’

592 5235 776 5309 (ΗΑΒ.)
793 5236 1004 5297 Nonum
1016 5254 1344 5314 praeceptum
1362 5265 1377 5301 :
1404 5245 1528 5303 Non
1539 5253 1869 5322 concupisces
1882 5272 2097 5316 uxorem

518 5329 745 5401 proximi
769 5330 847 5385 tui
873 5347 893 5386 :
929 5347 1070 5389 nona
1110 5335 1290 5407 plaga,
1321 5337 1501 5395 densze
1544 5343 1800 5401 tenebrae.
1832 5346 1929 5404 Est
1953 5353 2098 5408 enim

520 5420 769 5493 quaedam
807 5426 1042 5481 mmchia
1099 5427 1263 5483 etiam
1293 5429 1349 5485 in
1377 5435 1676 5503 appetendo
1719 5453 1942 5499 uxorem
1970 5445 2101 5503 alie‘

522 5528 648 5570 nam
677 5516 892 5586 quando
921 5520 1093 5576 cuivis
1119 5534 1228 5576 non
1266 5522 1465 5581 suﬁieit
1504 5541 1599 5583 sua
1619 5569 1635 5597 ,
1678 5531 1843 5589 etiam
1868 5535 2100 5594 alienam

523 5610 752 5660 tentare.
786 5605 926 5662 Vere
952 5607 1132 5664 densa:
1156 5623 1282 5667 sunt
1324 5615 1592 5686 tenebrae;
1645 5621 1777 5678 nihil
1805 5626 1948 5682 enim
1991 5638 2097 5684 tam

523 5694 670 5790 dolet
692 5698 923 5769 patiens,
965 5700 1100 5755 nihil
1130 5710 1237 5757 tam
1264 5705 1400 5762 nolit
1440 5711 1553 5779 pati
1600 5711 1848 5773 faciens:
1877 5721 1968 5790 qui
1998 5721 2100 5779 hoc

524 5784 677 5856 facit,
708 5803 837 5846 vere
863 5800 1101 5847 ematur
1118 5792 1305 5852 furore
1339 5798 1600 5858 horribili.

2187 1951 2292 1999 etc.
2334 1942 2512 2012 (Onto.
2553 1942 2694 1997 hom.
2727 1941 2784 2013 4)
2832 1940 2913 1996 Ad
2950 1941 3200 1995 ultimum
3234 1940 3635 2010 primitivorum
3695 1940 3778 1995 in-

2186 2033 2357 2089 fertur
2388 2034 2658 2098 interitus,
2682 2034 2737 2087 in
2765 2048 2874 2104 quo
2923 2032 3170 2089 fortassis
3210 2040 3297 2087 est
3357 2030 3561 2101 aliquid
3606 2047 3777 2103 supra

2186 2133 2425 2180 nostram
2470 2124 2900 2195 intelligentiam,
2929 2124 3070 2194 quod
3109 2123 3458 2179 commissum
3489 2121 3560 2177 ab
3604 2121 3781 2194 Egy-

2184 2216 2314 2289 ptiis
2333 2216 2584 2272 videatur
2600 2217 2654 2271 in
2686 2215 2982 2271 Ecclesiam
3016 2214 3437 2286 primitivorum,
3463 2230 3585 2285 quae
3605 2214 3781 2269 ascri-

2184 2316 2277 2377 pta
2298 2317 2376 2363 est
2404 2307 2457 2362 in
2481 2307 2652 2363 crelis.
2677 2306 2830 2362 Unde
2849 2306 3012 2362 etiam
3035 2307 3427 2362 exterminator
3447 2305 3677 2377 angelus
3712 2306 3782 2361 ad

2186 2400 2292 2457 hoc
2308 2401 2672 2457 ministerium
2702 2401 2959 2467 mittitur,
2994 2402 3085 2473 qui
3114 2403 3291 2474 parcit
3314 2401 3421 2459 illis
3448 2410 3659 2457 tantum
3685 2402 3782 2472 qui

2187 2502 2448 2565 utrosque
2472 2501 2658 2565 postes
2688 2494 2812 2564 agni
2842 2495 3105 2566 sanguine
3153 2496 3397 2567 signatos
3440 2495 3779 2551 habuerunt.

2188 2584 2666 2649 Delenturjterum
2689 2584 3046 2657 primogenita
3077 2584 3454 2657 Egyptiorum
3482 2602 3499 2638 :
3530 2585 3649 2642 sive
3683 2600 3783 2641 eos

2188 2678 2522 2750 principatus
2549 2686 2605 2733 et
2630 2686 2947 2749 potestates,
2979 2687 3035 2734 et
3084 2678 3270 2734 mundi
3316 2676 3480 2748 hujus
3532 2685 3783 2733 rectores

2188 2768 2540 2829 tenebrarum
2590 2769 2857 2835 dicamus,
2915 2785 3051 2841 quos
3105 2770 3337 2826 adventu
3378 2784 3478 2827 suo
3523 2768 3787 2826 Christus

2190 2861 2448 2927 traduxit,
2483 2861 2536 2916 id
2559 2869 2644 2917 est
2666 2862 2910 2932 captivos
2931 2860 3085 2917 duxit
3109 2869 3165 2918 et
3191 2862 3504 2933 captivavit,
3556 2877 3685 2918 cum
3730 2864 3786 2918 in

2188 2953 2337 3027 ligno
2368 2955 2547 3011 crucis
2589 2955 2942 3027 triumphavit
2985 2973 2999 3011 :
3053 2956 3167 3013 sive
3208 2966 3454 3014 auctores
3497 2967 3553 3014 et
3592 2959 3791 3015 inven-

2192 3054 2341 3103 tores
2372 3046 2630 3103 falsarum
2664 3048 3006 3121 religionum,
3033 3065 3169 3122 quas
3195 3050 3397 3108 Christi
3423 3052 3628 3108 veritas
3653 3068 3786 3108 cum

2194 3138 2308 3194 suis
2337 3140 2597 3194 exstinxit
2627 3142 2959 3196 auctoribus.
2989 3141 3350 3214 Principatus,
3377 3153 3433 3200 et
3458 3154 3787 3216 potestates,

2118 3206 2168 3273 (ἶ
2202 3239 2258 3286 et
2285 3239 2527 3287 rectores
2571 3234 2916 3289 tenebrarum
2960 3206 3189 3302 harum;
3232 3206 3595 3309 primogenita
3656 3206 3791 3295 sunt

2199 3321 2577 3395 Egyptiorum
2605 3324 2749 3397 quod
2774 3324 2920 3398 [Al.,
2957 3326 3161 3400 quiljn
3206 3328 3395 3384 ultima
3435 3330 3616 3402 plaga,
3656 3346 3788 3388 eum

2201 3414 2408 3470 scilicet
2435 3414 2559 3472 ﬁnis
2601 3418 2786 3473 mundi
2836 3418 3119 3474 advenerit
3173 3435 3301 3475 cum
3332 3423 3606 3492 separabit
3654 3439 3792 3481 oves

2200 3503 2269 3557 ab
2320 3504 2515 3571 haedis,
2562 3521 2730 3578 grana
2777 3522 2809 3561 a
2863 3508 3056 3579 paleis,
3111 3510 3530 3579 damnabantur,
3579 3515 3790 3571 amissa

2200 3597 2428 3667 vagandi
2454 3607 2509 3654 et
2531 3599 2771 3655 tentandi
2801 3600 3041 3658 licentia.

2271 3687 2449 3760 (Ome.
2477 3689 2496 3761 )
2524 3688 2821 3745 Moraliter.
2877 3692 3096 3759 Anima,
3122 3694 3249 3749 dum
3284 3695 3340 3751 in
3366 3697 3467 3752 hoc
3492 3697 3703 3753 mundo
3734 3700 3789 3755 in

2200 3781 2476 3837 erroribus
2501 3781 2657 3847 vivit,
2682 3782 2992 3853 ignorantia
3027 3785 3297 3852 veritatis,
3325 3786 3381 3842 in
3416 3786 3657 3861 Egypto
3686 3806 3790 3862 po-

2201 3872 2305 3928 sita
2332 3881 2453 3928 est:
2490 3873 2537 3928 si
2569 3875 3007 3946 appropinquare
3035 3879 3203 3948 cmpit
3230 3878 3316 3934 lex
3354 3878 3474 3947 Dei,
3523 3897 3699 3952 aquas
3733 3884 3789 3939 in

2200 3965 2517 4036 sanguinem
2558 3967 2848 4033 convertit,
2877 3967 2931 4024 id
2961 3976 3047 4025 est
3070 3968 3288 4026 ﬂuidam
3318 3979 3371 4026 et
3398 3970 3667 4028 lubricam
3690 3972 3787 4042 ju-

2198 4055 2435 4111 ventutis
2458 4056 2624 4111 vitam
2649 4057 2919 4113 convertit
2969 4060 3039 4115 ad
3086 4062 3401 4133 sanguinem
3439 4062 3654 4119 Veteris
3698 4065 3789 4120 vel

2199 4145 2337 4203 Novi
2362 4147 2717 4216 Testamen‘ti.
2748 4150 2953 4207 Deinde
2975 4153 3156 4209 educit
3190 4154 3274 4209 lex
3299 4169 3368 4210 ex
3405 4169 3472 4210 ea
3508 4171 3707 4212 vanam
3732 4167 3791 4213 et

2202 4238 2417 4295 inanem
2463 4240 2845 4313 loquacitatem
2896 4245 3184 4302 adversum
3232 4246 3328 4303 Dei
3360 4249 3785 4321 providentiam,

2202 4349 2458 4389 ranarum
2480 4335 2714 4405 querelae
2739 4337 2992 4394 similem.
3009 4338 3380 4411 Purgatetiam
3400 4342 3667 4413 malignas
3688 4359 3788 4400 co-

2200 4424 2489 4495 gitationes
2513 4426 2652 4497 ejus,
2676 4435 2733 4483 et
2754 4428 3056 4500 sciniphum
3078 4432 3421 4489 mordacitati
3448 4433 3654 4489 similes
3675 4435 3790 4490 eal-

2202 4515 2432 4573 liditatis
2457 4517 2677 4574 aculeos
2704 4519 2943 4575 discutit.
2972 4518 3278 4579 Libidinum
3305 4541 3522 4597 quoque
3565 4542 3788 4583 morsus

2198 4607 2495 4679 eynomyiae
2505 4608 2727 4679 spiculis
2744 4608 2946 4671 similes
2963 4611 3209 4683 depellit:
3229 4615 3619 4688 stultitiamque
3632 4626 3690 4673 et
3704 4618 3789 4674 in-

2198 4697 2469 4754 tellectum
2493 4699 2791 4769 pecudibus
2816 4701 3045 4758 similem
3065 4719 3166 4775 per
3191 4721 3355 4776 quam
3382 4707 3561 4775 homo,
3588 4725 3712 4763 cum
3728 4712 3784 4765 in

2199 4789 2396 4846 honore
2430 4799 2582 4859 esset,
2609 4809 2713 4848 non
2767 4794 3044 4863 intellexit,
3069 4799 3160 4853 sed
3206 4810 3543 4870 comparatus
3583 4811 3660 4858 est
3690 4802 3785 4874 ju-

2198 4882 2385 4939 mentis
2428 4883 2816 4955 insipientibus,
2843 4894 2950 4942 etc.
2989 4884 3173 4960 (Psal.
3201 4891 3433 4963 XLVIII.)
3467 4891 3666 4964 Arguit
3698 4892 3783 4948 ul-

2198 4989 2325 5031 cera
2345 4983 2713 5046 peccatorum,
2746 4980 3070 5049 arrogantiae
3098 4987 3387 5051 tumorem,
3420 4992 3477 5041 et
3511 4983 3782 5043 fervorem

2203 5066 2404 5125 furoris
2430 5070 2750 5142 exstinguit.
2779 5069 3015 5128 Adhibet
3038 5081 3162 5144 post
3185 5073 3301 5130 haec
3348 5091 3511 5133 voces
3548 5078 3781 5135 ﬁliorum

2205 5160 2452 5227 tonitrui,
2485 5161 2538 5216 id
2558 5170 2645 5217 est
2672 5163 3014 5235 evangelicas
3043 5174 3098 5221 et
3120 5168 3446 5237 apostolicas
3476 5172 3776 5241 doctrinas,

2202 5260 2258 5307 et
2285 5252 2693 5323 castigationem
2721 5255 3018 5324 grandinis,
3048 5266 3108 5312 ut
3128 5258 3400 5318 luxuriam
3444 5264 3779 5337 voluptates-

2203 5356 2309 5412 que
2332 5350 2611 5410 coerceat;
2642 5351 2698 5399 et
2722 5344 2882 5400 simul
2906 5346 3081 5415 ignem
3107 5351 3458 5420 poenitentiae,
3489 5364 3550 5411 ut
3596 5357 3777 5414 dicat:

2204 5432 2397 5489 Nonne
2419 5449 2510 5488 cor
2530 5446 2769 5490 nostrum
2788 5438 2980 5493 ardens
3000 5450 3113 5495 erat
3134 5442 3187 5496 in
3213 5443 3359 5499 nobis
3383 5444 3403 5519 (
3424 5444 3556 5502 Luc.
3585 5452 3736 5523 xm)
3757 5452 3780 5504 ?

2202 5524 2314 5580 Nec
2342 5539 2451 5580 non
2485 5524 2812 5584 locustarum
2834 5528 2903 5585 ab
2930 5545 2992 5587 ea
3020 5534 3270 5590 subducit
3293 5539 3560 5610 exempla,
3587 5542 3781 5614 quibus

2203 5620 2565 5691 depascantur
2592 5638 2783 5680 omnes
2823 5625 3048 5697 inquieti
3073 5637 3128 5685 et
3157 5632 3356 5687 turbidi
3407 5643 3587 5691 motus
3640 5636 3773 5707 ejus,

2203 5723 2263 5770 ut
2285 5715 2459 5770 discat
2492 5716 2675 5772 omnia
2700 5719 2995 5775 secundum
3016 5723 3263 5781 ordinem
3282 5724 3485 5783 facere.
3522 5727 3625 5785 Ubi
3647 5744 3777 5787 vero

2203 5810 2534 5865 sullicienter
2562 5809 2725 5868 fuerit
2755 5815 3013 5885 castigata
3046 5831 3148 5888 pro
3187 5821 3450 5889 moribus,
3510 5839 3634 5881 eum
3677 5842 3773 5882 au-
