3998 6332
317 338 427 399 Ii?

1357 319 1627 379 GLOSSA
1666 318 2066 378 ORDINARIA.
2108 350 2175 363 -
2213 321 2343 379 LIB.
2385 320 2574 379 EXOD

318 459 533 508 ctorem
574 443 860 501 verberum
911 438 1165 505 senserit,
1217 434 1482 494 confitens
1530 432 1659 505 quia
1704 433 1899 503 digitus
1925 433 1980 495 Α
2004 435 2244 490 noctium
2287 434 2506 490 vernale
2546 449 2760 507 semper
2795 444 2880 492 est
2921 436 3341 494 attendendum:
3386 437 3443 494 in
3480 455 3591 511 quo

325 540 420 595 Dei
439 544 539 603 est,
562 543 618 592 et
634 547 825 606 parum
847 529 1135 603 agnitionis
1152 526 1423 599 acceperit
1446 545 1458 580 :
1484 532 1615 580 tunc
1634 523 1905 596 praecipue

318 638 600 701 gestorum
626 637 844 681 suorum
872 621 1125 677 tenebras
1157 618 1301 674 videt
1328 626 1385 673 et
1409 632 1659 673 errorum
1710 615 1905 688 caligi-

320 734 470 784 nem,
502 724 559 773 ct
588 725 716 774 tunc
735 712 1033 769 merebitur
1052 716 1115 766 ut
1142 709 1559 781 exstinguautur
1582 708 1637 763 in
1685 721 1751 763 ea
1796 707 1909 777 pri-

323 810 600 882 mogenita
619 806 861 880 Egypti.
884 803 1077 862 Omnis
1102 804 1250 860 enim
1290 802 1472 858 anima
1499 815 1625 857 cum
1668 801 1735 855 ad
1780 815 1908 872 sup-

319 905 657 978 plementum
702 899 880 957 aetatis
930 897 1164 963 venerit,
1206 906 1263 953 et
1311 894 1460 951 velut
1506 892 1768 949 naturalis
1821 893 1903 948 lex

319 996 555 1067 ceperit
580 994 635 1049 in
669 1007 734 1048 ea
754 991 879 1063 jura
898 1004 999 1045 sua
1029 988 1342 1053 defendere,
1370 986 1577 1058 primos
1598 994 1777 1041 motus
1822 999 1909 1040 se-

320 1089 562 1145 cundum
591 1084 918 1143 desiderium
950 1082 1133 1139 carnis
1151 1081 1421 1152 producit,
1452 1093 1588 1150 quos
1612 1093 1681 1133 ex
1710 1091 1908 1132 concu-

317 1181 605 1255 pisccutiae
640 1178 726 1234 vel
756 1179 852 1233 irae
880 1175 1070 1231 fomite
1101 1174 1185 1229 vis
1217 1173 1488 1229 incentiva
1531 1168 1904 1227 commoverit.

321 1270 479 1327 Unde
512 1268 668 1341 quasi
698 1265 1040 1339 privilegium
1078 1262 1353 1336 singulare
1401 1262 1469 1318 de
1511 1260 1732 1316 Christo
1780 1273 1906 1330 pro-

318 1364 487 1434 pheta
510 1361 679 1417 dicit:
702 1358 960 1429 Butyrum
980 1366 1027 1412 et
1056 1355 1160 1412 mel
1192 1354 1531 1412 manducabit
1552 1371 1575 1419 ;
1601 1354 1907 1426 priusquam

318 1453 486 1523 faciat
511 1460 601 1505 aut
629 1448 862 1520 proferat
889 1445 1141 1516 maligna,
1164 1444 1317 1517 eliget
1355 1444 1544 1521 bonum
1578 1441 1723 1515 (Isa.
1753 1441 1904 1511 vn);

319 1539 931 1613 quoniam'priusquam
981 1535 1119 1592 sciat
1146 1550 1280 1606 puer
1325 1534 1525 1590 bonum
1554 1539 1649 1587 aut
1682 1531 1905 1598 malum,

318 1631 543 1688 resistet
576 1628 814 1693 malitiae,
858 1634 917 1681 ut
962 1625 1128 1698 eligat
1169 1624 1313 1696 quod
1359 1624 1561 1679 bonum
1602 1631 1705 1677 est.
1736 1619 1909 1677 David

317 1735 501 1780 autem
537 1724 605 1779 de
652 1738 711 1779 se
735 1721 867 1777 dicit
903 1740 917 1775 :
951 1720 1158 1775 Delicta
1179 1719 1472 1791 juventutis
1513 1734 1645 1773 mea:
1671 1727 1721 1773 et
1758 1718 1908 1789 igno-

2004 527 2234 600 populus
2272 528 2439 584 Israel
2487 544 2519 584 a
2560 529 2819 585 servitute
2859 529 3078 602 Egypti
3105 528 3392 597 liberatur,
3421 539 3590 604 etge-

2005 634 2110 675 nus
2139 619 2434 674 humanum
2463 618 2722 689 sanguine
2749 617 2953 675 Christi
2990 634 3023 674 a
3067 626 3340 689 potestate
3382 618 3587 679 diaboli

2006 710 2250 782 eripitur.
2287 709 2504 767 Decima
2549 710 2639 767 die
2679 710 2881 767 mensis
2912 710 3120 766 tollitur
3143 725 3339 782 agnus,
3382 718 3581 781 quarto

2004 801 2216 858 decimo
2240 801 2586 858 immolatur:
2618 801 2826 873 quia.in
2864 801 2980 873 lege
2997 801 3181 871 passio
3205 799 3411 857 Christi
3451 800 3590 872 ligu-

2005 904 2178 960 ratur,
2217 895 2494 967 Evangelii
2514 896 2692 968 gratia
2735 904 3059 953 coruscante
3089 895 3378 965 impletur;
3420 895 3588 952 dena-

2006 986 2122 1042 rius
2136 987 2301 1051 enim,
2320 994 2540 1057 propter
2566 987 2902 1059 decalogum,
2929 988 3105 1061 legem
3128 987 3428 1060 signiﬁcat;
3455 1003 3589 1061 qua-

2006 1079 2276 1134 ternarius
2303 1093 2454 1145 vero,
2481 1088 2713 1150 quatuor
2748 1081 3048 1153 evangelia.

2077 1171 2243 1227 Vens.
2282 1171 2339 1237 5,
2366 1170 2422 1227 6.
2457 1202 2529 1213 —
2560 1171 2680 1227 Erit
2706 1181 2900 1240 autem,
2930 1180 3036 1229 etc.
3068 1172 3251 1246 (dum,
3291 1182 3477 1245 quiest.
3516 1172 3587 1228 42

2005 1265 2063 1319 in
2090 1263 2293 1331 Exod,
2323 1271 2454 1319 tum.
2480 1263 2593 1335 III.)
2624 1263 2838 1320 Movere
2867 1272 3048 1336 potest
3074 1265 3165 1320 illa
3198 1264 3421 1331 locutio,
3449 1271 3583 1331 etc.,

2006 1374 2170 1430 usque
2197 1356 2266 1411 ad
2295 1356 2425 1427 quid
2455 1355 2546 1411 illo
2569 1363 2840 1428 prtecepto
2870 1355 3160 1428 ﬁguratum
3186 1354 3277 1412 sit.

2075 1448 2245 1505 Juxta
2272 1465 2422 1520 quem
2452 1449 2638 1515 ritum,
2669 1457 2776 1505 etc.
2810 1447 3121 1520 Allegorice.
3157 1446 3295 1516 Quia
3322 1446 3390 1503 de
3421 1445 3584 1517 justis

2007 1552 2064 1599 et
2083 1543 2461 1614 peccatoribus
2481 1540 2729 1599 Christus
2749 1557 2966 1598 carnem
2992 1541 3309 1612 assumpsit,
3338 1551 3400 1598 ut
3422 1556 3584 1598 nemo

2008 1634 2075 1691 de
2100 1633 2258 1689 venia
2287 1633 2617 1704 desperaret.
2654 1631 2752 1688 Vel
2791 1631 2919 1703 quia
2960 1630 3208 1688 Christus
3235 1630 3435 1688 Iudaeis
3473 1631 3587 1687 ba:-

2007 1728 2109 1784 dus
2136 1735 2286 1794 erat,
2315 1727 2619 1784 dicentibus
2656 1743 2672 1781 :
2712 1725 2815 1781 Hic
2843 1728 2997 1783 homo
3024 1736 3264 1799 peccator
3295 1737 3369 1783 est
3398 1725 3581 1797 (Joan.

319 1819 525 1874 rantias
553 1833 694 1873 meas
724 1831 788 1871 ne
825 1813 1120 1869 mmineris
1157 1809 1350 1884 (Psal.
1385 1826 1513 1867 XXIV
1534 1810 1576 1883 ).
1612 1810 1749 1878 Quia
1776 1825 1894 1882 ergo

2007 1820 2107 1892 IX),
2136 1819 2292 1875 nobis
2334 1827 2514 1875 autem
2552 1834 2722 1892 agnus
2749 1820 2953 1891 absque
2991 1820 3222 1875 macula.
3254 1818 3353 1876 Vel
3373 1819 3501 1891 quia
3525 1820 3584 1874 in

315 1909 375 1966 bi
399 1907 560 1981 primi
588 1907 781 1962 animae
814 1913 992 1960 motus
1037 1903 1337 1960 secundum
1369 1917 1596 1958 carnem
1626 1901 1821 1973 prolati
1844 1903 1899 1956 in

319 2008 609 2072 peccatum
640 2006 825 2062 ruunt,
858 1996 1053 2053 merito
1078 1995 1134 2050 in
1161 1994 1351 2051 morali
1397 1994 1514 2050 Ioco
1540 1994 1900 2065 primogenita

318 2089 700 2161 Egyptiorum
716 2087 989 2158 primitiva
1014 2096 1307 2157 ponuntur,
1333 2088 1461 2157 quia
1482 2086 1902 2158 exstinguuntur

320 2184 367 2238 si
396 2182 617 2253 reliquae
641 2181 765 2237 vita:
813 2179 1155 2236 conversatio
1220 2178 1650 2235 emendatiorem
1698 2176 1900 2248 dirigat

319 2287 567 2333 cursum.
603 2270 698 2328 Sic
724 2285 853 2340 ergo
882 2270 935 2325 in
956 2271 1156 2336 anima,
1188 2284 1351 2339 quam
1372 2269 1457 2324 lex
1485 2268 1668 2323 divina
1694 2267 1763 2322 ab
1803 2282 1896 2322 er-

322 2365 540 2420 roribus
566 2371 871 2434 susceptam
914 2362 1163 2433 castigat,
1196 2360 1558 2432 primogenita
1608 2360 1897 2432 Egyptia-

320 2474 444 2514 rum
471 2457 735 2521 delentur,
780 2456 883 2512 nisi
914 2463 1038 2526 post
1078 2456 1194 2510 base
1244 2454 1427 2509 omnia
1474 2453 1529 2508 in
1577 2453 1897 2509 inﬁdelitate

321 2548 643 2619 perdurans,
682 2545 819 2602 nolit
844 2543 998 2616 jungi
1019 2544 1330 2599 Israeliticae
1353 2543 1532 2615 plebi,
1568 2551 1628 2598 ut
1648 2552 1808 2599 exeat
1832 2544 1899 2602 de

258 2636 285 2655 ⁹
318 2634 586 2708 profundo
601 2644 657 2691 et
669 2635 861 2690 evadat
875 2633 1178 2699 incolumis,
1193 2633 1288 2688 sed
1308 2633 1363 2687 in
1379 2631 1665 2702 iniquitate
1683 2647 1899 2703 perma-

318 2735 467 2791 neat,
519 2733 575 2780 et
629 2724 917 2781 descendat
973 2732 1231 2794 tanquam
1276 2722 1554 2794 plumbum
1600 2725 1656 2778 in
1699 2739 1898 2793 aquam

318 2815 729 2871 validissimam.
775 2813 1038 2883 Iniquitas
1057 2813 1223 2877 enim,
1255 2812 1549 2868 secundum
1573 2811 1896 2869 Zachariam

318 2905 491 2979 (lac.
526 2905 599 2977 v)
623 2945 639 2970 ,
672 2903 823 2960 sedet
887 2918 1049 2974 super
1087 2902 1349 2958 talentum
1387 2901 1591 2973 plumbi
1635 2920 1649 2956 :
1680 2910 1737 2957 et
1779 2903 1899 2959 ideo

315 2997 410 3069 qui
439 3004 719 3068 permanet
748 2995 803 3050 in
837 2994 1142 3065 iniquitate,
1190 3001 1450 3063 tanquam
1496 2993 1776 3064 plumbum
1805 2994 1898 3051 de-

316 3088 582 3157 mergitur
601 3087 657 3141 in
678 3084 1029 3158 profondum.

1999 1910 2344 1966 similitudine
2364 1910 2537 1965 carnis
2558 1911 2755 1982 peccati
2768 1911 3018 1983 apparuit
3029 1918 3085 1966 et
3102 1927 3195 1982 pro
3218 1920 3428 1981 peccato
3449 1926 3585 1965 mor-

2000 2010 2121 2058 tuus
2143 2013 2239 2067 est,
2270 2018 2389 2056 cum
2421 2010 2688 2072 peccatum
2718 2018 2822 2055 non
2841 2001 3054 2056 haberet
3076 2000 3129 2073 (Ι
3165 1997 3313 2054 Petr.
3341 2000 3425 2072 ιι).

2073 2091 2322 2166 (δι-ΜΒ.)
2346 2091 2568 2149 Decima
2595 2091 2685 2147 die
2720 2091 2919 2161 Aprilis
2950 2090 3381 2163 Hierosolymam
3409 2089 3579 2156 venit,

1999 2187 2247 2258 sequenti
2286 2201 2416 2242 vero
2455 2186 2542 2240 die
2577 2193 2835 2255 exceptus
2874 2191 2959 2239 est
2995 2199 3027 2239 a
3062 2184 3235 2239 turbis
3261 2198 3386 2239 cum
3413 2181 3581 2237 ramis

1998 2277 2297 2347 palmarum
2327 2282 2382 2330 et
2404 2273 2602 2330 divinis
2627 2273 2896 2329 laudibus.
2925 2272 3122 2328 Tribus
3148 2271 3372 2343 reliquis
3398 2278 3569 2326 custo-

1998 2367 2142 2423 ditus
2168 2374 2252 2422 est
2274 2381 2305 2420 a
2325 2364 2524 2421 Iudaeis
2550 2379 2721 2435 usque
2750 2364 2819 2419 ad
2842 2371 3090 2433 quartam
3118 2362 3383 2419 decimam
3412 2362 3579 2429 diem,

1998 2460 2053 2515 id
2076 2466 2179 2525 est,
2210 2473 2382 2531 usque
2411 2458 2478 2513 ad
2508 2456 2753 2528 quintam
2782 2454 2994 2522 feriam,
3026 2468 3131 2526 qua
3161 2468 3286 2509 cum
3322 2450 3581 2523 apostolis

1997 2548 2250 2614 coenavit,
2274 2557 2330 2604 et
2362 2554 2485 2619 post
2515 2546 2750 2602 traditus
2776 2554 2881 2601 est.

2068 2639 2232 2696 Vens.
2257 2640 2310 2694 7.
2323 2669 2394 2679 —
2407 2636 2477 2693 Et
2497 2646 2697 2694 sument
2720 2636 2785 2692 de
2798 2637 3054 2707 sanguine
3074 2635 3207 2707 ejus,
3223 2641 3331 2691 etc.
3355 2632 3575 2706 (Cum,

1996 2734 2176 2790 homil.
2200 2731 2272 2789 2‘2
2294 2734 2351 2788 in
2370 2731 2595 2803 Evang.,
2618 2738 2755 2786 tom.
2778 2729 2872 2802 II.)
2897 2728 3132 2800 Sanguis
3150 2728 3387 2799 ponitur,
3410 2741 3581 2798 quan-

1997 2827 2067 2882 do
2086 2842 2191 2882 non
2217 2825 2390 2882 solum
2409 2839 2506 2880 ore
2528 2823 2792 2895 corporis,
2821 2821 2916 2878 sed
2937 2821 3101 2877 etiam
3121 2834 3217 2875 ore
3241 2818 3422 2876 cordis
3444 2821 3579 2875 hau-

1997 2919 2157 2985 ritur,
2198 2924 2328 2983 etc.,
2360 2934 2521 2988 usque
2555 2916 2624 2971 ad
2663 2915 2792 2987 quia
2834 2928 3052 2970 crucem
3079 2913 3350 2986 passionis
3375 2910 3491 2983 ejus
3522 2913 3575 2968 in

1996 3010 2175 3068 fronte
2202 3019 2501 3082 portamus.

2066 3100 2232 3159 Vens.
2274 3100 2328 3156 8.
2364 3130 2435 3141 —
2471 3099 2541 3155 Et
2580 3100 2733 3155 edent
2774 3115 2978 3166 carnes,
3024 3107 3133 3156 etc.
3171 3097 3392 3169 (Cum,
3418 3098 3574 3167 ibid.)

386 3199 555 3255 Vens.
583 3198 636 3252 7.
661 3227 732 3240 --
758 3197 912 3268 Apud
957 3211 1152 3262 omnes,
1192 3200 1299 3249 etc.
1328 3192 1496 3266 (Anc.
1526 3193 1582 3247 in
1621 3192 1759 3249 libro
1789 3191 1893 3247 Lo-
1920 3164 1967 3231 (ἶ
1998 3192 2166 3250 Nocte
2185 3207 2381 3266 agnum
2409 3191 2761 3257 comedimus,
2783 3199 2910 3257 etc.,
2942 3164 3104 3263 usque
3121 3164 3190 3245 ad
3218 3190 3285 3247 de
3306 3164 3576 3245 fermento

312 3288 651 3361 eutionum.)
690 3286 1103 3359 Elegantissima
1156 3284 1357 3340 locutio
1405 3293 1525 3340 est:
1569 3299 1668 3354 per
1698 3299 1889 3341 canem

313 3384 514 3454 quippe
566 3390 867 3436 extremum
919 3378 1263 3449 significavit,
1312 3377 1398 3432 vel
1450 3378 1749 3443 hominum,
1801 3378 1887 3444 vel

310 3488 571 3545 pecorum
620 3489 634 3526 :
690 3471 767 3525 ita
816 3469 1213 3526 commendavit
1274 3476 1474 3539 quanta
1525 3468 1584 3524 in
1649 3467 1891 3528 Hebr-teis

312 3567 470 3639 quies
493 3565 679 3621 futura
697 3572 865 3631 esset,
886 3562 1157 3635 Egyptiis
1178 3561 1379 3618 acerba
1397 3560 1632 3616 orbitate
1655 3559 1894 3615 claman-

312 3658 483 3714 tibus.

385 3770 554 3828 Vns.
582 3770 636 3837 9,
660 3768 835 3824 I0.-—
856 3765 981 3823 Non
1003 3765 1179 3821 audiet
1202 3780 1289 3821 vos
1312 3761 1548 3831 Pharao,
1571 3770 1676 3819 etc.
1704 3760 1888 3836 (Auc.,

312 3874 502 3939 quast.
537 3863 610 3919 40
634 3864 690 3917 in
712 3860 923 3933 Exod.)
945 3859 1225 3929 Tanquam
1245 3873 1382 3930 opus
1406 3855 1570 3912 fuerit
1595 3855 1892 3912 Pharaonis

313 3956 678 4015 inobedientia
698 3963 758 4010 ut
786 3958 937 4026 signa
962 3952 1054 4007 illa
1077 3950 1593 4021 multiplicarentur:
1624 3964 1744 4019 qua:
1776 3947 1887 4002 uti-

312 4049 442 4105 liter
468 4049 669 4103 tiebant
693 4045 761 4100 ad
790 4044 1101 4100 terrendum
1124 4041 1380 4113 pupulum
1424 4041 1543 4107 Dei,
1570 4049 1732 4110 atque
1770 4042 1889 4110 ipsa

312 4135 647 4197 discretione
682 4137 750 4191 ad
777 4136 1031 4206 pietatem
1069 4132 1493 4188 informandum.
1525 4129 1631 4186 Sed
1666 4130 1769 4184 hoc
1791 4128 1888 4185 Dei

311 4232 439 4297 fuit,
470 4228 675 4284 malitia
708 4227 851 4281 illius
875 4225 1057 4281 cordis
1086 4225 1224 4279 bene
1256 4224 1475 4290 utentis,
1511 4237 1620 4279 non
1652 4220 1891 4277 Pharao-

310 4325 401 4380 nis
429 4323 524 4379 Dei
545 4319 805 4392 patientia
825 4317 965 4373 male
989 4315 1280 4371 abutentis.

917 4455 1142 4515 CAPUT
1177 4455 1291 4512 XII.

1994 3288 2137 3344 enim
2159 3287 2372 3344 laudem
2397 3285 2662 3354 immolat,
2686 3285 2781 3358 qui
2802 3285 2914 3344 Deo
2935 3284 3265 3344 sacrificium
3288 3287 3356 3341 de
3382 3287 3574 3357 rapina

1991 3388 2169 3452 parat.

2064 3474 2197 3531 Cum
2234 3475 2475 3543 lactucis,
2503 3484 2611 3531 etc.
2637 3473 2852 3548 (Gutta,
2882 3472 3038 3547 ibid.)
3065 3473 3313 3537 Lactucae
3333 3480 3574 3545 agrestes

1990 3566 2148 3629 valde
2174 3582 2373 3622 amara:
2403 3574 2562 3633 sunt,
2588 3573 2720 3631 etc.,
2751 3581 2910 3636 usque
2936 3566 3006 3619 ad
3036 3573 3096 3619 ut
3121 3563 3423 3635 dispensari
3449 3579 3571 3621 om-

1991 3659 2082 3714 nia
2114 3674 2211 3729 per
2237 3657 2470 3728 Spiritus
2503 3658 2673 3714 sancti
2698 3656 2995 3730 potentiam
3021 3656 3178 3713 sciat.

2065 3749 2226 3804 Vens.
2257 3750 2400 3806 9-H.
2435 3779 2506 3789 —
2543 3746 2711 3821 Caput
2753 3764 2870 3804 cum
2911 3746 3159 3820 pedibus,
3189 3756 3295 3805 etc.
3336 3745 3569 3820 (61130.,

1990 3843 2143 3917 ibid.)
2166 3841 2336 3915 Caput
2358 3842 2553 3898 Christi
2573 3843 2717 3898 Deus
2742 3843 2792 3916 (1
2818 3841 2940 3928 Co‘r.
2970 3843 3069 3918 si).
3097 3842 3272 3915 Caput
3294 3857 3425 3915 ergo
3447 3844 3569 3916 agni

1989 3948 2215 3999 vorare,
2249 3941 2379 3999 etc.,
2424 3949 2586 4003 usque
2623 3933 2692 3987 ad
2730 3947 2890 3988 nemo
2925 3932 2981 3988 in
3020 3932 3180 4004 hujus
3217 3932 3342 3988 vita:
3377 3932 3571 3989 itinere

1992 4032 2222 4094 torpeat,
2251 4040 2319 4080 ne
2348 4026 2403 4080 in
2436 4025 2613 4095 patria
2642 4024 2818 4080 locum
2850 4025 3061 4096 perdat.

2060 4116 2252 4191 (Gnec.
2283 4117 2461 4183 sts.,
2492 4118 2556 4173 de
2587 4117 2710 4172 Vita
2746 4117 2957 4192 Hosis.)
2995 4117 3105 4175 Illis
3142 4130 3323 4173 rerum
3363 4120 3569 4175 involuo

1989 4211 2096 4269 cris
2142 4219 2326 4268 monet
2379 4218 2440 4266 ut
2491 4224 2587 4281 per
2633 4210 2749 4266 haec
2795 4210 3081 4282 aenigmata
3128 4209 3471 4264 considerare
3515 4218 3570 4266 et

1988 4302 2287 4375 intelligere
2333 4302 2564 4359 velimus
2601 4300 2893 4357 transitum
2929 4299 3217 4370 quemdam
3267 4312 3388 4354 esse
3427 4300 3568 4357 hanc

1987 4394 2154 4449 vitam
2190 4401 2451 4448 nostram.
2490 4390 2628 4446 Nam
2660 4398 2848 4461 postea
2886 4403 3049 4459 quam
3085 4388 3311 4461 ingressi
3344 4387 3413 4444 ad
3447 4404 3568 4447 eam

1995 4500 2203 4551 sumus,
2230 4484 2553 4541 necessitate
2579 4483 2813 4554 quadam
2838 4483 2905 4538 ad
2942 4482 3149 4537 exitum
3175 4497 3390 4553 semper
3414 4497 3567 4539 com-

385 4579 551 4633 Vens.
581 4576 699 4632 2-4.
738 4605 811 4616 -
836 4571 1034 4628 Mensis
1072 4573 1190 4637 iste,
1227 4577 1334 4625 etc.
1377 4568 1597 4642 (Ihm)
1656 4567 1755 4625 llic
1802 4575 1888 4657 est
1913 4535 1968 4596 Β
1991 4535 2259 4647 pellimur,
2291 4576 2359 4631 ad
2392 4589 2554 4644 quem
2583 4535 2807 4645 paratos
2832 4588 2933 4630 nos
2956 4587 3077 4630 esse
3101 4573 3217 4629 vult
3239 4535 3488 4630 manibus
3511 4581 3567 4630 et

308 4668 536 4741 Aprilis,
563 4668 654 4738 qui
684 4665 823 4737 apud
879 4662 1134 4718 Hebraeos
1162 4659 1362 4723 Nisam,
1395 4660 1535 4730 apud
1564 4658 1885 4715 Macedones

307 4763 553 4824 Ξανθικός
598 4759 816 4823 dicitur,
860 4762 916 4811 et
968 4753 1166 4810 dicitur
1210 4751 1411 4823 Aprilis
1447 4751 1601 4822 quasi
1641 4751 1880 4821 aperilis,

309 4857 439 4929 quia
467 4864 595 4909 tunc
636 4848 879 4920 aperitur
904 4855 1049 4901 terra
1082 4841 1419 4914 proferendis
1461 4839 1709 4912 virgultis
1755 4841 1881 4896 her-

306 4950 395 5005 bis
441 4960 506 5001 ac
545 4941 769 4998 tioribus
793 4956 807 4993 :
829 4936 914 4993 vel
938 4934 1138 5006 Aprilis
1175 4948 1206 4987 a
1238 4933 1469 4997 Venere,
1495 4931 1651 5001 quasi
1673 4929 1882 5001 Aphro-

305 5040 477 5103 ditis;
511 5014 691 5090 Venus
713 5030 858 5085 enim
896 5026 1084 5083 Graece
1132 5022 1417 5094 Aphrodite
1458 5021 1676 5077 dicitur.
1730 5021 1883 5078 Hune

305 5129 519 5189 Hebraei
539 5127 773 5199 primum
793 5121 1014 5184 habent,
1040 5117 1166 5189 quia
1178 5132 1246 5171 xv
1260 5114 1622 5170 Kalendarum
1644 5114 1761 5185 ejus
1772 5115 1887 5184 pri-

303 5239 397 5282 ma
408 5222 523 5278 dies
536 5217 717 5276 saeculi
733 5215 860 5270 fuit:
889 5218 1082 5283 quarta
1096 5208 1305 5266 decima
1323 5221 1473 5272 vero,
1489 5206 1604 5261 dies
1615 5206 1849 5263 secunda
1865 5224 1881 5273 ;

305 5316 470 5372 tertia
497 5312 732 5376 decima,
780 5306 980 5363 tertia:
1016 5301 1353 5367 duodecima,
1384 5306 1616 5370 quarta:
1647 5314 1755 5371 qua
1800 5298 1885 5355 sol

303 5419 361 5463 et
383 5408 511 5462 luna
540 5404 757 5461 condita
782 5408 927 5465 sunt,
953 5404 1008 5452 et
1040 5404 1169 5450 tunc
1213 5394 1445 5465 primum
1493 5391 1878 5462 aequinoctium

304 5501 448 5566 fuit;
480 5497 562 5553 sol
590 5496 733 5552 enim
765 5493 821 5549 in
847 5492 1076 5553 oriente,
1100 5488 1228 5542 luna
1268 5486 1322 5540 in
1369 5482 1672 5551 occidente,
1697 5485 1875 5555 sphae-

304 5608 426 5650 ram
456 5588 640 5645 mundi
660 5602 728 5643 ex
753 5599 910 5655 aquo
931 5579 1259 5637 dividebant.

1989 4667 2216 4738 pedibus
2250 4667 2565 4738 reliquoque
2592 4668 2661 4722 ad
2692 4665 2800 4723 iter
2823 4674 3105 4738 apparatu.
3141 4665 3222 4721 Ne
3260 4666 3427 4737 igitur
3459 4666 3568 4738 spi-

1991 4760 2077 4816 nis
2115 4759 2168 4814 in
2203 4759 2307 4815 hoc
2353 4756 2525 4814 arduo
2579 4757 2790 4812 vivendi
2836 4757 3030 4812 itinere
3071 4757 3236 4828 pedes
3282 4756 3564 4825 lmdantur,

1989 4868 2100 4909 non
2134 4852 2293 4907 nudis
2318 4849 2574 4923 pedibus,
2607 4849 2704 4905 sed
2743 4849 3056 4906 durioribus
3091 4848 3291 4906 calceis
3322 4863 3571 4904 commu.

1988 4943 2089 4999 niti
2126 4942 2383 4999 itinerare
2418 4940 2696 4996 debemus.
2732 4938 2913 5010 Spinae
2940 4948 3153 5007 autem,
3192 4953 3313 5010 qua
3338 4937 3565 5011 pedibus

1985 5036 2165 5093 infixae
2184 5048 2293 5090 non
2312 5031 2486 5088 solum
2507 5031 2743 5087 retinent
2768 5030 3176 5101 retardantque,
3190 5043 3378 5085 verum
3397 5029 3562 5085 etiam

1985 5134 2243 5193 enecant,
2270 5134 2492 5197 peccata
2528 5132 2686 5190 sunt,
2721 5139 2752 5179 a
2778 5124 2973 5195 quibus
2999 5121 3226 5179 durities
3252 5121 3558 5179 calceorum

1986 5217 2261 5282 defendit,
2295 5216 2579 5273 continens
2614 5214 2900 5279 videlicet,
2938 5213 3116 5271 tenuis
3148 5227 3213 5269 ac
3255 5213 3389 5269 dura
3426 5212 3557 5277 vita,

1986 5327 2105 5384 quae
2133 5310 2375 5369 debilitat
2398 5319 2560 5382 atque
2591 5308 2804 5381 frangit
2821 5308 3097 5379 spinarum
3130 5310 3404 5371 acumina,
3439 5305 3559 5376 qui-

1984 5408 2087 5464 bus
2113 5421 2145 5461 a
2169 5420 2336 5478 parvo
2362 5405 2620 5475 tenuique
2644 5402 2911 5474 principio
2947 5403 3016 5459 ad
3045 5402 3317 5458 anteriora
3337 5440 3352 5465 ,
3383 5413 3557 5469 usque

1984 5509 2204 5571 peccata
2246 5499 2325 5554 sic
2366 5497 2758 5568 ingrediuntur,
2790 5502 2853 5550 ut
2886 5495 3124 5566 poenitus
3163 5491 3433 5549 occidant.
3472 5490 3555 5548 Ad

1985 5599 2125 5654 hanc
2151 5596 2315 5652 vitam
2354 5592 2655 5649 faciendam
2683 5590 2869 5645 talaris
2890 5589 3057 5643 vestis
3088 5595 3145 5642 et
3173 5583 3341 5641 eﬂ'usa
3357 5625 3373 5651 ,
3396 5584 3451 5640 id
3470 5596 3557 5641 est

377 5699 774 5774 (S-rmts.)llie
813 5705 900 5755 est
927 5696 1119 5760 Nisan,
1166 5690 1460 5749 secundum
1492 5689 1769 5755 Hebraeos,
1820 5689 1875 5745 in
1981 5691 2295 5763 voluptuosa
2334 5698 2390 5742 et
2427 5688 2618 5743 vitiosa
2656 5683 2869 5740 vivendi
2906 5682 3074 5747 ratio,
3101 5695 3247 5774 quae
3291 5679 3554 5735 latissime

302 5807 417 5864 quo
438 5790 612 5849 factus
638 5798 722 5847 est
747 5788 997 5852 mundus,
1019 5785 1171 5855 cujus
1190 5781 1539 5851 plenilunium
1567 5787 1688 5852 post
1707 5780 1876 5851 tequi-

1979 5789 2146 5851 patet,
2178 5779 2561 5850 impedimento
2585 5784 2670 5830 est
2697 5792 2709 5830 ;
2739 5785 2907 5844 quare
2937 5768 3152 5839 cingulo
3176 5769 3410 5842 quodam
3441 5777 3553 5825 tra-

3578 2904 3615 2920 κ
