3998 6332
321 376 429 437 εει

315 590 551 662 poribus
577 607 593 643 :
623 603 745 661 qua:
779 602 838 644 se
864 583 1159 658 adiungunt
1183 583 1380 656 populo
1410 583 1527 650 Dei,
1558 592 1619 639 ut
1646 583 1813 640 semel
1843 583 1909 639 de

318 682 432 740 hoc
460 680 662 738 saeculo
693 686 949 753 tauquam
980 674 1047 734 de
1074 674 1311 749 Egypto
1340 676 1658 732 liberentur.

394 770 563 828 Vsus.
590 769 777 829 57-45.
800 802 870 812 —
893 760 1223 842 Profectique
1243 776 1383 833 sunt,
1418 777 1523 825 etc.
1556 767 1734 840 (Ome.
1762 768 1905 823 hom.

319 865 359 921 5
383 866 439 919 in
466 862 689 934 Exod.).
721 862 823 932 Qui
849 860 916 916 de
940 859 1173 932 Egypto
1202 870 1357 931 parat
1380 861 1671 931 proficisci,
1700 861 1791 930 qui
1822 875 1909 915 cu-

319 954 400 1026 pit
431 954 694 1008 obscuros
732 949 913 1007 mundi
948 959 1100 1006 actus
1124 960 1180 1007 et
1202 966 1447 1007 errorum
1476 953 1724 1007 tenebras
1750 951 1910 1007 relin-

319 1036 525 1115 quere,
545 1044 721 1113 primo
746 1042 794 1097 ei
816 1058 880 1097 ex
905 1040 1161 1098 Ramesse
1183 1042 1629 1112 proﬁciscendum
1658 1051 1763 1109 est,
1789 1059 1911 1114 quat

320 1136 718 1206 interpretatur
740 1136 1017 1189 commotio
1037 1136 1209 1188 tineae.
1243 1133 1299 1189 Si
1322 1136 1405 1191 vis
1434 1135 1620 1190 venire
1644 1135 1697 1190 in
1724 1135 1825 1191 hoc
1852 1140 1910 1191 ut

322 1228 470 1282 Deus
497 1228 569 1283 sit
597 1226 691 1283 tibi
718 1227 828 1281 dux
846 1267 861 1292 ,
888 1232 943 1281 et
970 1236 1226 1296 sequatur
1246 1237 1420 1299 petra,
1451 1240 1570 1299 quae
1595 1242 1773 1284 escam
1802 1228 1911 1299 spi-

319 1320 542 1375 ritalem
573 1330 627 1374 et
659 1326 845 1392 potum
880 1318 1112 1391 tribuat,
1152 1319 1237 1373 exi
1274 1320 1340 1375 de
1368 1318 1654 1384 Ramesse,
1695 1335 1763 1376 ne
1796 1320 1910 1375 the-

321 1412 570 1466 saurizes
594 1410 682 1465 ubi
710 1412 853 1466 tinea
876 1411 1221 1474 exterminat,
1247 1420 1301 1466 et
1324 1410 1470 1466 fures
1493 1410 1773 1477 ell‘odiunt,
1800 1420 1904 1468 etc.

395 1500 456 1557 Si
489 1503 562 1556 vis
598 1501 858 1573 perfectus
883 1518 991 1556 esse
1009 1544 1023 1568 ,
1052 1503 1177 1558 vade
1205 1512 1252 1557 et
1283 1504 1441 1559 vende
1471 1505 1645 1561 omnia
1672 1522 1789 1577 quw
1814 1504 1911 1559 Ita-

321 1590 433 1657 bes,
457 1601 505 1646 et
534 1590 605 1647 da
629 1593 964 1665 pauperibus,
987 1603 1033 1648 et
1057 1594 1265 1649 habebis
1289 1596 1586 1651 thesaurum
1611 1598 1665 1652 in
1687 1596 1836 1663 caelo,
1860 1604 1909 1652 et

322 1682 461 1746 veni,
484 1698 695 1753 sequere
719 1699 798 1737 me
821 1678 1033 1754 (Matth.
1054 1684 1152 1754 vi),
1176 1686 1280 1741 hoc
1304 1696 1387 1742 est
1408 1686 1679 1757 proficisci
1708 1688 1774 1745 de
1803 1686 1911 1743 Ra-

322 1790 523 1836 messe.
549 1786 603 1831 et
630 1778 780 1845 sequi
811 1776 1103 1835 Christum.

1358 371 1627 432 GLOSSA
1666 370 2068 431 ORDINARIA.
2110 404 2180 414 —
2216 372 2344 429 LIB.
2386 372 2596 430 EXOD.

318 512 457 554 vasa
484 511 651 554 aurea
680 503 735 553 et
769 500 1059 569 argentea;
1100 508 1224 550 cum
1254 493 1520 561 vestibus,
1566 492 1620 548 id
1652 501 1757 559 est,
1794 506 1913 548 cor-
1941 493 1989 553 Α
2017 489 2119 546 cha
2151 489 2413 561 praecipit,
2442 498 2571 555 etc.,
2600 505 2760 561 usque
2791 490 2860 545 ad
2888 489 3126 562 alioquin
3151 490 3323 565 gratia
3342 490 3458 561 iam
3490 506 3597 548 non
3701 549 3711 559 ,

2013 590 2157 640 esset
2178 584 2376 656 gratia.

2082 675 2246 733 Vsus.
2281 674 2465 731 l3-l5.
2495 706 2564 716 —-
2593 674 2760 731 Omne
2786 682 2959 730 autem
2980 676 3381 748 primogenitum
3415 677 3589 732 homi-

2012 769 2113 835 nis,
2144 778 2249 825 etc.
2277 767 2547 841 (Cursu)
2596 768 2960 841 Primogeuita
2982 768 3264 826 hominum
3287 771 3479 827 redimi
3504 772 3595 843 in.

2014 863 2129 928 bet,
2163 872 2221 917 ut
2246 863 2595 919 homicidium
2626 869 2773 918 vetet
2799 880 2812 917 :
2843 862 2939 934 qui
2969 862 3153 918 omnia
3181 871 3241 919 ut
3268 863 3600 936 incorrupti-

2016 951 2147 1007 biila'
2173 959 2374 1019 essent,
2410 951 2641 1008 creavit.

2081 1044 2298 1123 (Curam,
2345 1050 2437 1106 lib.
2488 1064 2635 1106 xxvn
2688 1048 2906 1116 Morat.,
2944 1064 3063 1120 cap.
3110 1048 3187 1121 I.)
3240 1048 3442 1105 Asinus
3491 1049 3596 1105 im-

2011 1143 2352 1205 munditiam,
2384 1142 2503 1196 ovis
2534 1141 2899 1197 innocentiam
2940 1140 3228 1212 signiﬁcat.
3266 1139 3421 1195 Asini
3462 1155 3599 1214 ergo

2009 1232 2427 1305 primogenitum
2472 1248 2572 1288 ove
2620 1240 2853 1297 mutare,
2882 1238 2968 1287 est
2996 1232 3286 1288 immundae
3315 1233 3442 1287 vitae
3477 1233 3592 1303 pri-

2011 1322 2216 1380 mordia
2246 1325 2563 1381 innocentia:
2595 1323 2945 1394 simplicitate
2969 1332 3307 1388 convertere,
3352 1331 3411 1377 ut
3438 1332 3592 1394 post-

2010 1428 2172 1484 quam
2198 1424 2451 1486 peccator
2478 1415 2567 1470 illa
2607 1415 2714 1487 egit
2754 1426 2874 1485 quze
2912 1424 2975 1470 ut
3017 1415 3293 1471 immunda
3328 1415 3591 1471 Dominus

2012 1506 2235 1577 respuit,
2271 1522 2333 1562 ea
2368 1507 2483 1578 jam
2524 1507 2731 1578 agendo
2760 1504 3144 1578 proferatqute
3190 1506 3284 1561 Dei
3321 1506 3593 1563 sacriﬁcio

2010 1603 2272 1673 imponat.
2302 1600 2502 1656 Omnes
2536 1598 2684 1654 enim
2710 1599 2763 1653 in
2801 1605 3029 1668 peccato
3060 1598 3175 1654 uati
3204 1610 3414 1663 sumus,
3447 1606 3501 1654 et
3527 1614 3597 1655 ex

2011 1696 2191 1752 carnis
2220 1694 2578 1750 delectatione
2604 1693 2873 1762 concepti,
2906 1690 3120 1763 culpam
3143 1691 3468 1763 originalem
3500 1706 3596 1747 no-

2009 1786 2097 1841 bis
2123 1784 2514 1841 contraximus.
2546 1781 2700 1839 Unde
2730 1783 2895 1838 etiam
2933 1782 3212 1837 voluntate
3247 1790 3433 1838 nostra
3469 1796 3595 1852 pec-

393 1865 474 1921 De
509 1865 752 1922 Ramesse
788 1868 843 1922 in
886 1868 1113 1936 Socoth,
1144 1877 1251 1925 etc.
1305 1868 1484 1941 (Ome.
1528 1870 1683 1943 ibid.)
1714 1871 1906 1928 Videa~
1935 1868 1983 1932 Β
2009 1878 2146 1934 catis
2186 1876 2550 1952 impiieamur.
2579 1873 2685 1930 Sed
2723 1881 2779 1929 et
2808 1874 2901 1945 qui
2943 1882 3066 1945 post
3108 1872 3371 1929 malitiam
3412 1873 3596 1930 carnis

320 1976 447 2017 mus
471 1960 593 2032 quis
631 1961 701 2015 sit
729 1970 1032 2017 castrorum
1070 1963 1220 2018 locus
1256 1964 1323 2019 ad
1367 1979 1526 2034 quem
1565 1965 1797 2021 venitur.
1832 1967 1906 2022 De

322 2053 588 2110 Ramesse
616 2064 882 2111 venerunt
904 2054 956 2111 in
985 2054 1208 2121 Socotb,
1228 2056 1369 2127 quod
1400 2057 1791 2128 interpretatur
1818 2066 1903 2112 ta-

321 2142 628 2199 bernacula.
660 2144 791 2201 Cum
821 2163 970 2218 ergo,
1006 2144 1313 2220 relinquens
1346 2148 1663 2221 Egyptum,
1691 2150 1903 2221 discus-

320 2238 461 2295 seris
479 2239 653 2293 tineas
676 2239 838 2294 totius
852 2240 1192 2312 corruptelaa,
1210 2249 1263 2297 et
1283 2220 1535 2296 vitiorum
1558 2220 1905 2298 incitainenta

322 2328 612 2398 rejeceris,
644 2326 909 2384 habilabis
948 2330 1003 2384 lu
1046 2331 1437 2396 tabernaculis,
1469 2332 1665 2401 quibus
1697 2332 1904 2388 scilicet

320 2422 577 2477 nolumus
615 2422 905 2492 exspoliari
945 2422 1039 2480 sed
1078 2424 1451 2494 supervestiri.
1495 2422 1770 2480 Hafeitatio
1808 2416 1904 2479 au°-

321 2520 429 2567 tem
458 2513 927 2569 tabernaculorum
951 2514 1255 2585 expeditum
1283 2513 1482 2570 indicat
1511 2530 1631 2571 esse
1662 2530 1782 2570 eum
1807 2514 1902 2587 qui

318 2603 545 2660 festinat
570 2604 637 2661 ad
670 2608 856 2662 Deum.
883 2606 989 2663 Sed
1020 2620 1119 2663 nec
1146 2609 1197 2663 in
1224 2609 1327 2664 hoc
1352 2610 1602 2664 standum
1631 2618 1714 2664 est
1740 2628 1752 2663 :
1786 2624 1902 2665 mo-

318 2692 493 2751 venda
526 2706 652 2752 sunt
676 2698 837 2752 etiam
870 2706 1049 2753 castra
1084 2701 1150 2756 de
1180 2698 1416 2768 Socoth,
1454 2709 1508 2756 et
1536 2699 1900 2757 festinandum

316 2793 403 2842 est
436 2786 489 2840 in
525 2784 725 2853 Othon,
754 2789 899 2860 quod
928 2790 1314 2860 interpretatur
1340 2794 1490 2862 signa
1524 2793 1619 2859 eis,
1653 2794 1780 2865 quia
1811 2792 1901 2851 hic

318 2878 528 2936 scilicet
558 2881 745 2937 audies
767 2883 909 2953 quod
944 2876 1085 2939 Deus
1111 2884 1398 2940 antecedat
1423 2901 1517 2941 eos
1545 2901 1643 2957 per
1671 2887 1812 2942 diem
1844 2886 1898 2943 in

318 2971 574 3026 columna
594 2972 776 3040 nubis,
805 2981 859 3028 et
883 2986 980 3044 per
1002 2980 1214 3030 noctem
1239 2974 1290 3030 in
1314 2977 1563 3031 columna
1590 2976 1758 3048 ignis;
1789 2994 1897 3035 non

319 3062 355 3117 Ι]
397 3078 427 3117 c
458 3062 511 3117 in
544 3062 833 3131 Ramesse,
867 3080 968 3121 nec
1002 3066 1055 3121 in
1099 3065 1330 3134 Socoth,
1362 3084 1481 3140 qua:
1509 3070 1741 3125 secunda
1772 3078 1899 3128 sunt

317 3160 519 3210 castra.
544 3154 727 3212 Tertia
755 3168 879 3213 sunt
902 3160 953 3215 in
981 3160 1175 3232 quibus
1204 3162 1339 3217 ﬁunt
1365 3164 1516 3233 signa
1543 3164 1721 3220 divina
1749 3182 1764 3220 :
1792 3167 1895 3222 hoc

317 3255 439 3300 erat
459 3244 691 3302 triduum
717 3249 783 3303 ad
810 3251 951 3320 quod
979 3251 1308 3309 festinabant
1330 3252 1506 3310 Moses
1532 3264 1586 3311 et
1613 3254 1814 3323 Aaron,
1842 3266 1897 3313 et

316 3336 725 3395 contradicehat
753 3340 964 3396 Pharao
994 3343 1176 3399 dicens
1202 3362 1215 3398 :
1243 3344 1364 3399 Non
1394 3341 1521 3401 eatis
1544 3344 1768 3418 longius.
1790 3346 1897 3404 No-

316 3424 465 3481 lebat
501 3428 569 3482 ad
598 3428 773 3485 locum
807 3430 1080 3503 signorum
1121 3436 1406 3506 pervenire
1447 3436 1583 3492 lilios
1617 3432 1805 3503 Israel,
1840 3447 1898 3494 ut

316 3528 542 3589 possent
572 3507 718 3575 ter'tii
749 3520 853 3577 diei
882 3520 984 3577 l’rui
1011 3522 1299 3595 mysteriis.
1329 3525 1482 3582 Unde
1510 3522 1634 3580 Ose.
1662 3536 1715 3580 vt
1747 3544 1760 3580 :
1792 3526 1899 3583 Re-

316 3610 587 3664 suscitabit
620 3628 712 3667 nos
751 3611 891 3668 Deus
924 3620 1039 3685 post
1070 3612 1304 3682 biduum,
1352 3625 1400 3670 et
1432 3618 1486 3672 in
1516 3614 1600 3671 die
1634 3618 1786 3672 tertia
1817 3636 1899 3674 re-

317 3717 624 3772 surgemus,
652 3712 700 3758 et
738 3706 962 3760 vivemus
1000 3706 1054 3760 in
1095 3714 1365 3777 conspectu
1393 3708 1525 3779 ejus.
1572 3707 1752 3764 Prima
1783 3710 1898 3766 dies

320 3795 480 3851 nobis
506 3795 703 3851 Christi
731 3799 947 3869 passio;
979 3801 1243 3864 secunda,
1274 3817 1378 3871 qua
1416 3802 1467 3856 in
1497 3800 1769 3858 internum
1802 3803 1895 3858 de-

318 3888 568 3954 scendit;
612 3889 801 3957 tertia,
843 3906 948 3960 qua
996 3893 1288 3947 resurrexit
1324 3912 1336 3947 :
1376 3894 1497 3949 ideo
1531 3894 1584 3947 in
1625 3892 1783 3949 tertia
1810 3894 1899 3951 die

320 3983 678 4037 antecedebat
709 3998 804 4038 eos
845 3998 942 4052 per
983 3986 1123 4040 diem
1165 3986 1218 4041 in
1266 3984 1517 4041 columna
1566 3986 1751 4054 nubis;
1800 4003 1899 4057 per

318 4082 537 4130 noctem
559 4091 707 4141 vero,
738 4075 791 4130 in
816 4076 1063 4132 columna
1092 4078 1249 4151 ignis.
1284 4076 1650 4134 Necessarium
1678 4090 1750 4133 est
1777 4097 1897 4149 ergo

316 4174 378 4218 ut
412 4167 503 4237 qui
529 4166 861 4238 baptisantur
893 4170 948 4224 in
978 4168 1215 4234 Christo,
1248 4170 1301 4224 in
1339 4180 1502 4226 morte
1534 4172 1696 4241 ipsius
1728 4171 1895 4242 bapti-

319 4266 525 4319 zentar,
548 4266 595 4311 et
624 4272 740 4312 cum
764 4258 875 4329 ipso
895 4257 1227 4329 sepeliantur,
1251 4268 1297 4313 et
1321 4259 1405 4314 die
1424 4262 1576 4313 tertia
1604 4264 1894 4329 resurgant,

315 4365 449 4419 quos
475 4347 671 4403 scilicet
699 4366 871 4404 secum
898 4351 1165 4406 suscitavit
1198 4360 1245 4406 et
1274 4350 1393 4422 fecit
1421 4352 1695 4406 consedere
1722 4352 1775 4406 in
1798 4368 1891 4405 cae--

316 4438 534 4495 testibus
561 4440 736 4513 (Rom.
766 4440 862 4514 γι).

393 4532 646 4588 Sescenta
684 4533 792 4605 fere
818 4533 1002 4597 millia,
1032 4542 1136 4590 etc.
1174 4532 1356 4607 (Aum,
1386 4538 1570 4607 quwst.
1592 4534 1704 4605 47.)
1736 4532 1894 4602 Quae-

317 4624 461 4680 ritur
504 4634 686 4679 utrum
723 4625 791 4679 ad
833 4633 1037 4680 tantum
1084 4641 1365 4681 numerum
1396 4632 1757 4697 pervenerunt
1794 4625 1897 4681 He-

317 4720 450 4775 bmzi
480 4735 579 4791 per
606 4736 700 4775 eos
724 4737 893 4775 annos
925 4721 977 4775 in
1003 4718 1395 4793 Egypto,etc.,
1423 4738 1584 4791 usque
1605 4721 1674 4773 ad
1707 4721 1757 4776 id
1790 4728 1892 4787 est,

316 4820 443 4882 post
483 4823 711 4866 mortem
755 4810 951 4883 Ioseph
994 4812 1125 4867 dura
1179 4814 1436 4867 servitute
1472 4813 1714 4882 oppressi
1749 4820 1886 4871 sunt.

380 4889 556 4959 Vens.
584 4898 769 4958 46-51.
792 4935 862 4944 —
882 4902 994 4958 Nec
1019 4904 1182 4969 illius,
1212 4912 1316 4958 etc.
1341 4901 1415 4958 Os
1433 4900 1634 4958 Christi
1662 4902 1712 4956 in
1738 4916 1897 4957 cruce

318 5014 427 5052 non
460 5005 545 5052 est
587 4995 955 5061 confractum,
1001 4995 1125 5067 quia
1164 4994 1407 5050 videntes
1449 5010 1570 5049 eum
1599 4991 1711 5062 jam
1754 5008 1898 5047 mor-

314 5097 506 5153 tuum,
554 5103 660 5142 non
704 5086 981 5159 fregerunt
1014 5086 1131 5157 ejus
1176 5098 1335 5141 crura
1373 5103 1386 5140 :
1429 5083 1513 5140 vel
1549 5083 1715 5139 robur
1752 5083 1892 5137 divis

320 5180 507 5235 uitatis
536 5180 591 5234 in
621 5196 783 5235 carne
819 5197 915 5251 per
952 5178 1340 5250 blasphemiam
1368 5190 1472 5232 non
1504 5173 1891 5246 corrumpitur,

319 5272 449 5342 quia
479 5286 588 5327 non
614 5280 698 5327 est
721 5287 889 5343 purus
912 5272 1093 5337 homo,
1124 5271 1217 5325 sed
1243 5282 1403 5324 verus
1430 5266 1592 5322 Deus.

916 5381 1141 5437 CAPUT
1180 5378 1312 5435 XIII.

393 5454 559 5512 Vsus.
600 5453 716 5509 2-8.
763 5484 832 5494 —
883 5451 1166 5521 Sancti/ica
1215 5452 1343 5506 mihi
1386 5466 1536 5505 omne
1579 5450 1897 5521 primogeni-

318 5561 451 5613 tum,
468 5556 573 5602 elc.
590 5544 724 5614 Quia
750 5542 919 5600 occidi
943 5544 1120 5597 omnia
1143 5542 1497 5613 primogenita
1521 5536 1897 5612 [Egyptiorum

319 5640 375 5698 in
410 5638 727 5694 liberatione
754 5645 953 5691 vestra.

394 5732 559 5786 Vsus.
598 5728 753 5785 9-I2.
778 5727 935 5782 —Et
966 5727 1061 5781 erit
1108 5727 1257 5798 quasi
1306 5727 1532 5797 signum,
1577 5731 1679 5779 etc.
1705 5723 1891 5796 (Auc.,

319 5830 506 5895 quiest.
533 5820 604 5878 48
635 5821 691 5875 in
720 5818 939 5890 Exod.).
972 5818 1109 5887 Quid
1137 5826 1221 5871 est
1245 5815 1388 5887 quod
1413 5816 1488 5871 ait
1519 5829 1640 5870 cum
1682 5814 1749 5870 de
1772 5828 1894 5887 pas-

2009 1964 2077 2025 ad
2121 1968 2485 2023 innocentiam
2533 1965 2873 2021 convertitur
2924 1965 3130 2028 cordis,
3161 1963 3592 2036 primogenitum

2008 2060 2145 2116 asini
2191 2068 2364 2114 nmtat
2388 2072 2507 2124 ove,
2542 2057 2805 2113 malitiam
2838 2058 3052 2113 scilicet
3080 2058 3284 2128 prioris
3317 2059 3462 2112 vitae.
3489 2056 3592 2125 Qui

2006 2150 2152 2205 enim
2182 2148 2357 2220 qualis
2405 2148 2556 2220 prius
2591 2147 2693 2202 fuit
2733 2148 2933 2203 desinit
2972 2160 3113 2214 esse,
3152 2154 3207 2203 et
3254 2148 3593 2219 apprehensa

2005 2242 2185 2298 carnis
2228 2241 2490 2297 munditia
2543 2242 2909 2296 innocentiam
2957 2239 3217 2306 custodit,
3258 2240 3312 2295 in
3362 2240 3592 2296 oblatio-

2004 2350 2127 2391 nem
2152 2332 2248 2388 Dei
2275 2328 2696 2404 primogenitum
2726 2331 2866 2386 asini
2890 2344 2990 2386 ove
3019 2330 3267 2385 mutavit.

2076 2426 2234 2482 Vsus.
2277 2425 2362 2480 I6.
2386 2455 2456 2465 —
2482 2420 2548 2479 Et
2584 2424 2738 2496 quasi
2780 2436 3085 2495 appensum.
3110 2421 3223 2478 Hoc
3251 2420 3389 2477 male
3420 2420 3587 2476 intel-

2002 2516 2228 2589 ligentes
2278 2514 2469 2582 Judaei,
2514 2516 2739 2588 pictatia
2791 2515 2875 2569 vel
2916 2512 3253 2587 phylacteria
3315 2514 3585 2585 capitibus

2000 2606 2465 2677 circumligabant,
2491 2606 2544 2661 in
2567 2607 2765 2678 quibus
2795 2605 2982 2662 decem
3014 2603 3181 2661 verba
3210 2604 3417 2675 scripta
3448 2610 3577 2658 ante

2000 2700 2187 2756 oculos
2217 2700 2510 2755 habebant.

2073 2792 2234 2847 Vsus.
2278 2790 2362 2846 Π.
2392 2821 2452 2831 --
2481 2788 2655 2861 Igitur
2675 2802 2792 2844 cum
2816 2789 3090 2856 emisisset,
3119 2792 3225 2844 etc.
3250 2787 3271 2859 (
3286 2782 3457 2845 Gate.
3489 2786 3582 2844 Iib.

2002 2892 2128 2935 mv
2182 2880 2377 2936 Moral.
2409 2894 2528 2951 cap.
2560 2879 2667 2951 l5).
2703 2878 2858 2951 Stepe
2901 2878 3147 2935 conversi
3180 2878 3235 2933 in
3275 2878 3394 2949 ipso
3437 2878 3586 2933 aditu

1999 2986 2110 3030 sua:
2156 2971 2529 3029 conversionis
2580 2972 3023 3043 tranquillitatem
3050 2973 3251 3038 carnis,
3282 2970 3420 3027 dona
3454 2986 3583 3043 pro.

1997 3068 2214 3140 pbetiae,
2241 3067 2657 3139 praedicamenta
2686 3067 2965 3133 doctrinae,
2996 3066 3271 3139 signorum
3325 3065 3585 3122 miracula

1997 3158 2080 3213 vel
2107 3159 2336 3228 gratiam
2365 3157 2703 3213 curationum
2744 3157 3032 3227 accipiunt.
3062 3152 3254 3212 Postea
3291 3154 3441 3213 duris
3472 3168 3589 3213 ten-

1922 3229 1967 3292 (ἶ
2001 3252 2264 3305 tationum
2302 3249 2713 3320 probationibus
2744 3247 3061 3320 fatigantur,
3087 3262 3117 3303 a
3171 3247 3365 3318 quibus
3388 3247 3587 3304 liberos

2000 3358 2058 3399 se
2088 3358 2207 3398 esse
2237 3341 2571 3397 credebant:
2605 3342 2732 3411 quia
2760 3341 2805 3396 si
2836 3342 2889 3396 in
2918 3341 3187 3412 principio
3222 3341 3584 3397 tentationum

1999 3434 2305 3491 amaritudo
2341 3434 2598 3503 pulsaret,
2632 3431 2789 3488 facile
2829 3432 2894 3487 ad
2923 3433 3053 3487 vitia
3091 3433 3352 3499 redirent,
3389 3448 3420 3487 a
3459 3433 3582 3502 qui-

1996 3529 2098 3583 bus
2144 3543 2250 3583 non
2279 3527 2434 3597 longe
2460 3530 2820 3581 recesserunt.
2853 3520 2929 3580 De
2956 3524 3191 3596 Egypto
3211 3539 3342 3596 ergo
3383 3538 3584 3581 exeun-

1997 3618 2143 3673 tibus
2169 3634 2199 3673 e
2221 3617 2398 3672 vicino
2418 3616 2553 3672 bella
2578 3614 2976 3671 subtrahuntur
3008 3635 3021 3670 :
3052 3617 3179 3688 quia
3233 3616 3585 3687 relinquenti-

1996 3709 2098 3766 bus
2131 3708 2386 3765 saeculum
2412 3707 2655 3779 quaedam
2682 3707 2833 3779 prius
2864 3706 3225 3778 tranquillitas
3256 3706 3579 3771 ostenditur,

1998 3818 2067 3858 ne
2114 3803 2168 3857 in
2216 3803 2329 3874 ipsa
2371 3800 2729 3858 teneritudine
2766 3806 2821 3854 et
2856 3798 3202 3875 inchoatione
3243 3798 3467 3863 turbati,
3511 3796 3581 3854 ad

1998 3898 2098 3952 hoc
2119 3895 2262 3967 quod
2284 3894 2634 3965 reliquerant,
2656 3893 2874 3948 redeant
2903 3908 2917 3947 τ
2940 3890 3090 3963 prius
3110 3906 3239 3962 ergo
3262 3892 3583 3947 suavitatem

1998 3989 2305 4046 securitatis
2356 3995 2616 4052 sentiunt,
2648 3986 2798 4058 prius
2824 3986 2975 4057 pacis
3010 3985 3191 4055 quiete
3230 3988 3580 4047 nutriuntur;

1999 4090 2121 4153 post
2165 4082 2437 4153 cognitam
2470 4096 2599 4136 vero
2651 4079 2987 4136 dulcedinem
3037 4085 3190 4133 tanto
3246 4074 3582 4132 tolerabilius

2002 4175 2357 4230 tentationum
2430 4173 2727 4228 certamina
2787 4172 3056 4225 sustinent
3115 4176 3320 4239 quanto
3363 4168 3418 4221 in
3472 4167 3581 4221 Deo

1998 4266 2160 4321 altius
2184 4272 2549 4335 cognoverunt
2580 4278 2700 4335 qua:
2729 4247 2930 4316 ament.

2074 4356 2233 4411 Vsus.
2282 4355 2457 4410 18-20.
2482 4384 2553 4395 —
2580 4352 2704 4407 Non
2753 4368 2839 4406 eos
2870 4351 3022 4405 duxit
3060 4348 3224 4414 Deus,
3253 4356 3360 4403 etc.
3397 4346 3576 4419 (Auc.,

2002 4456 2183 4519 qutest.
2226 4446 2335 4516 49).
2362 4444 2461 4500 Hic
2498 4439 2809 4499 ostenditur-
2842 4441 3025 4497 omnia
3065 4439 3181 4495 fieri
3222 4438 3419 4495 debere
3461 4450 3581 4508 qua:

2000 4537 2225 4593 consilio
2274 4544 2421 4591 recte
2477 4533 2592 4588 ﬂeri
2632 4540 2885 4604 possunt,
2942 4530 3011 4586 ad
3054 4530 3305 4587 evitanda
3351 4544 3413 4584 ea
3462 4544 3581 4599 qua:

2000 4629 2222 4683 adversa
2251 4634 2395 4692 sunt,
2426 4625 2589 4679 etiam
2626 4638 2750 4679 cum
2796 4622 2938 4678 Deus
2987 4622 3324 4695 apertissime
3367 4619 3581 4691 adiutor

1999 4727 2083 4774 est
2111 4716 2302 4790 (Epist.
2331 4716 2400 4771 ad
2423 4714 2604 4781 Dam.,
2638 4703 2768 4770 tom.
2800 4714 2861 4784 I).

2070 4808 2141 4862 Et
2171 4808 2367 4863 armati
2398 4802 2745 4862 ascenderunt
2771 4805 2894 4877 filii,
2922 4812 3032 4863 etc.
3052 4804 3328 4878 (Ηῐειιοπ.)
3357 4805 3575 4877 Aquila,

1999 4901 2089 4972 qui
2124 4917 2229 4955 non
2278 4899 2667 4966 contentiosus,
2701 4908 2759 4953 ut
2788 4906 2996 4970 putant,
3027 4903 3121 4955 sed
3151 4900 3422 4953 studiosus
3450 4912 3569 4954 γον,

1997 4995 2126 5050 bum
2167 4994 2553 5063 interpretatur
2577 4992 2643 5046 ad
2670 4992 2913 5056 verbum,
2946 4991 3034 5046 ubi
3084 4988 3225 5046 LXX
3257 5000 3574 5062 posuerunt,

1995 5085 2177 5156 quinta
2210 5094 2384 5137 autem
2432 5083 2764 5154 generatione
2803 5084 3149 5137 ascenderunt
3181 5083 3280 5151 filii
3318 5081 3492 5136 Israel
3511 5082 3576 5137 tle

1995 5185 2134 5227 terra
2161 5172 2402 5243 zEgypti,
2430 5172 2730 5237 transtulit,
2755 5180 2804 5226 et
2838 5162 3030 5226 armati
3074 5173 3423 5227 ascenderunt
3470 5173 3570 5241 ﬁlii

1997 5264 2168 5319 Israel
2196 5266 2258 5320 de
2283 5273 2423 5320 terra
2445 5264 2683 5336 zEgypti,
2714 5263 2843 5320 licet
2861 5276 2961 5334 pro
2989 5278 3055 5319 eo
3078 5264 3222 5335 quod
3255 5280 3354 5320 nos
3382 5264 3574 5318 annali

1998 5357 2251 5421 diximus,
2284 5354 2581 5412 secundum
2620 5354 2795 5411 Graeci
2846 5356 3113 5410 sermonis
3162 5355 3567 5427 ambiguitatem

1999 5449 2238 5503 instructi
2262 5446 2348 5503 vel
2374 5448 2563 5502 muniti
2598 5456 2820 5519 propter
2853 5444 3242 5516 supellectilem
3267 5458 3375 5514 quo
3400 5442 3568 5514 Egy-

2000 5542 2138 5611 ptios
2172 5538 2621 5611 exspoliavcrunt,
2647 5538 2819 5610 possit
2859 5537 3105 5607 intelligi.
3148 5536 3254 5590 Sed
3282 5536 3371 5588 ubi
3404 5533 3566 5599 LXX,

1999 5643 2179 5703 quinta
2205 5631 2532 5702 generatione
2565 5637 2879 5700 posuerunt,
2904 5629 2993 5697 qui
3026 5627 3372 5681 Hebraeorum
3403 5624 3570 5679 libros

1997 5724 2283 5795 diligenter
2336 5722 2706 5791 inspexerunt,
2748 5736 2854 5775 non
2903 5718 3124 5788 quinta,
3157 5715 3251 5771 sed
3301 5717 3564 5788 quinque,

1996 5816 2255 5887 scriptum
2281 5811 2534 5879 atterunt,
2560 5820 2619 5866 ut
2639 5812 2711 5868 sit
2736 5824 2929 5866 sensus
2958 5828 2970 5863 :
2998 5807 3240 5881 quinque
3267 5817 3446 5865 autem
3483 5822 3569 5861 as-
