3998 6332
392 347 499 407 223
892 331 1289 388 WALAFRlDl
1329 329 1577 387 STRABI
1611 329 1814 385 FULD.
1857 329 2025 386 MON.
2066 329 2217 386 OPP.
2260 327 2440 412 PARS
2473 328 2514 383 l.
2551 358 2622 372 --
2659 325 3114 383 THEOLOGICA.
3545 330 3651 387 22L

392 457 694 516 cendel'llm
732 451 830 508 ﬁlii
871 451 1035 506 Israel
1087 452 1154 505 de
1196 459 1340 504 lem!
1384 447 1625 519 Egypti;
1649 447 1793 516 quod
1840 448 1968 518 quia
1997 452 2046 512 Α
2072 463 2204 520 ergo
2234 447 2400 503 turris
2423 463 2492 502 ex
2518 447 2602 502 his
2635 447 2804 502 ardua
2831 456 2888 501 et
2919 444 3136 501 excelsa
3159 445 3472 513 virtutibus;
3501 447 3653 517 quod

392 551 574 609 minus
631 546 916 602 videbatur
964 542 1212 614 intelligi,
1249 539 1500 610 adjuncta
1547 539 1822 610 generatio
1869 550 1970 594 est.
2077 540 2266 595 videns
2303 539 2514 594 Pharao
2536 538 2702 594 dicit:
2736 537 2938 592 Errant
2961 536 3072 592 isti.
3105 535 3259 608 Apud
3281 535 3650 602 Pharaonem,

395 640 592 712 Aquila
617 653 772 703 vero,
797 646 857 692 et
884 637 940 690 in
977 634 1210 697 caeteris,
1247 640 1301 688 et
1325 632 1379 686 in
1408 631 1510 686 hoc
1536 631 1808 702 praecipue
1828 631 1973 695 loco,
2079 631 2173 702 qui
2201 631 2370 686 Deum
2401 631 2646 701 sequitur
2683 644 2869 685 errare
2901 629 3122 696 dicitur,
3152 630 3280 700 quia
3310 631 3418 686 iter
3441 631 3660 702 sapien-

397 731 614 803 proprie
636 726 982 784 transtulisse
1010 724 1232 786 dicitur,
1261 721 1405 778 sicut
1428 736 1824 793 synagogarum
1848 735 1978 776 con-
2078 724 2168 779 tia:
2218 731 2544 786 tortuosum,
2577 723 2776 778 multas
2822 722 3028 777 habens
3069 720 3412 779 difﬁcultates
3453 733 3509 778 et
3563 738 3663 778 an-

403 830 599 880 sonant
619 821 872 875 universa
896 815 1176 870 subsellia.
2081 814 2306 870 fractus.
2336 813 2395 868 Si
2438 813 2749 868 conﬁtearis
2779 828 2944 866 unum
2971 810 3190 868 Patrem
3222 812 3571 878 invisibilem,
3603 823 3664 868 et

472 913 652 983 (Anc.,
683 917 866 981 quiest.
926 907 1042 976 53.)
1075 905 1271 972 Quinta
1333 913 1508 958 autem
1559 905 1825 974 progenie,
1871 910 1977 958 etc.
2081 920 2246 960 unum
2286 903 2620 974 unigenitum
2667 902 2784 972 ejus
2821 900 3008 958 Jesum
3050 901 3354 971 Christum,
3383 911 3440 960 et
3487 921 3660 960 unum

403 1005 596 1063 Utrum
630 1000 942 1073 progeniem
974 999 1030 1052 in
1053 989 1284 1052 'cen'tum
1321 995 1476 1050 annis
1499 994 1614 1048 vult
1641 1001 1980 1064 computare,
2083 996 2344 1066 Spiritum
2391 1003 2660 1060 sanctum,
2717 1003 3037 1058 tortuosum,
3068 993 3284 1051 diﬁicile
3331 1004 3388 1051 et
3433 995 3670 1052 incredi-

404 1103 534 1155 etc.,
582 1108 744 1163 usque
782 1090 849 1144 ad
879 1088 1092 1144 Naason
1119 1087 1303 1159 genuit
1333 1085 1573 1140 Salmon.
2083 1087 2190 1142 bile
2213 1087 2430 1142 videtur
2454 1087 2557 1142 hoc
2593 1087 2648 1140 in
2695 1086 3021 1141 inﬁdelibus.
3057 1085 3116 1141 Si
3153 1086 3292 1142 dicis
3333 1087 3506 1143 Deum
3544 1104 3668 1144 ma—

475 1184 638 1238 Vnns.
673 1182 860 1237 21-22.
900 1178 1244 1234 —Dominus
1288 1186 1462 1231 autem
1501 1175 1823 1247 prtrcedebat
1869 1191 1980 1242 eos,
2079 1180 2292 1250 jestatis
2315 1177 2637 1234 cruciﬁxum
2662 1177 2831 1232 ﬁlium
2876 1178 3113 1233 hominis
3138 1191 3277 1243 esse,
3303 1179 3395 1248 qui
3423 1179 3490 1234 de
3522 1181 3668 1236 caelo

407 1285 511 1332 etc.
539 1274 744 1345 (Οιιια.)
771 1273 904 1328 Cum
930 1288 958 1325 a
991 1279 1043 1327 te
1089 1270 1266 1326 tertiae
1305 1269 1411 1324 diei
1457 1269 1772 1339 mysterium
1819 1268 1986 1322 fuerit
2087 1271 2403 1326 descendit:
2433 1277 2679 1324 tortuosa
2721 1268 2975 1324 videntur
3013 1267 3128 1324 haec
3169 1275 3224 1324 et
3263 1266 3537 1335 difﬁcilia;
3573 1272 3668 1340 qui

407 1375 702 1436 receptum,
735 1364 958 1434 incipiet
989 1372 1039 1417 te
1078 1361 1348 1416 deducere
1377 1360 1520 1416 Deus
1545 1368 1600 1415 et
1629 1361 1772 1415 viam
1796 1360 1986 1418 salutis
2089 1363 2237 1417 audit
2257 1362 2383 1432 (nisi
2427 1376 2551 1416 eum
2595 1359 2700 1415 ﬁde
2743 1359 2970 1432 audiat),
3001 1359 3132 1414 dicit
3159 1359 3286 1430 quia
3325 1368 3511 1415 errant
3555 1361 3670 1416 isti.

407 1457 714 1513 ostendere.
2089 1453 2194 1508 Sed
2247 1462 2306 1507 tu
2359 1452 2499 1508 ﬁxus
2536 1461 2654 1508 esto
2704 1453 2758 1506 in
2810 1453 2911 1506 hac
2967 1451 3089 1518 ﬁde,
3119 1452 3297 1507 sciens
3349 1453 3475 1522 quia
3527 1454 3672 1508 Deus

479 1546 695 1618 (Gneo)
735 1546 794 1601 ln
845 1546 969 1618 igne
1016 1553 1195 1600 terror
1221 1585 1236 1609 ,
1286 1545 1344 1599 in
1395 1547 1536 1601 nube
1591 1545 1817 1600 visionis
1866 1545 1988 1601 lene
2089 1544 2327 1601 ostendit
2353 1545 2450 1599 tibi
2487 1545 2628 1600 hanc
2645 1544 2787 1598 viam
2827 1543 2974 1610 ﬁdei,
3002 1544 3094 1613 qui
3125 1543 3245 1598 ait:
3288 1543 3565 1600 Tollentes
3600 1545 3672 1601 de

411 1638 862 1693 blandimentum.
917 1637 1060 1702 Dies,
1084 1637 1194 1690 vita
1242 1633 1404 1704 justi;
1456 1652 1601 1700 nox,
1661 1637 1984 1708 peccatoris.
2091 1636 2271 1691 Othon
2309 1643 2512 1701 castra,
2543 1634 2804 1692 collocato
2849 1635 2996 1691 inter
3031 1635 3328 1706 Epauleum
3357 1648 3411 1693 et
3448 1637 3674 1709 Magda-

415 1727 566 1782 Unde
591 1719 789 1798 Ephes.
813 1743 847 1782 v
876 1745 888 1780 :
914 1725 1118 1780 Fuistis
1147 1724 1433 1796 aliquando
1460 1727 1706 1792 tenebrw,
1731 1743 1867 1782 nunc
1888 1745 1988 1780 au-
2092 1731 2222 1786 lum.

415 1832 515 1876 tem
544 1820 634 1874 lux
664 1822 720 1874 in
753 1820 996 1885 Domino,
1027 1827 1132 1874 etc.
1159 1819 1217 1873 ln
1245 1819 1452 1890 dieper
1497 1821 1695 1876 nubem
1736 1821 1984 1876 columna
2015 1822 2065 1883 B
2160 1821 2391 1878 Fuisset.
2449 1822 2690 1894 (Ontc.)
2741 1822 2977 1894 Fugiens
3028 1821 3323 1894 [Egyptum
3383 1825 3538 1880 venis
3605 1824 3674 1881 ad

415 1922 714 1969 monstrata
737 1920 838 1978 est,
861 1922 917 1968 et
941 1914 994 1967 in
1017 1921 1177 1969 nocte
1213 1927 1312 1983 per
1340 1914 1539 1984 ignem;
1576 1915 1704 1983 quia
1734 1915 1988 1984 omnipo-
2091 1917 2459 1972 ascensionem
2495 1915 2677 1986 operis
2704 1924 2761 1970 et
2788 1915 2940 1979 ﬁdei,
2972 1922 3026 1971 et
3050 1916 3118 1970 ad
3143 1915 3430 1972 aediﬁcium
3456 1918 3623 1973 turris
3656 1937 3670 1972 :

416 2015 534 2061 tens
566 2007 706 2061 Deus
739 2015 794 2061 et
821 2005 1048 2062 blandus
1086 2006 1274 2077 justis,
1307 2014 1362 2062 et
1402 2005 1660 2061 terribilis
1707 2007 1993 2076 apparebit
2090 2010 2241 2064 venis
2287 2011 2355 2065 ad
2395 2024 2564 2075 mare,
2593 2017 2649 2063 et
2689 2016 2984 2064 occurrunt
3030 2007 3128 2063 tibi
3173 2007 3367 2065 ﬂuctus
3411 2011 3672 2065 tentatio-

419 2097 615 2167 impiis.
642 2096 750 2152 Hos
781 2097 850 2151 ad
869 2096 1132 2166 judicium
1164 2097 1402 2161 veniens,
1437 2111 1534 2165 per
1557 2097 1798 2152 lenitatis
1841 2111 1992 2151 man—
2093 2117 2241 2156 num.
2272 2101 2423 2157 Unde
2463 2101 2506 2156 ll
2537 2101 2678 2156 Tim.
2708 2116 2769 2156 ιιι
2804 2119 2817 2155 :
2845 2098 2948 2166 Qui
2995 2101 3132 2155 enim
3177 2100 3352 2157 uolunt
3385 2103 3468 2172 pie
3509 2103 3678 2158 vivere

419 2187 760 2244 suetudinem
802 2189 1024 2251 mulcet,
1054 2187 1175 2242 illos
1211 2202 1310 2257 per
1339 2187 1563 2258 iustitiae
1592 2187 1991 2242 districtionem
2093 2197 2148 2250 ίη
2185 2193 2414 2260 (ΖΙιοῡειο,
2456 2195 2865 2267 persecutionem
2908 2195 3214 2266 patiuntur,
3267 2196 3396 2266 quia
3444 2197 3678 2252 tentatio

419 2287 603 2335 terret.
660 2278 834 2333 Aliter
885 2278 1134 2333 columna
1191 2279 1348 2334 nubis
1375 2279 1444 2333 in
1497 2292 1680 2334 eremo
1733 2279 1991 2350 populum
2092 2287 2202 2341 vita
2226 2295 2410 2342 nostra
2443 2294 2526 2342 est
2553 2301 2717 2357 super
2744 2291 2966 2341 tcrra'm.
2999 2286 3106 2342 Sed
3133 2288 3179 2342 si
3210 2287 3452 2360 Moysen,
3504 2289 3560 2343 id
3589 2300 3676 2346 est

415 2370 664 2442 praeibat,
694 2377 750 2424 et
770 2368 1052 2440 splendore
1081 2369 1219 2441 ignis
1256 2384 1363 2424 non
1394 2369 1448 2424 in
1485 2370 1591 2435 die,
1621 2370 1714 2425 sed
1750 2371 1805 2424 in
1833 2379 1994 2426 nocte
2093 2377 2265 2447 legem
2309 2377 2427 2443 Dei,
2473 2377 2750 2448 sequeris,
2781 2377 3046 2448 [Egyptus
3097 2387 3153 2434 te
3199 2379 3516 2435 insectatur.
3562 2381 3673 2438 Sed

419 2461 664 2516 radiabat
693 2479 705 2514 :
733 2460 860 2530 quia
882 2459 1132 2516 Christus
1155 2461 1584 2516 conversationis
1607 2477 1720 2516 suae
1749 2461 1994 2550 exemplo
2092 2472 2214 2528 vide
2251 2472 2378 2542 quid
2421 2471 2550 2527 ﬁet:
2577 2471 2808 2538 Levaoit,
2854 2473 3052 2544 inquit,
3075 2474 3297 2545 angelus
3319 2475 3561 2544 Domini,
3583 2479 3677 2549 qui

423 2556 675 2610 ducatum
702 2554 1050 2624 sequentibus
1078 2562 1360 2624 praestans,
1386 2556 1451 2608 de
1469 2552 1680 2623 justitia
1707 2570 1804 2610 sua
1825 2554 1995 2610 conﬁ-
2095 2562 2427 2616 antecedebat
2449 2571 2622 2616 castra
2655 2562 2854 2630 Israel,
2895 2575 2942 2618 et
2970 2564 3099 2618 abiit
3125 2575 3238 2636 post
3271 2565 3410 2622 illos.
3443 2567 3680 2624 Eleoarit

423 2647 674 2702 dentibus
702 2646 846 2700 nulla
875 2646 994 2700 luce
1031 2645 1260 2711 claruit;
1294 2655 1642 2716 peccatorum
1669 2660 1798 2700 vero
1843 2654 1996 2700 tene-
2094 2661 2140 2704 et
2163 2651 2459 2706 columnam
2497 2653 2645 2706 nubis
2677 2671 2710 2706 a
2731 2653 2866 2722 [acie
2888 2671 3089 2719 eorum,
3120 2665 3170 2710 et
3204 2658 3344 2711 stetit
3371 2669 3488 2728 post
3532 2659 3675 2724 illos,

424 2741 550 2794 bras
589 2739 1025 2810 agnoscentibus,
1057 2738 1181 2809 igne
1219 2737 1303 2792 sui
1334 2738 1536 2792 amoris
1577 2735 1804 2792 infulsit.
1837 2737 1996 2793 Chri-
2095 2752 2145 2796 et
2185 2743 2395 2798 intravit
2427 2745 2567 2798 inter
2607 2755 2781 2798 castra
2819 2744 3192 2816 AEgypliorum
3230 2757 3280 2802 et
3325 2747 3522 2803 Israel.
3548 2748 3676 2805 Haec

425 2839 543 2886 stus
585 2832 754 2886 nubes
785 2839 842 2886 et
887 2830 1156 2895 columna,
1191 2830 1318 2899 quia
1367 2839 1565 2895 rectus,
1597 2838 1652 2885 et
1698 2829 1907 2896 ﬁrmus,
1940 2839 1998 2886 et
2098 2834 2344 2890 columna
2389 2834 2548 2889 nubis
2585 2834 2782 2905 popqu
2823 2834 2920 2890 Dei
2969 2834 3200 2891 efﬁcitur
3252 2852 3440 2893 murus
3473 2855 3487 2892 :
3518 2837 3685 2910 Egy-

425 2923 652 2978 fulciens
698 2923 1068 2978 inﬁrmitatem
1125 2932 1386 2990 nostram;
1412 2925 1540 2994 quia
1579 2932 1736 2979 nocte
1785 2924 1994 2988 lucens,
2097 2927 2228 2996 ptiis
2272 2926 2500 2996 imponit
2548 2927 2829 2992 tenebras;
2883 2943 2991 2982 non
3042 2928 3368 2986 transfertur
3425 2931 3681 2988 columna

427 3031 522 3086 per
562 3017 703 3072 diem
732 3031 841 3072 non
869 3017 1074 3082 lucens,
1112 3025 1168 3069 ut
1209 3017 1296 3086 qui
1328 3033 1431 3071 non
1459 3017 1649 3082 vident,
1685 3017 1918 3081 videant;
1947 3027 1998 3071 et
2101 3017 2239 3088 ignis
2271 3017 2338 3071 ad
2363 3015 2668 3088 Egyptios,
2692 3026 2752 3072 ut
2773 3018 2995 3072 videant
3025 3018 3199 3074 lucem
3237 3033 3252 3072 :
3283 3019 3376 3075 sed
3403 3021 3591 3086 nubis,
3620 3029 3686 3076 ut

425 3109 514 3177 qui
543 3107 736 3174 vident,
766 3109 889 3162 croci
920 3108 1050 3176 ﬁant
1098 3106 1281 3177 (Joan.
1306 3109 1403 3178 rx).
1429 3107 1632 3162 Christi
1679 3123 1892 3178 quoque
1919 3122 1997 3163 sa-
2103 3107 2155 3162 in
2191 3107 2428 3163 tenebris
2455 3116 2731 3173 maneant,
2761 3109 2887 3178 quia
2917 3107 3224 3164 dilexerunt
3260 3112 3535 3178 tenebras,
3569 3127 3686 3167 non

427 3208 762 3254 crumentum
791 3208 1044 3269 tanquam
1071 3199 1126 3253 in
1150 3200 1236 3254 die
1264 3198 1608 3254 manifestmn
1639 3200 1797 3253 estin
1829 3215 1994 3255 carne
2025 3180 2072 3244 ο
2105 3201 2294 3255 lucem.
2327 3200 2393 3254 Et
2432 3209 2487 3254 tu
2513 3215 2642 3269 ergo
2673 3200 2716 3254 si
2747 3201 2815 3253 ab
2837 3198 3108 3271 Egyptiis
3142 3203 3384 3266 recedas,
3416 3203 3460 3258 si
3483 3203 3549 3258 dc
3586 3220 3690 3274 po—

429 3293 573 3347 velut
614 3293 666 3346 in
702 3293 842 3348 nube
879 3293 979 3346 :in
1015 3291 1221 3361 judicio
1245 3307 1374 3348 vero
1401 3301 1657 3362 tanquam
1697 3293 1751 3347 in
1793 3303 2001 3350 terrore
2102 3299 2298 3345 testate
2343 3290 2645 3346 daemonum
2691 3288 2887 3360 fugias,
2910 3292 3034 3346 vide
3075 3301 3278 3361 quanta
3333 3293 3428 3348 tibi
3476 3309 3691 3365 praepa-

428 3394 711 3450 nocturno;
739 3385 864 3454 quia
895 3393 1026 3440 tunc
1057 3386 1162 3440 erit
1189 3400 1382 3456 magna
1408 3385 1707 3450 tribulatio,
1741 3396 2001 3455 tanquam
2101 3389 2287 3436 rantur
2311 3381 2532 3446 auxilia,
2562 3381 2854 3438 dummodo
2884 3382 2939 3437 in
2979 3381 3084 3438 ﬁde
3113 3383 3270 3440 fortis
3307 3401 3632 3456 permaneas
3667 3405 3684 3442 :

427 3477 566 3548 ignis
587 3477 786 3533 lucebit
803 3478 982 3548 justis,
1019 3488 1075 3533 et
1102 3477 1313 3533 ardebit
1338 3477 1573 3546 injustis.
2103 3488 2202 3527 nec
2228 3473 2605 3544 Egyptiorum
2641 3473 2916 3542 equitatus
2944 3484 2998 3530 et
3018 3476 3292 3545 quadrigae
3317 3485 3686 3548 perterreant,

1013 3567 1237 3624 CAPUT
1276 3567 1415 3623 XIV.
1679 3567 1686 3574 ’
2101 3578 2202 3618 nec
2245 3563 2509 3618 reclames
2548 3571 2739 3620 contra
2766 3563 2862 3619 Dei
2891 3563 3091 3635 legem,
3124 3565 3180 3620 id
3210 3574 3291 3621 est
3326 3567 3570 3639 Moysen,
3601 3569 3688 3622 di-

502 3659 662 3715 Vsus.
701 3660 756 3713 2.
789 3689 857 3699 -—
880 3657 1250 3724 Phihahiroth,
1276 3676 1392 3728 qua:
1413 3669 1489 3714 est
1515 3662 1651 3715 inter
1672 3660 1998 3732 Magdalum,
2102 3671 2229 3712 cens
2279 3675 2292 3709 :
2329 3656 2600 3727 Tanquam
2631 3674 2735 3712 non
2761 3669 2928 3713 essent
2959 3659 3200 3729 sepulcra
3241 3663 3297 3715 in
3327 3661 3580 3732 zEgpr,
3607 3663 3687 3718 ita

428 3758 531 3804 etc.
560 3749 759 3814 (0816.,
785 3749 928 3802 hom.
951 3748 984 3802 5
1009 3751 1064 3802 in
1089 3748 1287 3818 Exod.)
1308 3749 1594 3805 Videamus
1616 3765 1736 3820 qua:
1757 3752 1842 3806 via
1866 3767 2003 3820 prm—
2103 3747 2329 3800 eduxisli
2361 3763 2473 3801 nos.

430 3839 990 3911 cipitureligenda.De
1011 3839 2000 3909 Othon,inquit,conversi,itcrfacite
2177 3837 2336 3891 VERS-
2376 3837 2560 3892 11-12.
2611 3869 2680 3880 -
2736 3839 2988 3895 Forsitan
3046 3858 3149 3896 non
3199 3853 3344 3896 erant
3403 3843 3684 3914 sepulcra,

431 3934 574 3988 inter
595 3932 890 4001 Epauleum
927 3940 982 3986 et
1009 3931 1333 4002 Magdalum,
1361 3933 1504 4002 quod
1531 3940 1614 3987 est
1636 3941 1825 3988 contra
1847 3933 2002 3988 Beel-
2103 3930 2235 3984 etc?
2289 3929 2491 3999 (Ontc.,
2533 3932 2712 3986 homil.
2766 3933 2799 3987 5
2851 3934 2905 3986 in
2946 3934 3146 4005 Exod.)
3204 3934 3331 3990 Haec
3380 3935 3687 3992 fatiscentis

433 4025 657 4094 sephon,
691 4033 799 4078 etc.
827 4023 1123 4094 Epauleum
1145 4025 1378 4077 ascensio
1409 4023 2000 4095 tortuosa.Magdalum
2105 4021 2160 4075 in
2197 4021 2496 4077 tentatione
2524 4024 2690 4077 animi
2731 4027 2898 4080 verba
2930 4033 3052 4080 sunt
3079 4026 3305 4082 :beatus
3332 4033 3418 4082 est
3469 4028 3561 4096 qui
3607 4028 3690 4082 sic

429 4117 613 4181 turris,
639 4116 969 4188 Beelscphon
1005 4117 1239 4172 ascensio
1267 4117 1513 4188 speculw,
1542 4117 1622 4172 vel
1657 4118 1852 4172 habens
1883 4135 2002 4188 spe-
2105 4111 2431 4166 tentationes
2456 4114 2657 4184 excipit
2687 4115 2909 4169 utnulla
2936 4117 2988 4170 ei
3023 4117 3278 4188 cogitatio
3309 4119 3688 4189 ambiguitatis

433 4209 630 4275 culum,
663 4209 1068 4280 interpretatur.
1097 4208 1364 4264 Credebat
1395 4209 1622 4264 forsitan
1653 4210 1797 4280 quod
1824 4218 2004 4265 osten-
2105 4204 2350 4274 obrepat.
2391 4204 2553 4260 Petro
2603 4207 2768 4261 etiam
2811 4207 3010 4262 dicitur
3049 4207 3240 4263 Matth.
3280 4225 3377 4263 xm
3411 4227 3422 4263 :
3458 4209 3687 4265 Modica!

431 4300 583 4356 deret
619 4299 758 4354 Deus
797 4299 1018 4368 planum
1047 4299 1152 4354 iter
1199 4305 1256 4353 et
1302 4298 1485 4364 molle,
1511 4299 1606 4354 sed
1641 4299 1889 4354 ascensio
1921 4307 2006 4354 est
2105 4297 2248 4366 ﬁdei,
2270 4294 2448 4368 quare
2476 4299 2766 4353 dubitasti?
2791 4299 3127 4356 Tentationis
3155 4309 3210 4354 et
3240 4300 3548 4372 fragilitatis
3571 4303 3688 4360 haec

430 4401 486 4447 et
515 4400 772 4446 tortuosa.
795 4375 912 4444 Non
942 4391 1086 4446 enim
1110 4391 1350 4460 proclive
1378 4391 1480 4446 iter
1515 4401 1599 4446 est
1634 4405 1741 4460 quo
1765 4391 2005 4446 tenditur
2107 4391 2272 4445 verba
2302 4400 2445 4448 sunt.
2469 4392 2718 4462 Alioquin
2749 4393 2943 4448 falsum
2970 4403 3073 4460 est,
3115 4395 3309 4464 melius
3334 4405 3420 4451 est
3454 4397 3602 4453 enim
3629 4399 3685 4452 in

432 4483 498 4537 ad
544 4481 769 4538 virtutes
793 4523 808 4546 ,
834 4482 929 4537 sed
981 4481 1289 4536 ascenditur
1335 4489 1561 4552 anguste
1601 4492 1656 4538 et
1697 4480 1998 4538 diﬂiculter.
2030 4541 2078 4554 __
2107 4493 2292 4535 eremo
2328 4482 2467 4535 mori
2520 4498 2682 4551 quam
2729 4481 3001 4554 Egyptiis
3045 4486 3270 4540 servire.
3299 4485 3401 4553 Qui
3441 4488 3589 4546 enim
3630 4489 3685 4543 in

432 4576 586 4634 Unde
616 4575 800 4630 Matth.
832 4591 946 4631 vn:
981 4576 1138 4629 Arcta
1172 4587 1246 4629 est
1279 4577 1416 4629 enim
1442 4584 1490 4630 et
1517 4587 1739 4646 angusta
1777 4577 1859 4631 via
1887 4593 2004 4646 quae
2029 4541 2084 4602 Β
2109 4585 2293 4626 eremo
2340 4572 2604 4637 moritur,
2655 4574 2758 4628 hoc
2968 4575 3114 4646 quod
3160 4585 3445 4646 separatus
3489 4587 3573 4633 est
3619 4579 3689 4632 ab

431 4669 574 4720 ducit
604 4666 671 4720 ad
695 4667 871 4720 vitam.
898 4665 993 4720 Est
1027 4681 1155 4736 ergo
1184 4666 1287 4720 iter
1326 4681 1431 4736 quo
1466 4668 1733 4722 inceditur
1768 4667 2003 4721 ascensio
2109 4663 2398 4734 IEgyptiis,
2432 4665 2483 4718 id
2517 4672 2600 4720 est
2631 4667 2933 4722 rectoribus
2961 4667 3308 4722 tenebrarum
3342 4677 3398 4724 et
3448 4683 3480 4722 e
3528 4677 3687 4739 pote-

432 4771 687 4826 tortuosa,
727 4767 783 4814 et
817 4759 1052 4813 ascensio
1102 4758 1324 4829 specula:
1353 4758 1436 4814 vel
1475 4757 1669 4814 habens
1718 4758 2000 4830 speculam.
2109 4763 2249 4809 state
2271 4755 2504 4820 Satanae,
2531 4756 2973 4826 babuitaliquem
3000 4757 3327 4827 profectum,
3365 4758 3579 4814 etiamsi
3621 4759 3690 4814 ad

431 4853 690 4908 Ascensio
747 4851 814 4905 ad
888 4859 1043 4906 actus
1095 4851 1370 4920 pertinet,
1413 4851 1632 4920 specula
1693 4850 1762 4904 ad
1806 4849 2001 4918 ﬁdem;
2108 4846 2378 4917 integrum
2433 4863 2538 4902 non
2587 4848 2760 4918 potuit
2815 4849 3125 4918 pervenire.
3167 4848 3358 4904 Melius
3411 4856 3496 4904 est
3540 4850 3688 4904 enim

431 4945 734 5001 ostenditur
760 4958 889 5013 ergo
925 4943 1052 5012 quia
1101 4951 1156 4996 et
1198 4943 1251 4997 in
1283 4941 1494 4997 actibus
1521 4950 1576 4997 et
1606 4941 1661 4996 in
1703 4940 1808 4994 ﬁde
1836 4940 2004 4995 multa
2109 4937 2405 5007 perfectam
2465 4941 2633 4996 vitam
2669 4941 2926 5010 quaerenti
2972 4941 3026 4996 in
3062 4941 3258 4998 itinere
3317 4941 3476 5008 mori,
3522 4957 3688 5011 quam

431 5047 517 5093 est
546 5035 849 5101 diﬁicultas,
876 5035 1076 5090 multus
1104 5035 1287 5090 labor:
1310 5035 1492 5090 multa:
1511 5035 1654 5089 enim
1678 5033 2005 5089 tentationes
2110 5051 2209 5090 nec
2235 5036 2528 5106 proﬁcisci.
2561 5036 2714 5093 Unde
2761 5053 2948 5094 eorum
2977 5039 3192 5094 videtur
3221 5039 3333 5094 falli
3362 5040 3569 5110 opinio,
3594 5040 3688 5110 qui

433 5128 592 5184 nobis
655 5134 981 5192 occurrunt,
1038 5127 1206 5182 multa
1270 5125 1593 5182 offendicula
1619 5165 1633 5190 ,
1700 5125 2004 5182 volentibus
2108 5126 2234 5181 dum
2269 5127 2497 5182 arduum
2525 5135 2580 5182 et
2601 5127 2961 5198 periculosum
2989 5129 3094 5183 iter
3116 5130 3336 5185 virtutis
3366 5139 3649 5200 exponunt
3671 5170 3686 5193 ,

433 5235 592 5294 agere
617 5235 736 5291 quae
767 5221 860 5276 Dei
905 5228 1050 5276 sunt.
1077 5221 1281 5284 Deinde
1306 5220 1362 5274 in
1403 5218 1506 5272 ﬁde
1545 5217 1715 5273 multa
1759 5217 2003 5273 invenies
2108 5233 2210 5272 nec
2232 5219 2596 5288 incipiendum
2623 5219 2889 5289 judicant.
2923 5221 3115 5276 Melius
3139 5231 3224 5276 est
3245 5224 3388 5278 enim
3413 5223 3468 5278 in
3490 5224 3688 5278 itinere

433 5323 692 5375 tortuosa,
725 5311 986 5382 plurimas
1034 5311 1384 5380 quzestiones,
1417 5308 1748 5378 obiectiones
1783 5310 2000 5365 haereti-
2107 5309 2265 5375 mori,
2296 5325 2460 5379 quam
2500 5311 2641 5366 inter
2683 5311 2968 5385 IEgyptios
3009 5315 3190 5368 necari
3241 5325 3298 5370 et
3323 5313 3476 5370 falsis
3524 5324 3688 5384 atque

429 5420 638 5471 corum,
687 5404 1146 5460 contradictiones
1195 5401 1488 5458 inﬁdelium
1525 5403 1672 5458 :hoc
1716 5417 1844 5474 ergo
1897 5405 2002 5460 iter
2108 5401 2307 5456 amaris
2333 5402 2580 5459 ﬂuctibus
2601 5406 2777 5460 obrui.

431 5500 695 5569 agendum
735 5507 819 5553 est
865 5497 1211 5568 sequentibus
1255 5496 1560 5550 Dominum.
1591 5495 1699 5550 Sed
1740 5505 1798 5551 et
1837 5500 2002 5555 turris
2184 5494 2344 5548 Vens.
2379 5493 2565 5549 l5-M.
2597 5528 2666 5537 -
2691 5496 2968 5568 IEgyptt'os
3014 5499 3149 5553 enim
3189 5515 3318 5570 quos
3365 5515 3520 5564 nunc,
3574 5509 3681 5554 etc.

430 5601 512 5648 est
559 5592 614 5646 in
651 5592 753 5646 hoc
792 5591 1018 5654 itinere,
1052 5589 1118 5643 de
1156 5603 1264 5657 qua
1303 5587 1501 5642 dicitur
1542 5586 1652 5642 Luc
1695 5603 1787 5642 xw
1827 5607 1839 5642 :
1871 5588 2000 5654 Quis
2111 5589 2474 5660 (Auc.qutrst.
2498 5587 2609 5642 Sin
2633 5587 2831 5660 Exod.)
2859 5587 3003 5643 Sicut
3025 5591 3163 5644 enim
3183 5590 3382 5645 vidistis
3401 5589 3686 5662 Egyptios

431 5697 652 5742 vestrum
693 5683 865 5740 volens
909 5682 1097 5737 turrim
1143 5680 1444 5748 (adi/icore,
1490 5697 1591 5734 non
1633 5681 1779 5749 prius
1821 5681 2000 5735 sedens
2111 5680 2286 5744 hodie,
2323 5697 2425 5734 non
2468 5682 2736 5750 apponetis
2774 5681 2996 5751 amplius
3026 5681 3194 5736 videre
3227 5699 3313 5737 eos
3343 5683 3398 5737 in
3425 5694 3683 5740 retentum

430 5785 690 5830 comburat
738 5784 995 5845 sumptus,
1025 5773 1070 5828 si
1110 5771 1260 5825 habet
1306 5771 1442 5825 unde
1485 5771 1760 5841 perﬁciat?
1785 5771 1888 5828 Ista
1918 5782 2002 5826 est
2113 5782 2330 5841 tempus.
2363 5773 2644 5838 Quomodo
2686 5781 2863 5828 autem
2899 5783 3019 5829 31ml
3062 5774 3373 5830 accipienda
3418 5775 3534 5830 haec
3562 5790 3682 5830 vcr-

3969 4809 3971 4860 λ

3969 5679 3971 5712 4

3969 5749 3971 5826 1

3970 5869 3971 5936 l

3970 5981 3971 6010 ι

3970 6189 3971 6265 l
