3998 6332
1321 371 1582 432 GLUSSA
1673 372 2021 430 RDINARIA.
2061 403 2130 418 --
2165 373 2292 431 LIB.
2331 373 2536 432 EXOD.

303 481 491 546 verba,
517 495 642 537 cum
668 483 900 540 viderint
927 495 1116 556 postea
1143 485 1402 542 Israelitae
1434 485 1761 558 Egyptios?
1794 486 1877 540 An
1905 490 1960 552 Α
1983 486 2116 559 legis
2137 498 2192 544 et
2213 490 2486 561 vigilantia
2511 491 2944 563 Scripturarum;
2969 497 3073 552 iter
3111 498 3206 554 tibi
3234 499 3554 571 disputando

303 575 434 644 quia
462 574 553 629 isti
588 575 682 645 qui
727 583 854 632 tunc
879 578 1156 644 videbant,
1189 593 1298 633 non
1341 593 1434 634 eos
1467 579 1694 635 ulterius
1728 579 1879 634 vide-

303 674 452 732 runt,
483 667 610 736 quia
657 667 812 722 etilli
849 669 1048 723 mortui
1097 677 1224 724 sunt
1267 670 1360 740 qui
1407 672 1798 741 sequebantur,
1825 679 1881 724 et

302 759 397 815 isti
443 775 634 816 omnes
678 761 906 832 quisque
950 762 1036 818 die
1076 762 1268 818 mortis
1313 763 1466 818 suae"!
1497 761 1634 817 Nam
1677 763 1879 833 posteri

301 869 494 910 eorum
531 853 787 909 viderunt
805 862 1050 926 posteros
1083 856 1318 912 illorum.
1345 857 1452 922 An,
1479 871 1586 911 non
1609 871 1704 911 eos
1728 855 1878 910 vide-

302 948 434 1004 bitis
467 947 609 1004 sicut
638 949 818 1016 hodie,
850 950 1256 1022 intelligendum
1283 959 1388 1017 est,
1419 967 1527 1006 non
1554 951 1695 1007 sicut
1720 951 1880 1006 hodie

300 1051 691 1112 persequentes
715 1049 770 1096 et
812 1040 1080 1108 inimicos,
1115 1051 1174 1098 ut
1221 1042 1370 1097 nulla
1400 1042 1474 1097 sit
1511 1042 1740 1112 quaestio
1781 1056 1881 1096 nec

302 1137 372 1193 de
399 1143 606 1193 aeterno
641 1144 886 1206 tempore
928 1136 1071 1207 quod
1100 1137 1188 1190 hic
1213 1137 1415 1206 posuit,
1447 1137 1573 1206 quia
1599 1136 1702 1191 etsi
1734 1135 1882 1190 vide-

301 1229 440 1284 bunt
472 1243 530 1284 se
563 1227 781 1299 utrique
825 1237 1068 1300 tempore
1093 1227 1536 1293 resurrectionis,
1564 1243 1672 1282 non
1712 1227 1793 1283 sic
1821 1234 1882 1281 ut

301 1325 486 1381 hodie.

375 1415 540 1470 Vens.
574 1413 760 1468 15-17.
793 1443 865 1455 —
889 1413 1030 1480 Quid
1056 1413 1252 1469 clamas
1280 1415 1348 1468 ad
1373 1413 1500 1468 me?
1527 1421 1630 1468 etc.
1663 1411 1881 1484 (Gnncq

303 1508 476 1563 Voces
513 1506 654 1578 apud
684 1522 842 1562 aures
869 1505 967 1562 Dei
989 1522 1093 1562 non
1123 1505 1328 1561 faciunt
1351 1505 1516 1560 verba
1539 1512 1750 1569 nostra,
1787 1503 1881 1559 sed

300 1596 596 1652 desideria.
623 1595 906 1651 IEternam
927 1597 1070 1651 enim
1096 1596 1262 1650 vitam
1289 1596 1334 1651 si
1360 1610 1455 1651 ore
1484 1595 1737 1664 petimus,
1783 1609 1884 1650 nec

299 1687 465 1742 corde
484 1686 870 1752 desideramus,
895 1685 1190 1742 clamantes
1217 1696 1487 1740 tacemus:
1505 1685 1551 1739 si
1574 1698 1704 1738 vero
1723 1684 1885 1739 corde

300 1779 676 1833 desideramus
707 1819 721 1842 ,
770 1794 865 1834 ore
930 1787 1219 1843 tacemus,
1273 1784 1512 1832 tacentes
1565 1776 1879 1831 clamamus.

1978 595 2076 650 per
2105 583 2446 640 adversarios
2483 587 2681 655 pande,
2708 597 2762 642 et
2783 589 2975 644 cedent
3017 592 3174 647 unda:
3199 593 3416 660 victori,
3447 596 3553 652 mi-

1979 670 2332 742 rantibusque
2367 682 2422 728 et
2446 683 2662 744 stupore
2712 676 2904 734 deﬁxis
2932 681 3024 750 qui
3050 689 3184 738 ante
3212 685 3553 740 contradice-

1981 759 2133 826 bant,
2157 761 2416 832 legitimis
2439 765 2860 836 disputationum
2885 768 3042 826 lineis
3064 781 3271 828 rectum
3301 774 3426 830 ﬁdei
3453 776 3558 832 iter

1981 851 2213 918 secabis,
2247 862 2303 907 et
2341 854 2395 908 in
2439 863 2646 912 tantum
2686 858 2948 916 doctrinae
2991 863 3157 918 verbo
3201 865 3470 934 proﬁcies,
3497 877 3555 923 ut

1983 942 2254 998 auditores
2301 945 2398 1011 tui,
2428 960 2562 1016 quos
2609 957 2662 1002 tu
2705 950 2760 1004 in
2787 951 2950 1007 verba
2996 953 3130 1024 legis
3169 958 3417 1025 erudisti,
3441 957 3554 1028 jam

1984 1042 2172 1089 contra
2193 1034 2503 1108 Egyptios,
2525 1039 2672 1094 velut
2699 1039 2894 1098 ﬂuctus
2917 1046 3104 1112 maris,
3131 1047 3430 1120 insurgent,
3457 1065 3554 1106 nec

1981 1126 2157 1182 solum
2199 1128 2532 1201 impugnent,
2575 1133 2669 1188 sed
2709 1143 2765 1190 et
2799 1145 3055 1206 superent
3093 1147 3150 1192 ct
3189 1140 3555 1214 exstinguant.

1983 1218 2290 1292 Exstinguit
2315 1223 2460 1276 enim
2485 1222 2796 1295 Egyptum,
2825 1229 2917 1298 qui
2946 1244 3052 1284 non
3083 1231 3195 1300 agit
3219 1247 3384 1302 Opera
3410 1244 3558 1289 tene-

1983 1309 2227 1376 brarum,
2257 1312 2348 1382 qui
2386 1328 2496 1368 non
2527 1315 2842 1382 carnaliter,
2881 1320 2976 1373 sed
3017 1320 3370 1388 spiritualiter
3399 1324 3551 1391 vivit;

1985 1401 2078 1470 qui
2128 1402 2485 1472 cogitationes
2543 1405 2792 1462 sordidas
2839 1407 2925 1462 vel
2976 1411 3140 1466 corde
3185 1412 3425 1483 expellit,
3475 1413 3562 1468 vel

1986 1494 2206 1548 omnino
2246 1510 2353 1550 non
2391 1496 2598 1568 recipit,
2631 1499 2925 1554 secundum
2967 1500 3098 1556 illud
3125 1503 3328 1574 Eph.vt
3355 1523 3368 1559 :
3395 1505 3561 1561 Assu-

1987 1593 2199 1639 mentes
2225 1594 2434 1640 scutum
2455 1585 2604 1653 ﬁdei,
2630 1595 2690 1642 ut
2711 1589 2930 1659 possitis
2956 1605 3137 1646 omnia
3164 1593 3384 1666 maligni
3425 1596 3562 1664 igni-

1990 1685 2045 1731 ta
2093 1674 2272 1743 jacula
2324 1679 2688 1752 exstinguere.
2741 1681 2856 1738 Hoc
2897 1697 3026 1754 ergo
3063 1686 3225 1741 modo
3276 1703 3563 1758 possumus

1989 1767 2154 1850 etiam
2201 1767 2486 1842 [Egyptios
2533 1772 2694 1828 hodie
2736 1774 2918 1831 videre
2971 1786 3234 1843 mortuos,
3268 1788 3323 1833 et
3386 1780 3561 1850 ipsum

303 1869 458 1924 unde
503 1870 556 1924 in
597 1885 782 1926 eremo
826 1886 946 1926 cum
987 1871 1215 1941 populus
1242 1869 1462 1926 vocibus
1499 1876 1881 1939 ρενειι-ορενει,
1915 1880 1964 1944 Β
1991 1849 2353 1927 Pharaonem,
2377 1862 2424 1916 si
2451 1869 2599 1944 tanta
2642 1863 2748 1920 ﬁde
2775 1865 3043 1932 vivamus,
3068 1876 3129 1922 ut
3155 1869 3297 1924 Deus
3322 1849 3565 1926 conterat

302 1973 355 2014 et
377 1961 550 2016 Moses
587 1977 616 2016 a
643 1962 872 2033 strepitu
897 1964 1184 2018 verborum
1207 1970 1430 2027 taceret,
1457 1961 1623 2017 silens
1645 1961 1879 2028 auditur,

303 2064 356 2108 ct
405 2055 603 2109 dicitur
654 2055 744 2109 ei:
786 2053 927 2120 Quid
971 2053 1166 2108 clamas
1213 2054 1282 2108 ad
1339 2055 1468 2107 me?
1507 2053 1564 2107 In
1615 2053 1884 2108 desiderio

302 2148 444 2202 enim
475 2146 682 2201 clamor
723 2155 965 2202 secretus
1004 2162 1110 2202 non
1136 2146 1384 2216 pervenit
1411 2145 1479 2200 ad
1503 2161 1662 2200 aures
1694 2145 1886 2200 huma-

303 2255 428 2303 nas,
458 2239 672 2294 divinas
694 2239 881 2310 replet.

375 2331 581 2402 (09.10.,
609 2340 667 2383 ut
692 2329 898 2401 supra.)
927 2329 1078 2384 Nulla
1113 2345 1218 2384 vox
1243 2328 1409 2399 Moysi
1443 2329 1678 2392 auditur,
1706 2338 1761 2384 et
1784 2327 1886 2383 Do-

305 2422 484 2477 minus
520 2421 652 2476 dicit
683 2440 694 2474 :
731 2419 869 2488 Quid
896 2420 1092 2475 clamas
1120 2421 1188 2474 ad
1224 2422 1350 2474 me?
1384 2419 1555 2474 Velim
1587 2419 1728 2474 scire
1755 2434 1887 2488 quo-

307 2515 471 2569 modo
503 2514 680 2569 sancti
709 2513 947 2568 clamant
972 2513 1087 2568 sine
1116 2527 1247 2568 voce
1277 2512 1344 2566 ad
1381 2511 1569 2565 Deum.
1601 2509 1888 2580 Apostolus

306 2606 375 2660 ad
400 2604 522 2659 Gal.
550 2605 635 2668 tv',
675 2603 807 2658 dicit
839 2621 851 2657 :
893 2603 1030 2668 Quia
1079 2603 1223 2656 dabit
1277 2602 1412 2656 Deus
1465 2601 1718 2672 Spiritum
1758 2599 1886 2654 Filii

307 2699 388 2751 sui
419 2702 475 2750 in
518 2696 763 2750 cordibus
803 2697 994 2749 nostris
1031 2693 1346 2748 clamantem
1375 2692 1578 2758 :Abba,
1609 2691 1789 2746 Pater.
1824 2692 1892 2745 Et

307 2787 455 2843 addit
485 2806 498 2840 :
525 2787 630 2858 ipse
652 2784 879 2857 Spiritus
905 2783 1195 2856 interpellat
1221 2801 1316 2854 pro
1347 2783 1490 2838 nobis
1521 2783 1795 2854 gemitibus
1817 2784 1890 2837 in—

305 2879 709 2936 enarrabilibus.
737 2879 802 2934 Et
835 2879 1033 2934 iterum
1063 2878 1220 2933 Rom.
1239 2893 1333 2932 vm
1361 2892 1377 2929 :
1411 2877 1514 2942 Qui
1544 2887 1718 2931 autem
1744 2893 1888 2931 scru-

307 2985 452 3029 tatur
499 2974 694 3039 corda,
730 2975 825 3027 scit
875 2973 1000 3043 quid
1047 2971 1299 3026 desideret
1345 2971 1580 3041 spiritus.
1625 2969 1716 3025 Sic
1759 2984 1890 3039 ergo

306 3068 612 3139 postulante
634 3066 838 3136 Spiritu
875 3075 1064 3120 sancto
1094 3078 1190 3135 per
1227 3063 1496 3118 silentium
1525 3063 1733 3117 clamor
1766 3077 1890 3116 san-

307 3171 523 3215 ciorum
542 3157 777 3214 auditur.
801 3155 1027 3212 Jubetur
1050 3155 1224 3211 Moses
1242 3155 1392 3226 virga
1413 3162 1696 3224 percutere
1718 3168 1886 3217 mare,

1989 1951 2246 2008 Satanam
2291 1953 2393 2010 sub
2431 1933 2661 2024 pedibus
2703 1958 2904 2014 nostris
2931 1956 3187 2016 velociter
3240 1975 3340 2031 per
3379 1960 3560 2018 Jesum

1984 2040 2277 2099 Christum.

2056 2133 2216 2192 Vens.
2259 2137 2445 2193 19-20.
2483 2169 2550 2178 -—-
2581 2139 2890 2213 Tollensque
2933 2161 2988 2198 se
3029 2145 3244 2216 angelus
3284 2146 3401 2214 Dei,
3449 2158 3554 2206 etc.

1986 2225 2232 2299 (Summ)
2267 2227 2523 2299 Angelus,
2553 2231 2645 2302 qui
2685 2235 2898 2287 nuntius
2929 2233 3340 2304 interpretatur,
3389 2240 3555 2310 signi-

1987 2315 2113 2372 ﬁcat
2133 2313 2402 2386 ductores,
2425 2320 2516 2390 qui
2565 2320 2719 2376 nobis
2745 2333 3016 2394 praecepta
3056 2327 3182 2382 vita:
3221 2331 3562 2396 annuntiant,

1986 2418 2041 2464 et
2081 2425 2206 2464 cum
2249 2411 2410 2476 nube,
2437 2411 2492 2466 id
2536 2421 2620 2468 est
2659 2414 2888 2470 scientia
2934 2414 3340 2488 Scripturarum
3385 2431 3564 2478 castra

1987 2501 2176 2568 Israel,
2205 2503 2260 2557 id
2280 2511 2365 2559 est
2393 2503 2692 2559 Ecclesiam
2716 2507 3046 2577 praecedunt,
3076 2511 3199 2580 quia
3230 2527 3355 2566 cum
3383 2514 3564 2569 scien-

1989 2596 2062 2650 tia
2095 2595 2498 2666 Scripturarum
2522 2597 2830 2666 praesident.
2861 2598 3376 2671 Supervenientibus
3402 2605 3564 2678 {Egy-

1989 2690 2116 2762 ptiis
2135 2697 2434 2744 retrorsum
2457 2690 2590 2756 abit,
2633 2691 2757 2762 quia
2786 2700 3032 2763 tempore
3053 2697 3446 2765 persecutionis
3473 2714 3564 2769 op-

1987 2793 2188 2851 ponent
2216 2798 2275 2837 se
2311 2799 2412 2853 pro
2449 2782 2722 2853 subjectis.
2750 2781 2931 2841 Nubes
2958 2801 3087 2842 vero
3126 2789 3413 2848 tenebrosa
3441 2800 3559 2848 erat

1989 2875 2279 2949 Egyptiis,
2310 2878 2486 2934 lucida
2519 2879 2780 2936 Hebraeis.

2060 2974 2222 3028 Vens.
2251 2973 2443 3028 21-51.
2473 3004 2545 3014 -
2575 2973 2705 3030 Τοια
2751 2987 2922 3042 nocte,
2951 2984 3058 3032 etc.
3084 2976 3221 3046 Quia
3268 2986 3380 3034 toto
3432 2987 3565 3035 tem-

1988 3079 2119 3134 pore
2154 3063 2314 3134 hujus
2336 3065 2480 3131 vitae,
2511 3081 2672 3136 quam
2720 3083 2824 3122 nox
2854 3068 3143 3139 signiﬁcat,
3173 3069 3411 3140 Spiritus
3435 3085 3586 3128 san-'

1991 3157 2064 3211 cti
2103 3157 2276 3227 gratia
2301 3172 2496 3227 aquas
2533 3158 2783 3228 baptismi
2825 3157 3073 3215 ﬁdelibus
3115 3161 3372 3219 meabiles
3413 3141 3564 3230 facit,

307 3260 367 3306 ut
396 3249 716 3322 ingredienti
745 3249 940 3320 populo
971 3249 1067 3304 Dei
1097 3247 1276 3313 cedat,
1304 3255 1358 3301 et
1395 3261 1548 3316 aquae
1576 3261 1696 3316 qua:
1725 3245 1882 3300 time-
1909 3251 1954 3313 C
1986 3258 2046 3304 ut
2097 3249 2164 3304 de
2215 3249 2480 3320 spirituali
2530 3248 2768 3322 ZEgypto
2819 3250 2873 3304 in
2931 3260 3131 3306 terram
3180 3254 3561 3323 promissionis

306 3343 524 3408 bantur,
563 3342 754 3396 dextra
793 3340 1032 3410 laevaque
1063 3355 1252 3394 murus
1295 3335 1530 3403 effectae,
1562 3353 1669 3392 non
1710 3335 1882 3391 solum

305 3435 602 3507 perniciem
653 3434 920 3498 nesciant,
954 3433 1048 3488 sed
1075 3432 1240 3486 etiam
1262 3431 1539 3486 munimen
1563 3429 1878 3484 exhibeant.

308 3528 646 3584 Soliditatem
682 3527 874 3599 recipit
904 3526 1106 3597 liquor,
1127 3533 1181 3581 et
1211 3524 1385 3581 solum
1414 3523 1580 3578 maris
1601 3521 1802 3576 arescit
1828 3521 1883 3574 in

307 3621 580 3692 pulverem
613 3639 626 3674 :
658 3620 952 3676 bonitatem
996 3618 1271 3673 Creatoris
1317 3614 1574 3685 intelligo,
1611 3615 1658 3668 si
1700 3613 1882 3668 volun-

307 3712 405 3767 tati
448 3710 562 3781 ejus
616 3712 978 3780 obtemperes,
1007 3709 1051 3764 si
1098 3708 1268 3779 legem
1317 3705 1432 3774 ejus
1482 3705 1748 3775 sequaris,
1773 3704 1880 3760 ele-

303 3813 488 3859 menta
529 3804 622 3860 tibi
657 3812 843 3860 contra
887 3813 1134 3857 naturam
1178 3801 1381 3856 servire
1420 3799 1712 3870 compellit.
1772 3798 1886 3852 Au.

304 3895 418 3950 divi
454 3911 483 3949 a
523 3893 815 3964 majoribus
859 3893 1117 3949 traditum
1161 3892 1304 3963 quod
1357 3890 1583 3962 singulis
1636 3890 1884 3946 tribubus

306 3987 532 4057 singula:
567 4003 828 4057 aquarum
863 3986 1157 4043 divisiones
1200 3985 1357 4040 facta;
1384 3993 1542 4051 sunt,
1586 3994 1642 4040 et
1669 3985 1885 4056 propria

302 4081 596 4150 unicuique
625 4081 728 4135 via.
757 4080 920 4151 quue
965 4079 1270 4135 ostenditur
1299 4095 1364 4134 ex
1403 4094 1468 4134 eo
1494 4079 1636 4148 quod
1682 4079 1886 4134 dicitur

304 4173 514 4246 psalmo
538 4189 761 4230 cxxxv:
801 4173 904 4240 Qui
947 4174 1121 4228 divisit
1172 4188 1316 4227 mare
1364 4170 1599 4226 Rubrum
1656 4173 1711 4226 in
1749 4172 1882 4226 divi-

303 4268 500 4332 siones,
540 4276 646 4322 etc.
676 4267 742 4321 Et
781 4266 930 4331 alibi,
953 4265 1088 4336 psal.
1124 4281 1271 4321 vau
1306 4285 1318 4318 :
1353 4265 1436 4319 Ibi
1460 4263 1738 4334 Benjamin
1785 4267 1883 4318 mi-

307 4375 408 4412 nor
429 4359 482 4413 in
499 4369 726 4430 stupore.
755 4355 1026 4428 Principes
1052 4355 1222 4424 Iuda,
1251 4359 1409 4411 duces
1446 4372 1649 4421 eorum,
1681 4356 1883 4426 princi-

303 4466 395 4518 pes
434 4445 675 4502 Zabulon
706 4457 754 4502 et
785 4448 1041 4518 principes
1091 4445 1380 4516 Nephthati
1402 4461 1420 4498 .'
1455 4446 1706 4516 proprius
1757 4446 1879 4500 uni-

306 4542 505 4610 cuique
537 4540 697 4595 tribui
745 4537 1053 4594 enumerari
1081 4537 1295 4592 videtur
1321 4537 1614 4607 ingressus.
1650 4536 1880 4604 Aposto-

1988 3351 2303 3399 transeant:
2336 3343 2572 3398 hostium
2600 3359 2729 3399 vero
2758 3343 2983 3400 suﬁ‘ocat
3008 3346 3325 3401 exercitum.

2059 3437 2231 3510 (lsm.)
2258 3437 2405 3492 Mare
2432 3437 2674 3492 Rubrum
2712 3437 3038 3507 baptismum
3073 3437 3273 3494 Christi
3306 3440 3567 3511 sanguine

1987 3540 2365 3587 consecratum
2415 3531 2712 3601 signiﬁcat;
2763 3531 2948 3586 hostes
2972 3546 3024 3600 ,a
3078 3538 3229 3600 tergo
3279 3539 3566 3601 sequentes

1985 3637 2111 3677 cum
2147 3637 2274 3692 rege
2307 3621 2634 3688 moriuntur,
2658 3622 2784 3691 quia
2809 3629 3030 3691 peccata
3063 3623 3337 3692 prieterita
3381 3624 3436 3677 in
3469 3625 3562 3678 ba-
3609 3679 3615 3686 ,

1984 3713 2183 3782 ptismo
2236 3710 2511 3778 delentur,
2557 3721 2611 3768 et
2653 3711 2894 3768 diabolus
2935 3712 3232 3769 suﬁ'ocatur
3261 3731 3276 3768 :
3306 3725 3562 3786 premunt

1987 3802 2226 3874 IEgyptii
2251 3819 2421 3874 usque
2444 3803 2511 3858 ad
2541 3819 2710 3870 mare,
2739 3812 2792 3858 et
2817 3813 3042 3874 peccata
3067 3820 3239 3876 usque
3279 3799 3345 3862 ad
3385 3807 3562 3877 bapti-

1987 3911 2182 3950 smum.
2215 3896 2343 3951 Post
2387 3896 2676 3952 transitum
2709 3897 2876 3951 maris
2903 3895 3074 3953 Rubri
3101 3906 3285 3953 cantat
3325 3900 3556 3970 populus

1986 3989 2284 4045 submersis
2311 3990 2556 4045 hostibus
2596 3988 2922 4056 inﬁdelibus,
2947 3996 3003 4045 et
3041 3989 3230 4046 ﬁdeles
3257 3991 3324 4047 de
3346 3991 3563 4046 lavacro

1986 4081 2358 4149 ascendentes,
2387 4081 2668 4137 exstinctis
2705 4081 2964 4152 peccatis,
2991 4083 3250 4156 hymnum
3276 4084 3568 4140 decantant

1986 4173 2233 4230 dicentes
2269 4193 2280 4227 :
2307 4172 2592 4230 Cantemus
2620 4174 2864 4242 Domino,
2891 4174 3114 4245 gloriose
3144 4177 3300 4241 enim,
3333 4186 3437 4232 etc.

2577 4293 2805 4367 CAPUT
2853 4309 2969 4364 xv.

2053 4447 2219 4505 Vnus.
2270 4450 2320 4504 1.
2361 4478 2432 4490 -—
2471 4448 2616 4504 Tunc
2672 4449 2856 4504 cecinit
2909 4448 3139 4519 Moyses,
3180 4458 3284 4504 etc.
3359 4449 3561 4522 (0330.,

1983 4539 2168 4593 homil.
2212 4539 2246 4593 6
2285 4541 2340 4592 in
2361 4539 2563 4610 Exod.)
2610 4538 2772 4594 Multa
2818 4540 3029 4595 cantica
3071 4539 3300 4611 legimus
3333 4542 3386 4596 in
3416 4543 3563 4598 Scri-
3649 4533 3652 4538 ’

309 4635 394 4688 lus
431 4633 754 4703 baptismum
777 4633 832 4688 in
877 4632 1024 4688 Mose
1045 4639 1477 4688 consummatum
1501 4631 1632 4686 dicit
1658 4631 1709 4685 in
1743 4630 1883 4686 nube
1908 4613 1962 4673 Ῑ)
1988 4629 2180 4701 pturis,
2217 4627 2310 4684 sed
2337 4630 2442 4684 hoc
2466 4628 2700 4699 primum
2729 4629 2969 4684 omnium
2999 4638 3084 4685 est
3110 4631 3274 4700 quod,
3301 4631 3565 4703 Aigyptiis

307 4738 364 4782 et
387 4729 443 4783 in
478 4727 635 4792 mari,
667 4736 726 4782 ut
767 4727 860 4798 qui
885 4726 1179 4798 baptizaris
1215 4725 1269 4779 in
1305 4724 1547 4790 Christo,
1575 4725 1626 4777 in
1660 4739 1798 4793 aqua
1828 4733 1882 4779 et

310 4821 364 4874 in
408 4818 634 4890 Spiritu,
659 4818 798 4874 scias
829 4827 878 4873 te
923 4817 1175 4873 insectari
1205 4815 1490 4886 Egyptios
1529 4823 1581 4868 et
1611 4814 1678 4868 ad
1717 4814 1884 4868 servi-

312 4910 448 4964 tium
489 4923 765 4974 revocare,
810 4916 1050 4963 rectores
1108 4905 1314 4960 scilicet
1353 4904 1557 4968 mundi,
1613 4910 1668 4957 et
1716 4895 1884 4971 spirié

313 5002 486 5057 tuales
536 5000 821 5071 nequitias,
850 4999 1044 5069 quibus
1088 5005 1212 5053 ante
1261 4997 1499 5053 servisti.
1528 4994 1632 5050 Sed
1678 5002 1735 5048 tu
1785 4994 1883 5050 de-

310 5093 528 5149 scendis
576 5091 629 5146 in
688 5106 906 5161 aquam,
955 5098 1010 5144 et
1053 5089 1236 5144 evadis
1284 5087 1570 5143 incolumis
1615 5093 1671 5139 et
1713 5099 1886 5140 novus

309 5182 564 5239 ascendis
603 5189 948 5251 peccatorum
1000 5180 1250 5236 sordibus
1292 5178 1524 5243 ablutus,
1553 5183 1774 5247 paratus
1818 5174 1885 5230 ad

309 5274 642 5330 cantandum
695 5289 892 5328 novum
939 5272 1230 5327 canticum.
1259 5270 1496 5342 IEgyptii
1541 5269 1886 5337 insequentes

310 5372 628 5437 merguntur
659 5363 714 5418 in
745 5365 1018 5435 abyssum,
1046 5371 1101 5418 et
1126 5363 1172 5417 si
1197 5377 1390 5434 rogare
1417 5361 1670 5417 videntur
1702 5357 1886 5413 Jesum

309 5472 380 5513 ne
405 5473 500 5515 eos
528 5459 721 5514 iterum
746 5469 956 5529 mergat
983 5458 1036 5512 in
1064 5459 1337 5530 abyssum.

384 5548 508 5622 (ιιι.)
532 5550 724 5616 Aliter,
749 5552 792 5605 si
833 5549 1124 5621 {Egyptum
1157 5548 1351 5619 fugias,
1380 5549 1430 5603 id
1461 5558 1544 5602 est
1566 5550 1884 5620 ignorantia:

313 5640 586 5706 tenebras,
613 5642 660 5696 si
691 5642 935 5712 sequaris
968 5640 1187 5703 Mosen,
1221 5639 1271 5692 id
1315 5647 1398 5694 est
1421 5639 1513 5694 Dei
1567 5640 1758 5710 legem,
1786 5656 1884 5696 oc-

309 5741 498 5786 currat
526 5742 702 5788 autem
736 5750 906 5798 mare,
947 5733 999 5787 id
1028 5741 1128 5794 est,
1161 5732 1638 5786 contradicentium
1667 5732 1881 5796 ﬂuctus,

309 5833 536 5894 percute
565 5835 618 5881 et
650 5834 702 5882 tu
723 5825 1060 5884 obluctantcs
1087 5824 1258 5878 undas
1294 5824 1463 5893 virga,
1495 5824 1545 5878 id
1573 5833 1672 5882 cst.
1715 5827 1881 5882 verbo

1991 4728 2046 4775 et
2097 4721 2381 4776 Pharaone
2436 4720 2737 4786 submerso,
2793 4730 2916 4792 post
2959 4723 3242 4778 victoriam
3292 4735 3561 4780 cantatur.

1993 4811 2106 4868 Mos
2133 4812 2277 4868 enim
2325 4821 2637 4868 sanctorum
2679 4821 2782 4878 est,
2815 4814 2904 4870 ubi
2945 4814 3292 4872 adversarius
3331 4817 3566 4873 vincitur

1993 4905 2143 4976 (quia
2183 4905 2362 4960 sciunt
2406 4921 2512 4960 non
2551 4919 2648 4961 sua
2676 4907 2899 4973 virtute,
2937 4909 3030 4964 sed
3059 4909 3154 4964 Dei
3197 4911 3366 4980 gratia
3397 4913 3567 4966 victo-

1994 4996 2130 5050 riam
2172 4994 2416 5066 factam),
2467 4997 2723 5067 hymnum
2757 4997 2869 5053 Deo
2905 4997 3306 5069 gloriﬁcationis
3344 4999 3560 5056 oﬁ‘erre.

1993 5087 2282 5156 Accipiunt
2336 5095 2515 5141 tamen
2565 5095 2821 5142 canentes
2865 5097 3116 5159 tympana
3178 5087 3233 5142 in
3277 5091 3560 5157 manibus,

1989 5180 2129 5233 sicut
2155 5179 2220 5233 de
2236 5176 2402 5233 Maria
2426 5187 2480 5234 et
2500 5177 2680 5234 Aaron
2713 5177 2964 5234 refertur.
2990 5178 3060 5234 Et
3084 5186 3137 5232 tu
3157 5194 3308 5251 ergo,
3339 5182 3383 5237 si
3413 5198 3563 5236 mare

1989 5269 2234 5324 Rubrum
2274 5270 2578 5335 transieris,
2621 5270 2667 5325 si
2694 5268 2976 5341 Egyptios
3022 5269 3294 5342 submergi
3336 5271 3557 5338 videris,

1989 5367 2045 5414 et
2068 5359 2404 5414 Pharaonem
2447 5359 2776 5430 praecipitari
2825 5359 2881 5414 in
2926 5358 3198 5431 abyssum,
3228 5369 3381 5431 potes
3407 5359 3563 5430 hym-

1993 5467 2121 5506 num
2171 5451 2280 5507 Deo
2344 5460 2621 5523 gratanter
2666 5465 2881 5518 canere,
2916 5461 2972 5506 et
3003 5451 3184 5507 dicere
3224 5469 3237 5505 :
3279 5448 3560 5506 Cantemus

1991 5545 2218 5601 Domino
2251 5545 2495 5617 gloriose,
2528 5555 2634 5602 etc.
2688 5545 2912 5616 Dignius
2951 5554 3130 5601 autem
3175 5545 3277 5598 hoc
3306 5543 3472 5609 dices,
3513 5543 3558 5599 si

1990 5639 2246 5694 habueris
2294 5640 2348 5694 in
2392 5654 2555 5693 manu
2605 5646 2948 5709 tympanum,
2997 5636 3050 5690 id
3092 5642 3202 5698 est,
3251 5634 3296 5689 si
3342 5648 3559 5688 carnem

1990 5742 2138 5787 tuam
2171 5732 2509 5786 cruciﬁxcris
2547 5745 2667 5785 cum
2694 5730 2840 5784 vitiis
2867 5737 2920 5784 et
2944 5726 3413 5797 concupiscentiis.

2061 5825 2296 5879 Glorioso
2317 5825 2473 5888 enim,
2498 5832 2602 5878 etc.
2628 5821 2833 5892 (Ome)
2857 5819 2967 5874 Non
2998 5816 3210 5884 sullicit,
3235 5817 3560 5888 gloriﬁcatur
