  <div class='ocr_page' id='page_1' title='image "/cluster/home/n/w/nwhite01/storage/ocr_20150623/113/hvd.32044018909572/119.png"; bbox 0 0 3998 6332; ppageno 0'>
   <div class='ocr_carea' id='block_1_1' title="bbox 446 395 556 454">
    <p class='ocr_par' dir='ltr' id='par_1_1' title="bbox 446 395 556 454">
     <span class='ocr_line' id='line_1_1' title="bbox 446 395 556 454; baseline 0 0"><span class='ocrx_word' id='word_1_1' title='bbox 446 395 556 454; x_wconf 63' lang='grc' dir='ltr'><strong>εει</strong></span> 
     </span>
    </p>
   </div>
   <div class='ocr_carea' id='block_1_2' title="bbox 943 384 3174 453">
    <p class='ocr_par' dir='ltr' id='par_1_2' title="bbox 943 384 3174 453">
     <span class='ocr_line' id='line_1_2' title="bbox 943 384 3174 453; baseline -0.004 0"><span class='ocrx_word' id='word_1_2' title='bbox 943 395 1335 453; x_wconf 79' lang='lat' dir='ltr'><strong>WALAFRIDI</strong></span> <span class='ocrx_word' id='word_1_3' title='bbox 1373 394 1625 453; x_wconf 78' lang='lat' dir='ltr'><strong>STRABI</strong></span> <span class='ocrx_word' id='word_1_4' title='bbox 1665 392 1868 451; x_wconf 84' lang='lat' dir='ltr'><strong>FULD.</strong></span> <span class='ocrx_word' id='word_1_5' title='bbox 1911 384 2077 448; x_wconf 79' lang='lat' dir='ltr'><strong>MON.</strong></span> <span class='ocrx_word' id='word_1_6' title='bbox 2116 390 2267 449; x_wconf 85' lang='lat' dir='ltr'><strong>OPP.</strong></span> <span class='ocrx_word' id='word_1_7' title='bbox 2310 390 2488 447; x_wconf 80' lang='lat' dir='ltr'><strong>PARS</strong></span> <span class='ocrx_word' id='word_1_8' title='bbox 2530 392 2570 446; x_wconf 90' lang='grc' dir='ltr'>ι.</span> <span class='ocrx_word' id='word_1_9' title='bbox 2610 421 2682 434; x_wconf 91' lang='grc'><strong>-</strong></span> <span class='ocrx_word' id='word_1_10' title='bbox 2719 388 3174 448; x_wconf 81' lang='lat' dir='ltr'><strong>THEOLOGICA.</strong></span> 
     </span>
    </p>
   </div>
   <div class='ocr_carea' id='block_1_3' title="bbox 3593 382 3702 447">
    <p class='ocr_par' dir='ltr' id='par_1_3' title="bbox 3593 382 3702 447">
     <span class='ocr_line' id='line_1_3' title="bbox 3593 382 3702 447; baseline 0 0"><span class='ocrx_word' id='word_1_11' title='bbox 3593 382 3702 447; x_wconf 69' lang='lat'><strong>228</strong></span> 
     </span>
    </p>
   </div>
   <div class='ocr_carea' id='block_1_4' title="bbox 451 505 3705 587">
    <p class='ocr_par' dir='ltr' id='par_1_4' title="bbox 451 505 3705 587">
     <span class='ocr_line' id='line_1_4' title="bbox 451 505 3705 587; baseline -0.003 -13"><span class='ocrx_word' id='word_1_12' title='bbox 451 528 564 587; x_wconf 83' lang='lat' dir='ltr'><strong>est;</strong></span> <span class='ocrx_word' id='word_1_13' title='bbox 606 516 752 574; x_wconf 88' lang='lat' dir='ltr'><strong>aliud</strong></span> <span class='ocrx_word' id='word_1_14' title='bbox 782 524 871 573; x_wconf 80' lang='lat' dir='ltr'><strong>est</strong></span> <span class='ocrx_word' id='word_1_15' title='bbox 901 518 1044 573; x_wconf 89' lang='lat' dir='ltr'><strong>enim</strong></span> <span class='ocrx_word' id='word_1_16' title='bbox 1072 517 1399 587; x_wconf 81' lang='lat' dir='ltr'><strong>gloriﬁcari,</strong></span> <span class='ocrx_word' id='word_1_17' title='bbox 1438 516 1580 572; x_wconf 82' lang='lat' dir='ltr'><strong>aliud</strong></span> <span class='ocrx_word' id='word_1_18' title='bbox 1606 515 1837 587; x_wconf 78' lang='lat' dir='ltr'><strong>gloriose</strong></span> <span class='ocrx_word' id='word_1_19' title='bbox 1865 512 2028 585; x_wconf 89' lang='lat' dir='ltr'><strong>glori-</strong></span> <span class='ocrx_word' id='word_1_20' title='bbox 2055 516 2105 576; x_wconf 77' lang='grc' dir='ltr'>Α</span> <span class='ocrx_word' id='word_1_21' title='bbox 2133 511 2239 567; x_wconf 89' lang='lat' dir='ltr'><strong>ulla</strong></span> <span class='ocrx_word' id='word_1_22' title='bbox 2290 518 2540 566; x_wconf 75' lang='lat' dir='ltr'><strong>creatura</strong></span> <span class='ocrx_word' id='word_1_23' title='bbox 2593 508 2745 578; x_wconf 86' lang='lat' dir='ltr'><strong>cujus</strong></span> <span class='ocrx_word' id='word_1_24' title='bbox 2794 510 3052 566; x_wconf 84' lang='lat' dir='ltr'><strong>Dominus</strong></span> <span class='ocrx_word' id='word_1_25' title='bbox 3102 524 3209 564; x_wconf 91' lang='lat' dir='ltr'><strong>non</strong></span> <span class='ocrx_word' id='word_1_26' title='bbox 3257 516 3343 563; x_wconf 75' lang='lat' dir='ltr'><strong>srt.</strong></span> <span class='ocrx_word' id='word_1_27' title='bbox 3397 505 3705 581; x_wconf 74' lang='lat' dir='ltr'><strong>Quadrigas</strong></span> 
     </span>
    </p>
   </div>
   <div class='ocr_carea' id='block_1_5' title="bbox 454 600 2031 677">
    <p class='ocr_par' dir='ltr' id='par_1_5' title="bbox 454 600 2031 677">
     <span class='ocr_line' id='line_1_5' title="bbox 454 600 2031 677; baseline -0.005 -11"><span class='ocrx_word' id='word_1_28' title='bbox 454 609 628 666; x_wconf 72' lang='lat' dir='ltr'><strong>ﬁcari.</strong></span> <span class='ocrx_word' id='word_1_29' title='bbox 676 607 812 663; x_wconf 90' lang='lat' dir='ltr'><strong>Cum</strong></span> <span class='ocrx_word' id='word_1_30' title='bbox 841 607 986 662; x_wconf 91' lang='lat' dir='ltr'><strong>enim</strong></span> <span class='ocrx_word' id='word_1_31' title='bbox 1015 606 1263 663; x_wconf 75' lang='lat' dir='ltr'><strong>Christus</strong></span> <span class='ocrx_word' id='word_1_32' title='bbox 1290 621 1507 662; x_wconf 91' lang='lat' dir='ltr'><strong>carnem</strong></span> <span class='ocrx_word' id='word_1_33' title='bbox 1538 621 1638 677; x_wconf 84' lang='lat' dir='ltr'><strong>pro</strong></span> <span class='ocrx_word' id='word_1_34' title='bbox 1667 603 1822 659; x_wconf 87' lang='lat' dir='ltr'><strong>nobis</strong></span> <span class='ocrx_word' id='word_1_35' title='bbox 1849 600 2031 659; x_wconf 82' lang='lat' dir='ltr'><strong>susce-</strong></span> 
     </span>
    </p>
   </div>
   <div class='ocr_carea' id='block_1_6' title="bbox 451 692 2028 775">
    <p class='ocr_par' dir='ltr' id='par_1_6' title="bbox 451 692 2028 775">
     <span class='ocr_line' id='line_1_6' title="bbox 451 692 2028 775; baseline -0.004 -19"><span class='ocrx_word' id='word_1_36' title='bbox 451 703 554 775; x_wconf 89' lang='lat' dir='ltr'><strong>pit,</strong></span> <span class='ocrx_word' id='word_1_37' title='bbox 594 698 929 772; x_wconf 76' lang='lat' dir='ltr'><strong>glorificatus</strong></span> <span class='ocrx_word' id='word_1_38' title='bbox 957 706 1060 765; x_wconf 89' lang='lat' dir='ltr'><strong>est,</strong></span> <span class='ocrx_word' id='word_1_39' title='bbox 1097 698 1188 768; x_wconf 88' lang='lat' dir='ltr'><strong>qui</strong></span> <span class='ocrx_word' id='word_1_40' title='bbox 1223 698 1373 752; x_wconf 89' lang='lat' dir='ltr'><strong>venit</strong></span> <span class='ocrx_word' id='word_1_41' title='bbox 1400 711 1643 768; x_wconf 67' lang='lat' dir='ltr'><strong>quaerere</strong></span> <span class='ocrx_word' id='word_1_42' title='bbox 1679 694 1821 768; x_wconf 85' lang='lat' dir='ltr'><strong>quod</strong></span> <span class='ocrx_word' id='word_1_43' title='bbox 1850 692 2028 764; x_wconf 87' lang='lat' dir='ltr'><strong>perie-</strong></span> 
     </span>
    </p>
   </div>
   <div class='ocr_carea' id='block_1_7' title="bbox 461 786 2030 861">
    <p class='ocr_par' dir='ltr' id='par_1_7' title="bbox 461 786 2030 861">
     <span class='ocr_line' id='line_1_7' title="bbox 461 786 2030 861; baseline -0.006 -12"><span class='ocrx_word' id='word_1_44' title='bbox 461 800 571 857; x_wconf 88' lang='lat' dir='ltr'><strong>rat,</strong></span> <span class='ocrx_word' id='word_1_45' title='bbox 602 806 707 845; x_wconf 88' lang='lat' dir='ltr'><strong>non</strong></span> <span class='ocrx_word' id='word_1_46' title='bbox 742 800 922 846; x_wconf 88' lang='lat' dir='ltr'><strong>tamen</strong></span> <span class='ocrx_word' id='word_1_47' title='bbox 952 789 1202 861; x_wconf 72' lang='lat' dir='ltr'><strong>gloriose,</strong></span> <span class='ocrx_word' id='word_1_48' title='bbox 1235 788 1361 859; x_wconf 87' lang='lat' dir='ltr'><strong>quia</strong></span> <span class='ocrx_word' id='word_1_49' title='bbox 1391 802 1494 843; x_wconf 93' lang='lat' dir='ltr'><strong>non</strong></span> <span class='ocrx_word' id='word_1_50' title='bbox 1528 786 1764 843; x_wconf 85' lang='lat' dir='ltr'><strong>habebat</strong></span> <span class='ocrx_word' id='word_1_51' title='bbox 1792 786 2030 857; x_wconf 85' lang='lat' dir='ltr'><strong>speciem</strong></span> 
     </span>
    </p>
   </div>
   <div class='ocr_carea' id='block_1_8' title="bbox 459 878 2032 956">
    <p class='ocr_par' dir='ltr' id='par_1_8' title="bbox 459 878 2032 956">
     <span class='ocr_line' id='line_1_8' title="bbox 459 878 2032 956; baseline -0.006 -14"><span class='ocrx_word' id='word_1_52' title='bbox 459 900 639 956; x_wconf 84' lang='lat' dir='ltr'><strong>neque</strong></span> <span class='ocrx_word' id='word_1_53' title='bbox 676 885 957 948; x_wconf 91' lang='lat' dir='ltr'><strong>decorem;</strong></span> <span class='ocrx_word' id='word_1_54' title='bbox 988 881 1321 954; x_wconf 84' lang='lat' dir='ltr'><strong>gloriﬁcatus</strong></span> <span class='ocrx_word' id='word_1_55' title='bbox 1358 889 1443 937; x_wconf 90' lang='lat' dir='ltr'><strong>est</strong></span> <span class='ocrx_word' id='word_1_56' title='bbox 1475 895 1598 936; x_wconf 90' lang='lat' dir='ltr'><strong>cum</strong></span> <span class='ocrx_word' id='word_1_57' title='bbox 1623 878 1772 935; x_wconf 81' lang='lat' dir='ltr'><strong>venit</strong></span> <span class='ocrx_word' id='word_1_58' title='bbox 1805 879 1873 934; x_wconf 90' lang='lat' dir='ltr'><strong>ad</strong></span> <span class='ocrx_word' id='word_1_59' title='bbox 1908 895 2032 934; x_wconf 89' lang='lat' dir='ltr'><strong>cru-</strong></span> 
     </span>
    </p>
   </div>
   <div class='ocr_carea' id='block_1_9' title="bbox 460 964 2032 1045">
    <p class='ocr_par' dir='ltr' id='par_1_9' title="bbox 460 964 2032 1045">
     <span class='ocr_line' id='line_1_9' title="bbox 460 964 2032 1045; baseline -0.006 -14"><span class='ocrx_word' id='word_1_60' title='bbox 460 991 602 1041; x_wconf 86' lang='lat' dir='ltr'><strong>cem,</strong></span> <span class='ocrx_word' id='word_1_61' title='bbox 640 985 693 1030; x_wconf 93' lang='lat' dir='ltr'><strong>et</strong></span> <span class='ocrx_word' id='word_1_62' title='bbox 732 973 955 1045; x_wconf 81' lang='lat' dir='ltr'><strong>pertulit</strong></span> <span class='ocrx_word' id='word_1_63' title='bbox 991 980 1250 1036; x_wconf 89' lang='lat' dir='ltr'><strong>mortem;</strong></span> <span class='ocrx_word' id='word_1_64' title='bbox 1294 971 1436 1026; x_wconf 85' lang='lat' dir='ltr'><strong>unde</strong></span> <span class='ocrx_word' id='word_1_65' title='bbox 1467 969 1625 1026; x_wconf 78' lang='lat' dir='ltr'><strong>Joan.</strong></span> <span class='ocrx_word' id='word_1_66' title='bbox 1662 986 1816 1027; x_wconf 79' lang='lat' dir='ltr'><strong>xvtt:</strong></span> <span class='ocrx_word' id='word_1_67' title='bbox 1850 964 2032 1034; x_wconf 87' lang='lat' dir='ltr'><strong>Pater,</strong></span> 
     </span>
    </p>
   </div>
   <div class='ocr_carea' id='block_1_10' title="bbox 457 1061 2037 1136">
    <p class='ocr_par' dir='ltr' id='par_1_10' title="bbox 457 1061 2037 1136">
     <span class='ocr_line' id='line_1_10' title="bbox 457 1061 2037 1136; baseline -0.004 -14"><span class='ocrx_word' id='word_1_68' title='bbox 457 1069 594 1122; x_wconf 76' lang='lat' dir='ltr'><strong>venit</strong></span> <span class='ocrx_word' id='word_1_69' title='bbox 631 1067 785 1129; x_wconf 76' lang='lat' dir='ltr'><strong>hora,</strong></span> <span class='ocrx_word' id='word_1_70' title='bbox 828 1064 1065 1136; x_wconf 78' lang='lat' dir='ltr'><strong>gloriﬁca</strong></span> <span class='ocrx_word' id='word_1_71' title='bbox 1088 1061 1135 1117; x_wconf 68' lang='grc' dir='ltr'><strong>ιη’</strong></span> <span class='ocrx_word' id='word_1_72' title='bbox 1138 1062 1285 1118; x_wconf 84' lang='lat' dir='ltr'><strong>ilium</strong></span> <span class='ocrx_word' id='word_1_73' title='bbox 1321 1073 1492 1129; x_wconf 85' lang='lat' dir='ltr'><strong>tuum,</strong></span> <span class='ocrx_word' id='word_1_74' title='bbox 1522 1071 1628 1118; x_wconf 86' lang='lat' dir='ltr'><strong>etc.</strong></span> <span class='ocrx_word' id='word_1_75' title='bbox 1672 1061 1803 1117; x_wconf 86' lang='lat' dir='ltr'><strong>Erat</strong></span> <span class='ocrx_word' id='word_1_76' title='bbox 1824 1075 1953 1128; x_wconf 85' lang='lat' dir='ltr'><strong>ergo</strong></span> <span class='ocrx_word' id='word_1_77' title='bbox 1981 1069 2037 1116; x_wconf 89' lang='lat' dir='ltr'><strong>et</strong></span> 
     </span>
    </p>
   </div>
   <div class='ocr_carea' id='block_1_11' title="bbox 458 1150 2038 1229">
    <p class='ocr_par' dir='ltr' id='par_1_11' title="bbox 458 1150 2038 1229">
     <span class='ocr_line' id='line_1_11' title="bbox 458 1150 2038 1229; baseline -0.004 -16"><span class='ocrx_word' id='word_1_78' title='bbox 458 1157 627 1229; x_wconf 87' lang='lat' dir='ltr'><strong>gloria</strong></span> <span class='ocrx_word' id='word_1_79' title='bbox 652 1157 835 1227; x_wconf 84' lang='lat' dir='ltr'><strong>passio</strong></span> <span class='ocrx_word' id='word_1_80' title='bbox 862 1155 1059 1221; x_wconf 89' lang='lat' dir='ltr'><strong>crucis,</strong></span> <span class='ocrx_word' id='word_1_81' title='bbox 1089 1155 1181 1210; x_wconf 86' lang='lat' dir='ltr'><strong>ubi</strong></span> <span class='ocrx_word' id='word_1_82' title='bbox 1206 1161 1261 1209; x_wconf 83' lang='lat' dir='ltr'><strong>et</strong></span> <span class='ocrx_word' id='word_1_83' title='bbox 1284 1153 1640 1226; x_wconf 81' lang='lat' dir='ltr'><strong>gloriﬁcatus,</strong></span> <span class='ocrx_word' id='word_1_84' title='bbox 1670 1166 1777 1207; x_wconf 91' lang='lat' dir='ltr'><strong>non</strong></span> <span class='ocrx_word' id='word_1_85' title='bbox 1805 1150 2038 1222; x_wconf 76' lang='lat' dir='ltr'><strong>gloriose</strong></span> 
     </span>
    </p>
   </div>
   <div class='ocr_carea' id='block_1_12' title="bbox 459 1239 2036 1318">
    <p class='ocr_par' dir='ltr' id='par_1_12' title="bbox 459 1239 2036 1318">
     <span class='ocr_line' id='line_1_12' title="bbox 459 1239 2036 1318; baseline -0.004 -16"><span class='ocrx_word' id='word_1_86' title='bbox 459 1247 700 1318; x_wconf 83' lang='lat' dir='ltr'><strong>quidem,</strong></span> <span class='ocrx_word' id='word_1_87' title='bbox 739 1247 833 1300; x_wconf 83' lang='lat' dir='ltr'><strong>sed</strong></span> <span class='ocrx_word' id='word_1_88' title='bbox 881 1243 1186 1310; x_wconf 85' lang='lat' dir='ltr'><strong>humiliter;</strong></span> <span class='ocrx_word' id='word_1_89' title='bbox 1225 1243 1370 1298; x_wconf 89' lang='lat' dir='ltr'><strong>unde</strong></span> <span class='ocrx_word' id='word_1_90' title='bbox 1403 1243 1548 1297; x_wconf 87' lang='lat' dir='ltr'><strong>Phil.</strong></span> <span class='ocrx_word' id='word_1_91' title='bbox 1576 1259 1617 1298; x_wconf 87' lang='grc' dir='ltr'><strong>ιι</strong></span> <span class='ocrx_word' id='word_1_92' title='bbox 1655 1258 1669 1295; x_wconf 88' lang='lat'><strong>:</strong></span> <span class='ocrx_word' id='word_1_93' title='bbox 1722 1239 2036 1296; x_wconf 80' lang='lat' dir='ltr'><strong>Humiliavit</strong></span> 
     </span>
    </p>
   </div>
   <div class='ocr_carea' id='block_1_13' title="bbox 459 1332 2035 1407">
    <p class='ocr_par' dir='ltr' id='par_1_13' title="bbox 459 1332 2035 1407">
     <span class='ocr_line' id='line_1_13' title="bbox 459 1332 2035 1407; baseline -0.006 -15"><span class='ocrx_word' id='word_1_94' title='bbox 459 1337 813 1407; x_wconf 72' lang='lat' dir='ltr'><strong>semetipsum,</strong></span> <span class='ocrx_word' id='word_1_95' title='bbox 855 1334 1027 1405; x_wconf 76' lang='lat' dir='ltr'><strong>{actus</strong></span> <span class='ocrx_word' id='word_1_96' title='bbox 1052 1332 1292 1389; x_wconf 81' lang='lat' dir='ltr'><strong>obediens</strong></span> <span class='ocrx_word' id='word_1_97' title='bbox 1324 1349 1486 1398; x_wconf 83' lang='lat' dir='ltr'><strong>usque</strong></span> <span class='ocrx_word' id='word_1_98' title='bbox 1512 1332 1581 1387; x_wconf 87' lang='lat' dir='ltr'><strong>ad</strong></span> <span class='ocrx_word' id='word_1_99' title='bbox 1610 1341 1848 1397; x_wconf 88' lang='lat' dir='ltr'><strong>mortem,</strong></span> <span class='ocrx_word' id='word_1_100' title='bbox 1891 1346 2035 1385; x_wconf 64' lang='lat' dir='ltr'><strong>mor.</strong></span> 
     </span>
    </p>
   </div>
   <div class='ocr_carea' id='block_1_14' title="bbox 462 1420 2040 1494">
    <p class='ocr_par' dir='ltr' id='par_1_14' title="bbox 462 1420 2040 1494">
     <span class='ocr_line' id='line_1_14' title="bbox 462 1420 2040 1494; baseline -0.004 -13"><span class='ocrx_word' id='word_1_101' title='bbox 462 1437 567 1481; x_wconf 84' lang='lat' dir='ltr'><strong>tem</strong></span> <span class='ocrx_word' id='word_1_102' title='bbox 618 1435 791 1480; x_wconf 81' lang='lat' dir='ltr'><strong>autem</strong></span> <span class='ocrx_word' id='word_1_103' title='bbox 832 1423 1022 1479; x_wconf 80' lang='lat' dir='ltr'><strong>crucis.</strong></span> <span class='ocrx_word' id='word_1_104' title='bbox 1074 1424 1143 1478; x_wconf 81' lang='lat' dir='ltr'><strong>Et</strong></span> <span class='ocrx_word' id='word_1_105' title='bbox 1188 1421 1318 1494; x_wconf 88' lang='lat' dir='ltr'><strong>Sap.</strong></span> <span class='ocrx_word' id='word_1_106' title='bbox 1361 1436 1401 1479; x_wconf 85' lang='grc' dir='ltr'><strong>ιι</strong></span> <span class='ocrx_word' id='word_1_107' title='bbox 1446 1440 1461 1477; x_wconf 91' lang='lat'><strong>:</strong></span> <span class='ocrx_word' id='word_1_108' title='bbox 1506 1421 1676 1477; x_wconf 70' lang='lat' dir='ltr'><strong>Morte</strong></span> <span class='ocrx_word' id='word_1_109' title='bbox 1737 1420 2040 1493; x_wconf 84' lang='lat' dir='ltr'><strong>turpissima</strong></span> 
     </span>
    </p>
   </div>
   <div class='ocr_carea' id='block_1_15' title="bbox 460 1509 2043 1584">
    <p class='ocr_par' dir='ltr' id='par_1_15' title="bbox 460 1509 2043 1584">
     <span class='ocr_line' id='line_1_15' title="bbox 460 1509 2043 1584; baseline -0.004 -12"><span class='ocrx_word' id='word_1_110' title='bbox 460 1517 865 1572; x_wconf 75' lang='lat' dir='ltr'><strong>condemnemus</strong></span> <span class='ocrx_word' id='word_1_111' title='bbox 909 1530 1047 1570; x_wconf 85' lang='lat' dir='ltr'><strong>eum.</strong></span> <span class='ocrx_word' id='word_1_112' title='bbox 1091 1512 1149 1570; x_wconf 79' lang='lat' dir='ltr'><strong>In</strong></span> <span class='ocrx_word' id='word_1_113' title='bbox 1188 1513 1272 1569; x_wconf 88' lang='lat' dir='ltr'><strong>bis</strong></span> <span class='ocrx_word' id='word_1_114' title='bbox 1306 1528 1436 1584; x_wconf 89' lang='lat' dir='ltr'><strong>ergo</strong></span> <span class='ocrx_word' id='word_1_115' title='bbox 1464 1512 1802 1584; x_wconf 83' lang='lat' dir='ltr'><strong>gloriﬁcatus</strong></span> <span class='ocrx_word' id='word_1_116' title='bbox 1846 1518 1930 1566; x_wconf 90' lang='lat' dir='ltr'><strong>est</strong></span> <span class='ocrx_word' id='word_1_117' title='bbox 1974 1509 2043 1566; x_wconf 88' lang='lat' dir='ltr'><strong>de</strong></span> 
     </span>
    </p>
   </div>
   <div class='ocr_carea' id='block_1_16' title="bbox 459 1598 2041 1675">
    <p class='ocr_par' dir='ltr' id='par_1_16' title="bbox 459 1598 2041 1675">
     <span class='ocr_line' id='line_1_16' title="bbox 459 1598 2041 1675; baseline -0.006 -12"><span class='ocrx_word' id='word_1_118' title='bbox 459 1622 521 1663; x_wconf 84' lang='lat' dir='ltr'><strong>se</strong></span> <span class='ocrx_word' id='word_1_119' title='bbox 550 1605 847 1667; x_wconf 87' lang='lat' dir='ltr'><strong>humiliter,</strong></span> <span class='ocrx_word' id='word_1_120' title='bbox 878 1619 985 1660; x_wconf 87' lang='lat' dir='ltr'><strong>non</strong></span> <span class='ocrx_word' id='word_1_121' title='bbox 1013 1603 1279 1675; x_wconf 81' lang='lat' dir='ltr'><strong>gloriose;</strong></span> <span class='ocrx_word' id='word_1_122' title='bbox 1322 1603 1464 1658; x_wconf 89' lang='lat' dir='ltr'><strong>unde</strong></span> <span class='ocrx_word' id='word_1_123' title='bbox 1504 1601 1663 1658; x_wconf 64' lang='lat' dir='ltr'><strong>Luca:</strong></span> <span class='ocrx_word' id='word_1_124' title='bbox 1692 1616 1819 1656; x_wconf 76' lang='lat' dir='ltr'><strong>xxiv</strong></span> <span class='ocrx_word' id='word_1_125' title='bbox 1852 1619 1865 1654; x_wconf 91' lang='lat'><strong>:</strong></span> <span class='ocrx_word' id='word_1_126' title='bbox 1902 1598 2041 1666; x_wconf 83' lang='lat' dir='ltr'><strong>Quia</strong></span> 
     </span>
    </p>
   </div>
   <div class='ocr_carea' id='block_1_17' title="bbox 460 1690 2041 1768">
    <p class='ocr_par' dir='ltr' id='par_1_17' title="bbox 460 1690 2041 1768">
     <span class='ocr_line' id='line_1_17' title="bbox 460 1690 2041 1768; baseline -0.003 -17"><span class='ocrx_word' id='word_1_127' title='bbox 460 1697 727 1768; x_wconf 73' lang='lat' dir='ltr'><strong>oportebat</strong></span> <span class='ocrx_word' id='word_1_128' title='bbox 774 1696 885 1767; x_wconf 82' lang='lat' dir='ltr'><strong>pati</strong></span> <span class='ocrx_word' id='word_1_129' title='bbox 916 1693 1200 1759; x_wconf 74' lang='lat' dir='ltr'><strong>Christum,</strong></span> <span class='ocrx_word' id='word_1_130' title='bbox 1250 1704 1298 1748; x_wconf 89' lang='lat' dir='ltr'><strong>et</strong></span> <span class='ocrx_word' id='word_1_131' title='bbox 1348 1693 1425 1749; x_wconf 76' lang='lat' dir='ltr'><strong>sic</strong></span> <span class='ocrx_word' id='word_1_132' title='bbox 1474 1692 1675 1748; x_wconf 80' lang='lat' dir='ltr'><strong>intrare</strong></span> <span class='ocrx_word' id='word_1_133' title='bbox 1729 1693 1785 1747; x_wconf 87' lang='lat' dir='ltr'><strong>in</strong></span> <span class='ocrx_word' id='word_1_134' title='bbox 1819 1690 2041 1763; x_wconf 81' lang='lat' dir='ltr'><strong>gloriam</strong></span> 
     </span>
    </p>
   </div>
   <div class='ocr_carea' id='block_1_18' title="bbox 458 1783 2038 1856">
    <p class='ocr_par' dir='ltr' id='par_1_18' title="bbox 458 1783 2038 1856">
     <span class='ocr_line' id='line_1_18' title="bbox 458 1783 2038 1856; baseline -0.004 -12"><span class='ocrx_word' id='word_1_135' title='bbox 458 1804 630 1844; x_wconf 74' lang='lat' dir='ltr'><strong>suam.</strong></span> <span class='ocrx_word' id='word_1_136' title='bbox 680 1785 813 1842; x_wconf 86' lang='lat' dir='ltr'><strong>Cum</strong></span> <span class='ocrx_word' id='word_1_137' title='bbox 849 1785 1063 1841; x_wconf 75' lang='lat' dir='ltr'><strong>venerit</strong></span> <span class='ocrx_word' id='word_1_138' title='bbox 1102 1785 1156 1839; x_wconf 89' lang='lat' dir='ltr'><strong>in</strong></span> <span class='ocrx_word' id='word_1_139' title='bbox 1194 1784 1363 1856; x_wconf 83' lang='lat' dir='ltr'><strong>gloria</strong></span> <span class='ocrx_word' id='word_1_140' title='bbox 1390 1783 1591 1851; x_wconf 77' lang='lat' dir='ltr'><strong>Patris,</strong></span> <span class='ocrx_word' id='word_1_141' title='bbox 1636 1792 1692 1840; x_wconf 90' lang='lat' dir='ltr'><strong>et</strong></span> <span class='ocrx_word' id='word_1_142' title='bbox 1724 1784 2038 1854; x_wconf 83' lang='lat' dir='ltr'><strong>angelorum</strong></span> 
     </span>
    </p>
   </div>
   <div class='ocr_carea' id='block_1_19' title="bbox 2131 598 3704 671">
    <p class='ocr_par' dir='ltr' id='par_1_19' title="bbox 2131 598 3704 671">
     <span class='ocr_line' id='line_1_19' title="bbox 2131 598 3704 671; baseline -0.002 -13"><span class='ocrx_word' id='word_1_143' title='bbox 2131 602 2430 658; x_wconf 83' lang='lat' dir='ltr'><strong>Pharaonis</strong></span> <span class='ocrx_word' id='word_1_144' title='bbox 2453 608 2509 656; x_wconf 89' lang='lat' dir='ltr'><strong>et</strong></span> <span class='ocrx_word' id='word_1_145' title='bbox 2545 600 2841 657; x_wconf 88' lang='lat' dir='ltr'><strong>exercitum</strong></span> <span class='ocrx_word' id='word_1_146' title='bbox 2867 598 2984 668; x_wconf 87' lang='lat' dir='ltr'><strong>ejus</strong></span> <span class='ocrx_word' id='word_1_147' title='bbox 3010 598 3236 671; x_wconf 89' lang='lat' dir='ltr'><strong>projecit</strong></span> <span class='ocrx_word' id='word_1_148' title='bbox 3274 599 3327 653; x_wconf 94' lang='lat' dir='ltr'><strong>in</strong></span> <span class='ocrx_word' id='word_1_149' title='bbox 3356 614 3505 654; x_wconf 86' lang='lat' dir='ltr'><strong>mare</strong></span> <span class='ocrx_word' id='word_1_150' title='bbox 3531 616 3547 655; x_wconf 89' lang='lat'><strong>:</strong></span> <span class='ocrx_word' id='word_1_151' title='bbox 3590 599 3704 656; x_wconf 89' lang='lat' dir='ltr'><strong>ele-</strong></span> 
     </span>
    </p>
   </div>
   <div class='ocr_carea' id='block_1_20' title="bbox 2131 690 3707 758">
    <p class='ocr_par' dir='ltr' id='par_1_20' title="bbox 2131 690 3707 758">
     <span class='ocr_line' id='line_1_20' title="bbox 2131 690 3707 758; baseline -0.001 -9"><span class='ocrx_word' id='word_1_152' title='bbox 2131 703 2251 750; x_wconf 88' lang='lat' dir='ltr'><strong>ctos</strong></span> <span class='ocrx_word' id='word_1_153' title='bbox 2300 707 2618 749; x_wconf 87' lang='lat' dir='ltr'><strong>ascensorcs</strong></span> <span class='ocrx_word' id='word_1_154' title='bbox 2643 733 2657 758; x_wconf 94' lang='lat'><strong>,</strong></span> <span class='ocrx_word' id='word_1_155' title='bbox 2706 690 3109 747; x_wconf 88' lang='lat' dir='ltr'><strong>ternistratores</strong></span> <span class='ocrx_word' id='word_1_156' title='bbox 3156 690 3416 749; x_wconf 80' lang='lat' dir='ltr'><strong>demersit</strong></span> <span class='ocrx_word' id='word_1_157' title='bbox 3461 690 3515 745; x_wconf 89' lang='lat' dir='ltr'><strong>in</strong></span> <span class='ocrx_word' id='word_1_158' title='bbox 3554 707 3707 748; x_wconf 90' lang='lat' dir='ltr'><strong>mare</strong></span> 
     </span>
    </p>
   </div>
   <div class='ocr_carea' id='block_1_21' title="bbox 2130 780 3707 857">
    <p class='ocr_par' dir='ltr' id='par_1_21' title="bbox 2130 780 3707 857">
     <span class='ocr_line' id='line_1_21' title="bbox 2130 780 3707 857; baseline -0.001 -16"><span class='ocrx_word' id='word_1_159' title='bbox 2130 785 2397 841; x_wconf 82' lang='lat' dir='ltr'><strong>Rubrum.</strong></span> <span class='ocrx_word' id='word_1_160' title='bbox 2442 782 2672 849; x_wconf 83' lang='lat' dir='ltr'><strong>Pharao,</strong></span> <span class='ocrx_word' id='word_1_161' title='bbox 2704 783 2851 838; x_wconf 86' lang='lat' dir='ltr'><strong>velut</strong></span> <span class='ocrx_word' id='word_1_162' title='bbox 2874 783 3147 857; x_wconf 80' lang='lat' dir='ltr'><strong>potentior</strong></span> <span class='ocrx_word' id='word_1_163' title='bbox 3181 782 3234 838; x_wconf 90' lang='lat' dir='ltr'><strong>in</strong></span> <span class='ocrx_word' id='word_1_164' title='bbox 3268 780 3497 847; x_wconf 90' lang='lat' dir='ltr'><strong>malitia,</strong></span> <span class='ocrx_word' id='word_1_165' title='bbox 3524 793 3581 839; x_wconf 91' lang='lat' dir='ltr'><strong>et</strong></span> <span class='ocrx_word' id='word_1_166' title='bbox 3613 800 3707 840; x_wconf 83' lang='lat' dir='ltr'><strong>re-</strong></span> 
     </span>
    </p>
   </div>
   <div class='ocr_carea' id='block_1_22' title="bbox 2134 873 3711 949">
    <p class='ocr_par' dir='ltr' id='par_1_22' title="bbox 2134 873 3711 949">
     <span class='ocr_line' id='line_1_22' title="bbox 2134 873 3711 949; baseline 0.001 -18"><span class='ocrx_word' id='word_1_167' title='bbox 2134 892 2297 949; x_wconf 89' lang='lat' dir='ltr'><strong>gnum</strong></span> <span class='ocrx_word' id='word_1_168' title='bbox 2328 875 2583 945; x_wconf 71' lang='lat' dir='ltr'><strong>nequitiaa</strong></span> <span class='ocrx_word' id='word_1_169' title='bbox 2609 884 2821 940; x_wconf 82' lang='lat' dir='ltr'><strong>tenens,</strong></span> <span class='ocrx_word' id='word_1_170' title='bbox 2848 874 3141 945; x_wconf 89' lang='lat' dir='ltr'><strong>quadrigas</strong></span> <span class='ocrx_word' id='word_1_171' title='bbox 3164 873 3276 945; x_wconf 88' lang='lat' dir='ltr'><strong>agit</strong></span> <span class='ocrx_word' id='word_1_172' title='bbox 3300 892 3312 927; x_wconf 91' lang='lat'>:</span> <span class='ocrx_word' id='word_1_173' title='bbox 3340 889 3445 929; x_wconf 91' lang='lat' dir='ltr'><strong>non</strong></span> <span class='ocrx_word' id='word_1_174' title='bbox 3475 873 3552 930; x_wconf 89' lang='lat' dir='ltr'><strong>illi</strong></span> <span class='ocrx_word' id='word_1_175' title='bbox 3577 876 3711 932; x_wconf 85' lang='lat' dir='ltr'><strong>satis</strong></span> 
     </span>
    </p>
   </div>
   <div class='ocr_carea' id='block_1_23' title="bbox 2135 966 3707 1043">
    <p class='ocr_par' dir='ltr' id='par_1_23' title="bbox 2135 966 3707 1043">
     <span class='ocr_line' id='line_1_23' title="bbox 2135 966 3707 1043; baseline 0.001 -20"><span class='ocrx_word' id='word_1_176' title='bbox 2135 975 2219 1024; x_wconf 93' lang='lat' dir='ltr'><strong>est</strong></span> <span class='ocrx_word' id='word_1_177' title='bbox 2254 983 2420 1022; x_wconf 90' lang='lat' dir='ltr'><strong>unum</strong></span> <span class='ocrx_word' id='word_1_178' title='bbox 2463 980 2660 1037; x_wconf 87' lang='lat' dir='ltr'><strong>equum</strong></span> <span class='ocrx_word' id='word_1_179' title='bbox 2692 967 3006 1033; x_wconf 88' lang='lat' dir='ltr'><strong>ascendere,</strong></span> <span class='ocrx_word' id='word_1_180' title='bbox 3035 966 3130 1023; x_wconf 81' lang='lat' dir='ltr'><strong>sed</strong></span> <span class='ocrx_word' id='word_1_181' title='bbox 3162 967 3345 1039; x_wconf 85' lang='lat' dir='ltr'><strong>plures</strong></span> <span class='ocrx_word' id='word_1_182' title='bbox 3386 966 3544 1022; x_wconf 90' lang='lat' dir='ltr'><strong>simul</strong></span> <span class='ocrx_word' id='word_1_183' title='bbox 3574 970 3707 1043; x_wconf 73' lang='lat' dir='ltr'><strong>agit,</strong></span> 
     </span>
    </p>
   </div>
   <div class='ocr_carea' id='block_1_24' title="bbox 2136 1057 3709 1129">
    <p class='ocr_par' dir='ltr' id='par_1_24' title="bbox 2136 1057 3709 1129">
     <span class='ocr_line' id='line_1_24' title="bbox 2136 1057 3709 1129; baseline 0.001 -15"><span class='ocrx_word' id='word_1_184' title='bbox 2136 1067 2192 1115; x_wconf 89' lang='lat' dir='ltr'><strong>et</strong></span> <span class='ocrx_word' id='word_1_185' title='bbox 2217 1067 2359 1114; x_wconf 90' lang='lat' dir='ltr'><strong>torto</strong></span> <span class='ocrx_word' id='word_1_186' title='bbox 2388 1058 2612 1113; x_wconf 84' lang='lat' dir='ltr'><strong>verbere</strong></span> <span class='ocrx_word' id='word_1_187' title='bbox 2641 1057 2804 1129; x_wconf 86' lang='lat' dir='ltr'><strong>cogit.</strong></span> <span class='ocrx_word' id='word_1_188' title='bbox 2852 1057 2999 1126; x_wconf 86' lang='lat' dir='ltr'><strong>Quos</strong></span> <span class='ocrx_word' id='word_1_189' title='bbox 3028 1059 3384 1115; x_wconf 89' lang='lat' dir='ltr'><strong>cum-videris</strong></span> <span class='ocrx_word' id='word_1_190' title='bbox 3414 1061 3469 1115; x_wconf 91' lang='lat' dir='ltr'><strong>in</strong></span> <span class='ocrx_word' id='word_1_191' title='bbox 3495 1059 3709 1115; x_wconf 91' lang='lat' dir='ltr'><strong>luxuria</strong></span> 
     </span>
    </p>
   </div>
   <div class='ocr_carea' id='block_1_25' title="bbox 2137 1148 3714 1220">
    <p class='ocr_par' dir='ltr' id='par_1_25' title="bbox 2137 1148 3714 1220">
     <span class='ocr_line' id='line_1_25' title="bbox 2137 1148 3714 1220; baseline 0.001 -16"><span class='ocrx_word' id='word_1_192' title='bbox 2137 1150 2437 1220; x_wconf 85' lang='lat' dir='ltr'><strong>turpiores,</strong></span> <span class='ocrx_word' id='word_1_193' title='bbox 2484 1149 2539 1204; x_wconf 89' lang='lat' dir='ltr'><strong>in</strong></span> <span class='ocrx_word' id='word_1_194' title='bbox 2580 1148 2898 1204; x_wconf 83' lang='lat' dir='ltr'><strong>crudelitate</strong></span> <span class='ocrx_word' id='word_1_195' title='bbox 2940 1149 3214 1214; x_wconf 77' lang='lat' dir='ltr'><strong>saeviores,</strong></span> <span class='ocrx_word' id='word_1_196' title='bbox 3260 1149 3315 1204; x_wconf 91' lang='lat' dir='ltr'><strong>in</strong></span> <span class='ocrx_word' id='word_1_197' title='bbox 3362 1151 3587 1206; x_wconf 88' lang='lat' dir='ltr'><strong>avaritia</strong></span> <span class='ocrx_word' id='word_1_198' title='bbox 3631 1161 3714 1206; x_wconf 81' lang='lat' dir='ltr'><strong>te-</strong></span> 
     </span>
    </p>
   </div>
   <div class='ocr_carea' id='block_1_26' title="bbox 2140 1239 3714 1314">
    <p class='ocr_par' dir='ltr' id='par_1_26' title="bbox 2140 1239 3714 1314">
     <span class='ocr_line' id='line_1_26' title="bbox 2140 1239 3714 1314; baseline 0.001 -17"><span class='ocrx_word' id='word_1_199' title='bbox 2140 1242 2356 1307; x_wconf 87' lang='lat' dir='ltr'><strong>triores,</strong></span> <span class='ocrx_word' id='word_1_200' title='bbox 2408 1241 2544 1298; x_wconf 89' lang='lat' dir='ltr'><strong>scito</strong></span> <span class='ocrx_word' id='word_1_201' title='bbox 2596 1241 2662 1296; x_wconf 91' lang='lat' dir='ltr'><strong>de</strong></span> <span class='ocrx_word' id='word_1_202' title='bbox 2708 1239 2985 1311; x_wconf 86' lang='lat' dir='ltr'><strong>quadrigis</strong></span> <span class='ocrx_word' id='word_1_203' title='bbox 3032 1255 3150 1296; x_wconf 90' lang='lat' dir='ltr'><strong>esse</strong></span> <span class='ocrx_word' id='word_1_204' title='bbox 3196 1240 3529 1306; x_wconf 86' lang='lat' dir='ltr'><strong>Pharaonis,</strong></span> <span class='ocrx_word' id='word_1_205' title='bbox 3574 1258 3714 1314; x_wconf 90' lang='lat' dir='ltr'><strong>quas</strong></span> 
     </span>
    </p>
   </div>
   <div class='ocr_carea' id='block_1_27' title="bbox 2137 1330 3717 1404">
    <p class='ocr_par' dir='ltr' id='par_1_27' title="bbox 2137 1330 3717 1404">
     <span class='ocr_line' id='line_1_27' title="bbox 2137 1330 3717 1404; baseline 0.002 -18"><span class='ocrx_word' id='word_1_206' title='bbox 2137 1332 2324 1386; x_wconf 88' lang='lat' dir='ltr'><strong>currui</strong></span> <span class='ocrx_word' id='word_1_207' title='bbox 2371 1346 2469 1386; x_wconf 93' lang='lat' dir='ltr'><strong>suo</strong></span> <span class='ocrx_word' id='word_1_208' title='bbox 2498 1331 2750 1402; x_wconf 89' lang='lat' dir='ltr'><strong>subjugat</strong></span> <span class='ocrx_word' id='word_1_209' title='bbox 2787 1347 2801 1382; x_wconf 87' lang='lat'><strong>:</strong></span> <span class='ocrx_word' id='word_1_210' title='bbox 2845 1330 2899 1385; x_wconf 92' lang='lat' dir='ltr'><strong>in</strong></span> <span class='ocrx_word' id='word_1_211' title='bbox 2947 1330 3076 1403; x_wconf 90' lang='lat' dir='ltr'><strong>ipsis</strong></span> <span class='ocrx_word' id='word_1_212' title='bbox 3108 1330 3278 1386; x_wconf 78' lang='lat' dir='ltr'><strong>fertur</strong></span> <span class='ocrx_word' id='word_1_213' title='bbox 3304 1342 3358 1387; x_wconf 91' lang='lat' dir='ltr'><strong>et</strong></span> <span class='ocrx_word' id='word_1_214' title='bbox 3398 1331 3585 1388; x_wconf 86' lang='lat' dir='ltr'><strong>volitat</strong></span> <span class='ocrx_word' id='word_1_215' title='bbox 3616 1350 3717 1404; x_wconf 90' lang='lat' dir='ltr'><strong>per</strong></span> 
     </span>
    </p>
   </div>
   <div class='ocr_carea' id='block_1_28' title="bbox 2089 1420 3710 1491">
    <p class='ocr_par' dir='ltr' id='par_1_28' title="bbox 2089 1420 3710 1491">
     <span class='ocr_line' id='line_1_28' title="bbox 2089 1420 3710 1491; baseline 0.006 -19"><span class='ocrx_word' id='word_1_216' title='bbox 2089 1454 2107 1472; x_wconf 91' lang='lat'><strong>.</strong></span> <span class='ocrx_word' id='word_1_217' title='bbox 2141 1429 2357 1491; x_wconf 87' lang='lat' dir='ltr'><strong>apertos</strong></span> <span class='ocrx_word' id='word_1_218' title='bbox 2392 1420 2657 1476; x_wconf 89' lang='lat' dir='ltr'><strong>scelerum</strong></span> <span class='ocrx_word' id='word_1_219' title='bbox 2683 1435 2925 1491; x_wconf 88' lang='lat' dir='ltr'><strong>campos,</strong></span> <span class='ocrx_word' id='word_1_220' title='bbox 2955 1421 3141 1478; x_wconf 79' lang='lat' dir='ltr'><strong>eifusis</strong></span> <span class='ocrx_word' id='word_1_221' title='bbox 3166 1423 3411 1480; x_wconf 88' lang='lat' dir='ltr'><strong>habenis.</strong></span> <span class='ocrx_word' id='word_1_222' title='bbox 3451 1422 3591 1481; x_wconf 87' lang='lat' dir='ltr'><strong>Sunt</strong></span> <span class='ocrx_word' id='word_1_223' title='bbox 3617 1426 3710 1482; x_wconf 87' lang='lat' dir='ltr'><strong>alii</strong></span> 
     </span>
    </p>
   </div>
   <div class='ocr_carea' id='block_1_29' title="bbox 2138 1510 3314 1578">
    <p class='ocr_par' dir='ltr' id='par_1_29' title="bbox 2138 1510 3314 1578">
     <span class='ocr_line' id='line_1_29' title="bbox 2138 1510 3314 1578; baseline 0.002 -12"><span class='ocrx_word' id='word_1_224' title='bbox 2138 1524 2454 1567; x_wconf 84' lang='lat' dir='ltr'><strong>ascensores</strong></span> <span class='ocrx_word' id='word_1_225' title='bbox 2488 1510 2670 1578; x_wconf 92' lang='lat' dir='ltr'><strong>electi,</strong></span> <span class='ocrx_word' id='word_1_226' title='bbox 2704 1510 2908 1568; x_wconf 81' lang='lat' dir='ltr'><strong>scilicet</strong></span> <span class='ocrx_word' id='word_1_227' title='bbox 2938 1515 3006 1568; x_wconf 90' lang='lat' dir='ltr'><strong>ad</strong></span> <span class='ocrx_word' id='word_1_228' title='bbox 3036 1513 3314 1569; x_wconf 88' lang='lat' dir='ltr'><strong>malitiam.</strong></span> 
     </span>
    </p>
   </div>
   <div class='ocr_carea' id='block_1_30' title="bbox 2210 1599 3716 1677">
    <p class='ocr_par' dir='ltr' id='par_1_30' title="bbox 2210 1599 3716 1677">
     <span class='ocr_line' id='line_1_30' title="bbox 2210 1599 3716 1677; baseline 0.004 -20"><span class='ocrx_word' id='word_1_229' title='bbox 2210 1599 2415 1674; x_wconf 80' lang='lat' dir='ltr'><strong>(0ntc.)</strong></span> <span class='ocrx_word' id='word_1_230' title='bbox 2451 1601 2879 1659; x_wconf 84' lang='lat' dir='ltr'><strong>Temistratores</strong></span> <span class='ocrx_word' id='word_1_231' title='bbox 2917 1603 3035 1659; x_wconf 90' lang='lat' dir='ltr'><strong>ideo</strong></span> <span class='ocrx_word' id='word_1_232' title='bbox 3055 1601 3331 1672; x_wconf 89' lang='lat' dir='ltr'><strong>dicuntur,</strong></span> <span class='ocrx_word' id='word_1_233' title='bbox 3361 1606 3487 1677; x_wconf 88' lang='lat' dir='ltr'><strong>quia</strong></span> <span class='ocrx_word' id='word_1_234' title='bbox 3522 1607 3716 1677; x_wconf 83' lang='lat' dir='ltr'><strong>triplex</strong></span> 
     </span>
    </p>
   </div>
   <div class='ocr_carea' id='block_1_31' title="bbox 2141 1693 3719 1763">
    <p class='ocr_par' dir='ltr' id='par_1_31' title="bbox 2141 1693 3719 1763">
     <span class='ocr_line' id='line_1_31' title="bbox 2141 1693 3719 1763; baseline 0.004 -14"><span class='ocrx_word' id='word_1_235' title='bbox 2141 1699 2224 1749; x_wconf 88' lang='lat' dir='ltr'><strong>est</strong></span> <span class='ocrx_word' id='word_1_236' title='bbox 2250 1693 2561 1749; x_wconf 88' lang='lat' dir='ltr'><strong>hominibus</strong></span> <span class='ocrx_word' id='word_1_237' title='bbox 2588 1695 2845 1763; x_wconf 86' lang='lat' dir='ltr'><strong>peccandi</strong></span> <span class='ocrx_word' id='word_1_238' title='bbox 2875 1695 2982 1750; x_wconf 91' lang='lat' dir='ltr'><strong>via.</strong></span> <span class='ocrx_word' id='word_1_239' title='bbox 3023 1694 3080 1751; x_wconf 80' lang='lat' dir='ltr'><strong>in</strong></span> <span class='ocrx_word' id='word_1_240' title='bbox 3111 1696 3254 1753; x_wconf 81' lang='lat' dir='ltr'><strong>facto</strong></span> <span class='ocrx_word' id='word_1_241' title='bbox 3290 1697 3456 1762; x_wconf 88' lang='lat' dir='ltr'><strong>enim,</strong></span> <span class='ocrx_word' id='word_1_242' title='bbox 3488 1699 3540 1753; x_wconf 92' lang='lat' dir='ltr'><strong>in</strong></span> <span class='ocrx_word' id='word_1_243' title='bbox 3568 1699 3719 1755; x_wconf 87' lang='lat' dir='ltr'><strong>dicto</strong></span> 
     </span>
    </p>
   </div>
   <div class='ocr_carea' id='block_1_32' title="bbox 2140 1784 3721 1862">
    <p class='ocr_par' dir='ltr' id='par_1_32' title="bbox 2140 1784 3721 1862">
     <span class='ocr_line' id='line_1_32' title="bbox 2140 1784 3721 1862; baseline 0.007 -24"><span class='ocrx_word' id='word_1_244' title='bbox 2140 1792 2196 1838; x_wconf 88' lang='lat' dir='ltr'><strong>et</strong></span> <span class='ocrx_word' id='word_1_245' title='bbox 2233 1784 2288 1839; x_wconf 92' lang='lat' dir='ltr'><strong>in</strong></span> <span class='ocrx_word' id='word_1_246' title='bbox 2331 1786 2657 1856; x_wconf 86' lang='lat' dir='ltr'><strong>cogitatione</strong></span> <span class='ocrx_word' id='word_1_247' title='bbox 2704 1795 2948 1857; x_wconf 89' lang='lat' dir='ltr'><strong>peccant.</strong></span> <span class='ocrx_word' id='word_1_248' title='bbox 2991 1787 3116 1844; x_wconf 90' lang='lat' dir='ltr'><strong>Ideo</strong></span> <span class='ocrx_word' id='word_1_249' title='bbox 3159 1791 3568 1847; x_wconf 86' lang='lat' dir='ltr'><strong>ternistratores</strong></span> <span class='ocrx_word' id='word_1_250' title='bbox 3620 1808 3721 1862; x_wconf 88' lang='lat' dir='ltr'><strong>per</strong></span> 
     </span>
    </p>
   </div>
   <div class='ocr_carea' id='block_1_33' title="bbox 454 1858 3723 1951">
    <p class='ocr_par' dir='ltr' id='par_1_33' title="bbox 454 1858 3723 1951">
     <span class='ocr_line' id='line_1_33' title="bbox 454 1858 3723 1951; baseline 0.003 -20"><span class='ocrx_word' id='word_1_251' title='bbox 454 1876 701 1947; x_wconf 81' lang='lat' dir='ltr'><strong>judicare</strong></span> <span class='ocrx_word' id='word_1_252' title='bbox 737 1884 970 1940; x_wconf 88' lang='lat' dir='ltr'><strong>terram,</strong></span> <span class='ocrx_word' id='word_1_253' title='bbox 1008 1884 1065 1931; x_wconf 91' lang='lat' dir='ltr'><strong>et</strong></span> <span class='ocrx_word' id='word_1_254' title='bbox 1090 1890 1277 1930; x_wconf 88' lang='lat' dir='ltr'><strong>verum</strong></span> <span class='ocrx_word' id='word_1_255' title='bbox 1309 1874 1683 1941; x_wconf 88' lang='lat' dir='ltr'><strong>Pharaonem,</strong></span> <span class='ocrx_word' id='word_1_256' title='bbox 1721 1876 1776 1931; x_wconf 89' lang='lat' dir='ltr'><strong>id</strong></span> <span class='ocrx_word' id='word_1_257' title='bbox 1806 1885 1890 1931; x_wconf 89' lang='lat' dir='ltr'><strong>est</strong></span> <span class='ocrx_word' id='word_1_258' title='bbox 1924 1858 2115 1931; x_wconf 67' lang='lat' dir='ltr'><strong>dia-3</strong></span> <span class='ocrx_word' id='word_1_259' title='bbox 2142 1877 2383 1950; x_wconf 75' lang='lat' dir='ltr'><strong>singulos</strong></span> <span class='ocrx_word' id='word_1_260' title='bbox 2416 1878 2686 1946; x_wconf 90' lang='lat' dir='ltr'><strong>dicuntur,</strong></span> <span class='ocrx_word' id='word_1_261' title='bbox 2718 1880 2843 1950; x_wconf 86' lang='lat' dir='ltr'><strong>quia</strong></span> <span class='ocrx_word' id='word_1_262' title='bbox 2887 1880 3019 1936; x_wconf 88' lang='lat' dir='ltr'><strong>istas</strong></span> <span class='ocrx_word' id='word_1_263' title='bbox 3046 1889 3155 1936; x_wconf 88' lang='lat' dir='ltr'><strong>tres</strong></span> <span class='ocrx_word' id='word_1_264' title='bbox 3181 1882 3234 1936; x_wconf 94' lang='lat' dir='ltr'><strong>in</strong></span> <span class='ocrx_word' id='word_1_265' title='bbox 3265 1883 3421 1939; x_wconf 88' lang='lat' dir='ltr'><strong>nobis</strong></span> <span class='ocrx_word' id='word_1_266' title='bbox 3444 1858 3723 1951; x_wconf 75' lang='lat' dir='ltr'><strong>possident</strong></span> 
     </span>
    </p>
   </div>
   <div class='ocr_carea' id='block_1_34' title="bbox 463 1965 2044 2037">
    <p class='ocr_par' dir='ltr' id='par_1_34' title="bbox 463 1965 2044 2037">
     <span class='ocr_line' id='line_1_34' title="bbox 463 1965 2044 2037; baseline -0.001 -14"><span class='ocrx_word' id='word_1_267' title='bbox 463 1968 668 2033; x_wconf 84' lang='lat' dir='ltr'><strong>bolum,</strong></span> <span class='ocrx_word' id='word_1_268' title='bbox 710 1966 1002 2022; x_wconf 79' lang='lat' dir='ltr'><strong>iaterliciet</strong></span> <span class='ocrx_word' id='word_1_269' title='bbox 1036 1966 1228 2036; x_wconf 81' lang='lat' dir='ltr'><strong>spiritu</strong></span> <span class='ocrx_word' id='word_1_270' title='bbox 1268 1965 1383 2021; x_wconf 88' lang='lat' dir='ltr'><strong>oris</strong></span> <span class='ocrx_word' id='word_1_271' title='bbox 1418 1966 1541 2031; x_wconf 91' lang='lat' dir='ltr'><strong>sui,</strong></span> <span class='ocrx_word' id='word_1_272' title='bbox 1587 1980 1710 2021; x_wconf 85' lang='lat' dir='ltr'><strong>cum</strong></span> <span class='ocrx_word' id='word_1_273' title='bbox 1750 1966 2044 2037; x_wconf 75' lang='lat' dir='ltr'><strong>refulgebit</strong></span> 
     </span>
    </p>
   </div>
   <div class='ocr_carea' id='block_1_35' title="bbox 459 2055 2036 2129">
    <p class='ocr_par' dir='ltr' id='par_1_35' title="bbox 459 2055 2036 2129">
     <span class='ocr_line' id='line_1_35' title="bbox 459 2055 2036 2129; baseline -0.002 -15"><span class='ocrx_word' id='word_1_274' title='bbox 459 2059 515 2114; x_wconf 88' lang='lat' dir='ltr'><strong>in</strong></span> <span class='ocrx_word' id='word_1_275' title='bbox 557 2057 838 2127; x_wconf 88' lang='lat' dir='ltr'><strong>majestate</strong></span> <span class='ocrx_word' id='word_1_276' title='bbox 874 2057 1052 2112; x_wconf 89' lang='lat' dir='ltr'><strong>Patris</strong></span> <span class='ocrx_word' id='word_1_277' title='bbox 1094 2075 1108 2112; x_wconf 90' lang='lat'><strong>:</strong></span> <span class='ocrx_word' id='word_1_278' title='bbox 1154 2066 1283 2112; x_wconf 91' lang='lat' dir='ltr'><strong>tunc</strong></span> <span class='ocrx_word' id='word_1_279' title='bbox 1334 2058 1567 2128; x_wconf 86' lang='lat' dir='ltr'><strong>gloriose</strong></span> <span class='ocrx_word' id='word_1_280' title='bbox 1620 2055 2036 2129; x_wconf 75' lang='lat' dir='ltr'><strong>glorificabitur,</strong></span> 
     </span>
    </p>
   </div>
   <div class='ocr_carea' id='block_1_36' title="bbox 456 2144 2043 2206">
    <p class='ocr_par' dir='ltr' id='par_1_36' title="bbox 456 2144 2043 2206">
     <span class='ocr_line' id='line_1_36' title="bbox 456 2144 2043 2206; baseline -0.001 -1"><span class='ocrx_word' id='word_1_281' title='bbox 456 2164 580 2206; x_wconf 86' lang='lat' dir='ltr'><strong>eum</strong></span> <span class='ocrx_word' id='word_1_282' title='bbox 608 2163 800 2204; x_wconf 86' lang='lat' dir='ltr'><strong>omnes</strong></span> <span class='ocrx_word' id='word_1_283' title='bbox 828 2146 1263 2204; x_wconf 76' lang='lat' dir='ltr'><strong>honoriﬁcabunt</strong></span> <span class='ocrx_word' id='word_1_284' title='bbox 1285 2144 1483 2203; x_wconf 82' lang='lat' dir='ltr'><strong>Filium</strong></span> <span class='ocrx_word' id='word_1_285' title='bbox 1514 2147 1655 2203; x_wconf 90' lang='lat' dir='ltr'><strong>sicut</strong></span> <span class='ocrx_word' id='word_1_286' title='bbox 1680 2146 2043 2204; x_wconf 87' lang='lat' dir='ltr'><strong>bonorilicant</strong></span> 
     </span>
    </p>
   </div>
   <div class='ocr_carea' id='block_1_37' title="bbox 456 2242 693 2298">
    <p class='ocr_par' dir='ltr' id='par_1_37' title="bbox 456 2242 693 2298">
     <span class='ocr_line' id='line_1_37' title="bbox 456 2242 693 2298; baseline -0.004 0"><span class='ocrx_word' id='word_1_287' title='bbox 456 2242 693 2298; x_wconf 83' lang='lat' dir='ltr'><strong>Patrem.</strong></span> 
     </span>
    </p>
   </div>
   <div class='ocr_carea' id='block_1_38' title="bbox 528 2327 2042 2402">
    <p class='ocr_par' dir='ltr' id='par_1_38' title="bbox 528 2327 2042 2402">
     <span class='ocr_line' id='line_1_38' title="bbox 528 2327 2042 2402; baseline -0.003 -16"><span class='ocrx_word' id='word_1_288' title='bbox 528 2330 901 2402; x_wconf 59' lang='grc' dir='ltr'><strong>καρπίμων</strong></span> <span class='ocrx_word' id='word_1_289' title='bbox 937 2338 1030 2393; x_wconf 87' lang='lat' dir='ltr'><strong>est,</strong></span> <span class='ocrx_word' id='word_1_290' title='bbox 1063 2344 1255 2400; x_wconf 68' lang='lat' dir='ltr'><strong>equam</strong></span> <span class='ocrx_word' id='word_1_291' title='bbox 1303 2337 1363 2384; x_wconf 72' lang='lat' dir='ltr'><strong>et</strong></span> <span class='ocrx_word' id='word_1_292' title='bbox 1386 2343 1714 2384; x_wconf 77' lang='lat' dir='ltr'><strong>ascensorem</strong></span> <span class='ocrx_word' id='word_1_293' title='bbox 1751 2327 1940 2398; x_wconf 73' lang='lat' dir='ltr'><strong>defecit</strong></span> <span class='ocrx_word' id='word_1_294' title='bbox 1984 2327 2042 2381; x_wconf 82' lang='lat' dir='ltr'><strong>in</strong></span> 
     </span>
    </p>
   </div>
   <div class='ocr_carea' id='block_1_39' title="bbox 458 2417 2041 2492">
    <p class='ocr_par' dir='ltr' id='par_1_39' title="bbox 458 2417 2041 2492">
     <span class='ocr_line' id='line_1_39' title="bbox 458 2417 2041 2492; baseline -0.002 -16"><span class='ocrx_word' id='word_1_295' title='bbox 458 2437 625 2485; x_wconf 82' lang='lat' dir='ltr'><strong>mare,</strong></span> <span class='ocrx_word' id='word_1_296' title='bbox 648 2431 755 2475; x_wconf 88' lang='lat' dir='ltr'><strong>etc.</strong></span> <span class='ocrx_word' id='word_1_297' title='bbox 782 2420 840 2474; x_wconf 85' lang='grc' dir='ltr'><strong>ιιι</strong></span> <span class='ocrx_word' id='word_1_298' title='bbox 867 2420 1037 2491; x_wconf 81' lang='lat' dir='ltr'><strong>signis</strong></span> <span class='ocrx_word' id='word_1_299' title='bbox 1055 2419 1290 2492; x_wconf 71' lang='lat' dir='ltr'><strong>ASgypti.</strong></span> <span class='ocrx_word' id='word_1_300' title='bbox 1322 2417 1430 2474; x_wconf 82' lang='lat' dir='ltr'><strong>Sed</strong></span> <span class='ocrx_word' id='word_1_301' title='bbox 1457 2418 1693 2491; x_wconf 81' lang='lat' dir='ltr'><strong>gloriose</strong></span> <span class='ocrx_word' id='word_1_302' title='bbox 1725 2417 2041 2490; x_wconf 83' lang='lat' dir='ltr'><strong>magniﬁca-</strong></span> 
     </span>
    </p>
   </div>
   <div class='ocr_carea' id='block_1_40' title="bbox 459 2507 2040 2582">
    <p class='ocr_par' dir='ltr' id='par_1_40' title="bbox 459 2507 2040 2582">
     <span class='ocr_line' id='line_1_40' title="bbox 459 2507 2040 2582; baseline -0.005 -13"><span class='ocrx_word' id='word_1_303' title='bbox 459 2522 546 2569; x_wconf 84' lang='lat' dir='ltr'><strong>tus</strong></span> <span class='ocrx_word' id='word_1_304' title='bbox 570 2521 675 2578; x_wconf 87' lang='lat' dir='ltr'><strong>est,</strong></span> <span class='ocrx_word' id='word_1_305' title='bbox 702 2512 826 2582; x_wconf 89' lang='lat' dir='ltr'><strong>quia</strong></span> <span class='ocrx_word' id='word_1_306' title='bbox 853 2510 1195 2566; x_wconf 82' lang='lat' dir='ltr'><strong>Pharaonem</strong></span> <span class='ocrx_word' id='word_1_307' title='bbox 1224 2518 1279 2566; x_wconf 87' lang='lat' dir='ltr'><strong>et</strong></span> <span class='ocrx_word' id='word_1_308' title='bbox 1304 2510 1605 2566; x_wconf 82' lang='lat' dir='ltr'><strong>exercitum</strong></span> <span class='ocrx_word' id='word_1_309' title='bbox 1641 2507 1758 2577; x_wconf 82' lang='lat' dir='ltr'><strong>ejus</strong></span> <span class='ocrx_word' id='word_1_310' title='bbox 1791 2509 2040 2564; x_wconf 87' lang='lat' dir='ltr'><strong>submer-</strong></span> 
     </span>
    </p>
   </div>
   <div class='ocr_carea' id='block_1_41' title="bbox 459 2601 2042 2674">
    <p class='ocr_par' dir='ltr' id='par_1_41' title="bbox 459 2601 2042 2674">
     <span class='ocr_line' id='line_1_41' title="bbox 459 2601 2042 2674; baseline -0.004 -13"><span class='ocrx_word' id='word_1_311' title='bbox 459 2606 550 2661; x_wconf 89' lang='lat' dir='ltr'><strong>sit.</strong></span> <span class='ocrx_word' id='word_1_312' title='bbox 590 2604 684 2659; x_wconf 69' lang='grc' dir='ltr'><strong>γει</strong></span> <span class='ocrx_word' id='word_1_313' title='bbox 727 2601 1105 2674; x_wconf 74' lang='lat' dir='ltr'><strong>magnificatus</strong></span> <span class='ocrx_word' id='word_1_314' title='bbox 1144 2610 1249 2667; x_wconf 87' lang='lat' dir='ltr'><strong>est,</strong></span> <span class='ocrx_word' id='word_1_315' title='bbox 1280 2602 1539 2657; x_wconf 86' lang='lat' dir='ltr'><strong>miracula</strong></span> <span class='ocrx_word' id='word_1_316' title='bbox 1576 2608 1702 2657; x_wconf 89' lang='lat' dir='ltr'><strong>ante</strong></span> <span class='ocrx_word' id='word_1_317' title='bbox 1735 2601 2042 2672; x_wconf 83' lang='lat' dir='ltr'><strong>passionem</strong></span> 
     </span>
    </p>
   </div>
   <div class='ocr_carea' id='block_1_42' title="bbox 460 2691 2040 2765">
    <p class='ocr_par' dir='ltr' id='par_1_42' title="bbox 460 2691 2040 2765">
     <span class='ocr_line' id='line_1_42' title="bbox 460 2691 2040 2765; baseline -0.001 -16"><span class='ocrx_word' id='word_1_318' title='bbox 460 2692 728 2759; x_wconf 77' lang='lat' dir='ltr'><strong>faciendo,</strong></span> <span class='ocrx_word' id='word_1_319' title='bbox 757 2692 1122 2763; x_wconf 68' lang='lat' dir='ltr'><strong>praedicando,</strong></span> <span class='ocrx_word' id='word_1_320' title='bbox 1160 2693 1214 2748; x_wconf 90' lang='lat' dir='ltr'><strong>in</strong></span> <span class='ocrx_word' id='word_1_321' title='bbox 1244 2709 1409 2749; x_wconf 87' lang='lat' dir='ltr'><strong>cruce</strong></span> <span class='ocrx_word' id='word_1_322' title='bbox 1435 2693 1756 2749; x_wconf 86' lang='lat' dir='ltr'><strong>moriendo:</strong></span> <span class='ocrx_word' id='word_1_323' title='bbox 1802 2693 1897 2748; x_wconf 89' lang='lat' dir='ltr'><strong>sed</strong></span> <span class='ocrx_word' id='word_1_324' title='bbox 1922 2691 2040 2765; x_wconf 89' lang='lat' dir='ltr'><strong>glo-</strong></span> 
     </span>
    </p>
   </div>
   <div class='ocr_carea' id='block_1_43' title="bbox 464 2785 2042 2860">
    <p class='ocr_par' dir='ltr' id='par_1_43' title="bbox 464 2785 2042 2860">
     <span class='ocr_line' id='line_1_43' title="bbox 464 2785 2042 2860; baseline 0 -17"><span class='ocrx_word' id='word_1_325' title='bbox 464 2788 608 2843; x_wconf 84' lang='lat' dir='ltr'><strong>riose</strong></span> <span class='ocrx_word' id='word_1_326' title='bbox 650 2785 1028 2860; x_wconf 79' lang='lat' dir='ltr'><strong>magniﬁcatus</strong></span> <span class='ocrx_word' id='word_1_327' title='bbox 1054 2794 1160 2853; x_wconf 87' lang='lat' dir='ltr'><strong>est,</strong></span> <span class='ocrx_word' id='word_1_328' title='bbox 1190 2802 1317 2843; x_wconf 88' lang='lat' dir='ltr'><strong>cum</strong></span> <span class='ocrx_word' id='word_1_329' title='bbox 1356 2786 1657 2845; x_wconf 78' lang='lat' dir='ltr'><strong>resurrexit</strong></span> <span class='ocrx_word' id='word_1_330' title='bbox 1688 2785 1866 2842; x_wconf 85' lang='lat' dir='ltr'><strong>vietor</strong></span> <span class='ocrx_word' id='word_1_331' title='bbox 1896 2787 2042 2843; x_wconf 85' lang='lat' dir='ltr'><strong>victo</strong></span> 
     </span>
    </p>
   </div>
   <div class='ocr_carea' id='block_1_44' title="bbox 463 2875 1228 2947">
    <p class='ocr_par' dir='ltr' id='par_1_44' title="bbox 463 2875 1228 2947">
     <span class='ocr_line' id='line_1_44' title="bbox 463 2875 1228 2947; baseline -0.003 -14"><span class='ocrx_word' id='word_1_332' title='bbox 463 2877 699 2942; x_wconf 88' lang='lat' dir='ltr'><strong>diabolo,</strong></span> <span class='ocrx_word' id='word_1_333' title='bbox 733 2876 965 2947; x_wconf 91' lang='lat' dir='ltr'><strong>spoliato</strong></span> <span class='ocrx_word' id='word_1_334' title='bbox 995 2875 1228 2933; x_wconf 80' lang='lat' dir='ltr'><strong>inferno.</strong></span> 
     </span>
    </p>
   </div>
   <div class='ocr_carea' id='block_1_45' title="bbox 533 2966 2044 3043">
    <p class='ocr_par' dir='ltr' id='par_1_45' title="bbox 533 2966 2044 3043">
     <span class='ocr_line' id='line_1_45' title="bbox 533 2966 2044 3043; baseline 0.001 -19"><span class='ocrx_word' id='word_1_335' title='bbox 533 2968 765 3041; x_wconf 60' lang='lat' dir='ltr'><strong>Equum,</strong></span> <span class='ocrx_word' id='word_1_336' title='bbox 786 2978 895 3024; x_wconf 83' lang='lat' dir='ltr'><strong>etc.</strong></span> <span class='ocrx_word' id='word_1_337' title='bbox 927 2966 1132 3041; x_wconf 72' lang='grc' dir='ltr'>(Οιιιι.)</span> <span class='ocrx_word' id='word_1_338' title='bbox 1158 2967 1420 3027; x_wconf 78' lang='lat' dir='ltr'><strong>Hotuines</strong></span> <span class='ocrx_word' id='word_1_339' title='bbox 1444 2970 1535 3041; x_wconf 90' lang='lat' dir='ltr'><strong>qui</strong></span> <span class='ocrx_word' id='word_1_340' title='bbox 1562 2984 1662 3027; x_wconf 88' lang='lat' dir='ltr'><strong>nos</strong></span> <span class='ocrx_word' id='word_1_341' title='bbox 1687 2970 2044 3043; x_wconf 83' lang='lat' dir='ltr'><strong>insequuntur</strong></span> 
     </span>
    </p>
   </div>
   <div class='ocr_carea' id='block_1_46' title="bbox 455 3064 2043 3139">
    <p class='ocr_par' dir='ltr' id='par_1_46' title="bbox 455 3064 2043 3139">
     <span class='ocr_line' id='line_1_46' title="bbox 455 3064 2043 3139; baseline 0.003 -19"><span class='ocrx_word' id='word_1_342' title='bbox 455 3065 580 3137; x_wconf 82' lang='lat' dir='ltr'><strong>equi</strong></span> <span class='ocrx_word' id='word_1_343' title='bbox 607 3072 764 3129; x_wconf 84' lang='lat' dir='ltr'><strong>suat;</strong></span> <span class='ocrx_word' id='word_1_344' title='bbox 798 3071 856 3118; x_wconf 88' lang='lat' dir='ltr'><strong>et</strong></span> <span class='ocrx_word' id='word_1_345' title='bbox 878 3078 1068 3119; x_wconf 77' lang='lat' dir='ltr'><strong>omnes</strong></span> <span class='ocrx_word' id='word_1_346' title='bbox 1090 3064 1183 3135; x_wconf 77' lang='lat' dir='ltr'><strong>qui</strong></span> <span class='ocrx_word' id='word_1_347' title='bbox 1210 3064 1265 3119; x_wconf 90' lang='lat' dir='ltr'><strong>in</strong></span> <span class='ocrx_word' id='word_1_348' title='bbox 1295 3080 1459 3122; x_wconf 81' lang='lat' dir='ltr'><strong>carne</strong></span> <span class='ocrx_word' id='word_1_349' title='bbox 1486 3067 1600 3122; x_wconf 83' lang='lat' dir='ltr'><strong>nati</strong></span> <span class='ocrx_word' id='word_1_350' title='bbox 1626 3074 1774 3131; x_wconf 89' lang='lat' dir='ltr'><strong>sunt,</strong></span> <span class='ocrx_word' id='word_1_351' title='bbox 1803 3068 2043 3139; x_wconf 77' lang='lat' dir='ltr'><strong>ﬁgurali—</strong></span> 
     </span>
    </p>
   </div>
   <div class='ocr_carea' id='block_1_47' title="bbox 461 3154 2042 3233">
    <p class='ocr_par' dir='ltr' id='par_1_47' title="bbox 461 3154 2042 3233">
     <span class='ocr_line' id='line_1_47' title="bbox 461 3154 2042 3233; baseline 0.003 -21"><span class='ocrx_word' id='word_1_352' title='bbox 461 3165 546 3212; x_wconf 85' lang='lat' dir='ltr'><strong>ter</strong></span> <span class='ocrx_word' id='word_1_353' title='bbox 570 3154 697 3226; x_wconf 84' lang='lat' dir='ltr'><strong>equi</strong></span> <span class='ocrx_word' id='word_1_354' title='bbox 716 3164 864 3223; x_wconf 81' lang='lat' dir='ltr'><strong>sunt,</strong></span> <span class='ocrx_word' id='word_1_355' title='bbox 893 3164 949 3215; x_wconf 87' lang='lat' dir='ltr'><strong>et</strong></span> <span class='ocrx_word' id='word_1_356' title='bbox 974 3156 1176 3211; x_wconf 81' lang='lat' dir='ltr'><strong>habent</strong></span> <span class='ocrx_word' id='word_1_357' title='bbox 1210 3171 1528 3214; x_wconf 83' lang='lat' dir='ltr'><strong>ascensores</strong></span> <span class='ocrx_word' id='word_1_358' title='bbox 1563 3174 1708 3215; x_wconf 83' lang='lat' dir='ltr'><strong>suos.</strong></span> <span class='ocrx_word' id='word_1_359' title='bbox 1742 3159 1879 3216; x_wconf 84' lang='lat' dir='ltr'><strong>Sunt</strong></span> <span class='ocrx_word' id='word_1_360' title='bbox 1904 3177 2042 3233; x_wconf 89' lang='lat' dir='ltr'><strong>quos</strong></span> 
     </span>
    </p>
   </div>
   <div class='ocr_carea' id='block_1_48' title="bbox 459 3246 2040 3318">
    <p class='ocr_par' dir='ltr' id='par_1_48' title="bbox 459 3246 2040 3318">
     <span class='ocr_line' id='line_1_48' title="bbox 459 3246 2040 3318; baseline 0.004 -17"><span class='ocrx_word' id='word_1_361' title='bbox 459 3246 722 3302; x_wconf 80' lang='lat' dir='ltr'><strong>Dominus</strong></span> <span class='ocrx_word' id='word_1_362' title='bbox 750 3246 1016 3313; x_wconf 79' lang='lat' dir='ltr'><strong>ascendit,</strong></span> <span class='ocrx_word' id='word_1_363' title='bbox 1054 3254 1110 3302; x_wconf 92' lang='lat' dir='ltr'><strong>et</strong></span> <span class='ocrx_word' id='word_1_364' title='bbox 1155 3247 1494 3304; x_wconf 81' lang='lat' dir='ltr'><strong>circumeunt</strong></span> <span class='ocrx_word' id='word_1_365' title='bbox 1544 3264 1758 3305; x_wconf 78' lang='lat' dir='ltr'><strong>omnem</strong></span> <span class='ocrx_word' id='word_1_366' title='bbox 1812 3259 2040 3318; x_wconf 89' lang='lat' dir='ltr'><strong>terram;</strong></span> 
     </span>
    </p>
   </div>
   <div class='ocr_carea' id='block_1_49' title="bbox 458 3336 2042 3410">
    <p class='ocr_par' dir='ltr' id='par_1_49' title="bbox 458 3336 2042 3410">
     <span class='ocr_line' id='line_1_49' title="bbox 458 3336 2042 3410; baseline 0.004 -19"><span class='ocrx_word' id='word_1_367' title='bbox 458 3336 526 3391; x_wconf 92' lang='lat' dir='ltr'><strong>de</strong></span> <span class='ocrx_word' id='word_1_368' title='bbox 560 3336 757 3407; x_wconf 85' lang='lat' dir='ltr'><strong>quibus</strong></span> <span class='ocrx_word' id='word_1_369' title='bbox 800 3336 999 3392; x_wconf 81' lang='lat' dir='ltr'><strong>dicitur</strong></span> <span class='ocrx_word' id='word_1_370' title='bbox 1027 3336 1233 3393; x_wconf 78' lang='lat' dir='ltr'><strong>Hahae.</strong></span> <span class='ocrx_word' id='word_1_371' title='bbox 1274 3352 1338 3393; x_wconf 88' lang='grc' dir='ltr'><strong>ιιι</strong></span> <span class='ocrx_word' id='word_1_372' title='bbox 1369 3357 1382 3391; x_wconf 90' lang='lat'>:</span> <span class='ocrx_word' id='word_1_373' title='bbox 1410 3337 1694 3410; x_wconf 71' lang='lat' dir='ltr'><strong>Equitatus</strong></span> <span class='ocrx_word' id='word_1_374' title='bbox 1719 3350 1842 3395; x_wconf 83' lang='lat' dir='ltr'><strong>tuus</strong></span> <span class='ocrx_word' id='word_1_375' title='bbox 1873 3341 2042 3398; x_wconf 81' lang='lat' dir='ltr'><strong>salus.</strong></span> 
     </span>
    </p>
   </div>
   <div class='ocr_carea' id='block_1_50' title="bbox 458 3429 2048 3504">
    <p class='ocr_par' dir='ltr' id='par_1_50' title="bbox 458 3429 2048 3504">
     <span class='ocr_line' id='line_1_50' title="bbox 458 3429 2048 3504; baseline 0.004 -19"><span class='ocrx_word' id='word_1_376' title='bbox 458 3429 609 3486; x_wconf 77' lang='lat' dir='ltr'><strong>Alias</strong></span> <span class='ocrx_word' id='word_1_377' title='bbox 640 3430 888 3487; x_wconf 80' lang='lat' dir='ltr'><strong>ascendit</strong></span> <span class='ocrx_word' id='word_1_378' title='bbox 908 3430 1154 3487; x_wconf 80' lang='lat' dir='ltr'><strong>diabolus</strong></span> <span class='ocrx_word' id='word_1_379' title='bbox 1204 3440 1257 3488; x_wconf 88' lang='lat' dir='ltr'><strong>et</strong></span> <span class='ocrx_word' id='word_1_380' title='bbox 1302 3431 1477 3503; x_wconf 82' lang='lat' dir='ltr'><strong>angeli</strong></span> <span class='ocrx_word' id='word_1_381' title='bbox 1508 3430 1644 3501; x_wconf 82' lang='lat' dir='ltr'><strong>ejus.</strong></span> <span class='ocrx_word' id='word_1_382' title='bbox 1689 3430 1855 3489; x_wconf 72' lang='lat' dir='ltr'><strong>ludas</strong></span> <span class='ocrx_word' id='word_1_383' title='bbox 1875 3449 2048 3504; x_wconf 89' lang='lat' dir='ltr'><strong>equus</strong></span> 
     </span>
    </p>
   </div>
   <div class='ocr_carea' id='block_1_51' title="bbox 454 3517 2049 3596">
    <p class='ocr_par' dir='ltr' id='par_1_51' title="bbox 454 3517 2049 3596">
     <span class='ocr_line' id='line_1_51' title="bbox 454 3517 2049 3596; baseline 0.002 -20"><span class='ocrx_word' id='word_1_384' title='bbox 454 3517 590 3583; x_wconf 70' lang='lat' dir='ltr'><strong>eiat.</strong></span> <span class='ocrx_word' id='word_1_385' title='bbox 614 3530 672 3577; x_wconf 81' lang='lat' dir='ltr'><strong>et</strong></span> <span class='ocrx_word' id='word_1_386' title='bbox 698 3537 822 3579; x_wconf 80' lang='lat' dir='ltr'><strong>eum</strong></span> <span class='ocrx_word' id='word_1_387' title='bbox 862 3536 1203 3578; x_wconf 81' lang='lat' dir='ltr'><strong>ascensorem</strong></span> <span class='ocrx_word' id='word_1_388' title='bbox 1246 3522 1433 3579; x_wconf 80' lang='lat' dir='ltr'><strong>habuit</strong></span> <span class='ocrx_word' id='word_1_389' title='bbox 1464 3522 1774 3589; x_wconf 89' lang='lat' dir='ltr'><strong>Dominum,</strong></span> <span class='ocrx_word' id='word_1_390' title='bbox 1801 3525 1869 3581; x_wconf 90' lang='lat' dir='ltr'><strong>de</strong></span> <span class='ocrx_word' id='word_1_391' title='bbox 1894 3525 2049 3596; x_wconf 86' lang='lat' dir='ltr'><strong>equi-</strong></span> 
     </span>
    </p>
   </div>
   <div class='ocr_carea' id='block_1_52' title="bbox 460 3612 2048 3686">
    <p class='ocr_par' dir='ltr' id='par_1_52' title="bbox 460 3612 2048 3686">
     <span class='ocr_line' id='line_1_52' title="bbox 460 3612 2048 3686; baseline 0.003 -18"><span class='ocrx_word' id='word_1_392' title='bbox 460 3620 575 3668; x_wconf 91' lang='lat' dir='ltr'><strong>tatu</strong></span> <span class='ocrx_word' id='word_1_393' title='bbox 623 3612 815 3669; x_wconf 81' lang='lat' dir='ltr'><strong>salutis</strong></span> <span class='ocrx_word' id='word_1_394' title='bbox 840 3623 961 3671; x_wconf 84' lang='lat' dir='ltr'><strong>erat</strong></span> <span class='ocrx_word' id='word_1_395' title='bbox 981 3631 997 3668; x_wconf 91' lang='lat'><strong>:</strong></span> <span class='ocrx_word' id='word_1_396' title='bbox 1020 3630 1144 3670; x_wconf 87' lang='lat' dir='ltr'><strong>cum</strong></span> <span class='ocrx_word' id='word_1_397' title='bbox 1165 3617 1377 3672; x_wconf 62' lang='lat' dir='ltr'><strong>caeteris</strong></span> <span class='ocrx_word' id='word_1_398' title='bbox 1395 3616 1541 3671; x_wconf 88' lang='lat' dir='ltr'><strong>enim</strong></span> <span class='ocrx_word' id='word_1_399' title='bbox 1564 3616 1828 3686; x_wconf 86' lang='lat' dir='ltr'><strong>apostolis</strong></span> <span class='ocrx_word' id='word_1_400' title='bbox 1849 3620 2048 3673; x_wconf 86' lang='lat' dir='ltr'><strong>missus</strong></span> 
     </span>
    </p>
   </div>
   <div class='ocr_carea' id='block_1_53' title="bbox 462 3705 2044 3778">
    <p class='ocr_par' dir='ltr' id='par_1_53' title="bbox 462 3705 2044 3778">
     <span class='ocr_line' id='line_1_53' title="bbox 462 3705 2044 3778; baseline 0.004 -19"><span class='ocrx_word' id='word_1_401' title='bbox 462 3705 684 3775; x_wconf 62' lang='lat' dir='ltr'><strong>ngratis</strong></span> <span class='ocrx_word' id='word_1_402' title='bbox 704 3705 933 3761; x_wconf 81' lang='lat' dir='ltr'><strong>salutem</strong></span> <span class='ocrx_word' id='word_1_403' title='bbox 962 3714 1020 3761; x_wconf 89' lang='lat' dir='ltr'><strong>et</strong></span> <span class='ocrx_word' id='word_1_404' title='bbox 1040 3706 1418 3778; x_wconf 77' lang='lat' dir='ltr'><strong>languentibus</strong></span> <span class='ocrx_word' id='word_1_405' title='bbox 1437 3708 1691 3778; x_wconf 62' lang='lat' dir='ltr'><strong>praestitit</strong></span> <span class='ocrx_word' id='word_1_406' title='bbox 1720 3710 2044 3777; x_wconf 87' lang='lat' dir='ltr'><strong>sanitatem;</strong></span> 
     </span>
    </p>
   </div>
   <div class='ocr_carea' id='block_1_54' title="bbox 458 3796 2047 3872">
    <p class='ocr_par' dir='ltr' id='par_1_54' title="bbox 458 3796 2047 3872">
     <span class='ocr_line' id='line_1_54' title="bbox 458 3796 2047 3872; baseline 0.002 -17"><span class='ocrx_word' id='word_1_407' title='bbox 458 3796 551 3855; x_wconf 78' lang='lat' dir='ltr'><strong>ubi</strong></span> <span class='ocrx_word' id='word_1_408' title='bbox 583 3798 799 3855; x_wconf 75' lang='lat' dir='ltr'><strong>diabolo</strong></span> <span class='ocrx_word' id='word_1_409' title='bbox 822 3814 881 3856; x_wconf 82' lang='lat' dir='ltr'><strong>se</strong></span> <span class='ocrx_word' id='word_1_410' title='bbox 904 3799 1218 3865; x_wconf 79' lang='lat' dir='ltr'><strong>substravit,</strong></span> <span class='ocrx_word' id='word_1_411' title='bbox 1261 3801 1351 3871; x_wconf 90' lang='lat' dir='ltr'><strong>qui</strong></span> <span class='ocrx_word' id='word_1_412' title='bbox 1375 3811 1497 3872; x_wconf 84' lang='lat' dir='ltr'><strong>post</strong></span> <span class='ocrx_word' id='word_1_413' title='bbox 1517 3801 1812 3857; x_wconf 88' lang='lat' dir='ltr'><strong>buccellam</strong></span> <span class='ocrx_word' id='word_1_414' title='bbox 1837 3802 1891 3856; x_wconf 91' lang='lat' dir='ltr'><strong>in</strong></span> <span class='ocrx_word' id='word_1_415' title='bbox 1920 3818 2047 3858; x_wconf 90' lang='lat' dir='ltr'><strong>eum</strong></span> 
     </span>
    </p>
   </div>
   <div class='ocr_carea' id='block_1_55' title="bbox 456 3885 2048 3959">
    <p class='ocr_par' dir='ltr' id='par_1_55' title="bbox 456 3885 2048 3959">
     <span class='ocr_line' id='line_1_55' title="bbox 456 3885 2048 3959; baseline 0.006 -17"><span class='ocrx_word' id='word_1_416' title='bbox 456 3885 704 3954; x_wconf 84' lang='lat' dir='ltr'><strong>intravit,</strong></span> <span class='ocrx_word' id='word_1_417' title='bbox 718 3888 1123 3959; x_wconf 65' lang='lat' dir='ltr'><strong>equusSatanze</strong></span> <span class='ocrx_word' id='word_1_418' title='bbox 1140 3888 1333 3958; x_wconf 70' lang='lat' dir='ltr'><strong>factus,</strong></span> <span class='ocrx_word' id='word_1_419' title='bbox 1358 3903 1416 3947; x_wconf 86' lang='lat' dir='ltr'><strong>et</strong></span> <span class='ocrx_word' id='word_1_420' title='bbox 1443 3891 1587 3946; x_wconf 82' lang='lat' dir='ltr'><strong>illius</strong></span> <span class='ocrx_word' id='word_1_421' title='bbox 1603 3893 1831 3949; x_wconf 86' lang='lat' dir='ltr'><strong>habenis</strong></span> <span class='ocrx_word' id='word_1_422' title='bbox 1852 3893 2048 3951; x_wconf 84' lang='lat' dir='ltr'><strong>ductus</strong></span> 
     </span>
    </p>
   </div>
   <div class='ocr_carea' id='block_1_56' title="bbox 461 3980 2046 4054">
    <p class='ocr_par' dir='ltr' id='par_1_56' title="bbox 461 3980 2046 4054">
     <span class='ocr_line' id='line_1_56' title="bbox 461 3980 2046 4054; baseline 0.001 -15"><span class='ocrx_word' id='word_1_423' title='bbox 461 3990 657 4039; x_wconf 81' lang='lat' dir='ltr'><strong>contra</strong></span> <span class='ocrx_word' id='word_1_424' title='bbox 680 3980 966 4036; x_wconf 75' lang='lat' dir='ltr'><strong>Dominum</strong></span> <span class='ocrx_word' id='word_1_425' title='bbox 1005 3981 1287 4053; x_wconf 76' lang='lat' dir='ltr'><strong>equitavit.</strong></span> <span class='ocrx_word' id='word_1_426' title='bbox 1335 3982 1539 4040; x_wconf 81' lang='lat' dir='ltr'><strong>Omnes</strong></span> <span class='ocrx_word' id='word_1_427' title='bbox 1564 3997 1699 4054; x_wconf 87' lang='lat' dir='ltr'><strong>ergo</strong></span> <span class='ocrx_word' id='word_1_428' title='bbox 1726 3993 2046 4054; x_wconf 87' lang='lat' dir='ltr'><strong>perseeuto-</strong></span> 
     </span>
    </p>
   </div>
   <div class='ocr_carea' id='block_1_57' title="bbox 463 4072 2044 4147">
    <p class='ocr_par' dir='ltr' id='par_1_57' title="bbox 463 4072 2044 4147">
     <span class='ocr_line' id='line_1_57' title="bbox 463 4072 2044 4147; baseline 0.001 -16"><span class='ocrx_word' id='word_1_429' title='bbox 463 4090 554 4131; x_wconf 88' lang='lat' dir='ltr'><strong>res</strong></span> <span class='ocrx_word' id='word_1_430' title='bbox 579 4072 705 4145; x_wconf 86' lang='lat' dir='ltr'><strong>equi</strong></span> <span class='ocrx_word' id='word_1_431' title='bbox 733 4081 861 4128; x_wconf 83' lang='lat' dir='ltr'><strong>sunt</strong></span> <span class='ocrx_word' id='word_1_432' title='bbox 886 4072 1217 4139; x_wconf 85' lang='lat' dir='ltr'><strong>hianientes,</strong></span> <span class='ocrx_word' id='word_1_433' title='bbox 1247 4075 1343 4133; x_wconf 79' lang='lat' dir='ltr'><strong>sed</strong></span> <span class='ocrx_word' id='word_1_434' title='bbox 1370 4072 1575 4129; x_wconf 84' lang='lat' dir='ltr'><strong>habent</strong></span> <span class='ocrx_word' id='word_1_435' title='bbox 1599 4074 1822 4147; x_wconf 81' lang='lat' dir='ltr'><strong>angelos</strong></span> <span class='ocrx_word' id='word_1_436' title='bbox 1850 4076 2044 4144; x_wconf 80' lang='lat' dir='ltr'><strong>malos,</strong></span> 
     </span>
    </p>
   </div>
   <div class='ocr_carea' id='block_1_58' title="bbox 460 4166 2044 4237">
    <p class='ocr_par' dir='ltr' id='par_1_58' title="bbox 460 4166 2044 4237">
     <span class='ocr_line' id='line_1_58' title="bbox 460 4166 2044 4237; baseline 0.002 -17"><span class='ocrx_word' id='word_1_437' title='bbox 460 4166 660 4237; x_wconf 78' lang='lat' dir='ltr'><strong>quibus</strong></span> <span class='ocrx_word' id='word_1_438' title='bbox 708 4174 940 4237; x_wconf 82' lang='lat' dir='ltr'><strong>aguntur</strong></span> <span class='ocrx_word' id='word_1_439' title='bbox 989 4180 1347 4233; x_wconf 75' lang='lat' dir='ltr'><strong>ascensum,</strong></span> <span class='ocrx_word' id='word_1_440' title='bbox 1384 4176 1442 4223; x_wconf 85' lang='lat' dir='ltr'><strong>et</strong></span> <span class='ocrx_word' id='word_1_441' title='bbox 1486 4168 1609 4223; x_wconf 87' lang='lat' dir='ltr'><strong>ideo</strong></span> <span class='ocrx_word' id='word_1_442' title='bbox 1648 4166 1857 4223; x_wconf 83' lang='lat' dir='ltr'><strong>feroces</strong></span> <span class='ocrx_word' id='word_1_443' title='bbox 1899 4177 2044 4223; x_wconf 87' lang='lat' dir='ltr'><strong>sunt.</strong></span> 
     </span>
    </p>
   </div>
   <div class='ocr_carea' id='block_1_59' title="bbox 466 4256 2042 4329">
    <p class='ocr_par' dir='ltr' id='par_1_59' title="bbox 466 4256 2042 4329">
     <span class='ocr_line' id='line_1_59' title="bbox 466 4256 2042 4329; baseline 0.003 -18"><span class='ocrx_word' id='word_1_444' title='bbox 466 4256 523 4312; x_wconf 88' lang='lat' dir='ltr'><strong>Si</strong></span> <span class='ocrx_word' id='word_1_445' title='bbox 576 4257 775 4313; x_wconf 87' lang='lat' dir='ltr'><strong>videris</strong></span> <span class='ocrx_word' id='word_1_446' title='bbox 824 4266 1225 4329; x_wconf 88' lang='lat' dir='ltr'><strong>persecutorem</strong></span> <span class='ocrx_word' id='word_1_447' title='bbox 1276 4268 1427 4317; x_wconf 87' lang='lat' dir='ltr'><strong>tuum</strong></span> <span class='ocrx_word' id='word_1_448' title='bbox 1479 4259 1641 4316; x_wconf 92' lang='lat' dir='ltr'><strong>nimis</strong></span> <span class='ocrx_word' id='word_1_449' title='bbox 1694 4262 2042 4326; x_wconf 65' lang='lat' dir='ltr'><strong>saevientem,</strong></span> 
     </span>
    </p>
   </div>
   <div class='ocr_carea' id='block_1_60' title="bbox 462 4347 2048 4421">
    <p class='ocr_par' dir='ltr' id='par_1_60' title="bbox 462 4347 2048 4421">
     <span class='ocr_line' id='line_1_60' title="bbox 462 4347 2048 4421; baseline 0.002 -18"><span class='ocrx_word' id='word_1_450' title='bbox 462 4347 599 4403; x_wconf 87' lang='lat' dir='ltr'><strong>scito</strong></span> <span class='ocrx_word' id='word_1_451' title='bbox 629 4347 754 4417; x_wconf 90' lang='lat' dir='ltr'><strong>quia</strong></span> <span class='ocrx_word' id='word_1_452' title='bbox 781 4348 850 4403; x_wconf 91' lang='lat' dir='ltr'><strong>ab</strong></span> <span class='ocrx_word' id='word_1_453' title='bbox 873 4354 1165 4405; x_wconf 78' lang='lat' dir='ltr'><strong>ascensore</strong></span> <span class='ocrx_word' id='word_1_454' title='bbox 1185 4348 1464 4421; x_wconf 89' lang='lat' dir='ltr'><strong>pungitur,</strong></span> <span class='ocrx_word' id='word_1_455' title='bbox 1502 4358 1558 4405; x_wconf 92' lang='lat' dir='ltr'><strong>et</strong></span> <span class='ocrx_word' id='word_1_456' title='bbox 1598 4351 1720 4407; x_wconf 91' lang='lat' dir='ltr'><strong>ideo</strong></span> <span class='ocrx_word' id='word_1_457' title='bbox 1755 4365 1932 4407; x_wconf 62' lang='lat' dir='ltr'><strong>saevus</strong></span> <span class='ocrx_word' id='word_1_458' title='bbox 1963 4359 2048 4407; x_wconf 91' lang='lat' dir='ltr'><strong>est</strong></span> 
     </span>
    </p>
   </div>
   <div class='ocr_carea' id='block_1_61' title="bbox 463 4437 912 4496">
    <p class='ocr_par' dir='ltr' id='par_1_61' title="bbox 463 4437 912 4496">
     <span class='ocr_line' id='line_1_61' title="bbox 463 4437 912 4496; baseline 0.007 -3"><span class='ocrx_word' id='word_1_459' title='bbox 463 4446 521 4493; x_wconf 89' lang='lat' dir='ltr'><strong>et</strong></span> <span class='ocrx_word' id='word_1_460' title='bbox 558 4437 912 4496; x_wconf 85' lang='lat' dir='ltr'><strong>truculentus.</strong></span> 
     </span>
    </p>
   </div>
   <div class='ocr_carea' id='block_1_62' title="bbox 2140 1970 3725 2045">
    <p class='ocr_par' dir='ltr' id='par_1_62' title="bbox 2140 1970 3725 2045">
     <span class='ocr_line' id='line_1_62' title="bbox 2140 1970 3725 2045; baseline 0.004 -21"><span class='ocrx_word' id='word_1_461' title='bbox 2140 1970 2258 2025; x_wconf 84' lang='lat' dir='ltr'><strong>vias</strong></span> <span class='ocrx_word' id='word_1_462' title='bbox 2286 1970 2563 2040; x_wconf 86' lang='lat' dir='ltr'><strong>peccandi,</strong></span> <span class='ocrx_word' id='word_1_463' title='bbox 2602 1979 2659 2026; x_wconf 90' lang='lat' dir='ltr'><strong>et</strong></span> <span class='ocrx_word' id='word_1_464' title='bbox 2692 1985 2907 2042; x_wconf 84' lang='lat' dir='ltr'><strong>semper</strong></span> <span class='ocrx_word' id='word_1_465' title='bbox 2941 1973 3285 2044; x_wconf 65' lang='lat' dir='ltr'><strong>speculantur</strong></span> <span class='ocrx_word' id='word_1_466' title='bbox 3311 1981 3366 2029; x_wconf 89' lang='lat' dir='ltr'><strong>et</strong></span> <span class='ocrx_word' id='word_1_467' title='bbox 3394 1983 3560 2045; x_wconf 84' lang='lat' dir='ltr'><strong>agunt</strong></span> <span class='ocrx_word' id='word_1_468' title='bbox 3588 1976 3725 2031; x_wconf 85' lang='lat' dir='ltr'><strong>insi-</strong></span> 
     </span>
    </p>
   </div>
   <div class='ocr_carea' id='block_1_63' title="bbox 2140 2059 3720 2122">
    <p class='ocr_par' dir='ltr' id='par_1_63' title="bbox 2140 2059 3720 2122">
     <span class='ocr_line' id='line_1_63' title="bbox 2140 2059 3720 2122; baseline 0.006 -9"><span class='ocrx_word' id='word_1_469' title='bbox 2140 2059 2263 2122; x_wconf 88' lang='lat' dir='ltr'><strong>diis,</strong></span> <span class='ocrx_word' id='word_1_470' title='bbox 2295 2068 2354 2114; x_wconf 90' lang='lat' dir='ltr'><strong>ut</strong></span> <span class='ocrx_word' id='word_1_471' title='bbox 2384 2068 2476 2115; x_wconf 91' lang='lat' dir='ltr'><strong>aut</strong></span> <span class='ocrx_word' id='word_1_472' title='bbox 2506 2060 2594 2116; x_wconf 90' lang='lat' dir='ltr'><strong>ille</strong></span> <span class='ocrx_word' id='word_1_473' title='bbox 2620 2076 2689 2116; x_wconf 82' lang='lat' dir='ltr'><strong>ex</strong></span> <span class='ocrx_word' id='word_1_474' title='bbox 2716 2062 2913 2118; x_wconf 89' lang='lat' dir='ltr'><strong>misero</strong></span> <span class='ocrx_word' id='word_1_475' title='bbox 2936 2063 3154 2119; x_wconf 89' lang='lat' dir='ltr'><strong>homine</strong></span> <span class='ocrx_word' id='word_1_476' title='bbox 3179 2078 3483 2122; x_wconf 83' lang='lat' dir='ltr'><strong>sermonem</strong></span> <span class='ocrx_word' id='word_1_477' title='bbox 3515 2067 3720 2122; x_wconf 91' lang='lat' dir='ltr'><strong>malum</strong></span> 
     </span>
    </p>
   </div>
   <div class='ocr_carea' id='block_1_64' title="bbox 2139 2148 3725 2226">
    <p class='ocr_par' dir='ltr' id='par_1_64' title="bbox 2139 2148 3725 2226">
     <span class='ocr_line' id='line_1_64' title="bbox 2139 2148 3725 2226; baseline 0.005 -21"><span class='ocrx_word' id='word_1_478' title='bbox 2139 2148 2342 2215; x_wconf 84' lang='lat' dir='ltr'><strong>eliciat,</strong></span> <span class='ocrx_word' id='word_1_479' title='bbox 2391 2158 2485 2205; x_wconf 89' lang='lat' dir='ltr'><strong>aut</strong></span> <span class='ocrx_word' id='word_1_480' title='bbox 2524 2149 2612 2205; x_wconf 90' lang='lat' dir='ltr'><strong>ille</strong></span> <span class='ocrx_word' id='word_1_481' title='bbox 2653 2151 2897 2221; x_wconf 89' lang='lat' dir='ltr'><strong>iniquum</strong></span> <span class='ocrx_word' id='word_1_482' title='bbox 2935 2168 3071 2223; x_wconf 85' lang='lat' dir='ltr'><strong>opus</strong></span> <span class='ocrx_word' id='word_1_483' title='bbox 3110 2163 3450 2226; x_wconf 81' lang='lat' dir='ltr'><strong>extorqueat,</strong></span> <span class='ocrx_word' id='word_1_484' title='bbox 3499 2164 3591 2212; x_wconf 89' lang='lat' dir='ltr'><strong>aut</strong></span> <span class='ocrx_word' id='word_1_485' title='bbox 3635 2158 3725 2214; x_wconf 89' lang='lat' dir='ltr'><strong>ille</strong></span> 
     </span>
    </p>
   </div>
   <div class='ocr_carea' id='block_1_65' title="bbox 2141 2242 3721 2317">
    <p class='ocr_par' dir='ltr' id='par_1_65' title="bbox 2141 2242 3721 2317">
     <span class='ocr_line' id='line_1_65' title="bbox 2141 2242 3721 2317; baseline 0.005 -20"><span class='ocrx_word' id='word_1_486' title='bbox 2141 2242 2523 2313; x_wconf 87' lang='lat' dir='ltr'><strong>cogitationem</strong></span> <span class='ocrx_word' id='word_1_487' title='bbox 2550 2243 2839 2313; x_wconf 88' lang='lat' dir='ltr'><strong>pessimam</strong></span> <span class='ocrx_word' id='word_1_488' title='bbox 2869 2246 3061 2314; x_wconf 88' lang='lat' dir='ltr'><strong>rapiat.</strong></span> <span class='ocrx_word' id='word_1_489' title='bbox 3087 2244 3329 2317; x_wconf 71' lang='lat' dir='ltr'><strong>Dumque</strong></span> <span class='ocrx_word' id='word_1_490' title='bbox 3356 2261 3541 2305; x_wconf 88' lang='lat' dir='ltr'><strong>semen</strong></span> <span class='ocrx_word' id='word_1_491' title='bbox 3566 2252 3721 2305; x_wconf 58' lang='lat' dir='ltr'><strong>verbi</strong></span> 
     </span>
    </p>
   </div>
   <div class='ocr_carea' id='block_1_66' title="bbox 2141 2330 3717 2407">
    <p class='ocr_par' dir='ltr' id='par_1_66' title="bbox 2141 2330 3717 2407">
     <span class='ocr_line' id='line_1_66' title="bbox 2141 2330 3717 2407; baseline 0.008 -22"><span class='ocrx_word' id='word_1_492' title='bbox 2141 2330 2237 2386; x_wconf 90' lang='lat' dir='ltr'><strong>Dei</strong></span> <span class='ocrx_word' id='word_1_493' title='bbox 2278 2332 2370 2386; x_wconf 91' lang='lat' dir='ltr'><strong>ubi</strong></span> <span class='ocrx_word' id='word_1_494' title='bbox 2408 2332 2556 2388; x_wconf 89' lang='lat' dir='ltr'><strong>cadit</strong></span> <span class='ocrx_word' id='word_1_495' title='bbox 2590 2341 2646 2388; x_wconf 89' lang='lat' dir='ltr'><strong>et</strong></span> <span class='ocrx_word' id='word_1_496' title='bbox 2680 2334 2921 2404; x_wconf 90' lang='lat' dir='ltr'><strong>deperit,</strong></span> <span class='ocrx_word' id='word_1_497' title='bbox 2957 2335 3151 2406; x_wconf 79' lang='lat' dir='ltr'><strong>triplex</strong></span> <span class='ocrx_word' id='word_1_498' title='bbox 3183 2337 3510 2394; x_wconf 77' lang='lat' dir='ltr'><strong>describitur</strong></span> <span class='ocrx_word' id='word_1_499' title='bbox 3545 2341 3717 2407; x_wconf 89' lang='lat' dir='ltr'><strong>locus,</strong></span> 
     </span>
    </p>
   </div>
   <div class='ocr_carea' id='block_1_67' title="bbox 2141 2421 3723 2497">
    <p class='ocr_par' dir='ltr' id='par_1_67' title="bbox 2141 2421 3723 2497">
     <span class='ocr_line' id='line_1_67' title="bbox 2141 2421 3723 2497; baseline 0.007 -20"><span class='ocrx_word' id='word_1_500' title='bbox 2141 2436 2298 2478; x_wconf 85' lang='lat' dir='ltr'><strong>secus</strong></span> <span class='ocrx_word' id='word_1_501' title='bbox 2328 2422 2494 2488; x_wconf 85' lang='lat' dir='ltr'><strong>viam,</strong></span> <span class='ocrx_word' id='word_1_502' title='bbox 2526 2423 2581 2477; x_wconf 89' lang='lat' dir='ltr'><strong>in</strong></span> <span class='ocrx_word' id='word_1_503' title='bbox 2610 2425 2802 2494; x_wconf 89' lang='lat' dir='ltr'><strong>spinis,</strong></span> <span class='ocrx_word' id='word_1_504' title='bbox 2836 2426 2891 2480; x_wconf 90' lang='lat' dir='ltr'><strong>in</strong></span> <span class='ocrx_word' id='word_1_505' title='bbox 2922 2421 3174 2497; x_wconf 89' lang='lat' dir='ltr'><strong>petrosis.</strong></span> <span class='ocrx_word' id='word_1_506' title='bbox 3224 2428 3548 2486; x_wconf 83' lang='lat' dir='ltr'><strong>Econtrario</strong></span> <span class='ocrx_word' id='word_1_507' title='bbox 3575 2440 3723 2488; x_wconf 90' lang='lat' dir='ltr'><strong>terra</strong></span> 
     </span>
    </p>
   </div>
   <div class='ocr_carea' id='block_1_68' title="bbox 2139 2511 3721 2590">
    <p class='ocr_par' dir='ltr' id='par_1_68' title="bbox 2139 2511 3721 2590">
     <span class='ocr_line' id='line_1_68' title="bbox 2139 2511 3721 2590; baseline 0.007 -22"><span class='ocrx_word' id='word_1_508' title='bbox 2139 2512 2282 2568; x_wconf 88' lang='lat' dir='ltr'><strong>bona</strong></span> <span class='ocrx_word' id='word_1_509' title='bbox 2313 2511 2471 2569; x_wconf 76' lang='lat' dir='ltr'><strong>aﬂ’ert</strong></span> <span class='ocrx_word' id='word_1_510' title='bbox 2500 2513 2764 2584; x_wconf 91' lang='lat' dir='ltr'><strong>triplicem</strong></span> <span class='ocrx_word' id='word_1_511' title='bbox 2796 2513 3053 2582; x_wconf 79' lang='lat' dir='ltr'><strong>fructum,</strong></span> <span class='ocrx_word' id='word_1_512' title='bbox 3085 2521 3501 2590; x_wconf 83' lang='lat' dir='ltr'><strong>sexagesimum,</strong></span> <span class='ocrx_word' id='word_1_513' title='bbox 3534 2533 3721 2578; x_wconf 80' lang='lat' dir='ltr'><strong>cente-</strong></span> 
     </span>
    </p>
   </div>
   <div class='ocr_carea' id='block_1_69' title="bbox 2142 2604 3725 2682">
    <p class='ocr_par' dir='ltr' id='par_1_69' title="bbox 2142 2604 3725 2682">
     <span class='ocr_line' id='line_1_69' title="bbox 2142 2604 3725 2682; baseline 0.008 -23"><span class='ocrx_word' id='word_1_514' title='bbox 2142 2604 2362 2670; x_wconf 89' lang='lat' dir='ltr'><strong>simum,</strong></span> <span class='ocrx_word' id='word_1_515' title='bbox 2402 2605 2738 2661; x_wconf 86' lang='lat' dir='ltr'><strong>tricesimum</strong></span> <span class='ocrx_word' id='word_1_516' title='bbox 2772 2605 2984 2677; x_wconf 72' lang='lat' dir='ltr'><strong>(Matth.</strong></span> <span class='ocrx_word' id='word_1_517' title='bbox 3011 2609 3152 2682; x_wconf 86' lang='lat' dir='ltr'><strong>xm).</strong></span> <span class='ocrx_word' id='word_1_518' title='bbox 3205 2610 3420 2682; x_wconf 89' lang='lat' dir='ltr'><strong>Triplex</strong></span> <span class='ocrx_word' id='word_1_519' title='bbox 3451 2615 3597 2669; x_wconf 88' lang='lat' dir='ltr'><strong>enim</strong></span> <span class='ocrx_word' id='word_1_520' title='bbox 3640 2625 3725 2671; x_wconf 91' lang='lat' dir='ltr'><strong>est</strong></span> 
     </span>
    </p>
   </div>
   <div class='ocr_carea' id='block_1_70' title="bbox 2140 2695 3722 2777">
    <p class='ocr_par' dir='ltr' id='par_1_70' title="bbox 2140 2695 3722 2777">
     <span class='ocr_line' id='line_1_70' title="bbox 2140 2695 3722 2777; baseline 0.007 -27"><span class='ocrx_word' id='word_1_521' title='bbox 2140 2695 2305 2750; x_wconf 89' lang='lat' dir='ltr'><strong>etiam</strong></span> <span class='ocrx_word' id='word_1_522' title='bbox 2340 2696 2476 2751; x_wconf 89' lang='lat' dir='ltr'><strong>bene</strong></span> <span class='ocrx_word' id='word_1_523' title='bbox 2510 2698 2701 2767; x_wconf 85' lang='lat' dir='ltr'><strong>agendi</strong></span> <span class='ocrx_word' id='word_1_524' title='bbox 2738 2699 2848 2765; x_wconf 87' lang='lat' dir='ltr'><strong>via,</strong></span> <span class='ocrx_word' id='word_1_525' title='bbox 2891 2700 3017 2771; x_wconf 89' lang='lat' dir='ltr'><strong>quia</strong></span> <span class='ocrx_word' id='word_1_526' title='bbox 3058 2701 3141 2757; x_wconf 85' lang='lat' dir='ltr'><strong>vel</strong></span> <span class='ocrx_word' id='word_1_527' title='bbox 3182 2717 3367 2774; x_wconf 87' lang='lat' dir='ltr'><strong>opere,</strong></span> <span class='ocrx_word' id='word_1_528' title='bbox 3397 2704 3482 2760; x_wconf 87' lang='lat' dir='ltr'><strong>vel</strong></span> <span class='ocrx_word' id='word_1_529' title='bbox 3517 2708 3722 2777; x_wconf 85' lang='lat' dir='ltr'><strong>cogita-</strong></span> 
     </span>
    </p>
   </div>
   <div class='ocr_carea' id='block_1_71' title="bbox 2142 2787 3720 2867">
    <p class='ocr_par' dir='ltr' id='par_1_71' title="bbox 2142 2787 3720 2867">
     <span class='ocr_line' id='line_1_71' title="bbox 2142 2787 3720 2867; baseline 0.006 -25"><span class='ocrx_word' id='word_1_530' title='bbox 2142 2788 2312 2852; x_wconf 91' lang='lat' dir='ltr'><strong>tione,</strong></span> <span class='ocrx_word' id='word_1_531' title='bbox 2337 2787 2422 2844; x_wconf 85' lang='lat' dir='ltr'><strong>vel</strong></span> <span class='ocrx_word' id='word_1_532' title='bbox 2450 2791 2615 2845; x_wconf 88' lang='lat' dir='ltr'><strong>verbo</strong></span> <span class='ocrx_word' id='word_1_533' title='bbox 2640 2789 2842 2860; x_wconf 89' lang='lat' dir='ltr'><strong>aliquid</strong></span> <span class='ocrx_word' id='word_1_534' title='bbox 2883 2790 3008 2847; x_wconf 91' lang='lat' dir='ltr'><strong>boui</strong></span> <span class='ocrx_word' id='word_1_535' title='bbox 3041 2794 3247 2864; x_wconf 87' lang='lat' dir='ltr'><strong>agitur;</strong></span> <span class='ocrx_word' id='word_1_536' title='bbox 3290 2796 3433 2851; x_wconf 82' lang='lat' dir='ltr'><strong>unde</strong></span> <span class='ocrx_word' id='word_1_537' title='bbox 3471 2797 3547 2851; x_wconf 88' lang='lat' dir='ltr'><strong>ait</strong></span> <span class='ocrx_word' id='word_1_538' title='bbox 3572 2797 3720 2867; x_wconf 83' lang='lat' dir='ltr'><strong>Apo-</strong></span> 
     </span>
    </p>
   </div>
   <div class='ocr_carea' id='block_1_72' title="bbox 2142 2880 3723 2957">
    <p class='ocr_par' dir='ltr' id='par_1_72' title="bbox 2142 2880 3723 2957">
     <span class='ocr_line' id='line_1_72' title="bbox 2142 2880 3723 2957; baseline 0.004 -20"><span class='ocrx_word' id='word_1_539' title='bbox 2142 2880 2312 2937; x_wconf 87' lang='lat' dir='ltr'><strong>stolus</strong></span> <span class='ocrx_word' id='word_1_540' title='bbox 2369 2881 2536 2938; x_wconf 88' lang='lat' dir='ltr'><strong>lCor.</strong></span> <span class='ocrx_word' id='word_1_541' title='bbox 2567 2899 2628 2938; x_wconf 88' lang='grc' dir='ltr'><strong>ιιι</strong></span> <span class='ocrx_word' id='word_1_542' title='bbox 2655 2899 2667 2935; x_wconf 92' lang='lat'>:</span> <span class='ocrx_word' id='word_1_543' title='bbox 2695 2883 2798 2949; x_wconf 78' lang='lat' dir='ltr'><strong>Qui</strong></span> <span class='ocrx_word' id='word_1_544' title='bbox 2843 2883 3069 2953; x_wconf 70' lang='lat' dir='ltr'><strong>(ediﬁcat</strong></span> <span class='ocrx_word' id='word_1_545' title='bbox 3112 2902 3274 2956; x_wconf 77' lang='lat' dir='ltr'><strong>supra</strong></span> <span class='ocrx_word' id='word_1_546' title='bbox 3320 2888 3723 2957; x_wconf 78' lang='lat' dir='ltr'><strong>fundamentum</strong></span> 
     </span>
    </p>
   </div>
   <div class='ocr_carea' id='block_1_73' title="bbox 2143 2971 3723 3046">
    <p class='ocr_par' dir='ltr' id='par_1_73' title="bbox 2143 2971 3723 3046">
     <span class='ocr_line' id='line_1_73' title="bbox 2143 2971 3723 3046; baseline 0.006 -21"><span class='ocrx_word' id='word_1_547' title='bbox 2143 2980 2438 3040; x_wconf 83' lang='lat' dir='ltr'><strong>argentum,</strong></span> <span class='ocrx_word' id='word_1_548' title='bbox 2476 2988 2689 3039; x_wconf 79' lang='lat' dir='ltr'><strong>aurum,</strong></span> <span class='ocrx_word' id='word_1_549' title='bbox 2721 2971 2923 3042; x_wconf 81' lang='lat' dir='ltr'><strong>lapides</strong></span> <span class='ocrx_word' id='word_1_550' title='bbox 2948 2974 3222 3044; x_wconf 86' lang='lat' dir='ltr'><strong>pretiosos,</strong></span> <span class='ocrx_word' id='word_1_551' title='bbox 3248 2975 3511 3046; x_wconf 85' lang='lat' dir='ltr'><strong>triplicem</strong></span> <span class='ocrx_word' id='word_1_552' title='bbox 3549 2978 3723 3035; x_wconf 87' lang='lat' dir='ltr'><strong>bono-</strong></span> 
     </span>
    </p>
   </div>
   <div class='ocr_carea' id='block_1_74' title="bbox 2144 3063 3727 3142">
    <p class='ocr_par' dir='ltr' id='par_1_74' title="bbox 2144 3063 3727 3142">
     <span class='ocr_line' id='line_1_74' title="bbox 2144 3063 3727 3142; baseline 0.007 -26"><span class='ocrx_word' id='word_1_553' title='bbox 2144 3077 2265 3117; x_wconf 90' lang='lat' dir='ltr'><strong>rum</strong></span> <span class='ocrx_word' id='word_1_554' title='bbox 2307 3063 2552 3118; x_wconf 87' lang='lat' dir='ltr'><strong>indicans</strong></span> <span class='ocrx_word' id='word_1_555' title='bbox 2571 3063 2745 3129; x_wconf 84' lang='lat' dir='ltr'><strong>viam;</strong></span> <span class='ocrx_word' id='word_1_556' title='bbox 2777 3064 2919 3119; x_wconf 89' lang='lat' dir='ltr'><strong>viam</strong></span> <span class='ocrx_word' id='word_1_557' title='bbox 2950 3065 3211 3122; x_wconf 88' lang='lat' dir='ltr'><strong>malorum</strong></span> <span class='ocrx_word' id='word_1_558' title='bbox 3239 3067 3420 3125; x_wconf 84' lang='lat' dir='ltr'><strong>dicens</strong></span> <span class='ocrx_word' id='word_1_559' title='bbox 3446 3067 3613 3142; x_wconf 82' lang='lat' dir='ltr'><strong>ligna,</strong></span> <span class='ocrx_word' id='word_1_560' title='bbox 3647 3070 3727 3127; x_wconf 81' lang='lat' dir='ltr'><strong>fe-</strong></span> 
     </span>
    </p>
   </div>
   <div class='ocr_carea' id='block_1_75' title="bbox 2151 3155 3725 3235">
    <p class='ocr_par' dir='ltr' id='par_1_75' title="bbox 2151 3155 3725 3235">
     <span class='ocr_line' id='line_1_75' title="bbox 2151 3155 3725 3235; baseline 0.007 -26"><span class='ocrx_word' id='word_1_561' title='bbox 2151 3170 2302 3219; x_wconf 80' lang='lat' dir='ltr'><strong>num,</strong></span> <span class='ocrx_word' id='word_1_562' title='bbox 2330 3155 2602 3225; x_wconf 86' lang='lat' dir='ltr'><strong>stipulam.</strong></span> <span class='ocrx_word' id='word_1_563' title='bbox 2647 3155 2737 3211; x_wconf 81' lang='lat' dir='ltr'><strong>isti</strong></span> <span class='ocrx_word' id='word_1_564' title='bbox 2766 3170 2897 3229; x_wconf 87' lang='lat' dir='ltr'><strong>ergo</strong></span> <span class='ocrx_word' id='word_1_565' title='bbox 2932 3158 3338 3217; x_wconf 83' lang='lat' dir='ltr'><strong>temistratores</strong></span> <span class='ocrx_word' id='word_1_566' title='bbox 3379 3171 3506 3218; x_wconf 90' lang='lat' dir='ltr'><strong>sunt</strong></span> <span class='ocrx_word' id='word_1_567' title='bbox 3547 3163 3725 3235; x_wconf 88' lang='lat' dir='ltr'><strong>angeli</strong></span> 
     </span>
    </p>
   </div>
   <div class='ocr_carea' id='block_1_76' title="bbox 2149 3246 3728 3324">
    <p class='ocr_par' dir='ltr' id='par_1_76' title="bbox 2149 3246 3728 3324">
     <span class='ocr_line' id='line_1_76' title="bbox 2149 3246 3728 3324; baseline 0.008 -24"><span class='ocrx_word' id='word_1_568' title='bbox 2149 3258 2402 3316; x_wconf 86' lang='lat' dir='ltr'><strong>nequam,</strong></span> <span class='ocrx_word' id='word_1_569' title='bbox 2452 3246 2543 3317; x_wconf 82' lang='lat' dir='ltr'><strong>qui</strong></span> <span class='ocrx_word' id='word_1_570' title='bbox 2592 3246 2646 3301; x_wconf 89' lang='lat' dir='ltr'><strong>in</strong></span> <span class='ocrx_word' id='word_1_571' title='bbox 2693 3248 2778 3305; x_wconf 88' lang='lat' dir='ltr'><strong>his</strong></span> <span class='ocrx_word' id='word_1_572' title='bbox 2816 3250 2918 3305; x_wconf 86' lang='lat' dir='ltr'><strong>viis</strong></span> <span class='ocrx_word' id='word_1_573' title='bbox 2966 3252 3277 3319; x_wconf 79' lang='lat' dir='ltr'><strong>observant,</strong></span> <span class='ocrx_word' id='word_1_574' title='bbox 3324 3263 3386 3309; x_wconf 93' lang='lat' dir='ltr'><strong>ut</strong></span> <span class='ocrx_word' id='word_1_575' title='bbox 3429 3255 3728 3324; x_wconf 86' lang='lat' dir='ltr'><strong>quemlibet</strong></span> 
     </span>
    </p>
   </div>
   <div class='ocr_carea' id='block_1_77' title="bbox 2151 3338 3725 3414">
    <p class='ocr_par' dir='ltr' id='par_1_77' title="bbox 2151 3338 3725 3414">
     <span class='ocr_line' id='line_1_77' title="bbox 2151 3338 3725 3414; baseline 0.009 -24"><span class='ocrx_word' id='word_1_576' title='bbox 2151 3346 2316 3410; x_wconf 78' lang='lat' dir='ltr'><strong>agant</strong></span> <span class='ocrx_word' id='word_1_577' title='bbox 2366 3338 2422 3392; x_wconf 90' lang='lat' dir='ltr'><strong>in</strong></span> <span class='ocrx_word' id='word_1_578' title='bbox 2464 3346 2785 3409; x_wconf 84' lang='lat' dir='ltr'><strong>peceatum;</strong></span> <span class='ocrx_word' id='word_1_579' title='bbox 2852 3355 2989 3411; x_wconf 88' lang='lat' dir='ltr'><strong>quos</strong></span> <span class='ocrx_word' id='word_1_580' title='bbox 3036 3343 3316 3414; x_wconf 85' lang='lat' dir='ltr'><strong>immerget</strong></span> <span class='ocrx_word' id='word_1_581' title='bbox 3361 3344 3621 3404; x_wconf 85' lang='lat' dir='ltr'><strong>Dominus</strong></span> <span class='ocrx_word' id='word_1_582' title='bbox 3670 3348 3725 3404; x_wconf 90' lang='lat' dir='ltr'><strong>in</strong></span> 
     </span>
    </p>
   </div>
   <div class='ocr_carea' id='block_1_78' title="bbox 2149 3426 3722 3506">
    <p class='ocr_par' dir='ltr' id='par_1_78' title="bbox 2149 3426 3722 3506">
     <span class='ocr_line' id='line_1_78' title="bbox 2149 3426 3722 3506; baseline 0.008 -24"><span class='ocrx_word' id='word_1_583' title='bbox 2149 3428 2285 3482; x_wconf 87' lang='lat' dir='ltr'><strong>mari</strong></span> <span class='ocrx_word' id='word_1_584' title='bbox 2315 3426 2517 3494; x_wconf 80' lang='lat' dir='ltr'><strong>Rubro,</strong></span> <span class='ocrx_word' id='word_1_585' title='bbox 2544 3438 2600 3485; x_wconf 91' lang='lat' dir='ltr'><strong>et</strong></span> <span class='ocrx_word' id='word_1_586' title='bbox 2627 3428 2811 3500; x_wconf 81' lang='lat' dir='ltr'><strong>ignitis</strong></span> <span class='ocrx_word' id='word_1_587' title='bbox 2833 3430 3084 3489; x_wconf 80' lang='lat' dir='ltr'><strong>ﬂuctibus</strong></span> <span class='ocrx_word' id='word_1_588' title='bbox 3112 3434 3285 3490; x_wconf 82' lang='lat' dir='ltr'><strong>tradet</strong></span> <span class='ocrx_word' id='word_1_589' title='bbox 3318 3434 3373 3491; x_wconf 83' lang='lat' dir='ltr'><strong>in</strong></span> <span class='ocrx_word' id='word_1_590' title='bbox 3397 3435 3485 3492; x_wconf 86' lang='lat' dir='ltr'><strong>die</strong></span> <span class='ocrx_word' id='word_1_591' title='bbox 3507 3435 3722 3506; x_wconf 71' lang='lat' dir='ltr'><strong>iudicii,</strong></span> 
     </span>
    </p>
   </div>
   <div class='ocr_carea' id='block_1_79' title="bbox 2148 3520 2917 3593">
    <p class='ocr_par' dir='ltr' id='par_1_79' title="bbox 2148 3520 2917 3593">
     <span class='ocr_line' id='line_1_79' title="bbox 2148 3520 2917 3593; baseline 0.007 -21"><span class='ocrx_word' id='word_1_592' title='bbox 2148 3527 2204 3573; x_wconf 92' lang='lat' dir='ltr'><strong>et</strong></span> <span class='ocrx_word' id='word_1_593' title='bbox 2226 3531 2509 3589; x_wconf 67' lang='lat' dir='ltr'><strong>ptenarum</strong></span> <span class='ocrx_word' id='word_1_594' title='bbox 2535 3520 2726 3592; x_wconf 86' lang='lat' dir='ltr'><strong>pelago</strong></span> <span class='ocrx_word' id='word_1_595' title='bbox 2754 3528 2917 3593; x_wconf 87' lang='lat' dir='ltr'><strong>teget.</strong></span> 
     </span>
    </p>
   </div>
   <div class='ocr_carea' id='block_1_80' title="bbox 2218 3610 3726 3693">
    <p class='ocr_par' dir='ltr' id='par_1_80' title="bbox 2218 3610 3726 3693">
     <span class='ocr_line' id='line_1_80' title="bbox 2218 3610 3726 3693; baseline 0.007 -26"><span class='ocrx_word' id='word_1_596' title='bbox 2218 3610 2383 3667; x_wconf 75' lang='lat' dir='ltr'><strong>Vsus.</strong></span> <span class='ocrx_word' id='word_1_597' title='bbox 2413 3611 2467 3679; x_wconf 85' lang='lat'><strong>5,</strong></span> <span class='ocrx_word' id='word_1_598' title='bbox 2496 3612 2551 3668; x_wconf 75' lang='lat'><strong>6.</strong></span> <span class='ocrx_word' id='word_1_599' title='bbox 2575 3642 2646 3654; x_wconf 91' lang='lat'><strong>-</strong></span> <span class='ocrx_word' id='word_1_600' title='bbox 2668 3612 3055 3670; x_wconf 76' lang='lat' dir='ltr'><strong>Descenderam</strong></span> <span class='ocrx_word' id='word_1_601' title='bbox 3102 3616 3158 3671; x_wconf 89' lang='lat' dir='ltr'><strong>in</strong></span> <span class='ocrx_word' id='word_1_602' title='bbox 3200 3616 3522 3688; x_wconf 71' lang='lat' dir='ltr'><strong>profundum</strong></span> <span class='ocrx_word' id='word_1_603' title='bbox 3567 3623 3726 3693; x_wconf 79' lang='lat' dir='ltr'><strong>quasi</strong></span> 
     </span>
    </p>
   </div>
   <div class='ocr_carea' id='block_1_81' title="bbox 2148 3693 3839 3781">
    <p class='ocr_par' dir='ltr' id='par_1_81' title="bbox 2148 3693 3839 3781">
     <span class='ocr_line' id='line_1_81' title="bbox 2148 3693 3839 3781; baseline 0.007 -25"><span class='ocrx_word' id='word_1_604' title='bbox 2148 3702 2304 3774; x_wconf 88' lang='lat' dir='ltr'><strong>lapis.</strong></span> <span class='ocrx_word' id='word_1_605' title='bbox 2339 3703 2542 3776; x_wconf 77' lang='grc' dir='ltr'><strong>(Οιιιο.)</strong></span> <span class='ocrx_word' id='word_1_606' title='bbox 2588 3703 2725 3772; x_wconf 82' lang='lat' dir='ltr'><strong>Quia</strong></span> <span class='ocrx_word' id='word_1_607' title='bbox 2769 3706 2977 3761; x_wconf 87' lang='lat' dir='ltr'><strong>scilicet</strong></span> <span class='ocrx_word' id='word_1_608' title='bbox 3018 3706 3151 3763; x_wconf 87' lang='lat' dir='ltr'><strong>tales</strong></span> <span class='ocrx_word' id='word_1_609' title='bbox 3195 3724 3301 3764; x_wconf 87' lang='lat' dir='ltr'><strong>non</strong></span> <span class='ocrx_word' id='word_1_610' title='bbox 3331 3720 3487 3765; x_wconf 82' lang='lat' dir='ltr'><strong>erant</strong></span> <span class='ocrx_word' id='word_1_611' title='bbox 3518 3711 3741 3781; x_wconf 76' lang='lat' dir='ltr'><strong>lapides</strong></span> <span class='ocrx_word' id='word_1_612' title='bbox 3822 3693 3839 3709; x_wconf 75' lang='grc'><strong>’</strong></span> 
     </span>
    </p>
   </div>
   <div class='ocr_carea' id='block_1_82' title="bbox 2132 3794 3728 3872">
    <p class='ocr_par' dir='ltr' id='par_1_82' title="bbox 2132 3794 3728 3872">
     <span class='ocr_line' id='line_1_82' title="bbox 2132 3794 3728 3872; baseline 0.006 -23"><span class='ocrx_word' id='word_1_613' title='bbox 2132 3794 2217 3849; x_wconf 83' lang='lat' dir='ltr'><strong>~de</strong></span> <span class='ocrx_word' id='word_1_614' title='bbox 2244 3794 2440 3864; x_wconf 89' lang='lat' dir='ltr'><strong>quibus</strong></span> <span class='ocrx_word' id='word_1_615' title='bbox 2473 3796 2871 3851; x_wconf 89' lang='lat' dir='ltr'><strong>suscitarentur</strong></span> <span class='ocrx_word' id='word_1_616' title='bbox 2904 3796 2995 3851; x_wconf 85' lang='lat' dir='ltr'><strong>lilii</strong></span> <span class='ocrx_word' id='word_1_617' title='bbox 3027 3797 3279 3865; x_wconf 65' lang='lat' dir='ltr'><strong>Abrahae,</strong></span> <span class='ocrx_word' id='word_1_618' title='bbox 3318 3802 3413 3857; x_wconf 88' lang='lat' dir='ltr'><strong>sed</strong></span> <span class='ocrx_word' id='word_1_619' title='bbox 3448 3802 3541 3872; x_wconf 88' lang='lat' dir='ltr'><strong>qui</strong></span> <span class='ocrx_word' id='word_1_620' title='bbox 3569 3819 3728 3859; x_wconf 87' lang='lat' dir='ltr'><strong>ama-</strong></span> 
     </span>
    </p>
   </div>
   <div class='ocr_carea' id='block_1_83' title="bbox 2148 3884 3733 3958">
    <p class='ocr_par' dir='ltr' id='par_1_83' title="bbox 2148 3884 3733 3958">
     <span class='ocr_line' id='line_1_83' title="bbox 2148 3884 3733 3958; baseline 0.006 -18"><span class='ocrx_word' id='word_1_621' title='bbox 2148 3894 2273 3940; x_wconf 88' lang='lat' dir='ltr'><strong>rent</strong></span> <span class='ocrx_word' id='word_1_622' title='bbox 2323 3884 2649 3956; x_wconf 78' lang='lat' dir='ltr'><strong>prol’undum</strong></span> <span class='ocrx_word' id='word_1_623' title='bbox 2698 3895 2755 3941; x_wconf 90' lang='lat' dir='ltr'><strong>et</strong></span> <span class='ocrx_word' id='word_1_624' title='bbox 2804 3887 3063 3958; x_wconf 87' lang='lat' dir='ltr'><strong>liquidum</strong></span> <span class='ocrx_word' id='word_1_625' title='bbox 3110 3891 3479 3952; x_wconf 80' lang='lat' dir='ltr'><strong>elementum.</strong></span> <span class='ocrx_word' id='word_1_626' title='bbox 3534 3892 3591 3948; x_wconf 88' lang='lat' dir='ltr'><strong>id</strong></span> <span class='ocrx_word' id='word_1_627' title='bbox 3641 3903 3733 3949; x_wconf 85' lang='lat' dir='ltr'><strong>est</strong></span> 
     </span>
    </p>
   </div>
   <div class='ocr_carea' id='block_1_84' title="bbox 2148 3977 3727 4055">
    <p class='ocr_par' dir='ltr' id='par_1_84' title="bbox 2148 3977 3727 4055">
     <span class='ocr_line' id='line_1_84' title="bbox 2148 3977 3727 4055; baseline 0.006 -22"><span class='ocrx_word' id='word_1_628' title='bbox 2148 3994 2390 4035; x_wconf 84' lang='lat' dir='ltr'><strong>amaram</strong></span> <span class='ocrx_word' id='word_1_629' title='bbox 2435 3987 2490 4035; x_wconf 91' lang='lat' dir='ltr'><strong>et</strong></span> <span class='ocrx_word' id='word_1_630' title='bbox 2539 3977 2737 4034; x_wconf 83' lang='lat' dir='ltr'><strong>ﬂuxam</strong></span> <span class='ocrx_word' id='word_1_631' title='bbox 2788 3981 3135 4051; x_wconf 66' lang='lat' dir='ltr'><strong>praesentium</strong></span> <span class='ocrx_word' id='word_1_632' title='bbox 3182 3983 3529 4055; x_wconf 84' lang='lat' dir='ltr'><strong>voluptatem.</strong></span> <span class='ocrx_word' id='word_1_633' title='bbox 3567 3983 3727 4042; x_wconf 84' lang='lat' dir='ltr'><strong>Unde</strong></span> 
     </span>
    </p>
   </div>
   <div class='ocr_carea' id='block_1_85' title="bbox 2148 4069 3726 4146">
    <p class='ocr_par' dir='ltr' id='par_1_85' title="bbox 2148 4069 3726 4146">
     <span class='ocr_line' id='line_1_85' title="bbox 2148 4069 3726 4146; baseline 0.004 -20"><span class='ocrx_word' id='word_1_634' title='bbox 2148 4071 2216 4126; x_wconf 90' lang='lat' dir='ltr'><strong>de</strong></span> <span class='ocrx_word' id='word_1_635' title='bbox 2258 4071 2391 4143; x_wconf 87' lang='lat' dir='ltr'><strong>ipsis</strong></span> <span class='ocrx_word' id='word_1_636' title='bbox 2435 4070 2633 4126; x_wconf 87' lang='lat' dir='ltr'><strong>dicitur</strong></span> <span class='ocrx_word' id='word_1_637' title='bbox 2667 4089 2680 4125; x_wconf 89' lang='lat'><strong>:</strong></span> <span class='ocrx_word' id='word_1_638' title='bbox 2724 4069 2961 4127; x_wconf 83' lang='lat' dir='ltr'><strong>Dentem&#39;</strong></span> <span class='ocrx_word' id='word_1_639' title='bbox 3000 4082 3121 4128; x_wconf 87' lang='lat' dir='ltr'><strong>sunt</strong></span> <span class='ocrx_word' id='word_1_640' title='bbox 3157 4076 3310 4142; x_wconf 74' lang='lat' dir='ltr'><strong>quasi</strong></span> <span class='ocrx_word' id='word_1_641' title='bbox 3353 4075 3621 4146; x_wconf 81' lang='lat' dir='ltr'><strong>plumbum</strong></span> <span class='ocrx_word' id='word_1_642' title='bbox 3667 4078 3726 4133; x_wconf 85' lang='lat' dir='ltr'><strong>in</strong></span> 
     </span>
    </p>
   </div>
   <div class='ocr_carea' id='block_1_86' title="bbox 2147 4161 3727 4238">
    <p class='ocr_par' dir='ltr' id='par_1_86' title="bbox 2147 4161 3727 4238">
     <span class='ocr_line' id='line_1_86' title="bbox 2147 4161 3727 4238; baseline 0.004 -22"><span class='ocrx_word' id='word_1_643' title='bbox 2147 4178 2283 4233; x_wconf 83' lang='lat' dir='ltr'><strong>aqua</strong></span> <span class='ocrx_word' id='word_1_644' title='bbox 2318 4161 2662 4217; x_wconf 74' lang='lat' dir='ltr'><strong>ualidissima.</strong></span> <span class='ocrx_word' id='word_1_645' title='bbox 2691 4162 3014 4218; x_wconf 82' lang='lat' dir='ltr'><strong>Peccatores</strong></span> <span class='ocrx_word' id='word_1_646' title='bbox 3040 4179 3234 4235; x_wconf 87' lang='lat' dir='ltr'><strong>graves</strong></span> <span class='ocrx_word' id='word_1_647' title='bbox 3258 4177 3405 4231; x_wconf 88' lang='lat' dir='ltr'><strong>sunt,</strong></span> <span class='ocrx_word' id='word_1_648' title='bbox 3431 4176 3487 4222; x_wconf 91' lang='lat' dir='ltr'><strong>et</strong></span> <span class='ocrx_word' id='word_1_649' title='bbox 3524 4168 3727 4238; x_wconf 87' lang='lat' dir='ltr'><strong>iniqui-</strong></span> 
     </span>
    </p>
   </div>
   <div class='ocr_carea' id='block_1_87' title="bbox 2149 4253 3726 4327">
    <p class='ocr_par' dir='ltr' id='par_1_87' title="bbox 2149 4253 3726 4327">
     <span class='ocr_line' id='line_1_87' title="bbox 2149 4253 3726 4327; baseline 0.006 -21"><span class='ocrx_word' id='word_1_650' title='bbox 2149 4261 2234 4308; x_wconf 85' lang='lat' dir='ltr'><strong>tas</strong></span> <span class='ocrx_word' id='word_1_651' title='bbox 2269 4268 2433 4322; x_wconf 87' lang='lat' dir='ltr'><strong>super</strong></span> <span class='ocrx_word' id='word_1_652' title='bbox 2460 4253 2718 4308; x_wconf 85' lang='lat' dir='ltr'><strong>talentum</strong></span> <span class='ocrx_word' id='word_1_653' title='bbox 2744 4254 2947 4323; x_wconf 83' lang='lat' dir='ltr'><strong>plumbi</strong></span> <span class='ocrx_word' id='word_1_654' title='bbox 2974 4256 3173 4327; x_wconf 88' lang='lat' dir='ltr'><strong>legitur</strong></span> <span class='ocrx_word' id='word_1_655' title='bbox 3201 4259 3427 4315; x_wconf 89' lang='lat' dir='ltr'><strong>sedere:</strong></span> <span class='ocrx_word' id='word_1_656' title='bbox 3468 4261 3591 4315; x_wconf 90' lang='lat' dir='ltr'><strong>inde</strong></span> <span class='ocrx_word' id='word_1_657' title='bbox 3622 4262 3726 4315; x_wconf 89' lang='lat' dir='ltr'><strong>mi-</strong></span> 
     </span>
    </p>
   </div>
   <div class='ocr_carea' id='block_1_88' title="bbox 2147 4345 3697 4420">
    <p class='ocr_par' dir='ltr' id='par_1_88' title="bbox 2147 4345 3697 4420">
     <span class='ocr_line' id='line_1_88' title="bbox 2147 4345 3697 4420; baseline 0.004 -22"><span class='ocrx_word' id='word_1_658' title='bbox 2147 4345 2240 4415; x_wconf 87' lang='lat' dir='ltr'><strong>qui</strong></span> <span class='ocrx_word' id='word_1_659' title='bbox 2271 4354 2590 4416; x_wconf 89' lang='lat' dir='ltr'><strong>merguntur</strong></span> <span class='ocrx_word' id='word_1_660' title='bbox 2620 4346 2674 4401; x_wconf 90' lang='lat' dir='ltr'><strong>in</strong></span> <span class='ocrx_word' id='word_1_661' title='bbox 2711 4346 3036 4416; x_wconf 79' lang='lat' dir='ltr'><strong>profundum</strong></span> <span class='ocrx_word' id='word_1_662' title='bbox 3069 4348 3224 4418; x_wconf 81' lang='lat' dir='ltr'><strong>quasi</strong></span> <span class='ocrx_word' id='word_1_663' title='bbox 3260 4349 3559 4420; x_wconf 88' lang='lat' dir='ltr'><strong>plumbum,</strong></span> <span class='ocrx_word' id='word_1_664' title='bbox 3598 4366 3697 4406; x_wconf 89' lang='lat' dir='ltr'><strong>san</strong></span> 
     </span>
    </p>
   </div>
   <div class='ocr_carea' id='block_1_89' title="bbox 2146 4438 3723 4514">
    <p class='ocr_par' dir='ltr' id='par_1_89' title="bbox 2146 4438 3723 4514">
     <span class='ocr_line' id='line_1_89' title="bbox 2146 4438 3723 4514; baseline 0.005 -23"><span class='ocrx_word' id='word_1_665' title='bbox 2146 4438 2222 4491; x_wconf 90' lang='lat' dir='ltr'><strong>cti</strong></span> <span class='ocrx_word' id='word_1_666' title='bbox 2252 4454 2379 4493; x_wconf 85' lang='lat' dir='ltr'><strong>vero</strong></span> <span class='ocrx_word' id='word_1_667' title='bbox 2429 4438 2705 4494; x_wconf 86' lang='lat' dir='ltr'><strong>ambulant</strong></span> <span class='ocrx_word' id='word_1_668' title='bbox 2749 4454 2912 4511; x_wconf 87' lang='lat' dir='ltr'><strong>super</strong></span> <span class='ocrx_word' id='word_1_669' title='bbox 2955 4457 3147 4512; x_wconf 85' lang='lat' dir='ltr'><strong>aquas,</strong></span> <span class='ocrx_word' id='word_1_670' title='bbox 3202 4444 3327 4514; x_wconf 89' lang='lat' dir='ltr'><strong>quia</strong></span> <span class='ocrx_word' id='word_1_671' title='bbox 3375 4443 3522 4500; x_wconf 86' lang='lat' dir='ltr'><strong>leves</strong></span> <span class='ocrx_word' id='word_1_672' title='bbox 3570 4454 3723 4511; x_wconf 86' lang='lat' dir='ltr'><strong>sunt,</strong></span> 
     </span>
    </p>
   </div>
   <div class='ocr_carea' id='block_1_90' title="bbox 539 4512 3727 4630">
    <p class='ocr_par' dir='ltr' id='par_1_90' title="bbox 539 4512 3727 4630">
     <span class='ocr_line' id='line_1_90' title="bbox 539 4512 3727 4630; baseline 0.002 -47"><span class='ocrx_word' id='word_1_673' title='bbox 539 4529 698 4585; x_wconf 70' lang='lat' dir='ltr'><strong>Vens.</strong></span> <span class='ocrx_word' id='word_1_674' title='bbox 735 4529 793 4585; x_wconf 69' lang='grc' dir='ltr'><strong>Ξ.</strong></span> <span class='ocrx_word' id='word_1_675' title='bbox 814 4559 886 4571; x_wconf 91' lang='grc'><strong><em>-</em></strong></span> <span class='ocrx_word' id='word_1_676' title='bbox 918 4529 1027 4585; x_wconf 81' lang='lat' dir='ltr'><strong>Iste</strong></span> <span class='ocrx_word' id='word_1_677' title='bbox 1048 4528 1192 4586; x_wconf 74' lang='lat' dir='ltr'><strong>Dens</strong></span> <span class='ocrx_word' id='word_1_678' title='bbox 1218 4547 1388 4597; x_wconf 78' lang='lat' dir='ltr'><strong>meus,</strong></span> <span class='ocrx_word' id='word_1_679' title='bbox 1413 4538 1520 4587; x_wconf 90' lang='lat' dir='ltr'><strong>etc.</strong></span> <span class='ocrx_word' id='word_1_680' title='bbox 1553 4512 1891 4604; x_wconf 25' lang='lat' dir='ltr'><strong>(Oats.)‘ﬂic</strong></span> <span class='ocrx_word' id='word_1_681' title='bbox 1914 4548 2045 4603; x_wconf 89' lang='lat' dir='ltr'><strong>ergo</strong></span> <span class='ocrx_word' id='word_1_682' title='bbox 2070 4568 2123 4630; x_wconf 67' lang='grc' dir='ltr'><strong>υ</strong></span> <span class='ocrx_word' id='word_1_683' title='bbox 2148 4540 2202 4586; x_wconf 90' lang='lat' dir='ltr'><strong>et</strong></span> <span class='ocrx_word' id='word_1_684' title='bbox 2238 4532 2444 4600; x_wconf 87' lang='lat' dir='ltr'><strong>peccati</strong></span> <span class='ocrx_word' id='word_1_685' title='bbox 2481 4533 2721 4603; x_wconf 86' lang='lat' dir='ltr'><strong>pondere</strong></span> <span class='ocrx_word' id='word_1_686' title='bbox 2768 4548 2873 4587; x_wconf 90' lang='lat' dir='ltr'><strong>non</strong></span> <span class='ocrx_word' id='word_1_687' title='bbox 2910 4512 3235 4605; x_wconf 55' lang='lat' dir='ltr'><strong>gravantur.</strong></span> <span class='ocrx_word' id='word_1_688' title='bbox 3271 4535 3519 4590; x_wconf 89' lang='lat' dir='ltr'><strong>Christus</strong></span> <span class='ocrx_word' id='word_1_689' title='bbox 3561 4550 3727 4606; x_wconf 88' lang='lat' dir='ltr'><strong>super</strong></span> 
     </span>
    </p>
   </div>
   <div class='ocr_carea' id='block_1_91' title="bbox 462 4622 3725 4695">
    <p class='ocr_par' dir='ltr' id='par_1_91' title="bbox 462 4622 3725 4695">
     <span class='ocr_line' id='line_1_91' title="bbox 462 4622 3725 4695; baseline 0.002 -18"><span class='ocrx_word' id='word_1_690' title='bbox 462 4630 517 4678; x_wconf 90' lang='lat' dir='ltr'><strong>et</strong></span> <span class='ocrx_word' id='word_1_691' title='bbox 549 4622 688 4678; x_wconf 89' lang='lat' dir='ltr'><strong>Deus</strong></span> <span class='ocrx_word' id='word_1_692' title='bbox 726 4623 836 4678; x_wconf 87' lang='lat' dir='ltr'><strong>erit</strong></span> <span class='ocrx_word' id='word_1_693' title='bbox 869 4637 1022 4679; x_wconf 85' lang='lat' dir='ltr'><strong>meas</strong></span> <span class='ocrx_word' id='word_1_694' title='bbox 1048 4632 1107 4679; x_wconf 83' lang='lat' dir='ltr'><strong>et</strong></span> <span class='ocrx_word' id='word_1_695' title='bbox 1132 4623 1275 4680; x_wconf 83' lang='lat' dir='ltr'><strong>Deus</strong></span> <span class='ocrx_word' id='word_1_696' title='bbox 1302 4626 1475 4695; x_wconf 84' lang='lat' dir='ltr'><strong>patris</strong></span> <span class='ocrx_word' id='word_1_697' title='bbox 1510 4627 1637 4681; x_wconf 86' lang='lat' dir='ltr'><strong>mei.</strong></span> <span class='ocrx_word' id='word_1_698' title='bbox 1671 4627 1833 4682; x_wconf 85' lang='lat' dir='ltr'><strong>Pater</strong></span> <span class='ocrx_word' id='word_1_699' title='bbox 1863 4636 2047 4684; x_wconf 87' lang='lat' dir='ltr'><strong>uoster</strong></span> <span class='ocrx_word' id='word_1_700' title='bbox 2070 4622 2111 4630; x_wconf 73' lang='lat'><strong><em>&#39;</em></strong></span> <span class='ocrx_word' id='word_1_701' title='bbox 2150 4636 2321 4693; x_wconf 81' lang='lat' dir='ltr'><strong>aquas</strong></span> <span class='ocrx_word' id='word_1_702' title='bbox 2371 4622 2669 4677; x_wconf 74' lang='lat' dir='ltr'><strong>ambulavit</strong></span> <span class='ocrx_word' id='word_1_703' title='bbox 2691 4663 2705 4689; x_wconf 89' lang='lat'><strong>,</strong></span> <span class='ocrx_word' id='word_1_704' title='bbox 2755 4623 2847 4692; x_wconf 73' lang='lat' dir='ltr'><strong>Qui</strong></span> <span class='ocrx_word' id='word_1_705' title='bbox 2896 4638 3026 4679; x_wconf 84' lang='lat' dir='ltr'><strong>vere</strong></span> <span class='ocrx_word' id='word_1_706' title='bbox 3070 4633 3349 4694; x_wconf 82' lang='lat' dir='ltr'><strong>peccatum</strong></span> <span class='ocrx_word' id='word_1_707' title='bbox 3401 4640 3508 4679; x_wconf 92' lang='lat' dir='ltr'><strong>non</strong></span> <span class='ocrx_word' id='word_1_708' title='bbox 3557 4623 3725 4681; x_wconf 80' lang='lat' dir='ltr'><strong>fecit:</strong></span> 
     </span>
    </p>
   </div>
   <div class='ocr_carea' id='block_1_92' title="bbox 460 4711 2043 4788">
    <p class='ocr_par' dir='ltr' id='par_1_92' title="bbox 460 4711 2043 4788">
     <span class='ocr_line' id='line_1_92' title="bbox 460 4711 2043 4788; baseline 0.006 -23"><span class='ocrx_word' id='word_1_709' title='bbox 460 4713 551 4783; x_wconf 84' lang='lat' dir='ltr'><strong>qui</strong></span> <span class='ocrx_word' id='word_1_710' title='bbox 582 4728 685 4768; x_wconf 86' lang='lat' dir='ltr'><strong>nos</strong></span> <span class='ocrx_word' id='word_1_711' title='bbox 722 4711 850 4769; x_wconf 75' lang='lat' dir='ltr'><strong>fecit</strong></span> <span class='ocrx_word' id='word_1_712' title='bbox 884 4722 938 4769; x_wconf 87' lang='lat' dir='ltr'><strong>et</strong></span> <span class='ocrx_word' id='word_1_713' title='bbox 963 4716 1169 4785; x_wconf 83' lang='lat' dir='ltr'><strong>genuit,</strong></span> <span class='ocrx_word' id='word_1_714' title='bbox 1196 4715 1446 4773; x_wconf 86' lang='lat' dir='ltr'><strong>Christus</strong></span> <span class='ocrx_word' id='word_1_715' title='bbox 1470 4726 1574 4782; x_wconf 86' lang='lat' dir='ltr'><strong>est,</strong></span> <span class='ocrx_word' id='word_1_716' title='bbox 1607 4720 1701 4788; x_wconf 88' lang='lat' dir='ltr'><strong>qui</strong></span> <span class='ocrx_word' id='word_1_717' title='bbox 1727 4718 1862 4773; x_wconf 87' lang='lat' dir='ltr'><strong>dixit</strong></span> <span class='ocrx_word' id='word_1_718' title='bbox 1886 4716 2043 4775; x_wconf 75' lang='lat' dir='ltr'><strong>Joan.</strong></span> 
     </span>
    </p>
   </div>
   <div class='ocr_carea' id='block_1_93' title="bbox 461 4801 2047 4881">
    <p class='ocr_par' dir='ltr' id='par_1_93' title="bbox 461 4801 2047 4881">
     <span class='ocr_line' id='line_1_93' title="bbox 461 4801 2047 4881; baseline 0.004 -22"><span class='ocrx_word' id='word_1_719' title='bbox 461 4818 553 4859; x_wconf 78' lang='lat' dir='ltr'><strong>xm</strong></span> <span class='ocrx_word' id='word_1_720' title='bbox 582 4822 595 4857; x_wconf 91' lang='lat'><strong>:</strong></span> <span class='ocrx_word' id='word_1_721' title='bbox 628 4801 779 4859; x_wconf 81' lang='lat' dir='ltr'><strong>Vada</strong></span> <span class='ocrx_word' id='word_1_722' title='bbox 812 4804 882 4859; x_wconf 77' lang='lat' dir='ltr'><strong>ad</strong></span> <span class='ocrx_word' id='word_1_723' title='bbox 910 4805 1122 4861; x_wconf 81' lang='lat' dir='ltr'><strong>Patrem</strong></span> <span class='ocrx_word' id='word_1_724' title='bbox 1152 4824 1344 4875; x_wconf 76' lang='lat' dir='ltr'><strong>nteant,</strong></span> <span class='ocrx_word' id='word_1_725' title='bbox 1372 4818 1477 4864; x_wconf 88' lang='lat' dir='ltr'><strong>etc.</strong></span> <span class='ocrx_word' id='word_1_726' title='bbox 1511 4808 1569 4865; x_wconf 89' lang='lat' dir='ltr'><strong>Si</strong></span> <span class='ocrx_word' id='word_1_727' title='bbox 1597 4825 1727 4880; x_wconf 83' lang='lat' dir='ltr'><strong>ergo</strong></span> <span class='ocrx_word' id='word_1_728' title='bbox 1757 4824 2047 4881; x_wconf 83' lang='lat' dir='ltr'><strong>agnoscam</strong></span> 
     </span>
    </p>
   </div>
   <div class='ocr_carea' id='block_1_94' title="bbox 460 4891 2046 4969">
    <p class='ocr_par' dir='ltr' id='par_1_94' title="bbox 460 4891 2046 4969">
     <span class='ocr_line' id='line_1_94' title="bbox 460 4891 2046 4969; baseline 0.005 -22"><span class='ocrx_word' id='word_1_729' title='bbox 460 4893 603 4964; x_wconf 91' lang='lat' dir='ltr'><strong>quod</strong></span> <span class='ocrx_word' id='word_1_730' title='bbox 631 4891 773 4951; x_wconf 85' lang='lat' dir='ltr'><strong>Deus</strong></span> <span class='ocrx_word' id='word_1_731' title='bbox 798 4909 951 4950; x_wconf 88' lang='lat' dir='ltr'><strong>meus</strong></span> <span class='ocrx_word' id='word_1_732' title='bbox 981 4896 1073 4962; x_wconf 86' lang='lat' dir='ltr'><strong>sit,</strong></span> <span class='ocrx_word' id='word_1_733' title='bbox 1101 4896 1419 4968; x_wconf 78' lang='lat' dir='ltr'><strong>giarificabo</strong></span> <span class='ocrx_word' id='word_1_734' title='bbox 1444 4915 1601 4966; x_wconf 88' lang='lat' dir='ltr'><strong>eum;</strong></span> <span class='ocrx_word' id='word_1_735' title='bbox 1638 4900 1681 4955; x_wconf 90' lang='lat' dir='ltr'><strong>si</strong></span> <span class='ocrx_word' id='word_1_736' title='bbox 1713 4901 1876 4955; x_wconf 88' lang='lat' dir='ltr'><strong>etiam</strong></span> <span class='ocrx_word' id='word_1_737' title='bbox 1903 4900 2046 4969; x_wconf 91' lang='lat' dir='ltr'><strong>quod</strong></span> 
     </span>
    </p>
   </div>
   <div class='ocr_carea' id='block_1_95' title="bbox 459 4986 2043 5058">
    <p class='ocr_par' dir='ltr' id='par_1_95' title="bbox 459 4986 2043 5058">
     <span class='ocr_line' id='line_1_95' title="bbox 459 4986 2043 5058; baseline 0.006 -19"><span class='ocrx_word' id='word_1_738' title='bbox 459 4986 633 5058; x_wconf 86' lang='lat' dir='ltr'><strong>patris</strong></span> <span class='ocrx_word' id='word_1_739' title='bbox 667 4987 770 5043; x_wconf 86' lang='lat' dir='ltr'><strong>mei</strong></span> <span class='ocrx_word' id='word_1_740' title='bbox 795 5027 812 5053; x_wconf 91' lang='lat'><strong>,</strong></span> <span class='ocrx_word' id='word_1_741' title='bbox 850 4987 1102 5045; x_wconf 81' lang='lat' dir='ltr'><strong>exaltabe</strong></span> <span class='ocrx_word' id='word_1_742' title='bbox 1140 5005 1263 5046; x_wconf 86' lang='lat' dir='ltr'><strong>eum</strong></span> <span class='ocrx_word' id='word_1_743' title='bbox 1290 5008 1304 5045; x_wconf 89' lang='lat'><strong>:</strong></span> <span class='ocrx_word' id='word_1_744' title='bbox 1335 4991 1499 5047; x_wconf 86' lang='lat' dir='ltr'><strong>altior</strong></span> <span class='ocrx_word' id='word_1_745' title='bbox 1539 4993 1684 5048; x_wconf 90' lang='lat' dir='ltr'><strong>enim</strong></span> <span class='ocrx_word' id='word_1_746' title='bbox 1736 4993 2043 5049; x_wconf 85' lang='lat' dir='ltr'><strong>intellectus</strong></span> 
     </span>
    </p>
   </div>
   <div class='ocr_carea' id='block_1_96' title="bbox 459 5078 2042 5157">
    <p class='ocr_par' dir='ltr' id='par_1_96' title="bbox 459 5078 2042 5157">
     <span class='ocr_line' id='line_1_96' title="bbox 459 5078 2042 5157; baseline 0.004 -25"><span class='ocrx_word' id='word_1_747' title='bbox 459 5086 544 5132; x_wconf 88' lang='lat' dir='ltr'><strong>est</strong></span> <span class='ocrx_word' id='word_1_748' title='bbox 583 5078 852 5149; x_wconf 81' lang='lat' dir='ltr'><strong>quomodo</strong></span> <span class='ocrx_word' id='word_1_749' title='bbox 884 5078 1168 5148; x_wconf 84' lang='lat' dir='ltr'><strong>Christus,</strong></span> <span class='ocrx_word' id='word_1_750' title='bbox 1198 5090 1257 5137; x_wconf 93' lang='lat' dir='ltr'><strong>ut</strong></span> <span class='ocrx_word' id='word_1_751' title='bbox 1294 5083 1456 5139; x_wconf 88' lang='lat' dir='ltr'><strong>unius</strong></span> <span class='ocrx_word' id='word_1_752' title='bbox 1492 5084 1585 5137; x_wconf 74' lang='lat' dir='ltr'><strong>Dei</strong></span> <span class='ocrx_word' id='word_1_753' title='bbox 1621 5084 1958 5157; x_wconf 81' lang='lat' dir='ltr'><strong>constringat</strong></span> <span class='ocrx_word' id='word_1_754' title='bbox 1984 5093 2042 5139; x_wconf 89' lang='lat' dir='ltr'><strong>et</strong></span> 
     </span>
    </p>
   </div>
   <div class='ocr_carea' id='block_1_97' title="bbox 462 5166 2042 5245">
    <p class='ocr_par' dir='ltr' id='par_1_97' title="bbox 462 5166 2042 5245">
     <span class='ocr_line' id='line_1_97' title="bbox 462 5166 2042 5245; baseline 0.007 -24"><span class='ocrx_word' id='word_1_755' title='bbox 462 5166 616 5222; x_wconf 88' lang='lat' dir='ltr'><strong>uniat</strong></span> <span class='ocrx_word' id='word_1_756' title='bbox 658 5169 976 5237; x_wconf 79' lang='lat' dir='ltr'><strong>veritatem,</strong></span> <span class='ocrx_word' id='word_1_757' title='bbox 1021 5171 1192 5228; x_wconf 88' lang='lat' dir='ltr'><strong>Deum</strong></span> <span class='ocrx_word' id='word_1_758' title='bbox 1242 5188 1398 5229; x_wconf 88' lang='lat' dir='ltr'><strong>suum</strong></span> <span class='ocrx_word' id='word_1_759' title='bbox 1450 5172 1609 5239; x_wconf 85' lang='lat' dir='ltr'><strong>dicit,</strong></span> <span class='ocrx_word' id='word_1_760' title='bbox 1652 5186 1815 5245; x_wconf 86' lang='lat' dir='ltr'><strong>quem</strong></span> <span class='ocrx_word' id='word_1_761' title='bbox 1848 5182 2042 5232; x_wconf 87' lang='lat' dir='ltr'><strong>natura</strong></span> 
     </span>
    </p>
   </div>
   <div class='ocr_carea' id='block_1_98' title="bbox 459 5257 885 5317">
    <p class='ocr_par' dir='ltr' id='par_1_98' title="bbox 459 5257 885 5317">
     <span class='ocr_line' id='line_1_98' title="bbox 459 5257 885 5317; baseline 0 -2"><span class='ocrx_word' id='word_1_762' title='bbox 459 5257 676 5315; x_wconf 86' lang='lat' dir='ltr'><strong>Patrem</strong></span> <span class='ocrx_word' id='word_1_763' title='bbox 715 5261 885 5317; x_wconf 83' lang='lat' dir='ltr'><strong>novit.</strong></span> 
     </span>
    </p>
   </div>
   <div class='ocr_carea' id='block_1_99' title="bbox 534 5348 2035 5426">
    <p class='ocr_par' dir='ltr' id='par_1_99' title="bbox 534 5348 2035 5426">
     <span class='ocr_line' id='line_1_99' title="bbox 534 5348 2035 5426; baseline 0.004 -19"><span class='ocrx_word' id='word_1_764' title='bbox 534 5348 696 5407; x_wconf 74' lang='lat' dir='ltr'><strong>Vsus.</strong></span> <span class='ocrx_word' id='word_1_765' title='bbox 746 5351 800 5407; x_wconf 71' lang='grc' dir='ltr'><strong>ὅ.</strong></span> <span class='ocrx_word' id='word_1_766' title='bbox 845 5382 916 5393; x_wconf 92' lang='grc'><strong>-</strong></span> <span class='ocrx_word' id='word_1_767' title='bbox 960 5353 1221 5410; x_wconf 70' lang='lat' dir='ltr'><strong>Dominus</strong></span> <span class='ocrx_word' id='word_1_768' title='bbox 1258 5358 1410 5425; x_wconf 77' lang='lat' dir='ltr'><strong>quasi</strong></span> <span class='ocrx_word' id='word_1_769' title='bbox 1449 5354 1529 5409; x_wconf 80' lang='lat' dir='ltr'><strong>vir</strong></span> <span class='ocrx_word' id='word_1_770' title='bbox 1565 5364 1830 5426; x_wconf 79' lang='lat' dir='ltr'><strong>pugnator</strong></span> <span class='ocrx_word' id='word_1_771' title='bbox 1854 5397 1871 5423; x_wconf 90' lang='lat'><strong>,</strong></span> <span class='ocrx_word' id='word_1_772' title='bbox 1927 5365 2035 5414; x_wconf 90' lang='lat' dir='ltr'><strong>etc.</strong></span> 
     </span>
    </p>
   </div>
   <div class='ocr_carea' id='block_1_100' title="bbox 460 5441 2039 5517">
    <p class='ocr_par' dir='ltr' id='par_1_100' title="bbox 460 5441 2039 5517">
     <span class='ocr_line' id='line_1_100' title="bbox 460 5441 2039 5517; baseline 0.004 -16"><span class='ocrx_word' id='word_1_773' title='bbox 460 5441 666 5517; x_wconf 69' lang='grc' dir='ltr'><strong>(ους.)</strong></span> <span class='ocrx_word' id='word_1_774' title='bbox 706 5443 826 5500; x_wconf 75' lang='lat' dir='ltr'><strong>Alia</strong></span> <span class='ocrx_word' id='word_1_775' title='bbox 866 5443 1050 5501; x_wconf 84' lang='lat' dir='ltr'><strong>littera</strong></span> <span class='ocrx_word' id='word_1_776' title='bbox 1086 5461 1098 5498; x_wconf 91' lang='lat'><strong>:</strong></span> <span class='ocrx_word' id='word_1_777' title='bbox 1144 5446 1401 5500; x_wconf 67' lang='lat' dir='ltr'><strong>Dominus</strong></span> <span class='ocrx_word' id='word_1_778' title='bbox 1431 5447 1836 5504; x_wconf 77' lang='lat' dir='ltr'><strong>eonteret~bella.</strong></span> <span class='ocrx_word' id='word_1_779' title='bbox 1873 5450 2039 5508; x_wconf 79' lang='lat' dir='ltr'><strong>Amos</strong></span> 
     </span>
    </p>
   </div>
   <div class='ocr_carea' id='block_1_101' title="bbox 459 5535 2040 5610">
    <p class='ocr_par' dir='ltr' id='par_1_101' title="bbox 459 5535 2040 5610">
     <span class='ocr_line' id='line_1_101' title="bbox 459 5535 2040 5610; baseline 0.004 -20"><span class='ocrx_word' id='word_1_780' title='bbox 459 5550 517 5590; x_wconf 76' lang='grc' dir='ltr'><strong>ιιι</strong></span> <span class='ocrx_word' id='word_1_781' title='bbox 544 5535 836 5592; x_wconf 77' lang='lat' dir='ltr'><strong>:Donsinus</strong></span> <span class='ocrx_word' id='word_1_782' title='bbox 867 5551 1057 5591; x_wconf 76' lang='lat' dir='ltr'><strong>nomen</strong></span> <span class='ocrx_word' id='word_1_783' title='bbox 1081 5546 1157 5591; x_wconf 87' lang='lat' dir='ltr'><strong>est</strong></span> <span class='ocrx_word' id='word_1_784' title='bbox 1192 5535 1291 5590; x_wconf 79' lang='lat' dir='ltr'><strong>illi.</strong></span> <span class='ocrx_word' id='word_1_785' title='bbox 1336 5535 1450 5592; x_wconf 84' lang='lat' dir='ltr'><strong>Non</strong></span> <span class='ocrx_word' id='word_1_786' title='bbox 1481 5538 1642 5594; x_wconf 89' lang='lat' dir='ltr'><strong>modo</strong></span> <span class='ocrx_word' id='word_1_787' title='bbox 1670 5554 1879 5610; x_wconf 89' lang='lat' dir='ltr'><strong>pugnas</strong></span> <span class='ocrx_word' id='word_1_788' title='bbox 1908 5540 2040 5597; x_wconf 86' lang='lat' dir='ltr'><strong>visi-</strong></span> 
     </span>
    </p>
   </div>
   <div class='ocr_carea' id='block_1_102' title="bbox 458 5626 2041 5700">
    <p class='ocr_par' dir='ltr' id='par_1_102' title="bbox 458 5626 2041 5700">
     <span class='ocr_line' id='line_1_102' title="bbox 458 5626 2041 5700; baseline 0.001 -17"><span class='ocrx_word' id='word_1_789' title='bbox 458 5626 596 5683; x_wconf 86' lang='lat' dir='ltr'><strong>biles</strong></span> <span class='ocrx_word' id='word_1_790' title='bbox 620 5628 872 5693; x_wconf 86' lang='lat' dir='ltr'><strong>conterit,</strong></span> <span class='ocrx_word' id='word_1_791' title='bbox 900 5628 996 5683; x_wconf 88' lang='lat' dir='ltr'><strong>sed</strong></span> <span class='ocrx_word' id='word_1_792' title='bbox 1033 5641 1128 5683; x_wconf 83' lang='lat' dir='ltr'><strong>eas</strong></span> <span class='ocrx_word' id='word_1_793' title='bbox 1162 5627 1326 5684; x_wconf 84' lang='lat' dir='ltr'><strong>etiam</strong></span> <span class='ocrx_word' id='word_1_794' title='bbox 1352 5643 1475 5700; x_wconf 70' lang='lat' dir='ltr'><strong>quae</strong></span> <span class='ocrx_word' id='word_1_795' title='bbox 1504 5629 1661 5685; x_wconf 87' lang='lat' dir='ltr'><strong>nobis</strong></span> <span class='ocrx_word' id='word_1_796' title='bbox 1697 5637 1822 5686; x_wconf 86' lang='lat' dir='ltr'><strong>sunt</strong></span> <span class='ocrx_word' id='word_1_797' title='bbox 1849 5630 2041 5685; x_wconf 83' lang='lat' dir='ltr'><strong>adver-</strong></span> 
     </span>
    </p>
   </div>
   <div class='ocr_carea' id='block_1_103' title="bbox 462 5719 2040 5789">
    <p class='ocr_par' dir='ltr' id='par_1_103' title="bbox 462 5719 2040 5789">
     <span class='ocr_line' id='line_1_103' title="bbox 462 5719 2040 5789; baseline 0.002 -16"><span class='ocrx_word' id='word_1_798' title='bbox 462 5732 552 5774; x_wconf 85' lang='lat' dir='ltr'><strong>sus</strong></span> <span class='ocrx_word' id='word_1_799' title='bbox 580 5719 930 5789; x_wconf 82' lang='lat' dir='ltr'><strong>principatus,</strong></span> <span class='ocrx_word' id='word_1_800' title='bbox 963 5728 1010 5773; x_wconf 89' lang='lat' dir='ltr'><strong>et</strong></span> <span class='ocrx_word' id='word_1_801' title='bbox 1048 5727 1349 5787; x_wconf 79' lang='lat' dir='ltr'><strong>potestates,</strong></span> <span class='ocrx_word' id='word_1_802' title='bbox 1381 5732 1427 5774; x_wconf 86' lang='lat' dir='ltr'><strong>et</strong></span> <span class='ocrx_word' id='word_1_803' title='bbox 1462 5729 1681 5775; x_wconf 86' lang='lat' dir='ltr'><strong>rectores</strong></span> <span class='ocrx_word' id='word_1_804' title='bbox 1707 5719 2040 5776; x_wconf 75' lang='lat' dir='ltr'><strong>tenebrarum</strong></span> 
     </span>
    </p>
   </div>
   <div class='ocr_carea' id='block_1_104' title="bbox 459 5809 2042 5875">
    <p class='ocr_par' dir='ltr' id='par_1_104' title="bbox 459 5809 2042 5875">
     <span class='ocr_line' id='line_1_104' title="bbox 459 5809 2042 5875; baseline 0.001 -9"><span class='ocrx_word' id='word_1_805' title='bbox 459 5811 753 5866; x_wconf 76' lang='lat' dir='ltr'><strong>harum.—-</strong></span> <span class='ocrx_word' id='word_1_806' title='bbox 780 5809 1029 5863; x_wconf 80' lang='lat' dir='ltr'><strong>Dominus</strong></span> <span class='ocrx_word' id='word_1_807' title='bbox 1066 5811 1209 5864; x_wconf 79' lang='lat' dir='ltr'><strong>enim</strong></span> <span class='ocrx_word' id='word_1_808' title='bbox 1259 5826 1440 5864; x_wconf 80' lang='lat' dir='ltr'><strong>nomen</strong></span> <span class='ocrx_word' id='word_1_809' title='bbox 1479 5818 1553 5861; x_wconf 68' lang='lat' dir='ltr'><strong>est</strong></span> <span class='ocrx_word' id='word_1_810' title='bbox 1586 5810 1685 5875; x_wconf 83' lang='lat' dir='ltr'><strong>illi,</strong></span> <span class='ocrx_word' id='word_1_811' title='bbox 1724 5818 1779 5864; x_wconf 87' lang='lat' dir='ltr'><strong>ct</strong></span> <span class='ocrx_word' id='word_1_812' title='bbox 1818 5826 1924 5865; x_wconf 87' lang='lat' dir='ltr'><strong>nun</strong></span> <span class='ocrx_word' id='word_1_813' title='bbox 1957 5820 2042 5868; x_wconf 82' lang='lat' dir='ltr'><strong>est</strong></span> 
     </span>
    </p>
   </div>
   <div class='ocr_carea' id='block_1_105' title="bbox 2149 4708 3730 4784">
    <p class='ocr_par' dir='ltr' id='par_1_105' title="bbox 2149 4708 3730 4784">
     <span class='ocr_line' id='line_1_105' title="bbox 2149 4708 3730 4784; baseline 0.006 -20"><span class='ocrx_word' id='word_1_814' title='bbox 2149 4708 2442 4767; x_wconf 87' lang='lat' dir='ltr'><strong>ambulavit</strong></span> <span class='ocrx_word' id='word_1_815' title='bbox 2467 4720 2521 4766; x_wconf 90' lang='lat' dir='ltr'><strong>et</strong></span> <span class='ocrx_word' id='word_1_816' title='bbox 2546 4710 2758 4777; x_wconf 85' lang='lat' dir='ltr'><strong>Petrus,</strong></span> <span class='ocrx_word' id='word_1_817' title='bbox 2784 4712 2878 4767; x_wconf 90' lang='lat' dir='ltr'><strong>sed</strong></span> <span class='ocrx_word' id='word_1_818' title='bbox 2907 4711 3179 4784; x_wconf 85' lang='lat' dir='ltr'><strong>paululum</strong></span> <span class='ocrx_word' id='word_1_819' title='bbox 3208 4714 3503 4779; x_wconf 89' lang='lat' dir='ltr'><strong>dubitavit;</strong></span> <span class='ocrx_word' id='word_1_820' title='bbox 3536 4716 3730 4773; x_wconf 80' lang='lat' dir='ltr'><strong>habuit</strong></span> 
     </span>
    </p>
   </div>
   <div class='ocr_carea' id='block_1_106' title="bbox 2146 4803 3721 4875">
    <p class='ocr_par' dir='ltr' id='par_1_106' title="bbox 2146 4803 3721 4875">
     <span class='ocr_line' id='line_1_106' title="bbox 2146 4803 3721 4875; baseline 0.003 -17"><span class='ocrx_word' id='word_1_821' title='bbox 2146 4804 2291 4858; x_wconf 81' lang='lat' dir='ltr'><strong>enim</strong></span> <span class='ocrx_word' id='word_1_822' title='bbox 2323 4803 2524 4873; x_wconf 86' lang='lat' dir='ltr'><strong>aliquid</strong></span> <span class='ocrx_word' id='word_1_823' title='bbox 2552 4803 2777 4873; x_wconf 89' lang='lat' dir='ltr'><strong>plumbi,</strong></span> <span class='ocrx_word' id='word_1_824' title='bbox 2806 4814 3027 4874; x_wconf 87' lang='lat' dir='ltr'><strong>propter</strong></span> <span class='ocrx_word' id='word_1_825' title='bbox 3052 4807 3196 4875; x_wconf 91' lang='lat' dir='ltr'><strong>quod</strong></span> <span class='ocrx_word' id='word_1_826' title='bbox 3220 4807 3421 4861; x_wconf 87' lang='lat' dir='ltr'><strong>dicitur</strong></span> <span class='ocrx_word' id='word_1_827' title='bbox 3442 4806 3493 4862; x_wconf 88' lang='lat' dir='ltr'><strong>ei</strong></span> <span class='ocrx_word' id='word_1_828' title='bbox 3532 4806 3721 4863; x_wconf 60' lang='lat' dir='ltr'><strong>matth.</strong></span> 
     </span>
    </p>
   </div>
   <div class='ocr_carea' id='block_1_107' title="bbox 2096 4893 3727 4971">
    <p class='ocr_par' dir='ltr' id='par_1_107' title="bbox 2096 4893 3727 4971">
     <span class='ocr_line' id='line_1_107' title="bbox 2096 4893 3727 4971; baseline 0.002 -20"><span class='ocrx_word' id='word_1_829' title='bbox 2096 4946 2099 4951; x_wconf 89' lang='lat'><strong>.</strong></span> <span class='ocrx_word' id='word_1_830' title='bbox 2148 4909 2240 4950; x_wconf 73' lang='lat' dir='ltr'><strong>xrv</strong></span> <span class='ocrx_word' id='word_1_831' title='bbox 2271 4912 2284 4949; x_wconf 88' lang='lat'><strong>:</strong></span> <span class='ocrx_word' id='word_1_832' title='bbox 2318 4893 2543 4949; x_wconf 67' lang='lat' dir='ltr'><strong>Modica’</strong></span> <span class='ocrx_word' id='word_1_833' title='bbox 2593 4895 2750 4964; x_wconf 80' lang='lat' dir='ltr'><strong>ﬁdei,</strong></span> <span class='ocrx_word' id='word_1_834' title='bbox 2793 4911 2956 4967; x_wconf 82' lang='lat' dir='ltr'><strong>quare</strong></span> <span class='ocrx_word' id='word_1_835' title='bbox 3001 4895 3306 4951; x_wconf 65' lang='lat' dir='ltr'><strong>dubitasti?</strong></span> <span class='ocrx_word' id='word_1_836' title='bbox 3353 4896 3557 4953; x_wconf 88' lang='lat' dir='ltr'><strong>Omnes</strong></span> <span class='ocrx_word' id='word_1_837' title='bbox 3594 4913 3727 4971; x_wconf 87' lang='lat' dir='ltr'><strong>ergo</strong></span> 
     </span>
    </p>
   </div>
   <div class='ocr_carea' id='block_1_108' title="bbox 2147 4987 3721 5060">
    <p class='ocr_par' dir='ltr' id='par_1_108' title="bbox 2147 4987 3721 5060">
     <span class='ocr_line' id='line_1_108' title="bbox 2147 4987 3721 5060; baseline 0.004 -20"><span class='ocrx_word' id='word_1_838' title='bbox 2147 5001 2244 5057; x_wconf 88' lang='lat' dir='ltr'><strong>per</strong></span> <span class='ocrx_word' id='word_1_839' title='bbox 2280 4987 2463 5056; x_wconf 87' lang='lat' dir='ltr'><strong>ignem</strong></span> <span class='ocrx_word' id='word_1_840' title='bbox 2503 4988 2803 5051; x_wconf 87' lang='lat' dir='ltr'><strong>salvantur,</strong></span> <span class='ocrx_word' id='word_1_841' title='bbox 2841 4995 2901 5042; x_wconf 91' lang='lat' dir='ltr'><strong>ut</strong></span> <span class='ocrx_word' id='word_1_842' title='bbox 2944 4990 2990 5043; x_wconf 86' lang='lat' dir='ltr'><strong>si</strong></span> <span class='ocrx_word' id='word_1_843' title='bbox 3032 4988 3171 5044; x_wconf 83' lang='lat' dir='ltr'><strong>forte</strong></span> <span class='ocrx_word' id='word_1_844' title='bbox 3204 4990 3271 5045; x_wconf 88' lang='lat' dir='ltr'><strong>de</strong></span> <span class='ocrx_word' id='word_1_845' title='bbox 3307 4991 3488 5058; x_wconf 86' lang='lat' dir='ltr'><strong>specie</strong></span> <span class='ocrx_word' id='word_1_846' title='bbox 3516 4991 3721 5060; x_wconf 87' lang='lat' dir='ltr'><strong>plumbi</strong></span> 
     </span>
    </p>
   </div>
   <div class='ocr_carea' id='block_1_109' title="bbox 2145 5075 3725 5149">
    <p class='ocr_par' dir='ltr' id='par_1_109' title="bbox 2145 5075 3725 5149">
     <span class='ocr_line' id='line_1_109' title="bbox 2145 5075 3725 5149; baseline 0.004 -19"><span class='ocrx_word' id='word_1_847' title='bbox 2145 5077 2441 5146; x_wconf 87' lang='lat' dir='ltr'><strong>quidquam</strong></span> <span class='ocrx_word' id='word_1_848' title='bbox 2481 5075 2645 5131; x_wconf 82' lang='lat' dir='ltr'><strong>luerit</strong></span> <span class='ocrx_word' id='word_1_849' title='bbox 2688 5077 3004 5143; x_wconf 86' lang='lat' dir='ltr'><strong>admissum,</strong></span> <span class='ocrx_word' id='word_1_850' title='bbox 3049 5078 3189 5149; x_wconf 88' lang='lat' dir='ltr'><strong>ignis</strong></span> <span class='ocrx_word' id='word_1_851' title='bbox 3229 5079 3497 5149; x_wconf 88' lang='lat' dir='ltr'><strong>decoquat</strong></span> <span class='ocrx_word' id='word_1_852' title='bbox 3538 5088 3598 5136; x_wconf 89' lang='lat' dir='ltr'><strong>et</strong></span> <span class='ocrx_word' id='word_1_853' title='bbox 3636 5096 3725 5136; x_wconf 86' lang='lat' dir='ltr'><strong>re-</strong></span> 
     </span>
    </p>
   </div>
   <div class='ocr_carea' id='block_1_110' title="bbox 2146 5166 3723 5239">
    <p class='ocr_par' dir='ltr' id='par_1_110' title="bbox 2146 5166 3723 5239">
     <span class='ocr_line' id='line_1_110' title="bbox 2146 5166 3723 5239; baseline -0.001 -16"><span class='ocrx_word' id='word_1_854' title='bbox 2146 5166 2341 5232; x_wconf 83' lang='lat' dir='ltr'><strong>solvat,</strong></span> <span class='ocrx_word' id='word_1_855' title='bbox 2372 5174 2431 5222; x_wconf 87' lang='lat' dir='ltr'><strong>ut</strong></span> <span class='ocrx_word' id='word_1_856' title='bbox 2462 5166 2762 5221; x_wconf 64' lang='lat' dir='ltr'><strong>elﬁciantur</strong></span> <span class='ocrx_word' id='word_1_857' title='bbox 2800 5180 2991 5223; x_wconf 72' lang='lat' dir='ltr'><strong>omnes</strong></span> <span class='ocrx_word' id='word_1_858' title='bbox 3032 5183 3223 5223; x_wconf 83' lang='lat' dir='ltr'><strong>aurum</strong></span> <span class='ocrx_word' id='word_1_859' title='bbox 3267 5169 3553 5239; x_wconf 76' lang='lat' dir='ltr'><strong>Optimum,</strong></span> <span class='ocrx_word' id='word_1_860' title='bbox 3595 5168 3723 5238; x_wconf 88' lang='lat' dir='ltr'><strong>quia</strong></span> 
     </span>
    </p>
   </div>
   <div class='ocr_carea' id='block_1_111' title="bbox 2145 5259 3725 5331">
    <p class='ocr_par' dir='ltr' id='par_1_111' title="bbox 2145 5259 3725 5331">
     <span class='ocr_line' id='line_1_111' title="bbox 2145 5259 3725 5331; baseline 0.001 -16"><span class='ocrx_word' id='word_1_861' title='bbox 2145 5276 2336 5315; x_wconf 86' lang='lat' dir='ltr'><strong>aurum</strong></span> <span class='ocrx_word' id='word_1_862' title='bbox 2386 5270 2545 5316; x_wconf 61' lang='lat' dir='ltr'><strong>terra!</strong></span> <span class='ocrx_word' id='word_1_863' title='bbox 2593 5259 2736 5315; x_wconf 84' lang='lat' dir='ltr'><strong>illius</strong></span> <span class='ocrx_word' id='word_1_864' title='bbox 2795 5261 3057 5331; x_wconf 82' lang='lat' dir='ltr'><strong>optimum</strong></span> <span class='ocrx_word' id='word_1_865' title='bbox 3104 5274 3267 5330; x_wconf 86' lang='lat' dir='ltr'><strong>quam</strong></span> <span class='ocrx_word' id='word_1_866' title='bbox 3318 5261 3551 5316; x_wconf 87' lang='lat' dir='ltr'><strong>habituri</strong></span> <span class='ocrx_word' id='word_1_867' title='bbox 3594 5268 3725 5316; x_wconf 83' lang='lat' dir='ltr'><strong>sunt</strong></span> 
     </span>
    </p>
   </div>
   <div class='ocr_carea' id='block_1_112' title="bbox 2146 5350 3721 5421">
    <p class='ocr_par' dir='ltr' id='par_1_112' title="bbox 2146 5350 3721 5421">
     <span class='ocr_line' id='line_1_112' title="bbox 2146 5350 3721 5421; baseline 0.001 -15"><span class='ocrx_word' id='word_1_868' title='bbox 2146 5351 2351 5417; x_wconf 88' lang='lat' dir='ltr'><strong>sancti;</strong></span> <span class='ocrx_word' id='word_1_869' title='bbox 2382 5357 2439 5404; x_wconf 92' lang='lat' dir='ltr'><strong>et</strong></span> <span class='ocrx_word' id='word_1_870' title='bbox 2468 5351 2607 5405; x_wconf 88' lang='lat' dir='ltr'><strong>sicut</strong></span> <span class='ocrx_word' id='word_1_871' title='bbox 2648 5350 2835 5405; x_wconf 83' lang='lat' dir='ltr'><strong>l’ornax</strong></span> <span class='ocrx_word' id='word_1_872' title='bbox 2880 5351 3075 5421; x_wconf 83' lang='lat' dir='ltr'><strong>probat</strong></span> <span class='ocrx_word' id='word_1_873' title='bbox 3115 5365 3329 5417; x_wconf 69' lang='lat' dir='ltr'><strong>nitrum,</strong></span> <span class='ocrx_word' id='word_1_874' title='bbox 3370 5351 3443 5405; x_wconf 89' lang='lat' dir='ltr'><strong>ita</strong></span> <span class='ocrx_word' id='word_1_875' title='bbox 3470 5351 3721 5407; x_wconf 86' lang='lat' dir='ltr'><strong>homines</strong></span> 
     </span>
    </p>
   </div>
   <div class='ocr_carea' id='block_1_113' title="bbox 2139 5439 3722 5515">
    <p class='ocr_par' dir='ltr' id='par_1_113' title="bbox 2139 5439 3722 5515">
     <span class='ocr_line' id='line_1_113' title="bbox 2139 5439 3722 5515; baseline 0.003 -19"><span class='ocrx_word' id='word_1_876' title='bbox 2139 5444 2317 5512; x_wconf 86' lang='lat' dir='ltr'><strong>justos</strong></span> <span class='ocrx_word' id='word_1_877' title='bbox 2347 5441 2643 5497; x_wconf 86' lang='lat' dir='ltr'><strong>tribulatio.</strong></span> <span class='ocrx_word' id='word_1_878' title='bbox 2688 5443 3021 5499; x_wconf 83' lang='lat' dir='ltr'><strong>Veniendum</strong></span> <span class='ocrx_word' id='word_1_879' title='bbox 3067 5452 3152 5499; x_wconf 86' lang='lat' dir='ltr'><strong>est</strong></span> <span class='ocrx_word' id='word_1_880' title='bbox 3191 5458 3320 5515; x_wconf 87' lang='lat' dir='ltr'><strong>ergo</strong></span> <span class='ocrx_word' id='word_1_881' title='bbox 3352 5442 3608 5498; x_wconf 74' lang='lat' dir='ltr'><strong>omnibus</strong></span> <span class='ocrx_word' id='word_1_882' title='bbox 3648 5439 3722 5500; x_wconf 78' lang='lat' dir='ltr'><strong>ad</strong></span> 
     </span>
    </p>
   </div>
   <div class='ocr_carea' id='block_1_114' title="bbox 2143 5532 3722 5608">
    <p class='ocr_par' dir='ltr' id='par_1_114' title="bbox 2143 5532 3722 5608">
     <span class='ocr_line' id='line_1_114' title="bbox 2143 5532 3722 5608; baseline -0.001 -16"><span class='ocrx_word' id='word_1_883' title='bbox 2143 5534 2540 5592; x_wconf 75' lang='lat' dir='ltr'><strong>conﬂatorium.</strong></span> <span class='ocrx_word' id='word_1_884' title='bbox 2590 5532 2754 5590; x_wconf 90' lang='lat' dir='ltr'><strong>Sedet</strong></span> <span class='ocrx_word' id='word_1_885' title='bbox 2780 5534 2928 5589; x_wconf 88' lang='lat' dir='ltr'><strong>enim</strong></span> <span class='ocrx_word' id='word_1_886' title='bbox 2954 5535 3096 5590; x_wconf 90' lang='lat' dir='ltr'><strong>Deus</strong></span> <span class='ocrx_word' id='word_1_887' title='bbox 3123 5545 3179 5591; x_wconf 89' lang='lat' dir='ltr'><strong>et</strong></span> <span class='ocrx_word' id='word_1_888' title='bbox 3198 5534 3417 5601; x_wconf 75' lang='lat' dir='ltr'><strong>conﬁat,</strong></span> <span class='ocrx_word' id='word_1_889' title='bbox 3444 5543 3501 5590; x_wconf 83' lang='lat' dir='ltr'><strong>ut</strong></span> <span class='ocrx_word' id='word_1_890' title='bbox 3522 5541 3722 5608; x_wconf 88' lang='lat' dir='ltr'><strong>purgat</strong></span> 
     </span>
    </p>
   </div>
   <div class='ocr_carea' id='block_1_115' title="bbox 2142 5625 3722 5697">
    <p class='ocr_par' dir='ltr' id='par_1_115' title="bbox 2142 5625 3722 5697">
     <span class='ocr_line' id='line_1_115' title="bbox 2142 5625 3722 5697; baseline -0.001 -13"><span class='ocrx_word' id='word_1_891' title='bbox 2142 5629 2283 5687; x_wconf 81' lang='lat' dir='ltr'><strong>illius</strong></span> <span class='ocrx_word' id='word_1_892' title='bbox 2298 5626 2456 5685; x_wconf 65' lang='lat' dir='ltr'><strong>Iuda.</strong></span> <span class='ocrx_word' id='word_1_893' title='bbox 2491 5626 2551 5683; x_wconf 89' lang='lat' dir='ltr'><strong>Si</strong></span> <span class='ocrx_word' id='word_1_894' title='bbox 2578 5627 2700 5697; x_wconf 87' lang='lat' dir='ltr'><strong>quis</strong></span> <span class='ocrx_word' id='word_1_895' title='bbox 2729 5625 2895 5682; x_wconf 89' lang='lat' dir='ltr'><strong>multa</strong></span> <span class='ocrx_word' id='word_1_896' title='bbox 2931 5642 3094 5697; x_wconf 82' lang='lat' dir='ltr'><strong>opera</strong></span> <span class='ocrx_word' id='word_1_897' title='bbox 3129 5626 3269 5683; x_wconf 88' lang='lat' dir='ltr'><strong>bona</strong></span> <span class='ocrx_word' id='word_1_898' title='bbox 3306 5635 3363 5682; x_wconf 89' lang='lat' dir='ltr'><strong>et</strong></span> <span class='ocrx_word' id='word_1_899' title='bbox 3392 5641 3587 5697; x_wconf 87' lang='lat' dir='ltr'><strong>parum</strong></span> <span class='ocrx_word' id='word_1_900' title='bbox 3616 5626 3722 5683; x_wconf 80' lang='lat' dir='ltr'><strong>iui-</strong></span> 
     </span>
    </p>
   </div>
   <div class='ocr_carea' id='block_1_116' title="bbox 2144 5717 3720 5792">
    <p class='ocr_par' dir='ltr' id='par_1_116' title="bbox 2144 5717 3720 5792">
     <span class='ocr_line' id='line_1_116' title="bbox 2144 5717 3720 5792; baseline -0.001 -17"><span class='ocrx_word' id='word_1_901' title='bbox 2144 5720 2365 5792; x_wconf 85' lang='lat' dir='ltr'><strong>quitatis</strong></span> <span class='ocrx_word' id='word_1_902' title='bbox 2396 5720 2658 5783; x_wconf 86' lang='lat' dir='ltr'><strong>attulerit,</strong></span> <span class='ocrx_word' id='word_1_903' title='bbox 2702 5718 2830 5773; x_wconf 82' lang='lat' dir='ltr'><strong>illud</strong></span> <span class='ocrx_word' id='word_1_904' title='bbox 2857 5733 3048 5789; x_wconf 87' lang='lat' dir='ltr'><strong>parum</strong></span> <span class='ocrx_word' id='word_1_905' title='bbox 3083 5728 3339 5789; x_wconf 84' lang='lat' dir='ltr'><strong>tanquam</strong></span> <span class='ocrx_word' id='word_1_906' title='bbox 3386 5718 3511 5789; x_wconf 88' lang='lat' dir='ltr'><strong>igne</strong></span> <span class='ocrx_word' id='word_1_907' title='bbox 3550 5717 3720 5774; x_wconf 85' lang='lat' dir='ltr'><strong>resol-</strong></span> 
     </span>
    </p>
   </div>
   <div class='ocr_carea' id='block_1_117' title="bbox 2142 5815 3715 5884">
    <p class='ocr_par' dir='ltr' id='par_1_117' title="bbox 2142 5815 3715 5884">
     <span class='ocr_line' id='line_1_117' title="bbox 2142 5815 3715 5884; baseline 0 -19"><span class='ocrx_word' id='word_1_908' title='bbox 2142 5815 2290 5868; x_wconf 85' lang='lat' dir='ltr'><strong>vitur</strong></span> <span class='ocrx_word' id='word_1_909' title='bbox 2317 5821 2369 5867; x_wconf 77' lang='lat' dir='ltr'><strong>et</strong></span> <span class='ocrx_word' id='word_1_910' title='bbox 2396 5821 2680 5884; x_wconf 85' lang='lat' dir='ltr'><strong>purgatur,</strong></span> <span class='ocrx_word' id='word_1_911' title='bbox 2712 5822 2767 5865; x_wconf 76' lang='lat' dir='ltr'><strong>et</strong></span> <span class='ocrx_word' id='word_1_912' title='bbox 2798 5818 2968 5864; x_wconf 86' lang='lat' dir='ltr'><strong>totum</strong></span> <span class='ocrx_word' id='word_1_913' title='bbox 3001 5819 3246 5866; x_wconf 85' lang='lat' dir='ltr'><strong>remanet</strong></span> <span class='ocrx_word' id='word_1_914' title='bbox 3276 5824 3464 5866; x_wconf 83' lang='lat' dir='ltr'><strong>aurum</strong></span> <span class='ocrx_word' id='word_1_915' title='bbox 3494 5824 3715 5881; x_wconf 69' lang='lat' dir='ltr'><strong>purum.</strong></span> 
     </span>
    </p>
   </div>
  </div>
