3998 6332
1310 396 1577 456 GLOSSA
1612 391 2007 454 ORDlNARIA.
2047 427 2117 436 -
2151 394 2277 461 LIB.
2318 394 2524 453 EXOD.

3423 340 3531 453 eo

285 519 345 578 Si
377 519 502 591 quis
527 517 648 590 plus
674 516 879 589 plumbi
910 513 1171 581 attulerit,
1204 514 1326 585 plus
1353 514 1620 580 exuritur,
1656 520 1716 567 ut
1740 528 1856 568 am-
1882 515 1932 575 Α
1958 519 2081 569 runt
2122 519 2312 583 gentes
2340 519 2394 565 et
2431 511 2584 567 irata:
2622 517 2770 575 sunt,
2801 506 3013 563 dolores
3057 506 3527 585 apprehen‘deruut

280 614 430 687 plius
474 611 844 685 decoquatur;
891 616 952 669 ut
989 616 1045 664 et
1086 608 1131 663 si
1170 622 1384 678 parum,
1434 615 1617 665 tamen
1654 607 1856 677 aliquid

283 704 407 761 auri
455 701 671 775 purgati
726 700 1005 767 resideat;
1055 698 1148 771 qui
1200 714 1330 755 vero
1387 707 1531 756 totus
1580 698 1858 769 plumbeus

283 796 453 860 venit,
498 792 833 865 demergitur
870 790 1033 864 quasi.
1062 790 1334 861 plumbum
1379 791 1435 849 iu
1472 807 1611 863 aqua
1647 788 1861 849 validis-

280 889 439 944 sima.
574 960 579 965 ἢ

360 981 524 1037 Vens.
572 977 852 1035 7-lO.—
896 976 1093 1032 Misisti
1140 979 1277 1032 iram
1317 986 1461 1033 tuam
1486 1018 1502 1045 ,
1547 986 1653 1035 etc.
1699 976 1856 1048 (Acs.

281 1082 472 1144 qtta'st.
502 1071 655 1131 55in
692 1070 894 1143 Exod.)
939 1070 1060 1129 Alia
1116 1069 1341 1131 littera:
1386 1070 1580 1127 Misisti
1619 1070 1859 1141 spiritum

284 1176 431 1219 tuum
472 1173 519 1219 et
558 1162 821 1236 cooperuit
859 1179 946 1221 eos
988 1178 1153 1229 mare,
1178 1170 1284 1218 etc.
1332 1160 1473 1217 Ecce
1512 1159 1629 1232 jam
1670 1161 1862 1235 quinto

285 1261 750 1315 commemoratur
799 1251 1036 1325 Spiritus
1082 1252 1202 1319 Dei,
1233 1262 1364 1321 etc.,
1411 1267 1573 1323 usque
1611 1252 1681 1306 ad
1713 1250 1865 1309 Scri-

280 1356 441 1417 ptura
471 1344 844 1401 tantummodo
864 1342 1061 1413 jubens
1094 1341 1512 1413 sineadjutorio
1541 1343 1751 1414 gratiae.

356 1435 523 1495 Vens.
564 1435 649 1491 ll.
670 1464 741 1474 —
763 1432 896 1501 Quis
923 1434 1110 1488 similis
1144 1433 1222 1488 tui
1242 1475 1258 1500 ,
1286 1442 1394 1489 etc.
1440 1432 1643 1506 (0816.,
1688 1440 1743 1489 ut
1768 1448 1860 1488 stt-

281 1525 427 1597 pra.)
472 1524 589 1580 Non
613 1524 924 1585 simulacris
953 1514 1194 1599 gentium
1226 1531 1509 1595 comparat
1534 1524 1723 1589 Deum,
1764 1538 1866 1581 nec

288 1617 627 1675 daemonibus
660 1617 751 1689 qui
782 1615 885 1675 sibi
918 1617 1054 1673 falso
1090 1630 1287 1671 nomen
1326 1615 1544 1671 deorum
1572 1615 1861 1681 asciscunt,

285 1711 381 1767 sed
413 1712 543 1767 dicit
586 1710 706 1767 illos
748 1711 879 1767 deos
908 1709 998 1779 qui
1033 1724 1128 1780 per
1160 1709 1387 1779 gratiam
1415 1716 1469 1764 et
1493 1707 1864 1780 participatio-

286 1820 408 1860 nem
438 1803 531 1863 Dei
577 1803 933 1873 appellantur,
980 1801 1272 1859 secundum
1324 1801 1450 1859 illud
1496 1799 1631 1871 psai.
1665 1814 1860 1857 Lxxxt:

1960 603 2293 661 habitatores
2321 601 2665 667 Philisthiim,
2691 609 2796 656 etc.
2825 598 3095 669 Quantum
3120 599 3189 655 ad
3216 599 3515 664 historiam,

1958 694 2163 751 nullum
2191 695 2256 749 de
2286 695 2371 751 his
2396 693 2647 765 gentibus
2681 690 2989 749 interfuisse
3032 689 3367 746 mirabilibus
3395 705 3529 744 cnn-

1958 792 2097 841 stat:
2127 784 2394 854 quomodo
2436 798 2565 855 ergo
2606 791 2812 837 terrore
2863 782 3062 837 territae
3087 779 3168 836 vel
3216 780 3368 837 iratae
3400 779 3532 836 Phi-

1956 872 2180 930 listhiim
2206 913 2221 941 ,
2273 882 2329 928 et
2369 872 2645 938 Moabitae,
2702 880 2758 927 et
2794 871 2984 941 Edam,
3030 880 3085 929 et
3134 869 3353 943 reliqua:
3392 884 3530 940 quas

1958 972 2272 1031 enumerat,
2321 964 2609 1021 nationes?
2655 964 2796 1031 Sed,
2851 963 3241 1039 spiritualiter,
3289 962 3532 1019 invenies

1960 1054 2086 1125 quia
2114 1050 2458 1125 Philisthiim,
2496 1054 2549 1110 id
2587 1063 2672 1110 est
2708 1054 2948 1110 cadentes
2975 1054 3193 1127 poculo;
3223 1063 3279 1112 et
3325 1055 3493 1111 Edom
3514 1094 3532 1124 ,

1960 1144 2167 1200 scilicet
2197 1156 2455 1213 terrenus,
2488 1146 2753 1219 trepidant
2778 1163 2791 1199 :
2818 1155 2875 1202 et
2900 1160 3085 1205 eorum
3114 1146 3384 1218 principes
3411 1163 3534 1203 cur-

1960 1238 2129 1295 sitant
2169 1247 2224 1294 et
2261 1248 2460 1310 pavent
2503 1239 2783 1295 constricti
2832 1238 3135 1311 doloribus,
3184 1257 3304 1296 cum
3352 1242 3537 1296 vident

1962 1344 2127 1400 regna
2173 1345 2291 1395 sua,
2333 1344 2454 1399 quae
2497 1327 2552 1384 iu
2594 1326 2807 1387 inferno
2850 1340 2996 1397 sunt,
3037 1338 3319 1406 penetrata
3364 1331 3431 1385 ab
3470 1344 3535 1384 eo

1961 1420 2052 1491 qui
2100 1419 2378 1475 descendit
2426 1420 2481 1475 in
2530 1419 2790 1475 inferiora
2843 1429 3035 1487 teme,
3080 1430 3140 1477 ut
3171 1422 3405 1495 eriperet
3443 1435 3537 1477 eos

1963 1511 2055 1581 qui
2086 1511 2504 1582 possidebantur
2530 1526 2561 1566 a
2590 1520 2784 1568 morte.
2818 1510 2955 1569 Hinc
2982 1513 3175 1571 timent
3196 1523 3250 1570 et
3276 1522 3534 1581 tremunt,

1964 1602 2089 1671 quia
2143 1612 2428 1657 senserunt
2486 1602 2906 1675 magnitudinem
2952 1602 3161 1660 brachii
3204 1604 3360 1681 ejus;
3412 1604 3539 1660 hinc

1964 1693 2127 1748 etiam
2168 1693 2457 1749 tabuerunt
2494 1693 2826 1753 habitatores
2855 1693 3131 1763 Chanaan,
3174 1695 3225 1750 id
3254 1706 3337 1751 est
3362 1709 3537 1750 muta-

1965 1782 2091 1838 biles
2119 1791 2174 1839 et
2200 1783 2433 1851 mobiles,
2462 1798 2584 1838 cum
2613 1783 2864 1837 viderunt
2896 1790 3098 1840 moveri
3135 1800 3301 1855 regna
3335 1801 3453 1850 sua,
3484 1791 3539 1840 et

285 1895 403 1968 Ego
428 1896 542 1951 dixi
564 1911 583 1949 :
608 1895 694 1953 Dii
724 1896 867 1951 estis.
901 1895 971 1953 Et
999 1895 1133 1953 ibid.
1155 1913 1168 1948 :
1194 1894 1335 1951 Deus
1362 1894 1497 1950 stetit
1520 1895 1573 1948 in
1595 1910 1860 1965 synagoga

1973 1873 2170 1945 alligari
2197 1873 2410 1929 fortem.
2449 1874 2642 1931 Veniat
2667 1890 2795 1947 ergo
2829 1890 2990 1947 super
3012 1890 3106 1931 eos
3136 1875 3319 1944 timor,
3348 1883 3404 1930 et
3433 1883 3540 1930 tre-

285 1989 523 2045 deorum.
568 1988 675 2043 Sed
715 1988 771 2049 hi
805 1989 1053 2059 quamvis
1095 2003 1323 2059 capaces
1362 1989 1474 2043 sint
1509 1987 1625 2053 Dei,
1668 1996 1723 2043 et
1758 1987 1863 2043 hoc

286 2084 507 2141 nomine
546 2097 645 2154 per
672 2082 900 2157 gratiam
928 2081 1116 2159 douari
1154 2081 1462 2149 videantur,
1492 2080 1671 2139 nullus
1705 2080 1754 2134 ei
1784 2079 1859 2135 si-

288 2175 435 2232 milis
478 2175 534 2230 in
576 2175 819 2247 potentia
857 2174 939 2230 vel
980 2182 1205 2241 natura;
1243 2173 1386 2244 quod
1427 2184 1607 2231 autem
1645 2171 1861 2238 dicitur,

286 2268 486 2322 similes
524 2268 572 2323 ei
595 2268 826 2335 erimus.
867 2266 1163 2325 similitudo
1204 2268 1320 2323 haec
1357 2281 1464 2325 non
1494 2267 1561 2325 ad
1590 2274 1862 2333 naturam,

288 2360 383 2415 sed
414 2359 483 2414 ad
512 2360 743 2429 gratiam
788 2369 1095 2426 revocatur,
1128 2361 1273 2417 sicut
1308 2360 1523 2431 pictura
1547 2368 1632 2415 est
1670 2358 1867 2415 similis

288 2449 340 2504 ei
384 2450 540 2520 cujus
585 2450 764 2520 imago
808 2451 863 2507 in
908 2451 1022 2522 ipsa
1066 2450 1419 2522 exprimitur,
1479 2459 1741 2525 quantum
1798 2452 1866 2507 ad

291 2542 546 2612 gratiam,
578 2542 675 2603 sed
715 2542 871 2614 longe
907 2541 1184 2599 dissimilis
1215 2551 1478 2613 quantum
1511 2542 1579 2598 ad
1609 2544 1865 2599 substan-

294 2633 446 2688 tiam.
490 2633 581 2689 llla
621 2633 768 2693 enim
817 2635 1025 2704 species
1078 2635 1403 2699 carnis-est,
1451 2641 1507 2689 et
1550 2633 1714 2691 decor
1762 2634 1869 2693 vivi

292 2724 569 2793 corporis;
605 2724 707 2781 ista
735 2724 975 2780 colorum
1022 2723 1199 2790 fucus,
1230 2731 1284 2778 et
1318 2738 1443 2778 cera
1473 2723 1670 2779 tabulis
1704 2738 1867 2780 sensu

294 2813 608 2877 carentibus
657 2815 1017 2884 superposita.
1068 2800 1258 2869 Nullus
1295 2828 1424 2885 ergo
1462 2814 1517 2869 in
1548 2814 1650 2869 diis
1678 2812 1869 2871 similis

294 2902 550 2973 Domino,
580 2904 868 2960 invisibilis
896 2905 1119 2970 scilicet,
1154 2905 1523 2977 incorporeus,
1569 2904 1870 2961 incommu-

296 2995 516 3059 tabilis,
572 2995 690 3052 sine
740 2995 897 3053 initio
947 3003 1003 3052 et
1050 2996 1168 3051 sine
1224 2996 1348 3053 ﬁne.
1419 2993 1605 3053 Nullus
1655 3002 1871 3051 creator

293 3086 539 3153 omnium
580 3084 683 3141 nisi
708 3083 872 3141 Pater
904 3100 1097 3141 creans
1133 3083 1314 3138 omnia
1342 3098 1438 3155 per
1463 3083 1675 3151 Filium,
1721 3093 1777 3139 et
1814 3084 1869 3143 in

296 3175 505 3247 Spiritu
532 3186 721 3231 sancto
750 3176 933 3231 omnia
968 3174 1330 3231 sanctiﬁcans.
1590 3180 1595 3185 '

368 3266 536 3325 Vsus.
591 3266 678 3331 l2,
724 3269 804 3323 15.
830 3296 903 3308 -
931 3266 1257 3332 Extendisti,
1286 3274 1391 3321 etc.
1442 3264 1654 3337 (0316.)
1693 3263 1875 3320 Monet

296 3375 387 3414 me
415 3358 559 3429 quod
585 3356 661 3413 ait
685 3376 698 3411 :
729 3356 1025 3411 Extendisti
1055 3357 1323 3410 dexteram
1347 3367 1493 3409 tuam
1534 3364 1582 3409 et
1609 3354 1872 3409 devoravit

296 3464 386 3503 eos
426 3457 598 3511 terra,
668 3447 822 3519 quasi
871 3456 931 3502 ut
975 3447 1365 3502 devorarentur
1407 3461 1437 3500 a
1480 3454 1660 3509 terra,
1708 3460 1874 3500 causa

301 3536 470 3593 fuerit
505 3537 648 3608 quod
689 3539 964 3593 dexteram
1003 3537 1263 3593 extendit.
1305 3535 1363 3591 Si
1400 3536 1709 3593 consideres
1737 3552 1873 3606 quo-

302 3630 464 3684 modo
499 3628 768 3687 exaltatus
793 3627 1051 3684 Dominus
1097 3628 1150 3683 in
1179 3642 1341 3683 cruce
1372 3636 1480 3682 tota
1514 3626 1601 3681 die
1632 3625 1875 3682 extendit

300 3736 521 3776 tuanum
558 3721 626 3776 ad
664 3721 915 3793 populum
957 3735 1062 3776 non
1102 3721 1429 3787 credentem,
1468 3718 1561 3775 sed
1596 3718 1872 3775 contradi-

299 3822 596 3880 centem,et
614 3813 886 3885 quomodo
910 3811 1176 3869 inﬁdelem
1198 3810 1450 3886 populum
1475 3811 1565 3881 qui
1589 3810 1871 3866 clamavit:

298 3904 582 3977 Cruci/ige,
604 3905 849 3977 cruciﬁge
877 3922 992 3960 eum
1022 3903 1205 3976 (Joan.
1234 3908 1371 3973 xix),
1402 3918 1547 3958 mors
1574 3901 1875 3973 iniquitatis

306 3997 599 4068 Oppressit,
644 3996 884 4053 invenies
922 3995 1189 4066 quomodo
1229 3994 1457 4049 extendit
1498 3994 1791 4060 dexteram,
1829 4003 1876 4048 et

300 4087 565 4142 det-oravit
600 4104 687 4143 eos
725 4097 882 4143 terra.
933 4084 1049 4142 Non
1096 4095 1271 4141 tamen
1317 4086 1536 4141 omnino
1580 4084 1874 4156 desperan-

301 4178 454 4236 dum.
496 4178 554 4235 Si
592 4178 734 4235 enim
775 4178 866 4252 qui
908 4179 1192 4235 devoratus
1232 4186 1334 4243 est,
1369 4179 1671 4250 resipiscat,
1701 4186 1879 4247 potest

302 4271 484 4326 evomi
523 4272 664 4326 sicut
688 4269 873 4326 Jonas.
916 4270 1117 4327 Omnes
1146 4284 1243 4324 nos
1272 4268 1559 4339 aliquando
1591 4276 1732 4323 terra
1778 4268 1871 4322 de-

300 4362 534 4417 vorabat
568 4372 623 4417 et
670 4362 724 4416 in
770 4360 968 4415 inferni
1016 4359 1381 4431 penetralibus
1421 4358 1726 4413 retinebat:
1757 4357 1878 4413 ideo

302 4453 554 4511 Christus
589 4453 866 4508 descendit
907 4468 1013 4506 non
1049 4450 1220 4506 solum
1262 4450 1327 4505 ad
1365 4461 1556 4514 terras,
1588 4448 1682 4503 sed
1711 4449 1875 4503 etiam

304 4546 373 4600 ad
412 4544 660 4599 inferiora
698 4552 857 4599 terrae
884 4561 896 4597 :
921 4551 974 4598 et
1010 4542 1082 4597 ibi
1122 4540 1325 4596 invenit
1356 4556 1454 4596 nos
1481 4541 1787 4602 devoratus,
1821 4547 1877 4595 et

304 4637 558 4692 sedentes
601 4637 656 4691 in
702 4634 895 4690 umbra
935 4634 1158 4700 mortis;
1204 4633 1327 4688 inde
1361 4634 1596 4689 educens
1632 4648 1731 4688 nos
1768 4650 1874 4688 non

308 4726 481 4781 solum
533 4738 711 4790 terrae,
758 4741 830 4781 ne
877 4726 1070 4780 iterum
1119 4724 1462 4790 devoremur,
1513 4723 1608 4779 sed
1651 4738 1877 4795 regnum

305 4825 577 4888 prmparat
602 4816 884 4871 castorum.

384 4908 585 4979 (Οιιια.)
634 4906 831 4979 impios
876 4907 1040 4963 etiam
1088 4906 1249 4963 hodie
1297 4914 1445 4962 terra
1492 4906 1877 4979 devorat,'qui

308 5014 524 5070 semper
557 5002 623 5056 de
654 5011 796 5056 terra
827 5001 1086 5072 cogitant,
1118 5009 1332 5056 terrena
1372 4996 1599 5065 faciunt,
1641 5001 1707 5055 de
1734 5009 1878 5057 terra

308 5093 624 5164 loquuntur,
672 5093 909 5166 litigant,
942 5101 1141 5148 terram
1181 5092 1513 5156 desiderant,
1552 5093 1606 5146 in
1636 5107 1701 5148 ea
1726 5109 1878 5163 spem

309 5201 466 5242 suam
492 5196 722 5256 ponunt,
755 5188 820 5243 ad
848 5185 1042 5241 caelum
1081 5200 1186 5238 non
1216 5184 1528 5253 respiciunt,
1558 5183 1737 5239 futura
1776 5201 1881 5241 non

308 5281 568 5353 cogitant,
613 5279 877 5350 judicium
907 5278 1000 5333 Dei
1044 5292 1149 5332 non
1178 5284 1441 5341 metuunt,
1478 5289 1579 5329 nec
1618 5275 1881 5346 promissa

310 5372 429 5443 ejus
454 5371 792 5435 desiderant;
830 5368 989 5423 talem
1022 5382 1146 5423 cum
1171 5366 1395 5430 videris,
1426 5365 1590 5421 dicitc
1624 5365 1751 5434 quia
1790 5365 1883 5419 de-

310 5459 520 5516 voravit
545 5474 667 5514 eum
699 5468 844 5513 terra
888 5476 901 5512 :
945 5466 1001 5512 et
1050 5458 1096 5512 si
1135 5472 1295 5526 quem
1325 5456 1529 5511 videris
1576 5455 1801 5511 luxuria:
1825 5463 1881 5512 et

310 5552 676 5623 voluptatibus
715 5551 959 5623 corporis
995 5550 1255 5615 deditum,
1306 5549 1359 5603 in
1402 5563 1510 5619 quo
1550 5547 1629 5606 nil
1667 5549 1880 5604 animus

312 5641 476 5708 valet,
502 5640 599 5697 sed
626 5651 797 5697 totum
842 5640 1006 5695 libido
1033 5638 1290 5710 possidet,
1320 5639 1485 5695 dicito
1508 5639 1633 5709 quia
1656 5644 1881 5694 devora-

308 5732 392 5789 vit
421 5748 544 5789 eum
575 5740 737 5788 terra.

386 5829 550 5891 Vnus.
586 5828 669 5895 ιι,
703 5829 788 5884 15.
810 5858 881 5871 ο·-
902 5827 1275 5891 Ascenderunt,
1300 5833 1405 5882 etc.
1454 5825 1661 5897 (0816.)
1686 5825 1880 5881 Audie-

1966 1984 2085 2024 utor
2117 1986 2130 2022 :
2166 1976 2403 2022 tremunt
2444 1976 2498 2024 et
2538 1968 2732 2024 timent
2769 1968 3039 2023 daemones
3076 1983 3291 2027 crucem
3316 1966 3537 2034 Christi,

1966 2062 2153 2135 inqua
2190 2061 2507 2133 triumphati
2545 2068 2692 2127 sunt,
2734 2071 2791 2117 et
2816 2061 2965 2117 exuti
2990 2062 3325 2135 principatus
3352 2076 3540 2118 eorum

1965 2162 2020 2209 et
2056 2161 2342 2225 potestate.
2392 2152 2578 2209 Timor
2621 2169 2750 2225 ergo
2796 2163 2852 2209 et
2903 2164 3108 2211 tremor
3149 2154 3344 2209 cadent
3380 2167 3545 2225 super

1965 2261 2088 2312 eos,
2133 2260 2257 2300 cum
2303 2244 2358 2300 in
2406 2246 2559 2301 nobis
2608 2246 2823 2316 signum
2870 2244 3048 2301 crucis
3101 2243 3332 2300 ﬁdeliter
3378 2244 3543 2302 ﬁxum

1968 2335 2217 2401 viderint,
2260 2342 2316 2391 et
2362 2333 2782 2404 magnitudinem
2831 2331 3040 2388 brachii
3090 2335 3231 2407 quod
3286 2333 3546 2389 Dominus

1968 2427 2223 2498 expandit
2248 2425 2302 2480 in
2331 2440 2511 2490 cruce,
2542 2424 2681 2479 sicut
2706 2423 2837 2481 dicit
2865 2421 2967 2478 lsa.
2994 2438 3097 2478 va
3127 2437 3141 2476 :
3172 2421 3301 2479 Tota
3336 2423 3419 2478 die
3459 2439 3548 2477 exp

1966 2517 2129 2588 pandi
2158 2533 2345 2571 atauus
2373 2533 2512 2570 meas
2550 2519 2620 2569 ad
2652 2514 2901 2591 populum
2941 2531 3044 2570 non
3083 2515 3395 2581 credentem,
3436 2523 3545 2572 etc.

1967 2606 2084 2661 Non
2115 2614 2167 2660 te
2198 2606 2358 2661 aliter
2377 2606 2664 2670 timebunt,
2692 2620 2789 2660 nec
2812 2614 3013 2660 tremor
3034 2613 3160 2660 tuus
3188 2605 3358 2661 irruet
3386 2620 3549 2677 super

1968 2714 2083 2765 eos,
2129 2698 2231 2757 nisi
2260 2698 2497 2753 viderint
2539 2697 2593 2752 in
2635 2703 2688 2752 te
2726 2711 2945 2752 crucem
2987 2694 3212 2761 Christi,
3258 2704 3319 2752 ut
3361 2696 3541 2752 dicas:

1975 2789 2107 2843 Mihi
2128 2799 2301 2844 autem
2324 2788 2458 2844 absit
2486 2787 2723 2860 gloriari,
2749 2787 2851 2842 nisi
2885 2787 2941 2843 iu
2963 2803 3118 2845 cruce
3148 2785 3359 2843 Domini
3384 2787 3550 2845 nostri

1966 2884 2097 2939 Iesu
2128 2881 2324 2937 Christi
2354 2878 2494 2954 (Gal.
2525 2882 2623 2954 γι).
3100 2932 3107 2941 ,

2039 2984 2208 3038 Vens.
2244 2982 2333 3049 15,
2358 2982 2446 3038 16.
2469 3013 2538 3023 —
2561 2979 2721 3039 Fiant
2750 2980 3037 3037 immobiles
3069 2982 3223 3057 quasi
3257 2980 3411 3054 lapis,
3441 2991 3545 3038 etc.

1972 3074 2176 3147 (Οιιις.)
2207 3074 2348 3129 Fieri
2378 3081 2634 3142 tanquam
2666 3072 2897 3143 lapidem
2954 3087 3060 3128 non
3091 3081 3173 3129 est
3209 3082 3402 3143 natura
3431 3089 3552 3129 esse

1974 3164 2227 3237 lapidem.
2272 3161 2386 3219 Non
2423 3163 2568 3218 enim
2611 3163 2764 3218 ﬁeret
2800 3163 2901 3218 nisi
2944 3162 3087 3234 quod
3120 3178 3227 3218 non
3258 3172 3392 3217 erat.
3437 3162 3551 3219 Hoc

1975 3265 2196 3330 propter
2233 3255 2353 3312 illos
2391 3256 2627 3311 diximus
2659 3254 2753 3327 qui
2794 3255 2949 3310 malae
2977 3263 3184 3311 naturae
3212 3256 3549 3311 Pharaonem

1974 3346 2060 3403 vel
2088 3344 2372 3418 Egyptios
2395 3346 2580 3403 dicunt
2607 3344 2793 3411 fuisse,
2820 3360 2922 3401 nec
2944 3361 3009 3401 ex
3052 3345 3300 3401 libertate
3339 3345 3552 3401 arbitrii

1976 3438 2032 3493 in
2055 3439 2159 3494 hoc
2186 3453 2306 3493 esse
2336 3437 2628 3505 deductos;
2663 3444 2718 3491 et
2743 3435 2834 3508 qui
2867 3445 3167 3492 creatorem
3191 3436 3359 3492 Deum
3390 3452 3551 3497 accu—

1976 3539 2114 3595 sant,
2149 3539 2405 3600 tanquam
2445 3544 2678 3593 saevum,
2714 3528 2806 3598 qui
2840 3528 3083 3583 homines
3112 3537 3288 3583 vertat
3331 3529 3385 3584 in
3416 3527 3551 3598 lapi-

1977 3626 2111 3681 des:
2157 3638 2262 3678 non
2289 3622 2425 3677 dixit
2458 3636 2472 3674 :
2502 3620 2658 3676 Fiant
2712 3628 2963 3690 tanquam
3012 3619 3217 3690 lapides
3265 3627 3323 3675 et
3362 3619 3548 3685 tacuit,

1976 3718 2070 3775 sed
2100 3726 2310 3787 tempus
2338 3715 2526 3770 statuit
2550 3722 2602 3769 et
2631 3727 2941 3769 mensuram
2971 3712 3377 3779 dominationis,
3408 3712 3525 3767 scili

1977 3822 2062 3871 cet
2107 3813 2269 3868 donec
2313 3819 2636 3884 pertranseat
2680 3808 2901 3883 populus
2938 3817 3080 3863 tuus.
3130 3806 3287 3869 Prior
3328 3807 3556 3880 populus

1976 3908 2066 3978 qui
2121 3906 2223 3962 fuit
2259 3916 2383 3961 ante
2421 3920 2543 3970 nos,
2586 3902 2759 3959 factus
2794 3911 2881 3958 est
2918 3909 3175 3973 tanquam
3217 3900 3349 3972 lapis
3388 3901 3556 3963 durus

1976 4006 2033 4054 et
2077 3996 2408 4061 incredulus,
2458 4011 2564 4053 non
2609 4004 2670 4049 ut
2714 3993 2907 4066 lapidis
2940 4001 3133 4049 natura
3179 4001 3416 4060 maneat,
3459 3993 3555 4051 sed

1977 4088 2148 4144 donec
2186 4094 2525 4158 pertranseat
2564 4082 2791 4156 populus
2834 4098 2992 4155 quem
3024 4081 3284 4155 Dominus
3319 4083 3555 4155 acquisi-

1975 4181 2075 4237 vit.
2102 4178 2254 4235 Unde
2280 4178 2437 4234 Rom.
2464 4193 2518 4234 xt
2544 4194 2556 4229 :
2584 4175 2807 4231 Ctecitas
2829 4177 2967 4231 enim
3000 4191 3065 4231 ex
3084 4184 3236 4245 parte
3255 4176 3468 4245 contigit
3498 4176 3552 4231 in

1978 4272 2168 4340 Israel,
2201 4273 2364 4327 donec
2393 4270 2661 4341 plenitudo
2686 4270 2914 4340 gentium
2946 4268 3164 4321 intraret
3183 4307 3197 4335 ,
3228 4276 3278 4321 et
3314 4276 3436 4320 tunc
3463 4264 3551 4321 Is-

1978 4363 2089 4418 rael
2124 4362 2299 4417 salvus
2336 4361 2515 4433 fieret;
2548 4360 2637 4431 qui
2664 4373 2758 4431 per
2793 4357 3223 4425 incredulitatem
3262 4356 3439 4412 lactus
3472 4366 3555 4414 est

1980 4464 2232 4525 tanquam
2280 4453 2438 4522 lapis,
2488 4451 2627 4507 unde
2676 4450 2863 4505 Matth.
2895 4465 3003 4504 tu:
3049 4447 3243 4507 Potens
3292 4462 3370 4505 est
3414 4452 3550 4505 enim

1982 4545 2121 4600 Deus
2155 4545 2220 4600 de
2259 4544 2517 4615 lapidibus
2562 4543 2674 4597 istis
2716 4540 2971 4596 suscitare
2996 4540 3136 4611 fa’ios
3163 4541 3410 4597 Abrahae.
3449 4542 3555 4598 Sed

1981 4652 2106 4692 cum
2141 4644 2355 4691 creator
2391 4634 2463 4688 sit
2494 4632 2733 4687 omnium
2753 4672 2767 4697 ,
2798 4630 3068 4703 quomodo
3094 4632 3392 4701 acquisisse
3422 4633 3554 4689 dici-

1984 4735 2072 4782 tur
2095 4725 2238 4796 quod
2276 4740 2427 4779 suum
2465 4737 2585 4778 esse
2622 4720 2840 4779 dubium
2888 4736 2992 4776 non
3031 4721 3148 4776 est?
3177 4720 3385 4785 Dicitur
3411 4723 3553 4776 enim

1983 4816 2036 4871 in
2072 4815 2283 4871 cantico
2318 4812 2718 4869 Dcuteronoutii
2756 4830 2768 4867 :
2814 4811 3003 4867 Nonne
3038 4813 3122 4867 hic
3162 4814 3270 4885 ipse
3299 4812 3554 4873 Dominus

1980 4909 2123 4964 Deus
2161 4918 2302 4972 tuus,
2333 4907 2423 4978 qui
2465 4906 2585 4976 fecit
2628 4916 2676 4961 et
2710 4907 2898 4961 creavit
2941 4916 3010 4973 te,
3052 4917 3100 4960 et
3146 4907 3417 4977 acquisivit
3468 4904 3557 4962 te.’

1984 5000 2158 5073 (Deut.
2196 4996 2390 5068 xxxii.)
2418 4997 2643 5052 Videtur
2688 4996 2830 5053 enim
2886 4997 3253 5068 unusquisque
3291 4997 3423 5054 i'lud
3458 5014 3553 5055 ac.

1980 5090 2196 5160 quirere
2255 5089 2397 5159 quod
2458 5103 2565 5143 non
2610 5086 2711 5141 fuit
2756 5103 2934 5143 suum.
2996 5088 3149 5144 Unde
3203 5087 3442 5145 haeretici
3489 5092 3555 5146 de

1982 5181 2264 5237 Salvatore
2311 5181 2497 5235 dicunt
2545 5179 2670 5249 quia
2717 5196 2822 5236 non
2872 5189 3029 5236 erant
3078 5180 3160 5237 sui
3200 5197 3337 5253 quos
3371 5184 3556 5252 acqui-

1982 5274 2107 5329 sivit
2171 5288 2184 5326 :
2231 5272 2359 5325 dato
2422 5271 2566 5326 enim
2624 5271 2799 5341 pretio
2855 5279 3126 5326 mercatus
3173 5281 3258 5329 est
3310 5272 3557 5329 homines

1982 5380 2119 5437 quos
2146 5363 2372 5419 Creator
2406 5361 2644 5426 fecerat,
2684 5370 2738 5418 et
2775 5370 2980 5417 certum
3021 5376 3141 5417 esse
3178 5361 3332 5417 aitmt
3363 5377 3557 5416 unum-

1984 5468 2250 5526 quemque
2310 5468 2493 5509 emere
2542 5451 2686 5523 quod
2746 5466 2901 5506 suum
2960 5466 3068 5507 non
3120 5461 3222 5507 est.
3266 5450 3558 5523 Apostolus

1985 5548 2128 5603 enim
2185 5545 2260 5600 ait
2302 5541 2477 5599 lCor.
2508 5559 2621 5597 vn:
2660 5540 2839 5597 Pretio
2879 5545 3033 5613 empti
3076 5544 3220 5598 estis.
3273 5538 3379 5597 Sed
3429 5540 3555 5599 audi

1985 5638 2309 5712 Prophetam
2354 5634 2635 5691 :Peccatis
2673 5634 2853 5688 vestris
2889 5633 3167 5689 venundati
3203 5632 3348 5696 estis,
3375 5642 3423 5687 et
3459 5650 3556 5704 pro

1986 5730 2350 5806 iniquitatibus
2379 5728 2557 5783 vestris
2593 5726 2767 5780 dimisi
2806 5735 3025 5779 matrem
3061 5735 3284 5781 vestram
3307 5723 3441 5795 (Isa.
3475 5723 3553 5796 1,).

1993 5827 2080 5881 Dei
2122 5842 2249 5895 ergo
2287 5831 2548 5877 creaturae
2585 5832 2772 5874 omnes
2808 5832 3014 5883 sumus,
3043 5815 3136 5872 sed
3166 5817 3407 5887 peccatis
3444 5815 3554 5873 suis
