3998 6332
471 447 574 507 231

964 439 1358 498 WALAFRIDI
1394 438 1644 498 STRABI
1680 440 1886 500 FULD.
1930 439 2098 498 MON.
2134 437 2287 499 OPP.
2329 436 2511 496 PARS
2548 436 2590 494 ι.
2628 465 2701 480 -ο
2739 432 3199 493 THEOLOGICA.

3628 438 3739 494 232

412 596 417 605 ι
471 560 702 630 quisque
739 553 1012 620 venditur,
1040 562 1097 609 et
1136 569 1169 609 a
1205 526 1466 610 Creatore
1510 553 1756 610 discedit.
1794 551 1891 609 Dei
1921 568 2051 625 ergo
2076 560 2126 617 Α
2153 566 2318 622 opere
2349 552 2626 608 humano:
2672 549 2928 619 templum
2972 550 3155 606 carnis
3192 547 3494 606 aediﬁcatur
3534 550 3741 611 inVin-

470 663 681 714 sumus,
710 644 1006 703 secundum
1030 645 1177 715 quod
1206 646 1272 701 ab
1307 660 1373 702 eo
1411 645 1580 701 creati
1611 660 1834 701 sumus:
1871 642 2050 701 effecti

471 754 603 796 vero
641 736 786 795 servi
824 735 1046 803 diaboli,
1074 736 1370 793 secundum
1404 736 1549 807 quod
1576 734 1812 807 peccatis
1849 734 2053 791 nostris

470 828 762 886 venundati
810 842 1017 883 sumus.
1048 827 1285 885 Veniens
1311 836 1495 883 autem
1521 826 1772 884 Christus
1820 826 2052 883 redemit

472 938 571 978 nos
586 920 886 979 servientes
907 919 1140 985 diabolo,
1158 919 1247 975 cui
1271 934 1371 975 nos
1393 918 1667 990 peccando
1684 918 2047 984 vendidimus,

471 1023 529 1071 et
568 1015 645 1071 ita
676 1014 891 1070 videtur
921 1028 1049 1071 suos
1079 1012 1371 1082 recepisse,
1403 1025 1541 1082 quos
1561 1011 1800 1077 creavit;
1842 1017 1899 1067 et
1922 1008 2052 1065 alie-

471 1123 572 1164 nos
619 1108 956 1178 acquisisse,
1019 1106 1113 1177 qui
1160 1106 1394 1161 alienum
1447 1104 1723 1161 dominum
1776 1101 2051 1174 peccando

472 1198 859 1269 acquisierant.
912 1196 1020 1254 Sed
1063 1204 1210 1252 recte
1251 1211 1352 1251 nos
1387 1194 1681 1251 redemisse
1705 1193 1926 1260 dicitur,
1956 1190 2049 1263 qui

470 1304 570 1362 pro
598 1290 770 1360 pretio
797 1296 985 1343 nostro
1029 1286 1349 1358 sanguinem
1375 1300 1532 1341 suum
1565 1283 1763 1361 dedita
1788 1282 1895 1339 Sed
1922 1283 2050 1352 quid

470 1382 581 1439 tale
606 1392 667 1438 ut
694 1398 794 1438 nos
827 1387 1165 1436 mercaretur
1189 1377 1434 1435 diabolus
1461 1376 1650 1434 dedit?
1688 1374 2050 1431 Homicidium

469 1471 699 1543 pecunia
726 1469 924 1526 diaboli
953 1476 1056 1536 est,
1082 1469 1171 1524 ille
1197 1469 1342 1523 enim
1367 1467 1435 1522 ab
1461 1467 1614 1523 initio
1640 1466 1907 1523 homicida
1933 1473 2048 1522 est:

469 1562 647 1619 fecisti
693 1561 1046 1618 homicidium
1074 1600 1090 1627 ,
1162 1559 1361 1616 diaboli
1419 1560 1703 1631 pecuniam
1768 1559 2045 1628 accepisti.

470 1653 617 1708 Idem
660 1653 950 1709 dicendum
992 1659 1079 1709 est
1116 1650 1184 1708 de
1213 1650 1502 1718 adulterio,
1536 1649 1838 1722 sacrilegio,
1877 1648 2044 1713 furto,

469 1746 609 1804 falso
657 1748 968 1803 testimonio
1005 1754 1063 1802 et
1097 1744 1401 1815 hujusmodi
1441 1763 1455 1800 :
1500 1746 1603 1802 hac
1640 1744 1870 1816 pecunia
1903 1743 2048 1799 enim

416 1836 420 1845 ’
469 1840 602 1897 emit
636 1849 693 1896 et
729 1839 894 1896 efﬁcit
933 1840 1036 1896 sibi
1079 1855 1266 1895 servos
1306 1855 1498 1896 omnes
1527 1839 1618 1909 qui
1647 1839 1714 1894 de
1741 1835 2046 1906 hujusmodi

469 1947 637 1989 censu
659 1930 778 2003 ejus
804 1938 1280 2002 quantumcunque
1305 1931 1659 2002 susceperint.

538 2022 702 2078 Vens.
761 2021 849 2076 1⁵1.
889 2052 961 2063 -—
1000 2020 1311 2077 Introduces
1359 2039 1446 2078 eos
1492 2032 1541 2077 et
1582 2021 1845 2094 plantabis
1873 2062 1889 2088 ,
1937 2029 2044 2077 etc.

469 2112 672 2187 (Οιυα.)
700 2113 818 2170 Non
849 2114 964 2169 vult
998 2129 1100 2170 nos
1129 2114 1391 2171 Dominus
1435 2115 1490 2169 in
1514 2112 1749 2186 Egypto
1779 2113 2044 2184 plantare,

466 2220 568 2262 nec
614 2204 669 2259 in
718 2203 941 2273 dejectis
989 2212 1046 2260 et
1084 2204 1376 2260 humilibus
1422 2204 1579 2271 locis,
1629 2205 1723 2260 sed
1773 2206 1826 2259 in
1865 2212 2048 2261 monte

467 2294 802 2351 hazreditatis
834 2309 964 2350 suae.
1014 2293 1091 2349 De
1114 2294 1218 2349 hac
1253 2294 1587 2365 plantatione
1610 2293 1880 2365 Propheta
1914 2294 2050 2349 dicit

463 2386 598 2459 psal.
632 2402 835 2442 ιχιιιε
868 2384 1088 2442 Vineam
1123 2387 1189 2442 de
1224 2386 1456 2460 .Egypto
1487 2387 1825 2454 transtulisti,
1851 2384 2049 2459 ejecisti

462 2489 636 2548 gentes
658 2489 706 2533 et
725 2478 975 2559 plantasti
996 2496 1113 2535 eam
1130 2493 1149 2532 :
1167 2480 1277 2535 dua:
1294 2481 1496 2536 itineris
1520 2480 1669 2552 fuisti
1691 2482 1747 2536 in
1767 2492 2045 2552 conspectu

463 2568 598 2639 ejus,
626 2580 672 2624 et
692 2568 942 2641 plantasti
976 2571 1179 2646 radices
1207 2572 1345 2641 ejus,
1366 2581 1415 2626 et
1438 2571 1646 2644 replevit
1670 2583 1885 2628 terram.
1910 2571 2047 2645 Ope-

464 2661 570 2716 ruit
606 2672 805 2718 montes
847 2663 1031 2718 umbra
1062 2664 1200 2735 ejus,
1237 2673 1287 2719 et
1315 2665 1531 2719 arbusta
1567 2665 1680 2734 ejus
1716 2666 1898 2722 cedros
1927 2667 2041 2723 Dei.

464 2752 718 2810 Advertis
743 2755 1014 2826 quomodo
1043 2755 1251 2826 plantat
1276 2754 1419 2813 Deus
1454 2765 1511 2813 et
1540 2757 1669 2813 ubi?
1696 2756 1812 2812 Non
1838 2758 2045 2829 plantat

463 2844 519 2902 in
543 2846 772 2903 vallibus
794 2889 810 2915 ,
838 2849 935 2904 sed
964 2848 1019 2904 in
1048 2849 1344 2915 montibus,
1370 2850 1424 2905 in
1454 2850 1686 2908 excelsis
1712 2859 1767 2906 et
1794 2851 1847 2906 in
1877 2852 2043 2907 subli-

462 2937 642 2995 mibus
680 2939 832 2997 locis.
870 2939 1018 3009 Quos
1063 2941 1208 2997 enim
1254 2942 1438 2998 educit
1484 2943 1552 2999 de
1574 2941 1837 3015 Egypto,
1877 2944 1931 2998 id
1959 2954 2043 3001 est

467 3029 667 3085 saeculo
705 3030 775 3086 ad
821 3029 1006 3098 ﬁdem,
1034 3046 1140 3087 non
1161 3031 1277 3087 vult
1313 3031 1510 3088 iterum
1553 3034 1608 3089 in
1638 3033 1934 3091 humilibus
1963 3035 2042 3092 lo-

463 3134 630 3187 care,
674 3120 767 3177 sed
814 3123 1280 3178 conversationem
1333 3139 1522 3180 eorum
1568 3126 1854 3183 sublimem
1894 3143 2037 3195 esse,

458 3219 516 3266 et
550 3211 606 3265 in
632 3211 907 3268 montibus
944 3213 1190 3270 habitare
1222 3223 1278 3270 et
1305 3215 1359 3272 in
1389 3217 1643 3285 excelsis,
1672 3235 1777 3276 non
1806 3235 1904 3291 per
1931 3229 2036 3275 ter-

459 3316 577 3356 ram
604 3315 812 3373 repere.
847 3301 965 3359 Non
1005 3303 1149 3361 ultra
1174 3305 1290 3362 vult
1315 3306 1530 3364 vineam
1569 3325 1724 3365 suam
1762 3310 1816 3365 in
1844 3312 2031 3369 humili
2062 3274 2107 3338 Ο

461 3392 700 3463 dejectos
733 3393 937 3451 habere
984 3394 1212 3466 fructus,
1239 3400 1334 3456 sed
1363 3401 1613 3472 palmites
1644 3418 1860 3460 sursum
1888 3405 2031 3474 duci,

458 3484 515 3539 in
557 3483 666 3540 alto
703 3484 901 3554 locari,
949 3489 1198 3547 traduces
1244 3492 1362 3549 ﬁeri
1391 3510 1403 3547 :
1436 3504 1493 3550 et
1534 3494 1785 3552 traduces
1825 3514 1934 3554 non
1977 3499 2033 3555 in

456 3579 751 3638 humilibus
770 3583 1077 3650 arboribus,
1107 3588 1200 3643 sed
1234 3588 1287 3642 in
1327 3590 1560 3647 excelsis
1585 3599 1640 3648 ct
1670 3593 1727 3648 in
1754 3593 2034 3652 altissimis

456 3672 634 3729 cedris
658 3674 774 3741 Dei,
807 3677 1088 3748 prophetis
1131 3679 1336 3737 scilicet
1385 3693 1440 3738 et
1485 3685 1742 3756 apostolis
1780 3704 1792 3740 :
1837 3690 2034 3759 quibus

456 3763 501 3818 si
545 3779 646 3819 nos
688 3765 1061 3840 adiungamur,
1101 3770 1227 3827 vitis
1272 3788 1434 3844 quam
1483 3778 1755 3833 transtulit
1784 3777 1928 3835 Deus
1967 3780 2035 3835 de

458 3852 712 3925 Egypto,
752 3865 809 3911 et
849 3873 946 3928 per
983 3874 1166 3916 ramos
1204 3877 1392 3920 eorum
1430 3867 1602 3921 nostri
1642 3868 1890 3938 palmites
1926 3870 2033 3925 dif-

455 3939 775 4011 fundantur,
804 3954 859 3999 et
894 3946 1027 4016 ipsis
1056 3947 1239 4005 innexi
1288 3951 1539 4009 traduces
1579 3954 1879 4011 etliciamur
1905 3959 2034 4014 cha-

456 4032 635 4089 ritatis
667 4034 735 4091 ad
766 4034 995 4093 invicem
1024 4036 1255 4096 vinculis
1288 4043 1436 4109 nexi,
1464 4043 1701 4101 fructum
1739 4046 2034 4118 plurimum

454 4124 765 4182 al'feremus.
808 4126 951 4183 Nam
987 4131 1155 4186 omnis
1197 4132 1356 4188 arbor
1374 4151 1493 4206 quae
1513 4152 1615 4191 non
1652 4137 1780 4208 facit
1803 4139 2032 4209 fructum

455 4216 645 4272 bonum
685 4217 950 4274 excidetur
983 4230 1033 4275 et
1077 4222 1134 4276 in
1189 4224 1359 4294 ignem
1405 4227 1643 4281 mittetur
1680 4227 1897 4301 (Matth.
1922 4231 2027 4305 tu).

525 4308 858 4368 Firmissimo
882 4314 1180 4371 habitacqu
1212 4327 1319 4383 tuo,
1353 4327 1460 4376 etc.
1490 4319 1696 4395 (Οιιιρ.)
1733 4323 1793 4378 In
1817 4340 2030 4398 praepa-

454 4410 572 4457 rata
621 4402 950 4461 habitatione
996 4421 1159 4477 quam
1206 4410 1545 4480 praeparasti,
1589 4411 1835 4470 Domine.
1901 4414 2030 4474 Vide

452 4493 733 4551 clementis
769 4495 1065 4554 bonitatem
1102 4500 1312 4557 Domini
1348 4519 1361 4555 :
1398 4519 1505 4560 non
1535 4506 1651 4560 vult
1684 4516 1736 4562 te
1775 4508 2028 4567 inducere

453 4586 520 4642 ad
565 4586 836 4657 laborem,
882 4606 990 4646 non
1030 4593 1147 4650 vult
1193 4602 1253 4651 ut
1296 4596 1411 4668 ipse
1455 4596 1623 4654 facias
1669 4600 1765 4657 tibi
1809 4601 2025 4659 habita-

451 4676 664 4745 culum;
707 4677 820 4749 jatn
864 4688 916 4737 te
958 4683 1027 4737 ad
1068 4697 1425 4757 praeparatam
1470 4676 1687 4747 inducet
1733 4692 2028 4750 habitatio-

451 4787 596 4828 nem.
628 4772 782 4830 Unde
807 4774 961 4833 Joan.
995 4794 1086 4834 1v:
1117 4780 1222 4837 Alii
1250 4782 1634 4855 laboraverunt,
1668 4799 1716 4845 et
1750 4807 1839 4846 vos
1866 4793 1922 4846 in
1948 4791 2029 4848 la-

450 4861 599 4919 bores
622 4881 804 4919 eorum
832 4866 1106 4925 introistis.

521 4951 896 5009 Sanctuarium
908 4966 1077 5026 tuum,
1091 4968 1195 5016 etc.
1213 4961 1413 5035 (Otum)
1428 4965 1843 5026 Sanctimonium
1858 4983 2025 5041 tuum,

449 5037 700 5109 Domine,
749 5051 855 5100 etc.
904 5043 1327 5108 Sanctimonium
1374 5055 1570 5112 dicitur
1618 5037 2024 5117 tabernaculum

447 5128 563 5197 Dei,
606 5130 689 5188 vel
731 5134 1010 5207 templum,
1053 5155 1118 5196 eo
1154 5142 1297 5213 quod
1342 5148 1645 5204 sanctificat
1679 5151 2020 5208 accedentes.

361 5306 365 5310 ι
446 5216 613 5311 Hebr.
646 5236 702 5277 ix
740 5225 844 5281 hoc
877 5242 987 5283 non
1025 5228 1221 5287 dicitur
1272 5249 1437 5290 manu
1475 5237 1756 5293 hominum
1797 5238 2020 5311 factum,

446 5310 541 5366 sed
577 5327 738 5368 manu
774 5315 866 5372 Dei
894 5335 908 5374 :
932 5329 1156 5392 propter
1195 5331 1248 5379 te
1282 5340 1411 5398 ergo
1448 5327 1588 5383 Deus
1626 5338 1682 5384 et
1722 5330 1933 5401 plantat
1969 5344 2025 5392 et

445 5403 711 5473 aedificat;
754 5410 991 5479 agricola
1026 5412 1256 5471 edicitur
1288 5426 1344 5473 et
1381 5428 1641 5486 structor,
1672 5439 1742 5479 ne
1776 5424 1876 5481 tibi
1920 5426 2020 5482 ali-

444 5496 576 5567 quid
601 5498 760 5556 desit.
814 5499 966 5561 Unde
984 5505 1274 5576 Apostolus
1312 5509 1483 5567 lCor.
1515 5529 1574 5568 ιιι
1613 5531 1625 5566 :
1658 5514 1755 5570 Dei
1790 5518 2020 5587 agricul-

446 5596 588 5657 tura,
616 5590 712 5647 Dei
737 5593 1019 5664 wdiﬁcatio
1050 5599 1193 5654 estis.
1229 5599 1365 5667 Quid
1395 5612 1479 5658 est
1513 5618 1643 5676 ergo
1673 5606 1776 5663 hoc
1812 5611 2018 5665 sancti-

446 5681 685 5770 moniqu
716 5699 821 5740 non
858 5702 1021 5742 manu
1051 5688 1350 5759 hominum,
1385 5695 1479 5751 sed
1509 5697 1603 5753 Dei
1632 5707 2013 5770 praeparatum.

445 5765 604 5824 Prov.
640 5787 694 5827 is
731 5792 744 5828 :
787 5773 1057 5847 Sapientia
1086 5780 1363 5850 aediﬁcavit
1403 5785 1502 5841 sibi
1540 5765 1785 5857 domum,
1819 5793 1874 5847 td
1912 5801 2013 5859 est,

444 5874 664 5919 carnem
713 5866 936 5937 Christi,
988 5886 1096 5928 nou
1145 5890 1303 5931 manu
1352 5877 1603 5949 hominis,
1657 5883 1708 5940 id
1753 5893 1877 5953 est,-
1905 5901 2011 5943 non

2150 647 2298 721 giae,
2324 646 2419 703 sed
2444 645 2582 718 lapis
2601 645 2720 701 sine
2747 644 2997 700 manibus
3021 643 3238 700 excisus
3262 644 3455 709 crevit,
3484 653 3536 700 et
3562 643 3741 704 factus

2149 749 2235 797 est
2264 755 2418 797 mons
2454 753 2684 809 magnus
2721 738 2885 811 (Dan.
2917 737 3022 809 ll):
3056 738 3158 794 hoc
3186 747 3273 794 est
3316 737 3740 796 sanctimoniam

2150 833 2332 888 carnis
2368 839 2676 902 assumpta,
2707 838 2764 886 et
2791 829 2909 885 sine
2944 829 3199 886 manibus
3220 839 3277 886 et
3302 830 3420 888 sine
3445 844 3611 903 opere
3635 831 3739 888 ho-

2149 926 2354 983 minum
2406 926 2474 983 de
2522 934 2706 982 monte
2751 925 3007 982 humanm
3063 932 3274 981 naturae
3326 931 3383 982 et
3430 925 3739 982 substantia

2149 1021 2332 1077 carnis
2366 1020 2634 1076 excisum.

2220 1111 2384 1169 Vsus.
2417 1110 2503 1168 18.
2523 1141 2594 1153 -
2621 1110 2879 1167 Dominus
2915 1110 3185 1182 regnabit,
3223 1118 3331 1167 etc.
3391 1106 3596 1184 (01ης.)
3627 1109 3743 1167 Do-

2148 1201 2307 1269 mine,
2331 1203 2423 1273 qui
2448 1219 2634 1273 regnas
2671 1203 2728 1257 in
2751 1200 3004 1258 naculum
3032 1213 3080 1257 et
3109 1202 3163 1257 in
3188 1201 3441 1257 steculum
3462 1211 3513 1257 et
3536 1201 3738 1258 adhuc.

2148 1293 2371 1362 Quoties
2407 1294 2604 1350 dicitur
2648 1295 2704 1349 in
2741 1292 3019 1360 steculum,
3046 1291 3326 1364 longitudo
3351 1294 3569 1365 quidem
3600 1303 3739 1349 tem-

2146 1382 2327 1454 poris,
2368 1382 2465 1438 sed
2519 1398 2638 1437 esse
2692 1381 2887 1453 aliquis
2947 1381 3071 1437 ﬁnis
3121 1382 3430 1449 indicatur;
3471 1391 3528 1438 et
3581 1383 3628 1439 si
3676 1382 3738 1437 in

2149 1474 2294 1530 aliud
2341 1474 2598 1530 saeculum
2638 1474 2862 1540 dicitur,
2929 1473 3133 1545 aliquid
3180 1473 3394 1546 longius
3436 1473 3735 1542 indicatur,

2149 1566 2244 1623 sed
2280 1574 2460 1622 tamen
2500 1564 2626 1625 ﬁnis
2652 1565 2910 1637 ponitur:
2943 1576 2997 1621 et
3026 1566 3238 1635 quoties
3272 1565 3471 1622 saecula
3511 1565 3743 1622 saeculo-

2148 1674 2270 1715 rum
2309 1659 2681 1725 nominantur,
2721 1656 2970 1723 fortasse,
3016 1658 3144 1714 licet
3182 1659 3398 1730 ignotus
3428 1660 3618 1725 nobis,
3658 1668 3741 1715 ta-

2149 1765 2273 1805 men
2322 1764 2355 1803 a
2398 1749 2509 1805 Deo
2553 1756 2789 1805 statutus
2846 1749 3045 1819 aliquis
3105 1750 3369 1806 terminus
3436 1751 3736 1807 indicatur.

2148 1836 2302 1910 Quod
2330 1857 2459 1898 vero
2486 1842 2575 1896 hic
2603 1841 2810 1897 addidit
2834 1850 2882 1896 et
2911 1842 3107 1907 adhuc,
3134 1840 3341 1897 nullum
3371 1856 3592 1897 sensum
3624 1852 3738 1899 ter-

2079 1917 2127 1979 Β
2152 1933 2282 1989 mini
2306 1932 2531 2004 alicujus
2556 1940 2651 1988 aut
2678 1932 2839 1988 tinem
2871 1931 3161 2001 relinquit:
3193 1932 3555 2002 quodcunque
3584 1934 3737 1988 enim

2151 2023 2510 2096 cogitaveris,
2540 2024 2593 2078 in
2619 2037 2729 2093 quo
2762 2022 2926 2078 linem
2962 2029 3121 2093 putes
3160 2022 3481 2088 consistere,
3518 2038 3743 2093 semper

2149 2118 2282 2174 dicit
2309 2116 2406 2172 tibi
2436 2132 2615 2173 sermo
2644 2115 3030 2186 propheticus.
3046 2126 3095 2170 et
3127 2115 3334 2181 adhuc;
3363 2116 3512 2172 velut
3548 2117 3594 2171 si
3641 2117 3739 2174 tibi

2148 2209 2308 2272 dicat,
2341 2207 2507 2264 Putas
2548 2208 2602 2263 in
2639 2206 2895 2263 saeculum
2938 2206 3119 2263 saeculi
3154 2208 3444 2263 Dominum
3479 2219 3741 2281 regnatu—

2146 2317 2298 2367 rum;
2329 2309 2386 2357 et
2420 2300 2597 2356 adhuc
2625 2309 2782 2370 putas
2819 2299 2875 2355 in
2914 2300 3113 2356 saecula
3150 2299 3513 2356 saeculorum:
3541 2310 3599 2356 et
3639 2301 3741 2355 ad-

2146 2392 2275 2458 huc,
2304 2399 2361 2448 et
2403 2391 2760 2461 quodcunque
2803 2389 3007 2447 dixeris
3043 2391 3112 2447 de
3140 2390 3311 2463 .regni
3347 2391 3466 2463 ejus
3513 2391 3734 2464 spatiis,

2146 2497 2360 2553 semper
2386 2483 2517 2539 dicit
2544 2481 2638 2537 tibi
2671 2483 2956 2553 propheta,
2979 2493 3029 2538 et
3051 2484 3246 2539 adhuc.

2215 2575 2380 2631 Vens.
2410 2574 2493 2631 l9.
2516 2605 2587 2616 —-
2610 2571 2739 2628 Filii
2772 2584 2949 2629 autem
2976 2574 3173 2643 Israel,
3200 2587 3307 2634 etc.
3341 2575 3547 2650 (Οιιια.)
3577 2577 3646 2633 Ει
3677 2588 3731 2635 tu

2144 2669 2189 2725 si
2212 2668 2355 2737 ﬁlius
2380 2685 2434 2723 es
2456 2667 2646 2733 Israel,
2670 2678 2812 2738 potes
2835 2667 3104 2724 ambulare
3129 2686 3224 2741 per
3246 2670 3443 2726 siccum
3478 2672 3533 2725 in
3560 2673 3731 2726 medio

2143 2762 2325 2816 maris.
2380 2760 2437 2815 Si
2480 2759 2651 2816 fueris
2701 2762 2755 2816 in
2807 2761 2986 2817 medio
3030 2763 3267 2819 nationis
3307 2778 3489 2834 prava:
3527 2773 3584 2820 et
3607 2781 3731 2835 per-

2142 2867 2335 2920 versae,
2366 2853 2507 2908 sicut
2539 2852 2720 2909 lumen
2756 2852 2884 2909 solis
2919 2853 2974 2909 in
3000 2853 3180 2909 medio
3204 2864 3552 2925 peccatorum
3582 2858 3733 2913 ince.

2142 2945 2295 3010 dens,
2339 2960 2445 2999 non
2487 2953 2537 3000 te
2576 2943 2820 3000 infundet
2862 2945 3059 3001 humor
3098 2948 3326 3017 peccati,
3364 2955 3419 3003 et
3455 2963 3554 3019 per
3586 2949 3735 3006 hunc

2141 3038 2400 3092 mundum
2439 3045 2807 3095 transeuntem
2848 3038 2995 3093 nulla
3040 3038 3282 3097 libidinis
3328 3040 3471 3097 unda
3519 3058 3738 3113 resper-

2139 3138 2246 3201 get,
2280 3129 2459 3185 nullus
2486 3129 2802 3200 cupiditatis
2844 3141 3010 3187 aestus
3051 3132 3383 3188 verberabit.
3427 3132 3530 3200 Qui
3555 3131 3735 3204 Egy-

2139 3230 2265 3291 ptus
2297 3230 2403 3289 est,
2431 3229 2485 3277 et
2514 3222 2760 3293 sequitur
2786 3220 3150 3291 Pharaonem,
3181 3224 3438 3280 vitiorum
3472 3224 3737 3281 ﬂuctibus

2139 3312 2419 3389 mergitur.
2467 3310 2569 3379 Qui
2595 3306 2726 3368 vero
2765 3313 3013 3382 sequitur
3036 3313 3343 3383 Christum,
3373 3324 3433 3371 et
3466 3316 3610 3372 sicut
3638 3317 3735 3373 ille

2136 3405 2450 3470 ambulavit,
2493 3405 2751 3472 ambulat,
2779 3422 2918 3476 aqua
2944 3407 2996 3462 ei
3026 3406 3085 3462 fit
3108 3404 3305 3464 inurus
3337 3409 3532 3464 dextra
3558 3409 3728 3466 laeva-

2135 3513 2261 3570 que.
2298 3496 2418 3568 Ipse
2455 3505 2636 3552 autem
2667 3498 2843 3553 media
2876 3497 2963 3553 via
2994 3498 3217 3565 incedit,
3246 3516 3345 3571 per
3374 3500 3580 3557 siccum
3617 3518 3730 3558 non

2134 3588 2367 3644 declinat
2404 3588 2473 3643 ad
2499 3587 2778 3643 dexteram
2804 3604 2979 3659 neque
3007 3590 3076 3645 ad
3105 3591 3401 3658 sinistram,
3434 3608 3725 3665 usquequo

2133 3688 2295 3735 exeat
2333 3679 2402 3734 ad
2452 3677 2777 3749 libertatem,
2819 3688 2873 3735 et
2900 3680 3160 3752 hymnum
3208 3682 3454 3741 victoria:
3490 3684 3729 3743 Domino
3832 3740 3847 3757 ,

2135 3781 2296 3827 canat
2319 3772 2505 3828 dicens
2529 3789 2542 3824 :
2568 3770 2849 3827 Cantemus
2874 3772 3123 3841 Domino,
3148 3782 3255 3831 etc.

2208 3864 2371 3918 Vens.
2400 3863 2490 3930 20,
2519 3864 2610 3919 21.
2640 3893 2704 3906 —
2730 3862 3077 3936 Tympanum.
3110 3866 3360 3941 (δτω.)
3409 3868 3725 3927 Secundum

2136 3952 2524 4028 Hieronymum
2551 3963 2637 4010 est
2664 3969 2835 4026 genus
2865 3957 3006 4012 tuba:
3056 3956 3110 4013 in
3137 3973 3349 4015 summo
3378 3960 3585 4017 habens
3620 3964 3723 4019 sti-

2132 4048 2314 4118 pulam
2327 4046 2414 4102 vel
2439 4045 2674 4103 ﬁstulam
2690 4064 2706 4112 ;
2730 4062 2828 4117 per
2840 4062 3003 4118 quam
3020 4064 3207 4112 vocem
3232 4050 3409 4106 reddit
3436 4067 3720 4109 sonoram.

2132 4140 2359 4205 Chorus,
2391 4140 2686 4198 secundum
2709 4140 2981 4208 eumdem,
3004 4141 3162 4213 pellis
3187 4142 3415 4215 simplex
3441 4161 3567 4201 cum
3586 4147 3726 4203 dua-

2132 4235 2234 4291 bus
2258 4236 2485 4300 cicutis;
2516 4250 2614 4305 per
2636 4233 2863 4290 alteram
2909 4234 3227 4306 inspiratur,
3249 4251 3350 4307 per
3375 4237 3603 4293 alteram
3637 4254 3726 4296 so-

2130 4343 2260 4383 num
2279 4327 2492 4384 reddit:
2516 4342 2613 4398 per
2640 4336 2932 4397 utrumque
2960 4343 3090 4400 ergo
3112 4338 3339 4401 angusta
3364 4331 3721 4404 intelligentia

2129 4419 2331 4476 veteris
2354 4419 2488 4491 legis
2516 4419 2846 4489 designatur.
2878 4419 3051 4488 Quam
3072 4421 3216 4476 enim
3240 4422 3405 4478 breve
3431 4423 3502 4478 sit
3528 4431 3584 4479 et
3617 4423 3722 4479 mi-

2128 4514 2334 4569 nimum
2361 4513 2487 4569 inde
2500 4512 2823 4581 ostenditur,
2841 4514 2966 4583 quia
2993 4531 3154 4572 manu
3180 4515 3425 4572 mulieris
3443 4527 3716 4588 portatur.

2132 4606 2440 4662 Secundum
2461 4605 2840 4662 Cassiodorum
2865 4615 3179 4679 tympanum
3204 4616 3289 4664 est
3311 4608 3465 4680 pellis
3487 4619 3713 4666 extensa

2134 4701 2279 4756 inter
2317 4701 2424 4756 duo
2469 4698 2655 4768 ligna:
2692 4715 2789 4770 per
2829 4700 2973 4771 quod
3010 4702 3305 4757 maceratio
3348 4702 3529 4759 carnis
3573 4704 3718 4761 desi-

2133 4804 2348 4868 gnatur.
2394 4795 2607 4852 Chorus
2639 4804 2821 4852 autem
2860 4806 2941 4852 est
2987 4799 3271 4855 multitudo
3312 4799 3474 4855 simul
3514 4815 3716 4857 canen-

2132 4889 2268 4945 tium
2311 4897 2366 4946 et
2408 4890 2608 4945 dicitur
2674 4890 2872 4947 chorus
2937 4893 3092 4962 quasi
3156 4908 3458 4950 coaevorum
3494 4905 3709 4952 cantus.

2130 4980 2286 5048 Quod
2329 4995 2457 5051 ergo
2504 4981 2557 5036 in
2603 4982 2773 5038 choro
2815 4983 3099 5054 aequaliter
3137 5001 3328 5042 omnes
3364 5001 3526 5043 voces
3561 5004 3711 5044 reso-

2132 5078 2287 5134 nant,
2325 5088 2421 5142 per
2445 5087 2569 5126 eum
2598 5073 2836 5129 charitas
2871 5074 3225 5143 signiﬁcatur,
3270 5091 3376 5146 qua
3415 5093 3605 5134 omnes
3652 5080 3707 5134 in

2128 5159 2346 5217 Christo
2387 5178 2553 5216 unum
2594 5178 2800 5219 sumus.
2851 5164 3167 5237 Quicunque
3209 5182 3341 5238 ergo
3380 5168 3490 5223 Deo
3528 5169 3584 5223 in
3619 5168 3707 5238 ju-

2124 5248 2295 5307 bilum
2315 5251 2502 5311 laudes
2542 5252 2739 5320 reddit,
2777 5254 2830 5309 in
2862 5257 3050 5323 choro,
3074 5256 3179 5312 hoc
3212 5265 3299 5313 est
3328 5257 3382 5313 in
3413 5258 3701 5327 charitate,

2123 5342 2230 5400 hoc
2275 5352 2421 5416 agat,
2459 5352 2515 5400 et
2552 5346 2607 5401 in
2656 5354 2933 5418 tympano,
2981 5347 3036 5403 id
3064 5357 3149 5405 est
3190 5348 3246 5404 in
3284 5350 3703 5408 mortificatione

2123 5434 2325 5491 carnis.
2363 5435 2518 5492 Unde
2546 5436 2680 5507 psal.
2711 5454 2775 5494 cr.
2812 5454 2825 5491 :
2860 5437 3100 5495 Laudate
3131 5456 3252 5496 eum
3292 5440 3349 5497 in
3381 5448 3627 5513 tympano
3654 5452 3701 5498 et

2123 5526 2302 5593 choro,
2342 5535 2447 5583 etc.

2194 5612 2356 5672 Vens.
2378 5615 2707 5674 22.—Tulit
2739 5630 2915 5677 autem
2946 5620 3120 5679 Moses
3153 5622 3345 5691 Israel,
3370 5632 3477 5681 etc.
3510 5624 3700 5695 Bapti-

2121 5705 2229 5761 zati
2253 5721 2351 5777 per
2374 5711 2634 5766 mundum
2656 5713 2810 5782 quasi
2836 5728 2934 5784 per
2962 5713 3234 5771 desertum
3260 5725 3379 5788 post
3410 5717 3696 5772 transitum

2120 5799 2286 5855 maris
2312 5799 2482 5857 Rubri
2509 5802 2796 5871 ducuntur,
2825 5806 3060 5862 nondum
3090 5808 3347 5864 habentes
3373 5810 3696 5879 promissam

2118 5890 2370 5961 patriam,
2390 5891 2482 5948 sed
2499 5905 2779 5964 sperantes
2793 5904 2847 5953 et
2859 5906 3230 5969 exspectantes
3245 5916 3340 5971 per
3354 5901 3689 5971 patientiam,
