3998 6332
226 342 340 398 233

1276 327 1543 389 GLOSSA
1580 324 1979 384 ORDINARIA.
2020 353 2091 364 -—-
2124 321 2251 378 LIB.
2295 320 2501 379 EXOD.

3367 317 3472 373 238

226 453 365 508 dum
398 446 666 519 laboriosa
714 451 772 503 et
825 442 1124 517 periculosa
1164 416 1454 499 tcntatioue
1491 439 1807 511 fatigantur.
1834 444 1880 501 Α
1910 434 2091 503 Quare
2116 435 2362 490 addidit:
2400 434 2687 504 Postquam
2715 433 2885 503 posuit
2914 433 2993 489 illi
3016 433 3154 491 Deus
3180 435 3408 503 iustitias
3430 449 3478 493 et

228 543 343 600 Sed
373 553 442 599 ne
464 548 808 597 revertantur
833 539 996 596 corde
1020 538 1075 592 in
1092 536 1405 608 Egyptum,
1434 548 1537 590 nec
1559 532 1632 588 ibi
1647 531 1809 589 Chri-

230 645 356 693 stus
382 634 620 691 deserit:
647 648 775 688 nam
801 639 857 688 et
878 630 967 687 illa
992 629 1243 685 columna
1261 642 1368 684 non
1395 626 1617 683 recedit.

304 726 473 783 Vatis.
489 725 585 789 25,
610 724 789 779 2L—
808 721 877 777 Et
901 730 1165 785 venerunt,
1187 727 1293 774 etc.
1316 717 1521 789 (ORIG.,
1541 716 1681 770 hom.
1706 713 1739 769 6
1759 714 1814 768 in

233 815 446 888 Exod.)
472 815 603 872 Post
636 814 925 870 transitum
967 811 1133 867 maris
1157 809 1345 872 Rubri,
1378 816 1502 878 post
1537 807 1734 861 choros
1759 811 1815 860 et

236 916 542 980 tympana,
592 911 713 975 post
771 900 1127 972 triumphales
1174 900 1430 971 hymnos,
1483 896 1698 953 venitur
1745 894 1813 949 ad

237 999 414 1064 Hera,
443 1012 635 1068 aquam
663 993 871 1049 scilicet
900 997 1159 1056 autaram,
1190 1004 1352 1060 quam
1379 986 1603 1059 populus
1628 986 1814 1040 bibere

238 1103 353 1144 non
394 1093 638 1158 poterat;
679 1085 893 1139 venitur
920 1083 987 1138 ad
1024 1081 1319 1153 periculum
1359 1079 1498 1135 sitis.
1548 1076 1657 1133 Sed
1699 1075 1813 1130 cla-

238 1178 412 1233 mavit
454 1176 630 1232 Moses
675 1175 743 1229 ad
773 1174 1081 1238 Dominum,
1122 1179 1178 1226 et
1216 1169 1451 1227 ostendit
1496 1168 1545 1224 ei
1592 1167 1812 1238 lignum,

239 1284 353 1340 quo
407 1268 579 1327 dulcis
633 1266 774 1322 facta
825 1274 909 1321 est
966 1278 1136 1334 aqua,
1193 1274 1250 1318 et
1311 1262 1385 1317 ibi
1442 1260 1624 1333 posuit
1673 1259 1815 1317 Deus

241 1361 319 1416 illi
363 1358 601 1434 justitias
646 1368 703 1415 et
742 1358 1037 1429 judicium;
1089 1355 1179 1411 ubi
1228 1355 1435 1413 scilicet
1487 1353 1815 1418 amaritudo,

242 1453 339 1509 ubi
402 1452 543 1517 sitis,
590 1458 679 1515 et,
730 1447 875 1519 quod
924 1447 1145 1520 gravius
1202 1454 1324 1511 est,
1388 1446 1441 1500 in
1488 1444 1815 1505 abundantia

241 1556 512 1613 aquarum
536 1579 554 1607 ,
604 1539 742 1594 alius
782 1554 887 1594 non
925 1546 1045 1593 erat
1086 1536 1238 1592 locus
1281 1535 1492 1606 dignior
1524 1544 1580 1591 et
1616 1534 1812 1605 aptior.

241 1632 515 1689 Pmterea
558 1631 703 1701 quod
748 1629 897 1694 dicit,
948 1628 1171 1683 ostendit
1213 1626 1293 1681 illi
1342 1625 1542 1697 lignum
1577 1625 1734 1691 Deus,
1761 1633 1819 1680 et

241 1721 397 1777 misit
424 1720 555 1776 illud
586 1721 638 1775 in
678 1734 890 1790 aquam,
919 1728 975 1775 et
1004 1717 1147 1774 facta
1182 1726 1266 1773 est
1299 1716 1490 1783 dulcis,
1516 1716 1670 1788 quasi
1705 1730 1813 1770 non

1898 526 2135 596 judicia,
2169 526 2239 581 ibi
2277 525 2505 582 tentabat
2542 541 2657 579 eum
2698 524 2914 580 dicens:
2958 525 3019 581 Si
3056 527 3282 583 audieris
3308 545 3478 585 vocem

1911 613 2125 668 Domini
2158 614 2255 668 Dei
2291 615 2386 669 tui.
2420 613 2643 669 Videtur
2664 627 2933 685 exponere
2957 628 3123 683 quare
3138 613 3480 684 justificatio-

1913 717 2010 757 nes
2032 713 2087 757 et
2109 700 2312 773 judicia
2338 702 2517 765 dedit,
2550 710 2608 757 ut
2634 700 2841 758 scilicet
2876 710 3108 777 tentaret
3135 720 3228 761 eos
3257 706 3301 761 si
3330 709 3481 763 audio

1915 803 2036 851 rent
2057 809 2242 850 vocem
2266 794 2477 850 Domini
2498 794 2617 859 Dei,
2634 804 2685 850 et
2712 795 2962 850 mandata
2985 794 3100 867 ejus
3124 796 3477 855 custodirent.

1912 886 2047 943 Nam
2089 896 2348 957 quantum
2384 886 2452 942 ad
2488 888 2723 956 priorem
2766 888 3054 957 populum,
3094 890 3222 959 quid
3252 890 3331 945 eis
3359 891 3483 946 boni

1914 986 2008 1031 aut
2026 975 2254 1046 perfecti
2280 978 2735 1033 murmurantibus
2749 986 2803 1032 et
2825 980 3313 1036 contradicentibus
3335 996 3484 1034 man-

1915 1067 2156 1133 daretur,
2187 1066 2279 1137 qui
2309 1065 2469 1137 paulo
2494 1075 2645 1137 post,
2684 1067 3011 1125 mirabilium
3057 1069 3149 1124 Dei
3188 1070 3373 1135 obliti,
3413 1072 3482 1125 ad

1914 1156 2056 1212 idola
2082 1159 2509 1213 convertuntur?
2534 1157 2741 1214 Dantur
2761 1174 2888 1231 ergo
2912 1170 3181 1231 praecepta
3208 1162 3259 1216 in
3290 1163 3484 1233 quibus

1917 1253 2212 1312 tententur;
2229 1247 2369 1301 unde
2396 1245 2562 1301 :Dedi
2582 1248 2723 1303 vobis
2743 1260 2996 1319 pra’cepta
3016 1260 3064 1305 et
3075 1236 3486 1322 ju'sti/ictttiones

1916 1355 2021 1394 non
2052 1339 2214 1394 bonas
2254 1340 2310 1394 in
2336 1339 2524 1411 quibus
2555 1356 2659 1394 non
2682 1341 2847 1396 rivent
2879 1340 3093 1413 (Ezech.
3131 1342 3245 1416 xx).
3272 1342 3483 1399 Tentati

1917 1430 2060 1487 enim
2076 1431 2129 1486 iu
2144 1431 2428 1503 praeceptis
2442 1446 2545 1486 non
2562 1430 2909 1486 inveniuntur
2932 1431 3132 1499 ﬁdeles,
3157 1433 3276 1489 ideo
3298 1433 3487 1490 inven-

1919 1528 2033 1576 tum
2060 1531 2145 1576 est
2167 1521 2247 1576 eis
2270 1523 2579 1576 mandatum
2604 1536 2726 1576 esse
2760 1522 2827 1576 ad
2866 1530 3092 1577 mortem
3118 1524 3259 1593 quod
3274 1533 3392 1579 erat
3417 1527 3484 1581 ad

1917 1612 2104 1667 vitam.
2135 1612 2279 1669 Idem
2305 1612 2447 1668 enim
2467 1652 2482 1677 ,
2502 1613 2547 1668 si
2570 1621 2831 1676 servetur,
2856 1612 3054 1680 vitam;
3097 1614 3140 1669 si
3169 1630 3274 1681 non
3307 1631 3489 1672 serve-

1922 1708 2028 1767 tur,
2058 1709 2285 1756 mortem
2308 1709 2550 1772 generat.
2577 1700 2692 1755 Non
2722 1703 3060 1757 servantibus
3085 1718 3214 1775 ergo
3240 1705 3492 1760 dicuntur

242 1822 429 1882 posset
463 1812 581 1866 sine
624 1811 770 1884 ligno
813 1825 1007 1880 aquam
1053 1794 1234 1866 facere
1275 1808 1489 1865 dulcem
1514 1808 1677 1873 Deus,
1727 1816 1819 1863 aut
1850 1798 1894 1859 B
1921 1793 2317 1884 mandatatnon
2359 1794 2533 1884 bona,
2578 1801 2633 1884 et
2676 1793 2952 1884 inquibus
2988 1809 3095 1849 non
3137 1795 3339 1850 vivant.
3384 1794 3491 1851 Sed

245 1902 423 1959 Iloses
456 1902 658 1973 lignum
700 1904 954 1958 nesciret.
997 1901 1103 1958 Sed
1143 1902 1187 1957 si
1219 1903 1306 1959 lex
1340 1901 1633 1957 secundum
1674 1901 1820 1956 litte-

242 2010 364 2051 ram
393 1995 712 2065 accipiatur,
744 2009 928 2049 amara
952 2001 1037 2049 est
1061 2002 1118 2050 et
1153 1994 1267 2063 ipsa
1295 1993 1465 2048 Mara.
1506 1992 1644 2060 Quid
1672 1993 1819 2048 enim

246 2087 357 2140 ta’m
389 2100 630 2140 amarum
658 2099 822 2154 quam
852 2091 911 2138 ut
937 2098 1071 2154 puer
1102 2091 1294 2139 octavo
1325 2082 1414 2137 die
1446 2082 1818 2138 circumcisio-

243 2176 333 2231 nis
361 2175 556 2230 vulnus
583 2176 838 2246 accipiat,
874 2183 931 2231 et
961 2175 1195 2247 rigorem
1218 2173 1350 2230 ferri
1378 2182 1562 2230 tenera
1583 2174 1821 2245 patiatur

245 2265 510 2321 infantia?
539 2267 797 2322 Amarum
831 2275 914 2323 est
953 2266 1096 2322 enim
1131 2266 1383 2336 poculum
1418 2264 1568 2336 legis,
1594 2265 1820 2336 populus

244 2356 366 2423 Dei,
408 2372 515 2412 non
546 2358 641 2427 qui
677 2358 731 2415 in
760 2356 906 2415 Mose
935 2357 1243 2428 baptizatus
1274 2365 1361 2413 est
1395 2357 1451 2413 in
1497 2358 1639 2412 nuto
1674 2365 1729 2412 et
1761 2358 1818 2413 in

244 2445 408 2512 mari,
440 2445 534 2502 sed
558 2447 652 2518 qui
692 2447 746 2502 in
784 2447 975 2518 spiritu
1013 2455 1069 2501 et
1104 2432 1245 2517 aqua
1292 2462 1399 2502 non
1432 2446 1603 2517 possit
1638 2445 1821 2508 bibere

243 2542 301 2591 et
320 2544 566 2607 gustare,
602 2552 704 2593 nec
733 2538 1027 2593 bostiamm
1070 2535 1216 2592 ferre
1251 2537 1687 2601 amaritudinem,
1718 2551 1821 2593 nec

243 2624 458 2679 sabbati
495 2625 915 2681 observantiam.
948 2625 1056 2682 Sed
1085 2627 1132 2681 si
1157 2627 1299 2682 Deus
1337 2625 1590 2682 ostendat
1614 2624 1819 2696 lignum

244 2715 390 2786 quod
443 2717 691 2772 mittatur
739 2717 791 2772 in
841 2718 981 2773 hanc
1030 2717 1479 2783 amaritudinem,
1534 2715 1705 2771 dulcis
1761 2714 1823 2769 fit

244 2821 388 2879 aqua
429 2807 564 2879 legis
598 2818 653 2864 et
685 2808 957 2880 potabilis.
995 2807 1154 2864 Prov.
1184 2824 1248 2863 ιιι
1274 2824 1286 2861 ;
1314 2807 1580 2879 Sapientia
1619 2806 1818 2879 lignum

242 2903 365 2959 vita:
399 2912 477 2958 est
517 2904 572 2958 in
602 2904 839 2958 omnibus
873 2902 1299 2977 amplectentipus
1325 2917 1462 2957 eam.
1505 2900 1562 2957 Si
1588 2915 1718 2971 ergo
1752 2899 1819 2955 li-

245 3008 411 3063 gnum
477 2993 755 3064 sapientia:
803 2992 1003 3050 Christi
1070 2993 1295 3049 missum
1354 2990 1517 3047 fuerit
1564 2991 1617 3046 in
1669 2989 1817 3062 lege,

244 3084 545 3140 ostendens
589 3084 860 3154 quomodo
913 3083 1108 3141 debeat
1160 3082 1384 3155 intelligi
1440 3082 1816 3149 circumcisio,

1922 1880 2156 1939 admisto
2179 1882 2327 1954 ligno
2348 1883 2557 1948 crucis,
2586 1882 3004 1945 in.dulcedincm
3034 1899 3210 1949 versa,
3244 1892 3300 1940 et
3328 1884 3491 1955 spiri-

1922 1972 2139 2028 tualitcr
2183 1972 2488 2038 intellecta,
2535 1981 2591 2028 et
2618 1981 2832 2030 servata
2875 1983 3004 2031 sunt
3050 1978 3302 2032 mandata
3342 1977 3489 2032 viae.

1923 2061 2181 2118 Cunctum
2227 2062 2529 2134 languorem
2576 2080 2726 2134 quem
2774 2065 2925 2134 posui
2971 2064 3023 2119 in
3072 2065 3334 2137 /Egypto,
3388 2084 3491 2121 non

1920 2155 2168 2210 inducant
2197 2172 2353 2226 super
2378 2165 2448 2210 te.
2478 2155 2704 2210 Videtur
2726 2156 2906 2212 dicere
2930 2157 3071 2226 quod
3101 2156 3147 2212 si
3169 2158 3288 2225 quis
3313 2169 3495 2214 servet

1923 2247 2177 2302 mandata
2218 2247 2419 2302 nullam
2456 2247 2829 2319 aegritudinem
2876 2250 3143 2319 patiatur,
3187 2250 3239 2305 id
3278 2260 3362 2305 est
3390 2267 3491 2305 nee

1923 2334 2125 2401 febres,
2153 2353 2253 2395 nec
2281 2337 2415 2392 alios
2442 2338 2654 2393 dolores
2680 2353 2986 2399 corporeus.
3022 2339 3127 2395 Sed
3146 2342 3367 2397 omnino
3392 2341 3492 2397 Job

1918 2425 2283 2496 iustissimus,
2325 2435 2381 2484 et
2406 2427 2553 2482 omni
2582 2428 2783 2498 pietate
2813 2428 3021 2497 plenus,
3054 2444 3084 2483 a
3115 2429 3292 2500 capite
3320 2446 3491 2501 usque

1924 2517 1992 2572 ad
2040 2518 2205 2589 pedes
2254 2518 2491 2589 repletur
2539 2517 2721 2575 ulcere
2760 2518 3013 2590 pessimo.
3063 2518 3169 2575 Sed
3208 2521 3341 2591 justi
3385 2537 3492 2577 non

1924 2610 2125 2667 habent
2160 2610 2278 2667 illas
2306 2611 2648 2667 inﬁrmitates
2678 2628 2813 2684 quas
2837 2612 3096 2685 Egyptii.
3124 2613 3388 2687 AZgyptus
3410 2626 3495 2672 est

1923 2710 2155 2761 mundus
2200 2721 2214 2759 :
2247 2704 2471 2777 diligere
2498 2720 2630 2777 ergo
2655 2708 2912 2762 mundum
2942 2716 2994 2763 et
3021 2724 3142 2778 qua:
3194 2710 3247 2764 in
3293 2712 3493 2766 mundo

1923 2802 2094 2860 sunt,
2143 2792 2428 2867 Egyptius
2469 2794 2696 2868 languor
2743 2806 2857 2862 est;
2907 2797 3195 2855 observare
3244 2814 3491 2866 menses,

1926 2892 2206 2957 tempora,
2263 2885 2541 2941 stellarum
2598 2885 2847 2943 cursibus
2911 2888 3218 2955 adhaerere,
3284 2891 3492 2946 servire

1925 2978 2097 3043 carni,
2120 2976 2345 3035 luserim
2358 2991 2577 3048 operam
2599 2978 2729 3035 dare
2751 2986 2810 3035 et
2826 2978 3033 3036 deliciis
3074 2994 3287 3048 vacare,
3331 2981 3497 3055 Egy-

1925 3068 2069 3139 ptius
2090 3067 2318 3139 languor
2342 3075 2445 3124 est.

245 3175 533 3257 sabbatum
553 3216 569 3242 ,
598 3148 684 3231 les
712 3176 877 3247 lepra:
909 3184 967 3231 et
999 3148 1668 3244 hujusmodi,vamaritudo
1692 3174 1826 3247 legis
1850 3148 1898 3209 Ο
1944 3248 1960 3257 _
2008 3157 2990 3257 νῖεηεννηίίζπιαητεῗῑο·(οιξθονξδίᾴο)
3006 3161 3263 3257 ﬁmum”
3282 3165 3334 3220 ίη
3360 3165 3497 3221 Elim

246 3266 483 3320 vertitur
526 3266 580 3320 in
623 3266 959 3322 dulcedinem
999 3265 1365 3336 intelligentiae
1408 3265 1738 3337 spiritualis,
1768 3273 1829 3320 ut

242 3355 475 3427 populus
503 3356 689 3413 bibere
715 3357 889 3428 possit
925 3356 1019 3427 qui
1048 3355 1190 3411 idola
1228 3355 1445 3428 reliquit
1481 3365 1537 3412 et
1563 3357 1630 3412 ad
1660 3357 1826 3412 Deum

246 3446 510 3517 confugit.
553 3447 609 3502 Si
651 3448 833 3503 audiat
878 3446 1049 3518 legem
1095 3447 1162 3503 de
1202 3447 1484 3504 sacrificiis
1523 3447 1824 3514 docentem,

246 3538 510 3595 continuo
542 3538 738 3610 refugit
764 3549 821 3595 et
851 3539 1040 3595 bibere
1066 3554 1176 3595 non
1201 3546 1400 3611 potest.
1433 3539 1489 3594 in
1529 3539 1670 3595 hanc
1698 3554 1829 3610 ergo

246 3628 688 3693 amaritudinem,
720 3630 774 3685 id
800 3643 887 3687 est
910 3630 1143 3687 litteram
1179 3628 1332 3701 legis,
1358 3630 1539 3700 posuit
1574 3631 1715 3686 Deus
1733 3628 1827 3699 ju-

247 3721 431 3777 stitias
468 3730 525 3777 et
563 3722 905 3789 testimonia,
938 3723 1091 3778 velut
1130 3722 1337 3780 scilicet
1365 3723 1420 3779 in
1448 3723 1664 3779 vasculo
1691 3739 1826 3794 quo-

246 3812 377 3867 dam
407 3812 684 3883 sapientiae
719 3829 829 3869 sine
869 3821 925 3869 et
958 3814 1197 3872 scientia:
1239 3815 1521 3871 thesauros
1559 3815 1830 3872 concludit

248 3901 558 3976 [condidit].
597 3902 748 3960 Unde
773 3920 786 3956 :
813 3901 1079 3959 Habemus
1098 3905 1399 3961 thesaurum
1427 3907 1584 3962 istum
1604 3906 1661 3961 in
1689 3908 1829 3963 vasis

248 3993 501 4065 ﬁctilibus
530 3994 617 4067 (II
637 3994 760 4051 Cor.
788 3994 892 4066 ιιι).
919 3995 1139 4068 Utergo
1168 3999 1341 4069 possit
1376 3999 1493 4054 haec
1526 4015 1666 4072 aqua
1693 4000 1825 4066 bibi,

250 4084 495 4141 ostendit
521 4085 667 4141 Deus
702 4085 904 4157 lignum
937 4088 1082 4158 quod
1109 4088 1356 4145 mittatur
1388 4090 1441 4147 in
1476 4106 1618 4159 eam,
1646 4099 1706 4147 ut
1733 4092 1826 4162 qui

250 4173 452 4230 biberit
485 4192 592 4232 non
624 4178 905 4244 moriatur,
940 4193 1047 4233 non
1076 4180 1274 4235 sentiat
1306 4180 1741 4255 amaritudinem.
1767 4181 1826 4239 Si

250 4267 379 4338 quis
409 4281 537 4340 ergo
565 4268 684 4324 sine
706 4268 852 4340 ligno
880 4270 1027 4335 vitze,
1059 4271 1113 4326 id
1138 4278 1242 4339 est,
1274 4272 1390 4327 sine
1416 4272 1672 4344 mysterio
1694 4290 1828 4329 eru-

249 4357 367 4423 cis,
412 4359 532 4414 sine
580 4356 686 4415 ﬁde
731 4357 955 4425 Christi,
1003 4359 1119 4417 sine
1167 4359 1521 4433 intelligentia
1561 4361 1829 4434 spirituali

249 4448 475 4515 biberit,
504 4450 866 4506 amaritudine
907 4451 1190 4507 morietur.
1232 4450 1425 4510 Unde:
1453 4452 1652 4509 Littera
1686 4455 1828 4511 occi-

252 4540 356 4606 dit,
394 4539 450 4596 id
478 4548 581 4607 est,
611 4556 751 4611 aqua
777 4540 945 4608 Marti,
973 4541 1019 4598 si
1056 4541 1275 4599 bibatur
1311 4560 1421 4601 non
1454 4552 1661 4601 mutata
1689 4554 1747 4601 et
1773 4545 1828 4601 in

250 4631 595 4688 dulcedinem
622 4648 802 4689 versa.

326 4720 491 4777 Vsus.
550 4721 760 4777 25-27.
794 4754 867 4765 —
913 4724 1019 4792 Qui
1063 4724 1287 4782 ostendit
1344 4727 1429 4793 ei,
1474 4735 1583 4783 etc.
1643 4725 1827 4794 (Aou.,

248 4809 459 4879 Qut-st.
490 4811 561 4868 57
590 4814 647 4868 in
666 4813 866 4887 Exod.)
903 4814 1086 4873 Genus
1117 4815 1250 4887 ligni
1284 4825 1404 4872 erat
1439 4816 1598 4873 istam
1625 4817 1829 4874 habens

247 4904 363 4958 vim
388 4921 402 4958 :
429 4918 498 4958 an
515 4903 756 4974 quolibet
782 4905 926 4977 ligno
946 4905 1126 4964 facere
1146 4916 1358 4977 poterat
1378 4908 1540 4974 Deus,
1568 4909 1660 4979 qui
1678 4916 1826 4965 tanta

249 4992 524 5048 mirabilia
567 4991 836 5050 faciebat?
873 4994 1095 5053 Videtur
1136 5008 1317 5055 tamen
1355 4999 1670 5070 signiﬁcare
1688 5001 1832 5072 quod

246 5081 456 5138 dictum
480 5090 590 5150 est,
619 5083 842 5139 ostendit
868 5086 937 5149 ei,
970 5095 1223 5157 tanquam
1247 5087 1363 5158 jam
1389 5087 1495 5143 tale
1521 5096 1696 5157 esset;
1729 5089 1834 5147 nisi

246 5174 390 5231 forte
426 5174 577 5232 locus
611 5184 734 5232 erat
768 5176 859 5234 ubi
892 5178 1037 5250 ligna
1071 5180 1292 5235 omnino
1334 5195 1442 5236 non
1480 5180 1832 5238 invenieban—

247 5275 362 5333 tur,
399 5276 460 5323 ut
502 5268 607 5339 hoc
646 5268 822 5341 ipsum
864 5279 1012 5327 esset
1046 5272 1215 5328 divini
1263 5272 1547 5344 adjutorii,
1594 5274 1738 5345 quod
1780 5274 1833 5330 ei

245 5357 512 5415 Dominus
547 5360 750 5432 lignum
771 5362 1032 5429 ostendit,
1047 5363 1139 5419 ubi
1166 5363 1368 5419 nullum
1396 5372 1537 5430 erat,
1559 5372 1615 5420 et
1641 5379 1738 5434 per
1763 5365 1830 5420 li-

242 5470 417 5527 gnum
466 5471 638 5527 aquas
688 5456 875 5513 dulces
911 5456 1074 5525 fecit,
1122 5458 1474 5532 praefigurans
1500 5459 1727 5531 gloriam
1771 5467 1831 5515 et

238 5548 479 5621 gratiam
517 5550 720 5606 crucis.
769 5548 881 5606 Sed
928 5551 982 5606 in
1026 5551 1123 5607 tali
1169 5552 1335 5608 etiam
1380 5552 1526 5624 ligno
1557 5551 1681 5624 quis
1727 5551 1829 5607 nisi

239 5647 469 5694 creator
502 5646 559 5693 et
580 5639 989 5697 demonstrator
1014 5641 1315 5699 laudandus
1334 5651 1439 5698 est.

325 5725 404 5783 lbi
429 5730 696 5785 constituit
723 5733 773 5786 ei
795 5743 1072 5803 ρητσερια.
1099 5733 1301 5805 (Ome.,
1330 5736 1471 5793 Itoni.
1497 5737 1529 5790 7
1551 5737 1607 5792 in
1628 5736 1827 5801 Exod.)

610 5825 884 5887 l’srnoc.
933 5824 1158 5892 CXIII.

1926 3248 2142 3304 ducitur
2160 3247 2410 3319 populus,
2430 3249 2521 3305 ubi
2539 3258 2695 3306 erant
2711 3252 2992 3309 duodecim
3016 3252 3192 3311 fontes
3206 3270 3492 3326 aquarum,

1926 3342 2125 3412 quibus
2170 3341 2247 3397 nil
2289 3341 2466 3398 inerat
2488 3344 2898 3413 amaritudinis,
2928 3347 3023 3402 sed
3060 3349 3348 3404 amoenitas
3362 3348 3494 3419 plu-

1929 3431 2065 3486 rima
2106 3445 2174 3487 ex
2218 3432 2486 3490 densitate
2510 3433 2813 3506 palmarum
2843 3454 2857 3490 :
2889 3438 2983 3493 sed
3007 3438 3158 3509 prius
3182 3439 3375 3495 ductus
3413 3449 3500 3496 cst

1926 3523 1994 3577 ad
2049 3538 2221 3595 aquas
2263 3524 2437 3581 salsas
2484 3535 2539 3581 et
2587 3542 2844 3595 amaras,
2873 3530 3069 3600 quibus
3096 3546 3192 3601 per
3216 3532 3417 3604 lignum
3462 3551 3492 3589 a

1928 3613 2159 3671 Domino
2204 3625 2562 3672 monstratum
2589 3618 2903 3688 dulcoratis,
2935 3623 3149 3681 venitur
3186 3626 3254 3679 ad
3300 3625 3498 3683 fontes.

1928 3705 1988 3761 Si
2028 3706 2311 3763 hiStoriam
2360 3708 2530 3764 solam
2586 3725 2909 3782 sequamur,
2966 3729 3072 3769 non
3122 3715 3348 3771 multum
3401 3733 3501 3775 nos

1926 3797 2159 3855 aediﬁcat
2195 3798 2335 3855 scire
2375 3799 2445 3855 ad
2482 3815 2643 3870 quem
2682 3801 2858 3859 locum
2899 3804 3076 3874 primo
3113 3806 3383 3872 venerint,
3432 3811 3502 3863 ad

1927 3907 2089 3963 quem
2150 3893 2408 3949 secundo.
2454 3892 2639 3950 Primo
2684 3904 2864 3975 autem
2911 3897 3130 3955 ducitur
3162 3899 3391 3969 populus
3432 3901 3500 3954 ad

1928 3984 2164 4040 litteram
2189 3984 2354 4058 legis,
2387 4001 2418 4041 a
2439 4001 2546 4057 qua
2585 3989 2711 4042 dum
2744 3998 3026 4059 permanet
3058 3990 3110 4045 in
3146 3992 3502 4048 amaritudine

1929 4092 2050 4143 sua,
2074 4076 2326 4133 recedere
2357 4093 2463 4133 non
2489 4086 2685 4148 potest.
2713 4078 2849 4135 Cum
2873 4095 3003 4153 ergo
3029 4097 3126 4152 per
3148 4082 3351 4154 lignum
3377 4085 3502 4140 vita:

1930 4168 2092 4227 fuerit
2146 4171 2515 4238 indulcorata,
2571 4182 2631 4228 et
2673 4173 3027 4244 spiritualiter
3078 4176 3382 4242 intellecta,
3434 4180 3503 4233 de

1930 4263 2108 4320 Veteri
2132 4264 2481 4321 Testamento
2504 4266 2699 4321 transit
2717 4265 2783 4320 ad
2807 4266 3031 4332 Novum,
3058 4268 3191 4324 etad
3214 4269 3500 4326 duodecim

1931 4356 2255 4426 apostolicos
2284 4356 2491 4421 fonms,
2539 4356 2627 4413 ubi
2668 4358 3012 4429 reperiuntur
3036 4360 3256 4417 arbores
3278 4372 3498 4432 septua-

1933 4450 2083 4522 ginta
2120 4452 2442 4524 palmarum.
2469 4451 2584 4508 Non
2620 4454 2765 4510 enim
2808 4454 2907 4510 soli
2948 4455 3229 4513 duodecim
3275 4461 3505 4532 apostoli

1936 4540 2095 4597 fidem
2118 4540 2317 4597 Christi
2344 4543 2790 4613 praedicaverunt,
2819 4545 2914 4601 sed
2939 4554 2997 4601 et
3020 4547 3109 4601 alii
3140 4552 3500 4624 septuaginta.

1932 4644 2033 4701 per
2074 4645 2209 4701 quos
2248 4630 2457 4703 palmas
2491 4633 2733 4690 victoriae
2757 4634 2956 4691 Christi
2993 4638 3220 4693 mundus
3261 4642 3501 4710 agnovit.

1932 4717 2049 4775 Non
2097 4719 2293 4779 suﬂicit
2341 4734 2472 4791 ergo
2514 4724 2709 4795 populo
2738 4724 2832 4781 Dei
2877 4741 3067 4798 aquam
3099 4726 3247 4784 Mars
3277 4728 3464 4788 bibere
3488 4773 3504 4797 ,

1931 4820 2178 4889 quamvis
2199 4818 2586 4876 indulcoratam
2611 4835 2707 4891 per
2736 4820 2937 4893 lignum
2962 4822 3113 4889 vitae;
3140 4823 3313 4879 solum
3334 4822 3504 4881 Vetus

1932 4912 2333 4968 Testamentum
2360 4927 2467 4967 non
2494 4911 2690 4968 sufficit
2727 4914 2793 4967 ad
2831 4913 3117 4970 bibendum
3139 4957 3154 4981 ,
3181 4917 3503 4975 veniendum

1934 5013 2018 5061 est
2038 5004 2180 5061 enim
2204 5006 2271 5060 ad
2290 5004 2521 5073 Novum,
2549 5006 2616 5060 de
2644 5022 2751 5078 quo
2783 5008 2901 5065 sine
2925 5010 3173 5082 scrupulo
3200 5019 3257 5066 et
3281 5009 3508 5069 dilucul-

1937 5106 2047 5155 tate
2074 5107 2311 5169 potatur.
2343 5097 2512 5156 Judaei
2535 5100 2698 5173 etiam
2728 5118 2871 5157 nunc
2895 5104 3033 5173 apud
3059 5103 3205 5160 Mara
3248 5119 3408 5173 sunt,
3451 5107 3507 5164 id

1934 5192 2105 5248 estad
2134 5208 2304 5263 aquas
2325 5178 2575 5250 amaras:
2602 5196 2837 5250 nondum
2852 5197 2993 5251 enim
3007 5197 3241 5253 ostendit
3260 5188 3341 5255 eis
3365 5199 3507 5257 Deus

1938 5284 2145 5356 lignum
2175 5286 2241 5341 de
2267 5300 2375 5355 quo
2397 5285 2733 5353 dulcescunt,
2758 5286 2884 5358 quia
2916 5287 3016 5343 nisi
3044 5288 3377 5356 crediderint,
3402 5307 3507 5345 non

1932 5375 2217 5447 intelligent
2242 5374 2376 5447 (lsa.
2403 5383 2519 5448 vn).

2524 5506 2749 5566 CAPUT
2785 5508 2919 5566 XVI.

2006 5644 2170 5701 Vsus.
2214 5644 2271 5700 2.
2319 5674 2391 5686 -
2434 5643 2502 5698 Et
2552 5647 2895 5701 murmurarit
2952 5646 3119 5700 omnis
3168 5647 3498 5719 congregatio

1936 5736 2138 5804 Israel,
2181 5747 2288 5794 etc.
2322 5737 2525 5809 (Orum,
2555 5737 2738 5792 homil.
2789 5739 2821 5793 7
2856 5738 2908 5792 in
2945 5736 3141 5809 Exod.)
3181 5736 3226 5793 Ο
3264 5738 3508 5809 ingratus

3035 5830 3077 5893 8
