3998 6332
512 306 625 366 353

1014 302 1404 363 WALAFRIDI
1443 305 1690 364 STRABI
1728 306 1931 363 FULD.
1972 305 2136 362 MON.
2178 307 2325 364 OPP.
2365 307 2545 364 PARS
2578 308 2618 364 l.
2655 338 2724 349 —-
2763 303 3218 362 THEOLOGICA.

3645 303 3769 360 236

518 418 775 492 populus!
821 417 1092 473 desiderat
1132 415 1444 489 Egyptum,
1492 421 1584 491 qui
1630 420 1910 493 Egyptios
1956 422 2089 477 vidit
2115 430 2162 487 Α
2192 422 2385 490 Quaero
2433 436 2561 493 ergo
2603 437 2707 493 qua
2756 422 2844 476 die
2892 421 3058 490 coepit
3102 434 3300 475 manna
3344 420 3499 475 dari?
3538 430 3596 475 et
3636 422 3768 477 volo

516 511 844 575 exstinctos;
865 517 1127 565 etcarnes
1144 509 1380 581 Egypti,
1396 512 1486 581 qui
1506 511 1879 585 Egyptiorum
1897 528 2090 569 carnes

517 600 663 658 videt
692 609 746 657 et
771 599 1015 670 piscibus
1036 600 1191 655 datas
1227 609 1282 655 et
1306 600 1634 658 volatilibus!
1660 602 1959 658 Murmurat
1985 605 2088 657 ad-

514 706 709 749 versus
751 689 960 756 Mosen,
990 690 1097 745 imo
1125 690 1325 757 Deum;
1364 691 1457 746 sed
1484 692 1659 762 primo
1692 692 2007 763 ignoscitur,
2036 702 2090 748 et

515 782 755 841 secundo
779 788 835 836 et
852 781 1104 838 fortassis
1129 781 1288 837 tertio
1318 800 1331 835 :
1362 783 1457 838 sed
1482 782 1530 837 si
1558 797 1663 838 non
1688 782 1965 847 desinanb,
1995 783 2089 837 sed

514 874 812 942 persistant
837 914 852 937 ,
883 873 1008 928 audi
1038 872 1168 942 quid
1189 874 1452 942 sequitur,
1484 872 1539 928 in
1564 872 1705 928 libro
1729 871 2086 928 Numerorum

516 964 751 1022 refertur
775 962 965 1037 (Num.
1006 962 1144 1033 XXI),
1187 970 1242 1017 et
1266 963 1406 1018 idem
1436 963 1729 1035 Apostolus
1772 967 1969 1019 retexit
2009 963 2088 1018 di-

515 1071 644 1113 cens
670 1054 723 1129 (1
747 1054 868 1110 Cor.
889 1053 945 1125 ιι)
975 1071 988 1107 :
1022 1052 1202 1124 Neque
1226 1053 1696 1119 murmuraveritis,
1717 1053 1849 1107 sicut
1874 1053 2088 1124 quidam

515 1162 696 1201 eorum
740 1152 1214 1208 murmurarerunt,
1265 1151 1312 1197 et
1360 1160 1393 1196 a
1433 1143 1753 1213 serpentibus
1802 1143 2087 1212 perierunt.

520 1235 728 1307 Scripta
753 1244 871 1290 sunt
898 1235 1008 1289 lucc
1031 1242 1243 1304 propter
1267 1248 1380 1296 nos,
1404 1233 1458 1286 in
1477 1248 1605 1303 quos
1625 1231 1754 1301 ﬁnes
1779 1230 2089 1286 swculorum

516 1327 847 1381 devenerunt.
906 1322 1013 1379 Sed
1055 1323 1102 1379 si
1148 1338 1256 1379 non
1308 1323 1603 1378 desinimus
1654 1334 1994 1376 murmurare
2036 1329 2092 1376 et

516 1416 773 1488 conqueri
797 1422 983 1471 contra
1006 1414 1198 1480 Deum,
1223 1414 1559 1469 incurremus
1581 1412 1757 1467 simile
1779 1410 2092 1466 oll'ensionis

514 1506 812 1579 periculum
857 1505 943 1560 vel
970 1504 1297 1575 exemplum.
1329 1503 1462 1559 Cum
1488 1504 1635 1557 enim
1665 1502 1731 1558 de
1769 1502 1979 1558 caelesti
2009 1502 2092 1556 in-

515 1598 797 1670 temperie,
825 1596 1097 1652 fructunm
1120 1595 1527 1659 infecunditate,
1552 1594 1806 1649 imbrium
1830 1592 2087 1660 raritate,

514 1701 571 1746 et
596 1690 661 1745 de
688 1688 1048 1759 prosperitate
1070 1685 1301 1739 aliorum
1322 1693 1376 1739 et
1401 1684 1631 1739 aliorum
1653 1683 2091 1753 improsperitate

2188 525 2504 582 comparare
2531 510 2860 566 Dominicam
2882 518 3125 564 nostram
3148 524 3271 564 cum
3300 509 3522 565 sabbato
3541 508 3767 566 Judaao-

2189 616 2330 656 rum.
2378 601 2455 655 Ex
2486 601 2763 671 Scriptura
2788 601 2932 655 enim
2964 610 3184 672 apparet
3212 602 3338 671 quia
3372 602 3458 659 die
3479 601 3769 659 Dominica

2186 694 2420 763 primum
2450 692 2612 748 datur
2648 707 2883 758 manna,
2921 707 3017 748 sex
3051 693 3241 748 diebus
3281 693 3551 749 continuis
3597 693 3769 749 colle-

2186 788 2363 845 ctum;
2422 780 2679 851 septima,
2731 795 2852 850 quae
2875 788 2960 837 est
2992 780 3295 845 sabbatum,
3326 791 3590 837 cessatur.
3620 782 3769 849 Quia

2186 885 2317 941 ergo
2345 871 2399 926 in
2446 872 2535 926 die
2560 869 2837 929 Dominica
2859 871 2999 941 pluit
3022 873 3165 927 Deus
3192 887 3389 927 manna
3412 914 3427 939 ,
3472 882 3527 929 et
3562 889 3671 929 non
3708 874 3789 929 in.

2188 962 2441 1028 sabbato,
2488 962 2787 1032 intelligant
2814 961 2983 1019 Judaei
3017 962 3131 1033 jam
3165 973 3296 1021 tunc
3317 965 3597 1035 praelatum
3636 981 3772 1024 esse

2189 1051 2526 1108 Dominicam
2555 1062 2799 1109 nostram
2830 1069 2928 1110 suo
2975 1056 3232 1120 sabbato;
3263 1065 3319 1110 et
3345 1056 3637 1113 indicatum
3681 1069 3775 1115 est

2188 1143 2328 1211 quod
2362 1145 2550 1200 nonin
2581 1145 2696 1214 ipso
2720 1145 2813 1201 Dei
2840 1145 3014 1216 gratia
3056 1147 3124 1202 ad
3168 1161 3263 1202 eos
3313 1146 3655 1204 descenderit
3701 1149 3779 1204 de

2188 1234 2346 1301 caelo,
2370 1244 2426 1291 et
2444 1237 2596 1305 panis
2615 1236 2870 1302 caelestis,
2888 1237 2979 1309 qui
2998 1246 3085 1293 est
3108 1252 3286 1294 sermo
3305 1237 3424 1305 Dei,
3447 1239 3513 1294 ad
3532 1254 3626 1295 eos
3648 1256 3770 1295 non

2188 1328 2526 1398 pervenerit;
2550 1329 2692 1384 unde
2712 1327 2836 1384 Ose.
2862 1346 2921 1384 ιιι
2943 1348 2957 1383 :
2980 1329 3175 1384 Diebus
3197 1330 3375 1385 multis
3393 1331 3640 1386 sedebant
3663 1331 3776 1400 filii

2190 1419 2359 1474 Israel
2384 1420 2496 1475 sine
2517 1436 2650 1490 rege,
2680 1422 2791 1475 sine
2816 1422 3069 1491 principe,
3097 1421 3208 1476 sine
3239 1421 3428 1485 hostia,
3454 1423 3569 1476 sine
3593 1423 3774 1478 sacri-

2188 1509 2332 1578 ﬁcio,
2357 1510 2468 1563 sine
2496 1511 2783 1565 sacerdote.
2812 1511 2869 1565 In
2894 1521 3079 1567 nostra
3108 1521 3287 1567 autem
3314 1512 3593 1569 Dominica
3622 1527 3776 1569 sem-

2188 1611 2286 1668 per
2336 1598 2592 1655 Dominus
2640 1600 2773 1669 pluit
2816 1616 3048 1666 manna,
3094 1602 3146 1656 id
3191 1612 3273 1657 est
3320 1603 3562 1659 cmlestia
3598 1604 3774 1660 verba

2189 1705 2309 1761 qua:
2364 1691 2518 1745 nobis
2546 1690 2665 1745 laeta
2715 1699 2860 1747 sunt.
2899 1691 2976 1746 llli
3013 1692 3257 1747 infelices
3296 1693 3570 1762 suspirant
3599 1694 3775 1749 etiam

516 1795 837 1843 eausamnr,
881 1786 1070 1832 contra
1121 1775 1288 1831 Deum
1342 1789 1762 1828 murmuramus.
1815 1772 1921 1828 Sed
1974 1773 2089 1827 haec
2119 1774 2164 1833 Β
2194 1794 2392 1833 manna
2440 1779 2585 1835 sicut
2612 1790 2796 1850 patres
2843 1795 3060 1846 eorum,
3100 1791 3280 1836 etnon
3307 1790 3589 1838 merentur
3624 1784 3777 1838 acc]-

515 1873 692 1943 primo
734 1870 1109 1942 ignoscuntur,
1156 1868 1208 1922 in
1236 1866 1587 1936 persistentes
1631 1867 1872 1938 graviter
1910 1864 2089 1920 vindi-

515 1972 730 2030 cantur,
761 1962 886 2035 quia
912 1961 1199 2017 mittentur
1228 1959 1281 2014 in
1311 1974 1407 2014 eos
1436 1967 1736 2028 serpentes,
1760 1958 1812 2012 id
1841 1967 1955 2023 est,
1983 1957 2087 2012 im-

516 2053 734 2113 mundis
754 2060 810 2109 et
826 2051 1083 2107 venelicis
1102 2049 1382 2120 spiritibus
1404 2048 1702 2111 tradentur,
1734 2047 1826 2117 qui
1865 2046 2091 2103 occultis

518 2145 788 2200 morsibus
826 2140 1121 2213 penetralia
1146 2138 1326 2196 cordis
1355 2139 1734 2207 depascantur.

590 2231 793 2306 (Οιιιο.)
823 2232 1050 2302 Propter
1082 2229 1475 2287 correctionem
1505 2228 1795 2299 legentium
1820 2226 2092 2283 indicatur

514 2325 697 2399 pepuli
744 2332 1028 2396 peccatum
1076 2339 1089 2376 :
1140 2321 1266 2391 quia
1308 2319 1730 2375 murmuraverit
1767 2326 1825 2373 et
1854 2316 2093 2387 ingratus

517 2417 682 2475 fuerit
708 2415 985 2471 beneﬁciis
1024 2414 1245 2481 divinis,
1275 2428 1397 2469 cum
1426 2411 1644 2468 caeleste
1682 2423 1878 2465 manna
1912 2420 2093 2462 susce-

516 2508 677 2580 perit.
706 2504 956 2562 Secundo
1004 2517 1223 2568 mense,
1269 2501 1459 2571 quinta
1504 2500 1710 2556 decima
1740 2498 1826 2552 die
1854 2496 2088 2560 mensis,

516 2597 661 2670 quod
688 2611 795 2653 non
839 2594 956 2650 sine
996 2592 1209 2648 ratione
1238 2590 1499 2660 scriptum
1523 2596 1624 2643 est.
1670 2584 1982 2663 Recordare
2024 2583 2090 2641 de

517 2689 724 2761 legibus
752 2687 964 2759 paschae
991 2698 1111 2755 quae
1155 2682 1299 2739 dicta
1331 2690 1458 2737 sunt
1483 2680 1672 2751 (Num.
1707 2678 1807 2749 ix),
1837 2686 1892 2732 et
1938 2677 2088 2732 inve-

517 2781 634 2835 nies
653 2779 726 2835 ibi
752 2779 855 2833 hoc
882 2790 1004 2832 esse
1027 2784 1241 2844 tempus
1265 2773 1407 2843 quod
1432 2770 1686 2827 statuitur
1700 2770 1769 2825 ad
1793 2767 2090 2824 secundum

516 2869 720 2943 pascha
742 2867 1045 2924 faciendum
1067 2866 1152 2920 his
1175 2862 1269 2934 qui
1291 2862 1552 2918 immundi
1582 2862 1633 2916 in
1656 2859 1837 2915 anima
1865 2857 2084 2921 fuerint,

514 2959 602 3014 vel
652 2956 903 3028 occupati
955 2954 1187 3028 negotiis
1222 2953 1542 3026 peregrinis.
1574 2950 1677 3019 Qui
1716 2965 1824 3006 non
1875 2949 2092 3005 fuerant

516 3047 777 3104 immundi
826 3045 1039 3111 anima,
1082 3044 1168 3101 vel
1218 3058 1324 3100 non
1376 3044 1533 3115 longe
1576 3042 2084 3114 peregrinabantur,

2193 1888 2353 1944 pere;
2384 1888 2495 1928 non
2520 1873 2664 1928 enim
2692 1882 2923 1943 possunt
2953 1875 3282 1930 manducare
3305 1875 3448 1945 quod
3474 1882 3559 1931 est
3586 1877 3777 1930 minu-

2192 1974 2303 2018 tum
2335 1964 2474 2018 sicut
2489 1978 2675 2019 semen
2690 1965 2985 2030 coriandri,
3008 1976 3063 2020 et
3079 1965 3364 2020 candidum
3385 1966 3523 2022 sicut
3542 1967 3771 2036 pruina.

2192 2052 2335 2108 Nihil
2378 2054 2524 2109 enim
2553 2054 2609 2108 in
2655 2053 2820 2110 verbo
2849 2055 2943 2110 Dei
2972 2056 3262 2123 minutum,
3294 2057 3493 2113 subtile
3519 2067 3573 2112 et
3606 2059 3775 2129 spiri-

2195 2142 2336 2199 tuale
2363 2144 2621 2210 sentiunt,
2646 2144 2740 2199 sed
2766 2151 2935 2201 totum
2957 2145 3153 2216 pingue
3177 2155 3234 2201 et
3254 2161 3522 2202 crassum.
3549 2145 3775 2201 Incres-

2191 2244 2363 2290 satum
2384 2243 2459 2290 est
2486 2236 2624 2290 enim
2639 2252 2730 2291 cor
2747 2236 2924 2307 populi
2940 2236 3123 2307 hujus.
3150 2237 3535 2309 lnterprctatio
3551 2255 3777 2310 quoque

2190 2326 2425 2382 nominis
2466 2327 2629 2399 hujus
2651 2327 2754 2382 hoc
2779 2337 2959 2383 sonat.
2986 2327 3177 2383 Manna
3202 2328 3346 2383 enim
3376 2329 3777 2400 interpretatur

2193 2415 2333 2482 Quid
2372 2426 2448 2471 est
2488 2416 2624 2471 hoc?
2650 2415 2769 2487 Ipsa
2800 2417 2882 2471 vis
2917 2416 3151 2472 nominis
3178 2418 3247 2473 ad
3279 2418 3595 2475 discendum
3633 2419 3778 2475 invi-

2191 2514 2287 2571 tat,
2336 2515 2397 2562 ut
2422 2521 2545 2562 cum
2577 2505 2733 2561 audis
2760 2505 2929 2577 legem
2957 2506 3057 2561 Dei
3082 2507 3325 2574 recitari,
3349 2507 3593 2579 inquiras
3619 2523 3775 2563 sem-

2189 2616 2288 2672 per
2313 2608 2368 2655 et
2391 2600 2541 2656 dicas
2567 2599 2900 2665 doctoribus,
2927 2598 3066 2666 Quid
3092 2609 3166 2654 est
3191 2601 3330 2655 hoc?
3350 2599 3430 2656 Tu
3458 2616 3587 2672 ergo
3610 2600 3660 2655 si
3688 2602 3778 2657 vis

2190 2693 2517 2749 manducare
2540 2708 2760 2756 manna,
2792 2700 2853 2747 et
2887 2692 3165 2762 suscipere
3197 2693 3421 2748 verbum
3467 2691 3595 2758 Dei,
3630 2694 3779 2748 scito

2189 2784 2460 2840 minutum
2479 2792 2665 2839 esseet
2684 2783 2837 2838 valde
2856 2772 3074 2848 subtile,
3089 2783 3230 2839 sicut
3250 2788 3434 2839 semen
3453 2783 3734 2839 coriandri
3759 2800 3774 2837 :

2190 2873 2352 2929 habet
2392 2873 2540 2929 enim
2585 2872 2790 2943 aliquid
2836 2871 3003 2927 oleris
3033 2887 3140 2942 quo
3169 2874 3379 2928 nutrire
3423 2881 3480 2927 et
3517 2887 3780 2928 recreare

2188 2966 2359 3038 possit
2383 2965 2645 3021 inﬁmos.
2674 2963 2929 3032 In/irmus
2955 2965 3093 3018 enim
3123 2964 3239 3018 olus
3269 2964 3552 3019 manducat
3584 2962 3776 3033 (Rom.

2191 3057 2324 3129 xxv).
2354 3055 2529 3113 Habet
2548 3056 2693 3112 enim
2717 3054 2918 3124 aliquid
2946 3062 3003 3109 et
3024 3054 3240 3125 rigoris,
3258 3062 3314 3110 et
3329 3055 3449 3111 ideo
3470 3062 3533 3110 ut
3551 3055 3776 3125 pruina;

518 3149 717 3211 quarta
767 3138 974 3194 decima
1009 3135 1097 3191 die
1135 3135 1297 3207 primi
1332 3133 1534 3189 mensis
1576 3132 1823 3188 fecerunt
1846 3131 2087 3201 pascha;

2198 3146 2445 3202 candoris
2492 3153 2673 3200 autem
2701 3152 2757 3199 et
2798 3143 3100 3200 dulcedinis
3140 3144 3455 3215 plurimum.
3500 3144 3645 3213 Quid
3695 3154 3781 3201 est

515 3234 674 3303 longe
698 3245 827 3287 vero
857 3227 1149 3301 peregrini,
1174 3236 1231 3282 et
1253 3223 1539 3290 immundi,
1567 3224 1859 3280 secundum
1886 3220 2089 3292 pascha

521 3323 579 3378 in
606 3323 710 3378 hoc
737 3330 976 3390 tempore
1005 3317 1234 3382 faciunt,
1271 3315 1325 3370 in
1357 3329 1463 3385 quo
1490 3327 1692 3368 manna
1721 3311 1789 3367 de
1827 3310 1967 3367 ctelo
1995 3311 2090 3366 de-

515 3412 747 3471 scendit.
770 3411 830 3467 In
857 3410 945 3467 die
968 3425 1077 3481 quo
1093 3408 1327 3480 primum
1350 3406 1551 3478 pascha
1574 3404 1655 3471 tit,
1682 3419 1789 3460 non
1814 3402 2094 3459 descendit

517 3520 714 3561 manna
736 3544 753 3571 ,
797 3504 895 3560 sed
922 3504 975 3559 in
1011 3517 1122 3574 quo
1148 3501 1441 3557 secundum
1467 3518 1482 3553 :
1505 3500 1738 3570 primum
1766 3499 1967 3570 pascha
1997 3511 2094 3570 po—

512 3594 629 3667 puli
658 3592 871 3650 Judaici
898 3600 1011 3659 est;
1043 3590 1360 3655 secundum,
1392 3598 1655 3644 nostrum.
1682 3587 1791 3646 Nos
1820 3589 1965 3644 enim
1990 3587 2096 3642 fui-

516 3704 640 3746 mus
691 3687 747 3742 in
794 3685 973 3741 anima
1004 3682 1303 3745 immundi,
1356 3681 1452 3750 qui
1496 3680 1790 3736 colebamus
1836 3678 2014 3745 idola;
2048 3687 2097 3733 et

517 3777 807 3849 peregrini,
837 3785 886 3829 et
917 3773 1186 3844 longinqui
1232 3772 1462 3841 fuimus,
1493 3771 1717 3840 hospites
1747 3778 1797 3825 et
1837 3769 2097 3841 peregrini

519 3877 947 3926 testamentorum
977 3866 1097 3931 Dei,
1124 3873 1232 3919 etc.
1259 3863 1417 3941 (ζὶρΙι.
1456 3861 1540 3935 ιι.)
1571 3861 1678 3917 Sed
1712 3862 1872 3917 datur
1898 3875 2096 3916 mantia

522 3965 590 4021 de
617 3961 785 4027 coelo,
808 3975 914 4015 non
940 3958 997 4012 in
1021 3957 1109 4013 die
1128 3970 1235 4026 quo
1260 3956 1492 4027 primum
1517 3955 1718 4026 pascha
1746 3952 1807 4008 [it
1823 3993 1839 4017 ,
1864 3952 1958 4008 sed
1990 3967 2099 4022 quo

527 4052 826 4109 secundum
851 4066 864 4102 :
883 4046 1051 4102 Panis
1070 4047 1207 4100 enim
1220 4047 1309 4116 qui
1329 4045 1394 4098 de
1406 4044 1533 4098 ctelo
1545 4044 1804 4099 descendit
1818 4041 2004 4116 (Joan.
2019 4044 2097 4116 vr)

524 4160 634 4201 non
682 4142 831 4199 venit
877 4140 947 4196 ad
984 4138 1107 4194 illos
1153 4137 1247 4208 qui
1288 4137 1519 4208 primam
1566 4135 1961 4191 solemnitatem
2004 4146 2099 4191 ce-

524 4233 830 4298 lebrabant,
875 4232 970 4287 sed
997 4229 1065 4285 ad
1107 4244 1227 4295 nos,
1278 4226 1371 4298 qui
1412 4227 1746 4298 suscepimus
1786 4227 2094 4282 secundam.

2193 3239 2506 3304 candidius,
2533 3237 2867 3309 splendidius
2900 3237 3206 3294 eruditione
3240 3238 3457 3293 divina?
3494 3238 3623 3308 quid
3656 3237 3784 3293 dul-

2194 3333 2311 3388 cius
2335 3372 2350 3399 ,
2403 3331 2626 3388 suavius
2685 3329 2916 3400 eloquiis
2944 3328 3063 3395 Dei,
3093 3344 3214 3400 quae
3254 3337 3379 3387 sunt
3398 3338 3561 3400 super
3580 3328 3694 3385 mel
3724 3338 3785 3385 et

2193 3422 2424 3479 favum?

2267 3512 2462 3569 Panes.
2502 3511 2696 3568 Manna
2730 3511 2937 3569 scilicet
2962 3530 2975 3567 :
3005 3510 3206 3567 locutio
3231 3518 3315 3567 est
3343 3524 3449 3583 qua
3475 3511 3634 3583 panis
3676 3528 3781 3583 pro

2197 3603 2454 3659 alimento
2501 3603 2752 3673 ponitur;
2782 3610 2930 3656 amat
2959 3611 3139 3657 autem
3169 3599 3447 3669 Scriptura
3490 3599 3787 3670 pluraliter

2197 3695 2370 3767 magis
2394 3712 2558 3765 panes
2605 3709 2769 3766 quam
2803 3692 3150 3765 singulariter
3177 3692 3359 3747 dicere
3395 3709 3605 3761 panem.

2271 3783 2339 3841 Ut
2364 3794 2575 3839 tentem.
2604 3783 2854 3839 Tentatio
2882 3784 2984 3838 ista
3006 3782 3254 3852 probatio
3274 3790 3379 3847 est,
3423 3796 3531 3836 non
3553 3782 3621 3836 ad
3652 3797 3787 3852 pec-

2198 3886 2381 3932 catum
2412 3875 2689 3941 seductio;
2732 3888 2833 3928 nec
2878 3873 3010 3939 ideo.
3029 3873 3349 3944 probantur,
3380 3881 3441 3927 ut
3482 3873 3627 3927 Deus
3672 3889 3784 3929 non

2199 3968 2413 4025 noverit
2439 3985 2452 4022 :
2478 3968 2572 4022 sed
2592 3967 2739 4037 ipsos
2758 3966 2891 4036 ipsis
2910 3965 3147 4021 ostendit
3169 3979 3277 4034 quo
3297 3963 3619 4020 humiliores
3641 3964 3789 4021 tiant

2201 4060 2270 4119 ad
2295 4058 2586 4132 petendum
2618 4055 2945 4126 adjutormm
2971 4063 3029 4111 et
3052 4055 3121 4110 ad
3164 4056 3492 4110 noscendam
3533 4053 3633 4110 Dei
3657 4070 3787 4125 grs-

2200 4152 2358 4208 tiam.

2273 4241 2438 4298 Vens.
2462 4240 2517 4297 ὅ»
2542 4271 2614 4283 -
2636 4239 2735 4296 Die
2754 4252 2927 4295 autem
2949 4248 3115 4304 sexto,
3139 4246 3244 4294 etc.
3281 4235 3483 4309 (0mm,
3531 4237 3675 4290 liam.
3706 4236 3789 4306 Ἰ.)

526 4326 737 4383 Etenim
772 4324 969 4397 pascha
1002 4330 1239 4378 nostrum
1266 4318 1566 4374 immolatus
1591 4330 1665 4374 est
1699 4319 1938 4374 Christus
1964 4359 1980 4384 ,
2010 4320 2091 4389 qui

2203 4333 2261 4388 ιιι
2323 4332 2412 4388 die
2474 4340 2629 4388 sexto
2692 4330 2909 4402 duplum
2962 4329 3246 4401 colligatur
3299 4329 3356 4383 in
3417 4327 3788 4398 repositione,

524 4434 677 4473 uerus
701 4420 853 4471 homo
880 4415 1030 4487 panis
1051 4413 1117 4469 de
1144 4411 1270 4467 caelo
1291 4410 1553 4465 descendit
1577 4409 1624 4481 (Ι
1648 4408 1775 4465 Cor.
1802 4410 1880 4484 v.)
1910 4409 2103 4465 Videa-
2204 4432 2465 4494 quantum
2510 4420 2743 4478 διιηῖοίει
2786 4422 2950 4477 euam
2997 4420 3242 4475 sabbato,
3296 4415 3460 4472 seua
3487 4417 3636 4483 dies,
3667 4416 3794 4472 ιιωε

494 4566 499 4573 ,
526 4522 649 4565 mus
694 4505 911 4561 interim
941 4503 1071 4575 quid
1099 4503 1156 4558 in
1186 4501 1291 4557 hac
1337 4500 1425 4556 die
1472 4509 1681 4571 gestum
1724 4509 2056 4557 monstretur
2084 4516 2097 4552 ε
2129 4498 2180 4556 D
2205 4515 2316 4569 vita
2352 4516 2408 4568 in
2437 4528 2543 4583 qua
2573 4529 2717 4569 nunc
2740 4527 2949 4575 sumus,
2992 4511 3135 4566 unde
3180 4511 3237 4565 in
3284 4524 3381 4565 sex
3423 4509 3614 4564 diebus
3654 4507 3793 4564 feci;

525 4598 729 4666 Quarta
754 4596 965 4652 decima
988 4594 1075 4650 die
1113 4593 1319 4649 mensis
1348 4590 1571 4649 secundi
1601 4591 1961 4648 murmuravit
2003 4606 2104 4662 po-
2206 4606 2349 4661 Deus
2374 4605 2519 4659 hunc
2544 4603 2833 4668 mundum;
2878 4601 2933 4655 in
2957 4602 3058 4656 hac
3082 4616 3212 4671 ergo
3254 4599 3342 4654 die
3373 4607 3585 4653 tantum
3629 4613 3793 4669 νερο.

527 4691 707 4763 pullis.
734 4698 841 4746 εισι
1125 4747 1137 4756 ,
2206 4710 2337 4753 nere
2361 4695 2639 4759 debemus,
2679 4702 2941 4763 quantum
2970 4690 3203 4747 subiciat
3230 4691 3282 4745 in
3328 4691 3535 4745 futuro.
3559 4688 3623 4744 Si
3655 4690 3791 4759 quid

601 4783 767 4839 Vens.
798 4780 853 4836 5.
899 4809 967 4822 --
1011 4776 1335 4834 Sedebamus
1375 4792 1532 4847 super
1555 4773 1688 4830 ollas
1710 4814 1727 4839 ,
1766 4780 1874 4828 etc.
1899 4770 2091 4843 Greget

2204 4787 2350 4842 enim
2377 4786 2466 4840 hic
2489 4784 2617 4840 boni
2647 4784 2828 4854 operis
2854 4783 3129 4853 acquiras,
3172 4783 3218 4837 si
3246 4781 3373 4851 quid
3391 4780 3641 4849 iustitiae,
3686 4781 3794 4835 mi-

530 4873 712 4931 ovium
743 4868 1012 4927 habebant
1038 4876 1094 4924 et
1123 4874 1368 4922 armenta
1400 4865 1584 4929 boum,
1611 4864 1677 4919 de
1707 4861 1902 4931 quibus
1924 4874 2104 4917 come—
2206 4878 2514 4935 κνίοοηῃω
2535 4884 2591 4933 ει
2615 4877 2832 4948 [genus
2862 4866 3305 4938 mcommen'das,
3332 4873 3437 4928 hoc
3484 4873 3583 4928 tibi
3624 4873 3678 4927 in
3706 4872 3795 4927 fu,

531 4964 661 5018 dere
685 4965 966 5032 poterant;
999 4957 1096 5013 sed
1123 4954 1393 5011 desiderio
1420 4952 1649 5024 piscium
1673 4959 1729 5006 et
1754 4949 1956 5015 avimu,
1985 4949 2091 5019 qui-

2210 4980 2332 5025 turo
2350 4970 2456 5024 erit
2481 4971 2655 5025 cibus.
2687 4968 2789 5036 Qui
2816 4967 2961 5023 enim
2987 4966 3221 5036 acquirit
3250 4966 3339 5021 hic
3366 4964 3556 5020 decem
3586 4964 3791 5018 talenta

532 5054 636 5107 bus
659 5049 925 5121 Egyptus
954 5046 1214 5112 abundat,
1242 5044 1562 5137 aestuabant.

2209 5063 2359 5137 (Luc.
2388 5063 2529 5135 χιι),
2557 5063 2632 5118 ibi
2671 5048 2909 5131 accipiet:
2946 5061 3131 5117 decem
3159 5060 3430 5122 civitates,
3461 5066 3521 5114 et
3562 5074 3682 5128 qua
3710 5073 3795 5111 se-

603 5163 767 5219 Vens.
794 5160 849 5217 ι.
880 5190 951 5202 --
978 5159 1114 5215 Ecce
1152 5158 1350 5230 pluam,
1376 5164 1481 5213 etc.
1529 5153 1736 5225 (Οιιισο,
1782 5151 1963 5208 homil.
1990 5150 2023 5206 8
2049 5152 2104 5204 in
2208 5155 2479 5210 minaverit
2509 5154 2682 5212 homo,
2706 5154 2817 5207 lucc
2840 5164 2889 5208 et
2922 5161 3072 5207 metet
3099 5148 3241 5224 (Gal.
3271 5151 3369 5219 vr).
3397 5149 3607 5205 Divites
3630 5149 3795 5218 hujus

532 5253 735 5327 Exod.)
762 5252 968 5311 Vellem
996 5252 1175 5323 primo
1220 5264 1382 5319 super
1423 5247 1566 5303 banc
1612 5245 1939 5315 scripturam
1982 5258 2105 5298 cum
2208 5243 2391 5299 s'eculi
2434 5258 2498 5297 ea
2530 5242 2827 5297 recondunt
2865 5257 2988 5312 quae
3020 5244 3071 5296 in
3121 5243 3223 5298 hoc
3250 5240 3482 5307 seculo,
3526 5239 3793 5295 imocnm

531 5347 732 5406 «ιιιᾶκίε
760 5345 963 5403 habere
1008 5356 1346 5406 sermonem,
1376 5337 1573 5408 quibus
1601 5337 1805 5393 credita
1837 5343 1960 5392 sunt
1992 5335 2107 5391 elo-
2210 5337 2317 5393 hoc
2365 5335 2561 5391 szeculo
2591 5342 3015 5404 corrumpuntur
3048 5351 3062 5387 :
3092 5335 3235 5389 bona
3282 5340 3462 5386 autem
3510 5329 3793 5386 recondita

534 5440 661 5510 quia
702 5439 798 5495 Dei
823 5478 840 5505 ,
885 5436 1016 5509 quid
1042 5435 1150 5491 illis
1174 5432 1423 5488 videatur
1443 5430 1510 5485 de
1532 5444 1598 5484 eo
1624 5427 1767 5497 quod
1795 5426 1926 5483 dicit
1956 5441 1970 5480 :
2002 5425 2109 5482 Sex
2212 5434 2533 5499 permanent
2558 5439 2730 5493 usque
2756 5425 2810 5478 in
2833 5423 3153 5479 crastinum.
3171 5421 3444 5491 Scriptum
3464 5426 3551 5475 est
3572 5427 3787 5510 autem.

533 5505 714 5587 diebus
761 5505 1020 5587 continuis
1065 5525 1340 5596 colligatis,
1367 5522 1452 5577 die
1477 5531 1649 5576 autem
1676 5530 1821 5576 sexta
1867 5518 2104 5589 duplum.
2217 5516 2321 5582 Qui
2341 5515 2575 5586 inﬁdeles
2607 5514 2842 5584 fuerunt,
2867 5520 3194 5568 servaverunt
3224 5511 3289 5565 de
3315 5525 3543 5574 manna,
3572 5517 3621 5563 et
3648 5505 3793 5563 eiul-

534 5627 772 5699 Apparet
791 5638 920 5696 ergo
944 5628 1157 5678 sextum
1182 5618 1324 5673 diem
1349 5614 1616 5670 nominari
1645 5614 1737 5683 qui
1762 5620 1890 5668 ante
1917 5610 2108 5666 sabba-

536 5728 651 5773 tum
695 5715 939 5778 ponitur;
992 5709 1278 5767 sabbatum
1317 5707 1496 5761 autem
1536 5705 1797 5776 septimus
1845 5702 1962 5758 dies
2000 5710 2104 5756 est.

2215 5606 2407 5661 tierunt
2453 5621 2517 5660 ex
2538 5621 2598 5660 eo
2628 5619 2821 5660 uermes
2844 5612 2893 5657 et
2928 5602 3278 5673 computruit;
3312 5600 3458 5671 quod
3484 5609 3665 5655 autem
3690 5612 3794 5667 pro

2214 5698 2304 5754 die
2330 5699 2538 5754 sabbati
2570 5696 2950 5768 rcponebatur,
2982 5694 3279 5765 permansit
3306 5694 3599 5764 integrum.
3630 5690 3694 5746 Et
3730 5700 3789 5741 tu
