3998 6332
242 351 356 410 E37

1271 347 1539 425 cLossa
1577 341 1972 407 saansaan.
2010 372 2078 383 -
2110 340 2241 397 LIB.
2280 340 2483 399 axon.

3396 332 3505 391 138

245 481 383 539 ergo
409 463 456 523 si
481 472 704 539 propter
730 473 1051 536 prrcscutem
1075 464 1244 523 vitam
1283 474 1337 520 ct
1367 478 1605 521 amorem
1649 460 1828 518 saeculi
1859 438 2343 527 [indignationem
2393 454 2565 529 (Psal.
2614 454 2822 527 xxxzr);
2873 454 2919 510 si
2977 454 3031 509 in
3078 453 3351 509 doloribus
3396 452 3524 549 sis,-

248 562 595 619 thesaurizas
615 601 630 627 ,
659 563 918 616 continuo
955 576 1167 617 vermes
1191 560 1457 619 ebulliunt
1478 598 1494 626 ,
1527 559 1594 614 de
1636 558 1832 629 quibus

245 655 455 714 dicitur
487 655 591 710 lsa.
624 668 748 709 1.va
779 670 794 707 :
841 652 1039 709 γενικὴ
1066 668 1249 708 eorum
1300 668 1405 707 non
1450 652 1696 715 moritur;
1732 650 1833 705 hos

242 762 475 827 generat
494 753 723 809 avaritia
746 761 807 809 et
834 751 1147 807 divitiarum
1166 766 1315 806 cmca
1335 748 1606 821 cupiditas
1629 748 1715 804 his
1739 747 1832 817 qui

246 846 457 903 habent
480 844 804 916 pecuniam,
835 852 891 900 et
919 843 1165 898 videntes
1192 842 1247 897 in
1284 840 1607 897 necessitate
1637 836 1834 893 fratres

246 952 407 1001 suos,
457 934 719 991 claudunt
745 934 955 991 viscera
990 948 1088 989 sua
1129 932 1197 989 ab
1220 946 1321 989 ets.
1356 931 1509 988 Unde
1545 926 1835 1001 Apostolus

246 1028 304 1100 (Ι
349 1028 487 1083 Tim.
529 1026 608 1100 vr)
636 1027 879 1098 praecipit
914 1026 1159 1083 divitibus
1205 1043 1311 1081 non
1360 1024 1580 1081 sublime
1622 1040 1832 1094 sapere,

248 1136 417 1191 neque
436 1135 647 1190 sperare
674 1120 730 1172 in
750 1119 949 1173 incerto
975 1118 1301 1183 divitiarum,
1324 1125 1452 1183 etc.;
1481 1132 1581 1172 nec
1620 1116 1838 1172 aliunde

246 1208 390 1264 ﬁunt
417 1223 630 1263 vermes
660 1207 714 1263 in
744 1206 919 1273 nobis,
946 1208 1051 1263 nisi
1079 1222 1147 1263 ex
1172 1222 1397 1273 manna,
1442 1206 1498 1261 id
1544 1214 1626 1263 est
1670 1206 1838 1275 verbo

246 1298 372 1353 Dei.
423 1297 579 1353 Unde
629 1296 785 1353 Joan.
817 1311 931 1351 xv:
977 1296 1099 1352 Nisi
1142 1298 1395 1352 venissem
1433 1305 1482 1352 et
1514 1295 1718 1351 locutus
1761 1296 1838 1352 eis

246 1391 472 1460 fuissem
493 1430 509 1456 ,
556 1398 665 1445 etc.
710 1389 841 1447 Post
885 1398 1193 1462 susceptum
1227 1404 1359 1461 ergo
1384 1390 1609 1445 verbum
1646 1375 1742 1445 Dei
1791 1388 1838 1444 si

244 1481 381 1552 quis
427 1489 645 1551 peccat,
698 1480 932 1535 edicitur
974 1481 1151 1551 ipsum
1203 1480 1429 1535 verbum
1456 1480 1694 1546 vermis,
1744 1479 1838 1549 qui

251 1574 376 1643 ejus
402 1573 790 1630 conscientiam
811 1588 1026 1643 seraper
1066 1571 1236 1629 fodiat
1275 1580 1331 1629 et
1357 1587 1557 1628 arcana
1601 1572 1839 1643 pectoris

253 1664 436 1721 rodat.

328 1754 491 1811 Vens.
516 1754 870 1827 6.-(Oatc.)
904 1754 1120 1826 Vespere
1137 1754 1330 1821 scietis,
1347 1763 1453 1811 etc.
1473 1754 1555 1808 Ad
1570 1769 1839 1814 vesperam

1933 557 2090 606 sanat
2142 556 2216 615 te,
2266 550 2452 606 dicens
2503 567 2517 602 :
2571 547 2826 603 Dominus
2874 556 3028 602 sanat
3064 546 3340 616 languores
3387 554 3509 600 tuos

1932 658 2109 696 omnes
2140 639 2355 711 (Matth.
2388 640 2494 711 1v);
2520 640 2565 697 si
2590 646 2907 711 paupertate
2930 635 3285 699 consumeris,
3314 650 3509 691 conso-

1932 730 2093 785 lando
2120 728 2251 785 dicit
2299 746 2313 784 :
2344 729 2598 785 Dominus
2634 728 2820 784 allevat
2844 727 2908 783 de
2935 737 3074 782 terra
3098 726 3328 796 inopem,
3352 734 3399 779 et
3443 727 3507 778 de

1933 833 2159 879 stercore
2186 824 2336 895 erigit
2360 841 2640 895 pauperem
2673 822 2845 896 (Psal.
2875 821 3029 895 cxu).
3065 821 3122 877 Si
3168 822 3290 891 quis
3329 830 3506 876 tamen

1934 914 2224 971 inﬁdeliter
2273 916 2535 987 suscipit,
2592 932 2692 972 nec
2740 914 3005 980 comedit,
3059 915 3152 970 sed
3193 914 3506 978 abscondit,

1932 1021 2147 1062 vermes
2173 1021 2238 1061 ex
2265 1021 2330 1062 eo
2358 1008 2640 1065 ebulliunt.
2665 1007 2776 1063 Nec
2808 1007 3039 1062 turbaris
3066 1006 3109 1063 si
3133 1006 3201 1062 ad
3227 1005 3329 1061 hoc
3360 1005 3513 1062 duci-

1936 1104 2027 1151 tur
2055 1096 2279 1153 verbum
2313 1097 2435 1165 Dei,
2461 1108 2521 1154 ut
2562 1108 2783 1171 putetur
2807 1099 2924 1155 ﬁeri
2955 1098 3186 1167 vermis;
3226 1099 3338 1169 ipse
3364 1098 3509 1154 enim

1936 1189 2048 1244 ait:
2081 1187 2196 1260 Ego
2225 1206 2341 1244 sum
2365 1192 2571 1254 vermis,
2595 1201 2645 1246 et
2674 1208 2777 1246 non
2799 1191 2952 1245 homo
2982 1189 3155 1263 (Psal.
3190 1190 3326 1262 xxx).
3357 1189 3512 1246 Sicut

1935 1279 2080 1334 enim
2110 1279 2224 1350 ipse
2267 1289 2351 1336 est
2387 1281 2478 1351 qui
2518 1281 2579 1335 ﬁt
2608 1281 2802 1337 aliisin
2826 1282 3059 1347 ruinam,
3092 1280 3211 1337 aliis
3245 1292 3424 1337 autem
3455 1282 3512 1337 in

1937 1369 2388 1426 resurrectionem
2414 1369 2564 1443 (Luc.
2590 1371 2686 1445 ll);
2712 1371 2786 1426 ita
2810 1372 2994 1441 etipse
3013 1372 3207 1443 estqui
3231 1373 3287 1427 in
3311 1386 3512 1429 manna

1938 1457 2188 1515 ﬁdelibus
2214 1460 2440 1517 dulcedo
2465 1462 2668 1526 mellis,
2703 1461 3005 1519 inﬁdelibus
3028 1463 3229 1519 vermis
3259 1461 3509 1518 edicitur.

1936 1547 2056 1625 ipse
2082 1557 2164 1604 est
2204 1550 2346 1605 enim
2392 1566 2572 1608 sermo
2598 1553 2694 1608 Dei
2722 1553 2811 1623 qui
2843 1553 3151 1623 iniquorum
3180 1562 3390 1609 mentes
3419 1568 3510 1607 ar-

1936 1639 2050 1709 guit
2080 1649 2135 1694 et
2154 1641 2554 1698 correctionum
2580 1644 2800 1714 spiculis
2831 1645 3222 1701 conscientiam
3250 1646 3510 1702 terebrat.

1935 1731 2056 1801 ipse
2081 1740 2164 1788 est
2186 1733 2331 1789 enim
2358 1735 2451 1806 qui
2477 1734 2707 1791 edicitur
2727 1736 2806 1793 eis
2834 1737 3028 1807 quibus
3054 1737 3230 1807 aperit
3265 1736 3512 1808 Scriptu-

252 1847 432 1904 scietis
460 1847 583 1918 quia
604 1864 698 1917 ego
724 1846 1017 1913 Dominus;
1070 1863 1221 1902 mane
1253 1856 1426 1902 autem
1454 1845 1690 1901 videbitis
1716 1861 1832 1899 ma-

1941 1842 2030 1885 ras
2080 1827 2221 1899 ignis
2243 1869 2259 1894 ,
2312 1829 2406 1901 qui
2437 1830 2623 1886 dicunt
2655 1849 2670 1886 :
2723 1830 2914 1887 Nonne
2938 1848 3030 1886 cor
3055 1841 3289 1887 nostrum
3322 1833 3513 1888 ardens

249 1938 495 2007 iestatem
536 1936 770 1991 Domini.
804 1936 1182 2007 Respondeant
1208 1937 1341 1992 mihi
1366 1934 1539 1992 Judaei
1564 1936 1836 2006 quomodo

254 2027 325 2082 ad
359 2039 642 2095 vesperam
668 2025 1023 2095 cognoscitur
1048 2025 1336 2091 Dominus,
1377 2032 1432 2080 et
1459 2034 1620 2079 mane
1648 2024 1834 2079 videa-

254 2123 349 2171 tur
370 2116 629 2186 majestas
660 2113 813 2184 ejus?
840 2114 944 2170 Ubi
975 2115 1194 2186 agnitus
1221 2123 1308 2170 est
1344 2113 1413 2168 ad
1436 2128 1721 2184 vesperam
1739 2152 1756 2179 ,
1781 2120 1838 2168 et

253 2207 377 2274 eius
406 2205 663 2276 majestas
688 2206 806 2261 visa
848 2213 937 2262 est
978 2206 1169 2261 mane?
1209 2203 1317 2261 Sed
1362 2220 1472 2260 non
1521 2203 1840 2276 intelligitur

254 2298 363 2351 hoc
388 2296 495 2351 nisi
524 2296 578 2350 in
604 2295 897 2367 Evangelia
921 2294 1136 2367 (Matth.
1162 2295 1380 2367 XIVlll),
1404 2295 1462 2350 in
1484 2309 1592 2365 quo
1614 2309 1839 2365 vespere

254 2386 472 2447 sabbati
529 2387 620 2456 qui
664 2386 877 2441 lucescit
917 2387 972 2440 in
1021 2387 1194 2457 prima
1234 2387 1437 2441 sabbati
1479 2385 1615 2441 venit
1660 2384 1840 2440 Maria

251 2457 575 2548 ilagdalene
590 2486 639 2531 et
658 2476 825 2531 altera
846 2475 1025 2531 Maria
1044 2477 1116 2530 ad
1137 2476 1455 2549 sepulcrum,
1478 2485 1524 2531 et
1536 2477 1841 2533 invenerunt

196 2628 203 2637 _
254 2567 489 2638 lapidem
510 2565 798 2622 revolutum
818 2584 853 2621 a
872 2577 1226 2634 monumento,
1243 2577 1395 2623 teme
1406 2578 1605 2623 motum
1618 2568 1837 2639 factum,

255 2667 314 2713 et
356 2666 709 2714 monumenta
762 2666 949 2729 aperta
991 2673 1110 2715 esse
1138 2699 1154 2726 ,
1183 2668 1239 2714 et
1265 2659 1639 2716 centurionem
1664 2665 1721 2714 et
1746 2674 1843 2715 cu-

252 2750 442 2805 stodes
496 2748 726 2819 sepulcri
758 2749 1000 2805 dicentes
1035 2767 1052 2805 :
1108 2747 1237 2805 Vere
1276 2749 1359 2804 hic
1388 2747 1437 2802 F
1439 2750 1560 2804 ilius
1583 2748 1679 2805 Dei
1704 2738 1836 2804 erat;

257 2837 491 2909 Agnitus
521 2847 604 2895 est
631 2840 684 2895 in
715 2839 819 2895 hac
848 2855 1073 2910 vespera
1101 2840 1380 2908 Dominus,
1407 2841 1536 2913 quia
1582 2841 1697 2913 ipse
1734 2840 1843 2896 Do-

260 2927 445 2981 minus
465 2935 587 2982 erat
617 2945 632 2980 :
662 2928 875 2999 agnitus
900 2937 986 2985 est
1011 2929 1065 2984 in
1090 2929 1292 2984 virtute
1322 2928 1757 2996 resurrectionis,
1785 2936 1842 2985 et

260 3033 422 3073 mane
451 3018 621 3091 gloria
664 3018 782 3088 ejus
814 3021 928 3076 visa
954 3031 1057 3077 est.
1091 3021 1225 3078 Cum
1252 3022 1530 3078 venissent
1572 3020 1690 3076 aliae
1717 3036 1840 3076 mue

256 3106 426 3164 lieres
474 3109 650 3179 prima
687 3109 895 3165 sabbati
944 3111 1100 3167 valde
1134 3126 1328 3179 mane,
1377 3111 1703 3168 invenerunt
1745 3126 1842 3167 au-

1932 1925 2048 1972 erat
2072 1917 2127 1971 in
2154 1916 2342 1972 nobis?
2362 1926 2469 1975 etc.
2492 1917 2645 1991 (Luc.
2674 1920 2846 1993 xxiv.)
2871 1920 3006 1978 Aliis
3033 1922 3172 1994 ignis
3189 1931 3291 1989 est,
3317 1924 3515 1994 quibus

1932 2014 2142 2062 cremat
2171 2008 2359 2078 spinas
2396 2008 2463 2064 de
2494 2016 2638 2065 terra
2666 2009 2829 2077 mala,
2878 2011 2932 2066 id
2961 2020 3067 2075 est,
3108 2011 3281 2068 malas
3307 2013 3515 2085 cogita-

1936 2096 2115 2152 tiones
2138 2097 2192 2151 in
2208 2098 2371 2153 corde
2390 2099 2693 2165 consumit;
2714 2108 2774 2156 et
2795 2100 2916 2157 ideo
2939 2103 3317 2172 peccatoribus
3339 2118 3516 2173 neque

1936 2186 2141 2242 vermis
2166 2202 2400 2259 arguens
2414 2203 2651 2259 unquam
2675 2190 2923 2258 moritur,
2942 2205 3117 2262 neque
3130 2192 3268 2264 ignis
3281 2209 3515 2250 exurens

1931 2276 2305 2348 exstinguitur
2352 2294 2368 2331 :
2408 2275 2572 2348 iustis
2620 2288 2803 2336 autem
2849 2288 2906 2336 et
2949 2280 3198 2339 ﬁdelibus
3232 2296 3517 2355 permanet

1938 2364 2112 2422 dulcis
2133 2374 2190 2422 et
2216 2366 2419 2424 suavis.
2446 2367 2600 2426 Unde
2639 2369 2836 2426 dicitur
2856 2371 2996 2443 psal.
3044 2387 3218 2431 χχχιιι
3251 2391 3266 2430 :
3299 2371 3517 2432 Gustata

1932 2464 1987 2512 et
2010 2458 2199 2525 videte,
2224 2466 2330 2515 etc.
3278 2530 3285 2537 ο

2010 2548 2215 2621 (Orum,
2243 2550 2333 2605 ubi
2356 2549 2564 2624 supra.)
2596 2552 2716 2610 Alia
2751 2553 2931 2613 littera
2980 2575 2994 2612 :
3033 2554 3254 2629 Vespere
3291 2560 3519 2616 mandu-

1934 2642 2124 2696 cabitis
2150 2658 2336 2697 carnes
2358 2683 2375 2710 ,
2427 2653 2476 2698 et
2501 2660 2655 2699 mane
2698 2645 3020 2717 replebimt'ni
3046 2649 3287 2720 panibus.
3326 2652 3519 2710 Dicant

1938 2728 2110 2787 Judaei
2143 2746 2265 2803 qua:
2294 2736 2678 2805 consequentia
2707 2735 2797 2805 sit,
2824 2746 2887 2793 ut
2915 2752 3140 2809 vespere
3160 2755 3353 2797 carnes
3399 2742 3519 2799 sine

1938 2820 2171 2891 panibus
2194 2823 2504 2890 comedam,
2530 2833 2625 2880 aut
2655 2841 2815 2883 mane
2856 2842 3024 2897 panes
3058 2830 3176 2886 sine
3202 2830 3519 2902 pulmento?

1940 2910 2069 2981 quid
2085 2911 2140 2966 in
2162 2912 2268 2969 hoc
2282 2913 2448 2969 divini
2473 2917 2734 2984 muneris,
2751 2919 2881 2989 quid
2905 2924 3311 2990 temperamenti
3332 2925 3519 2995 gratiae

1942 3004 2181 3063 caelestis
2200 3008 2540 3065 ostenditur?
2560 3009 2674 3068 Hoc
2692 3021 2795 3080 est,
2819 3012 2874 3068 in
2904 3028 3011 3084 quo
3029 3032 3321 3088 agnoscere
3349 3018 3517 3074 Deum

1938 3107 2168 3171 possunt
2189 3141 2206 3168 ,
2238 3101 2331 3172 qui
2359 3117 2551 3160 carnes
2598 3103 2654 3160 in
2685 3121 2909 3179 vespera
2950 3108 3066 3165 sine
3087 3110 3315 3181 panibus
3341 3127 3520 3169 come-

261 3188 413 3273 gelos
446 3215 571 3256 cum
602 3201 803 3272 ingenti
831 3201 1077 3259 claritate
1103 3204 1352 3259 sedentes
1395 3203 1463 3258 ad
1491 3201 1795 3273 sepulcrum
1818 3242 1837 3269 ,
1866 3179 1912 3243 (ἶ
1944 3192 2099 3259 dum»
2137 3200 2195 3248 ει
2218 3193 2560 3265 maiestatem
2586 3194 2679 3253 θεῖ
2697 3211 2960 3267 apparere
2984 3179 3188 3265 dicunt.
3223 3201 3269 3257 si
3305 3218 3519 3259 rursum

259 3303 317 3350 et
371 3296 612 3351 dicentes
652 3313 665 3349 :
699 3295 824 3351 Non
856 3306 932 3352 est
965 3297 1073 3364 hic,
1117 3295 1208 3352 sed
1251 3297 1479 3352 surrexit
1517 3312 1551 3350 a
1598 3294 1835 3350 mortuis.

268 3380 457 3444 Venite-
473 3398 521 3444 et
544 3388 708 3443 videte
732 3387 924 3455 locum,
950 3397 1057 3444 etc.
1082 3388 1234 3461 (Luc.
1258 3387 1429 3460 xxiv.)
1452 3386 1579 3443 Visa
1603 3395 1688 3443 est
1711 3399 1840 3456 ergo

260 3481 522 3551 maiestas
546 3480 663 3549 ejus
691 3495 872 3549 mane,
900 3482 1029 3552 quia
1051 3489 1106 3537 et
1134 3495 1233 3553 per
1259 3478 1480 3552 angelos
1509 3477 1839 3536 resurrectio

257 3574 508 3629 nuntiata
541 3580 642 3629 est.

333 3664 500 3718 Vsus.
528 3664 676 3719 7-H.
702 3692 774 3706 —-
804 3663 921 3720 Nos
950 3681 1070 3721 vero
1096 3664 1226 3735 quid
1246 3677 1427 3719 sumus
1446 3704 1460 3728 ,
1500 3670 1608 3718 etc.
1654 3661 1838 3736 (Auc.,

258 3764 448 3824 quiest.
480 3753 547 3810 59
578 3755 631 3808 in
654 3752 857 3821 Exod,
884 3764 1015 3809 tom.
1049 3754 1160 3826 Ill.)
1189 3753 1304 3810 Non
1329 3761 1536 3809 tantum
1562 3768 1623 3809 se
1659 3752 1839 3808 valere

259 3852 523 3915 quantum
565 3843 734 3901 Deum
775 3844 1082 3907 voluerunt,
1122 3855 1255 3924 etc.,
1292 3860 1458 3912 usque
1478 3843 1547 3897 ad
1577 3841 1838 3913 Spiritum

259 3943 511 3990 salictum
543 3934 713 3989 Deum
739 3949 857 3989 csse
894 3935 1218 3989 monstravit
1242 3935 1586 4006 subjungcns,
1605 3933 1726 3989 Act.
1755 3948 1789 3987 v
1820 3950 1834 3985 :

262 4022 395 4077 Non
439 4024 734 4079 hominibus
764 4025 1009 4081 mentitus
1033 4042 1107 4093 es,
1136 4024 1227 4081 sed
1253 4025 1387 4080 Deo.

336 4113 499 4167 Vnus.
546 4112 726 4167 12-15.
754 4143 826 4154 --
853 4113 1072 4185 Vespere
1100 4116 1377 4171 comedetis
1414 4132 1600 4171 carnes
1633 4114 1835 4188 (ΘΒΜ,

258 4212 319 4257 stt
358 4201 563 4275 supra.)
595 4202 870 4260 Moraliter
898 4205 1196 4278 intelligere
1230 4221 1522 4277 possumus
1551 4207 1693 4276 quod
1720 4206 1834 4261 uni—

260 4295 461 4365 cuique
504 4304 751 4351 nostrum
788 4308 946 4353 mane
975 4306 1059 4353 est
1097 4307 1153 4354 et
1193 4298 1405 4354 initium
1436 4298 1576 4364 diei,
1630 4307 1838 4369 tempus

257 4401 374 4456 quo
398 4387 636 4457 primum
665 4386 1033 4443 illuminamur
1057 4398 1111 4445 et
1132 4387 1204 4444 ad
1228 4389 1401 4445 lucem
1430 4389 1555 4445 ﬁdei
1585 4389 1835 4446 accendi-

258 4478 405 4532 mur.
454 4477 514 4533 In
552 4478 657 4534 hoc
702 4487 943 4549 tempore
982 4495 1177 4536 carnes
1204 4480 1353 4536 verbi
1398 4495 1504 4537 non
1551 4496 1837 4552 possumus

258 4566 447 4634 edere,
477 4568 531 4623 id
573 4577 693 4635 cst,
724 4569 978 4640 perfectae
1015 4570 1276 4627 doctrinm
1321 4585 1549 4642 capaces
1600 4571 1837 4627 nondum

261 4673 486 4724 smnus;
532 4658 629 4713 sed
675 4666 796 4730 post
836 4659 995 4732 longa
1041 4661 1299 4717 exercitia
1328 4702 1344 4728 ,
1379 4668 1501 4732 post
1538 4660 1839 4731 profectum

260 4746 582 4819 plurimum,
610 4764 731 4804 cum
752 4748 865 4817 jam
893 4751 1126 4820 proximi
1157 4767 1344 4807 sumus
1368 4752 1436 4807 ad
1460 4766 1764 4822 vesperam,
1786 4752 1841 4806 id

265 4847 357 4895 est
396 4837 741 4909 perfectionis
771 4840 962 4906 ﬁdem,
1012 4848 1142 4896 tunc
1182 4841 1454 4921 solidioris
1483 4839 1587 4896 cibi
1615 4832 1843 4912 capaces

261 4929 548 4987 eﬁicimur.
574 4931 914 4987 Festinemus
939 4949 1070 5004 ergo
1098 4924 1297 4989 manna
1328 4934 1603 5002 suscipere
1628 4973 1644 4999 ,
1696 4934 1840 5003 quod

262 5030 429 5093 prout
478 5023 594 5078 vult
641 5023 868 5094 quisque
893 5039 1140 5094 saporem
1185 5024 1364 5081 reddit
1407 5024 1462 5078 in
1509 5038 1622 5078 ore.
1686 5023 1839 5080 Unde

261 5112 461 5168 Matth.
513 5130 569 5169 rx
620 5132 635 5169 :
683 5111 811 5169 Fiat
851 5116 944 5169 tibi
985 5115 1269 5171 secundum
1304 5115 1458 5185 ﬁdem
1490 5124 1653 5169 tuam.
1690 5114 1755 5169 Et
1782 5123 1840 5170 tu

258 5218 419 5274 ergo,
446 5205 492 5258 si
526 5205 752 5260 verbum
792 5204 890 5261 Dei
933 5207 1077 5276 quod
1123 5206 1177 5260 in
1211 5204 1451 5261 Ecclesia
1491 5205 1836 5275 praedicatur,

262 5299 379 5347 tota
402 5291 507 5348 ﬁde
529 5301 582 5349 et
606 5294 891 5350 devotione
920 5296 1206 5366 suscipias,
1238 5296 1332 5351 ﬁat
1354 5297 1453 5352 tibi
1484 5298 1840 5366 quodcunque

264 5382 569 5441 desideras.
620 5385 678 5441 Si
706 5387 1000 5454 tribularis,
1037 5388 1344 5444 consolatur
1380 5398 1453 5454 te,
1484 5388 1708 5445 dicens:
1737 5387 1842 5443 Cor

265 5477 553 5531 contritum
583 5489 631 5531 et
676 5478 1007 5533 Itumiliatum
1038 5479 1177 5534 Deus
1201 5497 1304 5534 non
1330 5482 1526 5552 spernit
1554 5479 1726 5554 (Psal.
1758 5482 1843 5553 L);

266 5564 319 5621 si
338 5565 539 5622 laetaris
557 5581 658 5638 pro
673 5584 768 5639 Spe
794 5568 995 5636 futura,
1009 5574 1246 5627 cumulat
1266 5572 1361 5628 tibi
1382 5573 1598 5646 gaudia,
1622 5574 1807 5629 dicens
1829 5591 1842 5626 :

266 5652 551 5709 Lmtamini
580 5657 635 5711 in
668 5657 890 5712 Domino
916 5670 963 5713 et
994 5659 1269 5729 exsultate,
1294 5661 1427 5733 justi
1463 5659 1636 5733 (Psal.
1666 5660 1842 5733 xxxr);

266 5748 319 5803 si
350 5748 646 5806 iracundus
691 5766 778 5813 es,
806 5751 935 5805 dicit
981 5770 993 5805 :
1050 5752 1235 5807 Desine
1262 5755 1325 5808 ab
1351 5755 1453 5819 ira,
1479 5765 1525 5808 et
1552 5752 1847 5825 derelinqus

1866 4529 1917 4590 D

1939 3299 2112 3355 panes
2141 3286 2259 3341 sine
2293 3286 2548 3344 carnibus
2577 3291 2964 3346 comedantur?
3009 3301 3228 3349 servent
3258 3294 3359 3350 sibi
3383 3294 3519 3361 ista,

1940 3376 2030 3433 his
2055 3377 2147 3447 qui
2187 3379 2603 3449 acquiescentes
2628 3380 2813 3449 vobis,
2846 3382 2902 3437 in
2927 3385 3299 3442 coturnicibus
3327 3397 3522 3459 putant

1941 3469 2162 3540 agnosci
2198 3470 2403 3538 Deum;
2433 3486 2533 3527 nos
2563 3482 2743 3528 autem
2761 3514 2778 3540 ,
2803 3475 2999 3545 quibus
3026 3475 3082 3531 in
3111 3476 3216 3532 fine
3240 3479 3307 3535 ad
3334 3495 3520 3551 vespe-

1942 3576 2061 3615 ram
2091 3561 2280 3617 muudi
2306 3563 2541 3619 Verbum
2574 3573 2660 3620 est
2686 3581 2815 3621 caro
2845 3565 3067 3633 factum,
3096 3567 3151 3623 in
3185 3568 3273 3624 illa
3310 3578 3517 3626 tantum

1941 3664 2109 3704 carne
2133 3651 2350 3720 agnosci
2385 3652 2612 3708 dicimus
2638 3655 2826 3720 Deum,
2855 3672 3013 3726 quem
3045 3660 3279 3729 suscepit
3302 3675 3367 3715 ex
3398 3659 3520 3716 Vir-

1941 3741 2067 3811 gine
2100 3757 2114 3794 :
2146 3741 2245 3796 bas
2268 3742 2409 3796 enim
2432 3743 2595 3798 Verbi
2625 3744 2720 3800 Dei
2752 3762 2945 3803 carnes
2966 3762 3141 3819 neque
3165 3765 3323 3806 mane
3344 3766 3522 3823 neque

1941 3830 2168 3886 meridie
2196 3832 2317 3902 quis
2345 3832 2710 3901 manducavit,
2741 3836 2835 3893 sed
2864 3838 2933 3893 ad
2957 3852 3237 3910 reaperam
3270 3859 3283 3895 :
3316 3844 3518 3901 adven-

1942 3927 2032 3976 tus
2059 3919 2203 3976 enim
2247 3921 2460 3977 Domini
2488 3923 2542 3977 iu
2587 3939 2750 3980 carne
2790 3926 2858 3982 ad
2885 3942 3169 3999 vesperam
3212 3930 3389 3989 factus
3416 3944 3519 4000 est,

1942 4009 2086 4065 sicut
2111 4017 2166 4065 et
2205 4007 2443 4071 Joannes
2483 4013 2613 4069 dicit
2661 4014 2887 4083 :Pueri,
2939 4021 3220 4077 novissima
3264 4024 3396 4079 liora
3446 4037 3522 4082 est

1941 4100 1993 4174 (1
2021 4100 2183 4156 Joan.
2223 4100 2306 4175 ιι).
2340 4133 2409 4145 --
2438 4102 2616 4171 Mane,
2647 4106 2851 4178 inquit,
2897 4110 3218 4181 replebimini
3269 4115 3516 4188 panibus.

1941 4193 2108 4251 Nobis
2142 4210 2273 4265 ergo
2310 4198 2475 4267 panis
2506 4199 2740 4256 Verbum
2790 4201 2883 4257 Dei
2915 4212 2998 4259 est
3036 4224 3048 4257 :
3098 4205 3219 4276 Ipse
3246 4219 3319 4263 est
3364 4212 3516 4279 panis

1939 4289 2083 4343 vivus
2132 4288 2222 4359 qui
2268 4288 2335 4343 de
2382 4288 2507 4344 ccelo
2563 4291 2859 4359 descendit,
2906 4303 2956 4348 et
3008 4295 3098 4349 dat
3124 4299 3283 4352 vitam
3326 4303 3521 4357 mundo

1941 4378 2122 4453 (Joan.
2157 4380 2255 4453 vt).
2297 4380 2404 4437 Sed
2438 4383 2581 4453 quod
2611 4383 2743 4439 dicit
2772 4400 2928 4440 mane
2958 4386 3075 4441 dari
3111 4388 3255 4446 hunc
3281 4406 3478 4462 panem
3504 4435 3518 4461 ,

1941 4491 2065 4532 cum
2110 4477 2424 4534 incarnatus
2471 4479 2543 4534 sit
2573 4480 2641 4535 ad
2669 4495 2973 4550 vesperam,
3009 4482 3091 4538 sic
3119 4483 3517 4555 intelligendum

1942 4583 2026 4624 est
2047 4569 2189 4639 quod
2229 4569 2297 4625 ad
2325 4581 2604 4640 vesperam
2643 4573 2830 4627 mundi
2857 4581 2913 4628 et
2944 4588 3114 4644 prope
3140 4574 3300 4632 ﬁnem
3331 4578 3517 4636 Domi-

1942 4676 2049 4719 nus
2071 4662 2311 4730 venerit;
2345 4663 2439 4719 sed
2488 4663 2723 4719 adventu
2753 4680 2872 4731 suo,
2906 4682 3026 4722 cum
3054 4668 3125 4723 sit
3148 4669 3229 4725 sol
3263 4669 3517 4741 justitiac,

1942 4767 2144 4808 novum
2190 4767 2353 4808 mane
2382 4754 2727 4812 credentibus
2755 4761 3107 4829 restauravit;
3156 4777 3385 4832 novum,
3416 4768 3520 4823 sci-

1942 4841 2073 4898 licet
2091 4842 2330 4899 scientiae
2355 4842 2560 4910 lumen,
2592 4845 2645 4900 in
2672 4862 2779 4918 quo
2808 4851 3081 4919 replentur
3114 4853 3344 4923 panibus
3362 4896 3376 4916 .
3406 4857 3520 4927 ⁸(ιιιὶ

1945 4943 2300 5006 susceperunt
2317 4946 2584 5007 praecepta
2607 4939 2745 5009 ejus.
2771 4940 2879 4997 Nec
2903 4942 3116 4999 mireris
3141 4943 3267 5014 quia
3292 4946 3519 5005 verbum

1949 5023 2150 5081 dicitur
2176 5034 2231 5079 et
2255 5040 2383 5081 caro
2405 5027 2522 5093 Dei,
2552 5037 2607 5085 et
2634 5030 2789 5100 panis
2805 5072 2820 5097 ,
2843 5040 2899 5086 ct
2921 5033 3006 5089 lac
3030 5032 3231 5089 dicitur
3252 5042 3309 5091 et
3334 5034 3476 5094 olera
3502 5079 3518 5103 ,

1946 5123 2005 5169 et
2030 5129 2131 5185 pro
2160 5128 2415 5171 mensura
2456 5118 2810 5187 credentium,
2840 5130 2895 5178 et
2916 5123 3269 5193 possibilitate
3306 5142 3552 5195 sumen-,

1951 5202 2084 5259 tium
2132 5203 2343 5260 diverse
2383 5208 2712 5265 nominatur.
2753 5208 2851 5266 Vel
2896 5222 3019 5283 post
3064 5218 3519 5277 resurrectionem

1948 5310 2107 5350 mane
2137 5293 2336 5352 factam
2375 5300 2660 5356 credentes
2681 5301 2908 5371 replevit
2928 5303 3175 5372 panibus,
3201 5307 3327 5378 quia
3354 5306 3521 5363 libros

1948 5385 2082 5459 legis
2103 5395 2158 5441 et
2178 5389 2558 5459 prophetarum
2600 5392 2751 5464 prius
2772 5392 2983 5464 ignotos
3006 5396 3074 5449 ad
3112 5395 3519 5451 instructionem

1948 5478 2204 5536 Ecclesiae
2252 5483 2554 5550 concessit,
2609 5493 2663 5538 et
2691 5485 2805 5555 ipse
2835 5484 2894 5540 ﬁt
2917 5485 3074 5556 panis
3114 5487 3168 5541 in
3194 5485 3518 5556 Evangelia,

1949 5574 2130 5629 caeteri
2164 5589 2293 5631 vero
2319 5575 2444 5631 libri
2485 5576 2622 5649 legis
2650 5586 2704 5634 et
2730 5580 3115 5650 prephetarum
3151 5582 3235 5638 vel
3269 5582 3520 5639 historia-

1949 5678 2071 5720 rum
2097 5663 2278 5735 plures
2309 5681 2475 5736 panes
2511 5668 2781 5737 dicantur,
2812 5671 3006 5741 quibus
3049 5672 3356 5742 repleantur
3396 5689 3518 5730 cre-

1953 5756 2141 5813 dentes
2163 5773 2227 5813 ex
2252 5757 2520 5829 gentibus.
2550 5745 2701 5816 Unde
2755 5780 2767 5815 :
2803 5762 3091 5817 Ast-endem
3121 5764 3173 5818 in
3201 5776 3444 5833 montem,
3473 5777 3520 5821 et
