3998 6332
498 376 605 432 231}

932 417 939 426 .
998 370 1395 428 \VALAFRIDI
1438 370 1686 429 STltABl
1726 370 1933 429 FULD.
1976 368 2140 427 NON.
2183 368 2335 428 OPP.
2375 368 2553 427 PARS
2585 370 2626 426 Ι.
2669 400 2739 413 -—
2778 368 3236 428 TllEOLOGlCA.

3659 360 3821 432 ω.

497 490 667 546 bibent
708 490 908 555 vinum,
944 497 1206 559 unguento
1239 498 1520 560 angantur.
1552 486 1646 543 Sic
1682 500 1814 558 ergo
1858 498 2080 556 compe-
2110 485 2163 547 Α
2189 491 2302 540 tum
2324 490 2523 555 potest,
2552 497 2621 538 ne
2647 481 2777 553 quid
2804 481 3171 539 indiscussum
3204 480 3496 554 relinquat,
3537 495 3612 538 ne
3643 476 3775 546 cum

498 591 675 641 tenter
723 594 918 637 carnes
964 581 1032 635 ad
1073 594 1358 649 vesperam
1409 578 1705 650 accipimus
1752 586 1809 633 et
1850 577 2083 649 panibus

496 689 656 730 mane
686 673 958 742 replemur
985 689 999 726 :
1032 671 1159 742 quia
1187 687 1286 728 nec
1309 678 1621 743 poteramus
1664 685 1823 726 mane
1857 683 2079 725 carnem

494 766 696 832 cdere,
753 763 990 819 nondum
1020 762 1167 818 enim
1198 770 1319 817 erat
1368 771 1611 833 tempus;
1659 775 1763 815 nec
1815 759 2078 822 meridie.

494 859 581 914 xix
615 857 760 913 enim
789 855 964 927 angeli
1004 853 1172 909 edunt
1198 866 1395 908 carnes
1425 852 1650 907 meridie
1681 860 1737 907 et
1775 850 1848 906 illi
1880 849 2078 905 fortas-

494 948 570 1005 sis
592 947 765 1003 ordini
797 944 1153 1001 meridianum
1184 951 1396 1012 tempus
1426 942 1760 996 conceditur.

565 1038 637 1095 Et
667 1052 839 1094 mane.
874 1035 1025 1091 Nono
1057 1035 1144 1093 die
1170 1035 1388 1104 quando
1412 1032 1667 1089 Christus
1688 1073 1703 1099 ,
1730 1031 1812 1087 sol
1828 1028 2077 1100 iustitia),

495 1131 731 1188 adventu
761 1143 861 1187 suo
889 1125 1235 1184 credentibus
1266 1124 1538 1195 reparavit
1564 1123 1794 1195 perdita.

564 1222 740 1296 (ιειο.)
784 1220 892 1276 Per
936 1218 1216 1275 volucrum
1260 1232 1414 1272 escas
1461 1216 1724 1289 ﬁguratur
1763 1212 2079 1286 praedicatio

492 1315 750 1371 divinitus
792 1313 975 1377 missa,
1009 1327 1130 1382 qua:
1173 1309 1499 1366 transcurrit
1544 1322 1643 1378 per
1687 1307 1850 1363 verba
1880 1320 2081 1363 sonan-

496 1407 588 1472 tia,
614 1405 771 1477 quasi
800 1419 896 1473 per
925 1418 1109 1458 aerem
1136 1401 1378 1458 volatilia
1403 1409 1661 1472 pennata,
1683 1399 1881 1470 quibus
1903 1413 1997 1470 per
2016 1398 2079 1453 ti-

493 1497 616 1553 dem
644 1502 962 1566 pascuntur,
990 1493 1082 1565 qui
1120 1492 1188 1548 ad
1236 1492 1467 1564 patriam
1514 1491 1789 1547 cmlestem
1833 1488 2079 1562 proﬁcis-

491 1595 708 1645 cuntur.
744 1585 842 1642 Vel
871 1585 1069 1640 veteris
1096 1584 1231 1656 legis
1271 1582 1507 1654 eloquia,
1534 1598 1656 1654 quae
1697 1581 1907 1653 plebem
1959 1596 2080 1637 car-

493 1676 667 1732 nalem
695 1684 952 1746 tanquam
996 1690 1160 1731 carne
1181 1674 1360 1730 alebat
1386 1690 1483 1744 per
1494 1673 1656 1730 verba
1677 1673 1932 1729 divinitus
1950 1675 2080 1730 mis-

491 1783 573 1831 sa,
606 1766 764 1838 quasi
784 1782 881 1838 per
906 1766 1169 1822 volatilia.
1206 1765 1358 1822 Unde
1389 1774 1444 1822 et
1486 1780 1713 1836 vespere
1748 1765 1928 1832 datur,
1950 1765 2079 1836 quia

2184 592 2293 633 non
2333 574 2526 646 possit,
2560 575 2773 631 discere
2809 573 3053 646 incipiat.

2254 667 2417 723 Vsus.
2442 666 2532 721 9.0.
2559 696 2630 707 —
2655 664 2762 721 Sed
2789 664 3102 721 dimiserunt
3136 666 3352 739 quidam
3399 681 3467 721 ex
3493 666 3571 722 eis
3610 684 3775 741 usque

2181 775 2355 825 mane,
2387 768 2492 814 etc.
2518 757 2849 828 Principium
2876 756 3102 813 alterius
3124 757 3269 825 vitae,
3295 758 3348 812 in
3368 773 3475 827 qua
3510 772 3619 814 non
3638 758 3772 815 lice-

2181 850 2468 905 bitvacare
2494 850 2773 916 doctrinm,
2793 850 2886 906 sed
2904 864 3102 906 manna
3125 858 3547 921 computrescet,
3569 860 3629 906 et
3645 866 3773 907 ver—

2182 940 2360 995 mibus
2374 941 2621 997 scatebit.
2638 940 2691 997 id
2706 948 2808 1006 est,
2835 954 3054 1012 plenam
3074 941 3155 997 eis
3180 950 3441 1019 teternam
3464 943 3771 1013 generabit.

2251 1031 2417 1086 Vsus.
2460 1030 2550 1085 2|.
2580 1060 2651 1071 —-
2688 1029 2923 1104 Cumque
2967 1031 3271 1088 incaluisset
3311 1032 3411 1096 sol,
3444 1031 3769 1105 liqueﬁebat.

2174 1124 2315 1192 Quia
2336 1130 2467 1179 tunc
2493 1124 2671 1180 omnis
2695 1123 2995 1195 Scriptum
3022 1124 3332 1181 intellectus
3371 1124 3611 1196 patebit,
3643 1123 3773 1195 quia

2178 1231 2318 1269 nunc
2351 1213 2582 1269 videmus
2605 1228 2698 1285 per
2723 1215 2990 1286 speculatur
3024 1216 3079 1271 in
3098 1216 3398 1287 cnigmate,
3433 1225 3558 1271 tunc
3593 1226 3773 1271 autem

2180 1303 2464 1360 ridebimus
2490 1304 2628 1374 facie
2665 1304 2736 1358 ad
2764 1304 2953 1376 faciem
2977 1304 3027 1379 (Ι
3055 1304 3179 1361 Cor.
3210 1306 3355 1379 xm).

2247 1392 2414 1449 Vnus.
2445 1392 2790 1449 22.—Cibos
2810 1395 3063 1467 duplices.
3088 1396 3405 1453 Necessaria
3424 1398 3633 1455 scilicet
3662 1399 3779 1455 ani-

2177 1500 2281 1541 mae
2301 1485 2602 1556 etcorpori.
2629 1484 2765 1540 Nam
2784 1486 2839 1541 in
2861 1486 3114 1558 septima,
3135 1503 3261 1560 qua:
3281 1497 3622 1545 mortuomm
3641 1497 3777 1546 tetas

2179 1576 2515 1651 intelligitur,
2553 1579 2761 1635 scilicet
2794 1580 2975 1637 nullus
3005 1582 3114 1638 erit
3145 1583 3405 1652 operandi
3437 1582 3605 1639 locus.

2247 1668 2415 1724 Vens.
2458 1670 2752 1726 25-52.—
2782 1670 3003 1743 Requies
3058 1672 3284 1739 sabbati,
3331 1680 3440 1730 etc.
3485 1672 3780 1730 Audienda

2177 1763 2402 1820 verbum
2425 1763 2520 1819 Dei
2548 1772 2604 1819 et
2626 1762 2894 1831 faciendo,
2918 1764 3003 1820 vel
3028 1766 3165 1821 bene
3190 1766 3421 1822 vivendo
3445 1774 3502 1821 et
3522 1766 3648 1821 aliis
3672 1767 3780 1822 mi-

491 1866 687 1914 cuncta
719 1857 1012 1914 carnaliter
1056 1857 1162 1914 illis
1188 1873 1444 1914 concessa
1474 1857 1636 1913 ﬁnem
1666 1864 1825 1913 erant
1860 1858 2078 1914 habitu-
2107 1842 2156 1902 Β
2183 1853 2535 1911 sericordiam
2558 1856 2887 1926 praestando.
2920 1856 3074 1924 Quod
3103 1856 3470 1928 reponebatur
3511 1873 3613 1927 pro
3649 1857 3781 1912 sab-

492 1965 574 2007 ra.
602 1949 892 2007 Manifesta
913 1957 1097 2004 autem
1125 1948 1326 2004 lumine
1355 1947 1482 2003 ﬁdei
1500 1947 1660 2003 datur
1691 1962 1912 2014 manna,
1934 1947 2081 2017 quod

491 2050 577 2098 est
602 2041 873 2107 Christus,
901 2038 1055 2112 panis
1085 2038 1293 2096 scilicet
1322 2039 1466 2094 vivus
1491 2039 1582 2111 qui
1603 2038 1669 2094 de
1695 2036 1821 2093 caelo
1867 2037 2083 2097 descen-

490 2137 569 2191 dit
609 2133 793 2208 (Joan.
821 2130 930 2206 vi),
986 2133 1077 2203 qui
1128 2148 1228 2204 per
1275 2132 1448 2188 nubes
1481 2131 1824 2203 cvangelicas
1862 2130 2082 2186 univer-

491 2240 551 2280 so
576 2223 696 2280 orbi
722 2222 927 2294 pluitur
959 2241 971 2276 :
999 2237 1104 2279 non
1139 2222 1251 2294 jam
1277 2221 1636 2278 murmuranti
1665 2228 1720 2275 et
1748 2220 1941 2276 tentati
1973 2218 2078 2293 Sy-

490 2332 736 2390 nagogac,
764 2315 859 2371 sed
881 2315 1121 2371 credenti
1152 2322 1208 2369 et
1248 2313 1486 2384 speranti
1510 2311 1794 2368 Ecclesia.

562 2409 724 2464 Vsus.
761 2406 849 2465 14.
877 2406 1038 2462 -Ιη
1075 2406 1474 2463 similitudinem
1522 2405 1729 2477 pruinae
1769 2421 1929 2477 super
1973 2415 2079 2460 ter-

491 2520 629 2559 ram.
660 2503 861 2561 Pruina
899 2502 1176 2559 Christum
1222 2500 1532 2573 signiﬁcat:
1562 2514 1762 2554 manna
1801 2499 1945 2554 enim
1974 2498 2081 2554 Do-

489 2596 690 2653 minica
720 2595 809 2649 die
839 2594 1071 2667 primum
1095 2592 1280 2648 datum
1324 2598 1428 2656 est,
1456 2597 1512 2646 et
1535 2587 1781 2645 Christus
1797 2588 2077 2645 Dominica

490 2686 579 2742 die
610 2683 929 2741 resurrexit.

562 2774 784 2831 Tutum.
815 2775 873 2832 ld
894 2782 978 2831 est
999 2772 1433 2829 mundissimum.
1464 2769 1618 2827 Sicut
1658 2770 1804 2826 enim
1829 2768 2075 2826 frumen-

491 2877 629 2935 tum,
659 2868 745 2925 vel
783 2867 1016 2934 milium,
1042 2866 1130 2921 vel
1172 2865 1317 2920 aliud
1369 2862 1476 2919 tale
1513 2862 1569 2919 in
1623 2861 1942 2919 mortariolo
1965 2861 2075 2932 pilo

491 2962 692 3018 teritur
728 2968 783 3017 et
804 2959 1055 3015 folliculis
1079 2958 1316 3022 exuitur,
1370 2956 1451 3012 sic
1479 2969 1679 3026 corpus
1724 2951 1927 3010 Christi
1978 2968 2077 3024 per

493 3051 896 3108 tribulationem
942 3047 1213 3121 passionis
1261 3054 1316 3102 et
1362 3044 1472 3118 pilo
1518 3043 1698 3101 crucis
1743 3042 2075 3099 mortalitate

490 3149 715 3197 exutum
743 3149 845 3194 est.
876 3135 975 3192 Vel
1003 3136 1270 3190 minutum
1301 3148 1497 3189 manna
1525 3132 1793 3189 subtilitas
1832 3130 2074 3189 ccelestis

493 3230 778 3296 doctrinm,
808 3241 927 3300 quae
948 3225 1059 3298 pilo
1085 3225 1328 3281 tunditur
1352 3233 1412 3280 ut
1433 3221 1681 3279 litteratis
1701 3236 1895 3279 sensus
1910 3234 2077 3278 exua-

493 3333 604 3380 tur.

565 3411 731 3469 Vens.
765 3411 852 3466 15.
884 3441 954 3451 -
979 3408 1109 3464 Man
1133 3406 1226 3463 hu.
1251 3406 1466 3482 (Gnsc.,
1514 3405 1611 3461 lib.
1654 3418 1803 3460 xxvn
1854 3402 2075 3471 Moral.,

493 3517 615 3574 cap.
639 3500 718 3575 7.)
758 3500 898 3570 Quid
926 3513 1023 3570 per
1050 3514 1246 3554 manna
1271 3498 1398 3553 ﬁliis
1414 3496 1581 3553 Israel
1611 3496 1842 3567 desuper
1868 3495 2073 3561 datum,

490 3594 598 3650 nisi
625 3592 914 3648 admiratio
937 3605 1188 3661 superna:
1211 3587 1515 3645 dulcedinis
1557 3585 1913 3658 designatur?
1948 3583 2077 3639 Dul-

492 3686 573 3742 cis
598 3684 744 3740 enim
766 3683 940 3747 cibus,
957 3680 1050 3751 qui
1078 3679 1146 3736 de
1174 3680 1422 3751 supernis
1443 3678 1736 3748 accipitur;
1752 3692 1874 3731 man
1892 3676 1965 3729 hu
1985 3689 2079 3730 vo—

493 3781 668 3838 catur,
697 3771 842 3842 quod
868 3771 1255 3840 interpretatur
1285 3767 1427 3833 Quid
1470 3779 1543 3822 est
1583 3768 1681 3821 hoc
1702 3767 1729 3820 .9
1756 3765 1900 3836 quod
1939 3765 2077 3821 dici-

493 3875 616 3917 mus
642 3858 858 3931 quando
895 3860 1167 3914 cernimus
1209 3857 1351 3928 quod
1384 3857 1690 3912 nescientes
1719 3854 2074 3910 admiramur.

495 3952 804 4023 Snpernum
829 3949 991 4020 igitur
1015 3964 1211 4003 manna
1231 3948 1411 4003 anima
1435 3946 1687 4018 percipit,
1719 3962 1843 4002 cum
1872 3962 1969 4017 per
1983 3960 2077 4001 vo-

495 4055 617 4098 cem
650 4037 1084 4110 compunctionis
1106 4036 1315 4093 elevata
1347 4053 1541 4093 novam
1597 4037 1832 4108 speciem
1859 4045 2078 4093 reternze

496 4132 817 4191 refectiouis
841 4131 1197 4202 obstupescit,
1225 4139 1285 4185 ut
1312 4129 1494 4185 divina
1540 4128 1827 4185 dulcedine
1874 4127 2077 4200 repleta

490 4230 616 4300 jure
641 4226 964 4298 respondeat
995 4223 1134 4291 Quid
1166 4233 1241 4279 est
1281 4223 1380 4277 hoc
1401 4223 1427 4277 Ρ
1449 4223 1574 4294 quia
1613 4222 1742 4278 dum
1785 4220 1855 4277 ab
1891 4220 2078 4277 inﬁma

497 4322 827 4394 cogitatione
855 4317 1223 4390 suspenditur,
1258 4330 1321 4373 ea
1345 4330 1466 4386 quae
1490 4314 1558 4370 de
1583 4314 1834 4385 supernis
1859 4312 2074 4385 conspi-

495 4417 573 4472 cit
599 4423 655 4470 et
677 4412 892 4469 insolite
934 4408 1184 4466 miratur.
1216 4406 1283 4462 Et
1318 4420 1439 4461 cum
1462 4420 1561 4477 per
1585 4405 1724 4461 hanc
1745 4418 1933 4460 vocem
1972 4412 2078 4460 tor-

494 4507 646 4580 poris
670 4503 842 4561 nostri
874 4500 1111 4558 surditas
1163 4497 1451 4569 rumpitur,
1496 4503 1720 4551 vetustae
1771 4494 1896 4550 vita:
1945 4506 2077 4549 usus

400 4616 405 4621 ·
499 4602 762 4659 mutatur,
786 4599 845 4647 ut
869 4591 1068 4655 anima,
1091 4602 1325 4658 superno
1351 4585 1546 4658 spiritu
1584 4581 1784 4650 aﬁlata,
1831 4591 1889 4638 et
1907 4583 1967 4639 in
1986 4597 2077 4639 su-

495 4685 702 4759 premis
723 4690 940 4754 appetat
963 4679 1107 4750 quod
1136 4683 1557 4748 contempserat,
1594 4683 1652 4732 et
1674 4681 1986 4731 contemnat
2020 4672 2076 4728 in

498 4774 705 4833 inﬁmis
733 4771 875 4844 quod
906 4768 1211 4841 appetebat.

2179 1945 2309 2002 bato
2370 1960 2478 2000 non
2520 1947 2989 2016 corrumpebatur,
3021 1946 3148 2018 quia
3172 1947 3313 2003 bona
3341 1962 3444 2018 pro
3469 1948 3653 2002 futura
3681 1963 3776 2002 re-

2179 2036 2306 2106 quie
2330 2034 2500 2102 facta,
2531 2035 2586 2091 in
2610 2035 2793 2092 futura
2822 2037 2934 2093 vita
2963 2045 3184 2093 manent
3229 2039 3465 2111 integra.
3516 2039 3776 2109 Alioquin

2178 2126 2507 2183 ebulliebant
2556 2142 2772 2184 vermes
2802 2138 2859 2184 et
2916 2129 3393 2200 compulrescebat
3417 2130 3563 2199 quod
3592 2144 3780 2185 serva-

2177 2216 2339 2272 batur
2369 2235 2383 2270 :
2414 2216 2507 2287 qui
2546 2216 2694 2272 enim
2720 2227 2943 2290 propter
2966 2227 3290 2290 praesentem
3338 2220 3508 2275 vitam
3536 2229 3593 2276 et
3620 2235 3779 2275 amo-

2180 2319 2294 2363 rem
2315 2306 2497 2362 saeculi
2539 2308 2932 2377 thesaurizant,
2964 2309 3071 2367 illis
3100 2309 3289 2368 ebullit
3315 2311 3515 2368 vermis
3544 2312 3641 2383 qui
3662 2328 3777 2367 non

2181 2398 2472 2454 morietur.

2249 2489 2416 2546 Vens.
2461 2490 2551 2559 '53,
2600 2491 2691 2548 54.
2719 2523 2792 2534 -
2817 2492 2887 2548 Et
2939 2510 3127 2566 repone
3177 2511 3376 2564 coram,
3434 2506 3547 2552 etc.
3603 2495 3773 2568 (Anc.

2174 2594 2362 2656 quiest.
2394 2583 2457 2640 61
2486 2583 2540 2639 in
2564 2584 2768 2658 Exod.)
2807 2586 2983 2654 Quaari
3007 2598 3187 2659 potest
3211 2588 3303 2644 ubi
3329 2588 3509 2645 Aaron
3542 2604 3780 2661 repone-

2179 2684 2262 2732 ret
2283 2684 2411 2732 ante
2428 2675 2742 2745 Dominum,
2772 2679 2992 2749 quando
3013 2693 3114 2736 nec
3156 2679 3329 2737 ullum
3357 2680 3774 2738 tabernaculum

2174 2767 2296 2835 fuit,
2324 2783 2423 2824 nec
2450 2781 2581 2823 arca
2608 2769 2922 2825 testamenti
2950 2766 3067 2839 jam
3093 2768 3276 2826 fuerat
3329 2772 3652 2828 constituta.
3681 2774 3773 2828 An

2176 2859 2318 2916 forte
2346 2860 2414 2916 de
2462 2858 2666 2927 futuro,
2721 2860 2846 2918 ideo
2896 2861 3034 2917 dixit
3069 2878 3277 2934 repone,
3322 2872 3383 2919 ut
3431 2864 3779 2936 intelligatur

2172 2960 2307 3009 tunc
2333 2961 2460 3009 ante
2516 2952 2804 3009 Dominum
2853 2968 3015 3024 posse
3072 2956 3283 3026 reponi,
3332 2956 3551 3027 quando
3582 2957 3776 3014 futura

2174 3060 2303 3103 arca
2340 3045 2616 3103 eratlAn
2667 3046 2848 3118 potius
2885 3056 3012 3103 ante
3060 3048 3346 3106 Dominum
3397 3053 3605 3108 dictum
3663 3062 3776 3120 est,

2180 3137 2323 3210 quod
2346 3137 2407 3193 ﬁt
2443 3138 2559 3209 ipsa
2598 3137 2881 3194 devotione
2906 3137 3191 3207 efferendi,
3220 3141 3274 3196 in
3296 3158 3625 3214 quocunque
3646 3146 3777 3202 loco

2175 3229 2519 3299 poneretur?
2557 3227 2656 3286 Ubi
2696 3231 2840 3286 enim
2870 3246 2980 3287 non
3009 3241 3096 3289 est
3124 3233 3315 3290 Deus?
3358 3232 3466 3290 Sed
3488 3237 3634 3306 quod
3670 3237 3777 3292 ad-

2172 3314 2354 3389 jungit
2381 3335 2394 3373 :
2428 3317 2497 3372 Et
2524 3320 2752 3391 reposuit
2782 3320 2964 3376 Aaron
2989 3331 3113 3378 ante
3167 3322 3569 3381 tabernaculum
3591 3328 3663 3381 ad
3692 3344 3778 3384 re-

2176 3408 2508 3476 servandum,
2545 3411 2783 3482 priorem
2804 3412 2976 3485 magis
2996 3429 3217 3471 sensum
3245 3417 3459 3473 asserit.
3490 3416 3605 3474 Hoc
3618 3420 3775 3476 enim

2176 3500 2339 3558 modo
2369 3500 2648 3575 Scriptura
2676 3504 2812 3560 dixit
2832 3520 2932 3577 per
2966 3506 3279 3579 prolepsim,
3332 3510 3475 3579 quod
3525 3519 3652 3580 post
3687 3512 3777 3568 fa-

2176 3599 2323 3646 ctum
2365 3600 2451 3647 est
2491 3607 2616 3649 cum
2651 3610 2775 3652 esse
2798 3595 2965 3667 erepit
3002 3597 3417 3655 tabernaculum
3447 3601 3772 3659 testimonii.

2250 3676 2418 3736 Vens.
2447 3679 2536 3748 55,
2580 3682 2672 3740 36.
2708 3715 2780 3726 —
2824 3683 2959 3741 Filii
3002 3695 3177 3742 autem
3225 3686 3402 3744 Israel
3430 3692 3775 3748 comederunt

2175 3787 2371 3828 manna
2388 3774 2740 3847 quadraginta
2758 3778 2936 3845 annis,
2959 3788 3066 3835 etc.
3085 3778 3275 3850 (Acta,
3292 3780 3446 3850 ibid.,
3466 3794 3658 3854 quarst.
3675 3785 3772 3841 62.

2176 3861 2296 3917 Alia
2325 3862 2506 3920 littera
2538 3884 2552 3920 :
2586 3863 2714 3921 Filii
2739 3877 2916 3923 autem
2945 3866 3121 3926 Israel
3147 3871 3362 3929 ederunt
3400 3890 3597 3929 manna
3629 3893 3772 3947 qua-

2176 3953 2422 4026 draginta
2436 3958 2610 4024 annis,
2638 3967 2764 4025 etc.,
2780 3976 2943 4033 usque
2964 3961 3035 4017 ad
3060 3973 3281 4021 noverat
3304 3967 3450 4022 enim
3472 3967 3618 4025 Deus
3638 3972 3773 4042 quid

2177 4045 2551 4104 desiderarent
2587 4057 2644 4106 et
2696 4066 2762 4107 ex
2802 4066 2911 4123 quo
2938 4068 3138 4124 genere
3175 4056 3357 4112 carnis
3396 4058 3624 4114 satiaret
3650 4075 3771 4116 eos.

2248 4135 2598 4193 Comederunt
2622 4156 2816 4196 manna
2828 4143 3183 4216 quadraginta
3197 4147 3375 4202 annis.
3386 4147 3598 4219 Corpus
3610 4148 3772 4207 Chri-

2178 4228 2273 4296 sti,
2326 4229 2536 4287 scilicet
2563 4229 2801 4289 Verbum
2836 4234 2964 4302 Dei,
3001 4237 3143 4308 quod
3171 4238 3500 4311 percipimus
3536 4257 3681 4299 nunc
3714 4241 3771 4299 in

2177 4321 2485 4391 aenigmate,
2514 4330 2643 4379 tunc
2669 4332 2850 4380 autem
2878 4323 3018 4383 facie
3042 4326 3110 4383 ad
3134 4326 3329 4384 faciem
3356 4329 3409 4403 (I
3439 4330 3565 4386 Cor.
3595 4331 3711 4404 15).

2248 4413 2427 4469 Donec
2458 4416 2691 4472 venirent
2720 4416 2775 4472 in
2803 4426 2994 4473 terram
3026 4419 3387 4489 habitabilem,
3434 4431 3542 4479 etc.
3576 4424 3768 4497 (Aco.,

2100 4555 2155 4616 Β
2175 4514 2365 4609 quaest.
2395 4504 2466 4609 ϐξ
2488 4507 2542 4562 in
2581 4504 2943 4616 Exod.',“tom..
2965 4507 3218 4616 lll.)“Alia
3242 4510 3454 4568 littera:
3485 4512 3773 4587 Quousque

2180 4596 2410 4651 venirent
2433 4597 2487 4651 in
2513 4605 2716 4668 partem
2745 4595 3028 4654 Phoenicis.
3061 4598 3169 4657 Per
3186 4602 3563 4673 repetitionem
3602 4621 3774 4676 expo-

2183 4688 2263 4743 nit
2294 4702 2457 4773 quam
2486 4696 2688 4743 terram
2715 4688 2852 4745 dixit
2876 4690 3135 4761 habitari,
3166 4700 3296 4762 etc.,
3318 4710 3480 4767 usque
3511 4698 3583 4750 ad
3624 4697 3768 4752 mul-

2180 4789 2361 4835 tarum
2390 4780 2536 4837 enim
2568 4789 2861 4849 terrarum,
2886 4780 3148 4851 locorum,
3170 4783 3449 4841 fluminum
3474 4794 3532 4842 et
3551 4788 3770 4844 urbium

570 4888 736 4945 Vnus.
774 4883 854 4947 16,
881 4881 971 4937 17.
987 4911 1055 4922 —
1075 4880 1242 4936 Juxta
1274 4895 1544 4934 numerum
1566 4879 1865 4934 animarum
1886 4886 2081 4933 restra-
2180 4872 2403 4930 nomina
2430 4873 2598 4930 certis
2625 4873 2808 4930 causis
2832 4875 3064 4930 mutavit
3085 4875 3398 4948 antiquitas.

501 4996 643 5043 rum,
667 4985 778 5033 etc.
811 4974 994 5047 (Acta,
1026 4970 1222 5027 locutio
1248 4970 1361 5041 78.)
1393 4970 1546 5041 Sa'pe
1588 4968 1869 5043 Scriptura
1892 4970 2076 5025 homi-

498 5085 596 5126 nes
617 5070 827 5124 animas
852 5062 1105 5137 appellat,
1133 5078 1163 5117 a
1190 5070 1342 5133 parte
1384 5068 1555 5116 totum
1584 5077 1598 5115 :
1629 5076 1738 5116 non
1779 5058 1947 5116 facile
1976 5074 2075 5115 au-

500 5173 609 5218 tem
667 5174 859 5216 carnes
907 5172 1008 5229 pro
1072 5153 1420 5218 hominibus,
1466 5148 1562 5207 sed
1612 5162 1867 5217 carnem;
1936 5151 2080 5206 sicut

496 5251 636 5325 psal.
669 5266 734 5305 ιν
765 5268 779 5303 :
819 5246 941 5303 Non
966 5246 1155 5302 timebo
1183 5244 1308 5316 quid
1346 5242 1509 5313 faciat
1535 5258 1694 5307 caro;
1733 5241 1876 5313 quod
1921 5257 2078 5312 aper-

503 5343 609 5397 tius
634 5341 688 5397 in
708 5336 916 5411 psalmo
935 5335 1125 5390 eodem
1151 5333 1246 5398 ait,
1268 5328 1391 5402 quid
1427 5332 1587 5402 faciat
1612 5331 1741 5385 mihi
1762 5333 1935 5385 homo.
1959 5330 2076 5387 Non

497 5442 682 5489 autem
707 5430 934 5494 diceret,
967 5426 1262 5483 secundum
1291 5438 1574 5479 numerum
1598 5424 1844 5477 carnium
1870 5434 2077 5479 vestra—

498 5541 653 5590 rum,
703 5522 845 5579 sicut
893 5518 1060 5585 dixit,
1120 5514 1401 5571 secundum
1454 5526 1725 5568 numerum
1777 5515 2073 5568 animarum

498 5627 810 5672 vestrarum.

572 5707 736 5764 Vsus.
760 5707 848 5772 18,
882 5706 966 5761 19.
990 5736 1059 5747 -—-
1078 5705 1243 5762 Juxta
1280 5705 1334 5759 id
1355 5704 1493 5776 quod
1514 5702 1664 5759 edere
1689 5712 1945 5773 poterant,
1970 5712 2074 5760 etc.

503 5798 638 5867 Quia
668 5799 721 5855 in
756 5800 1008 5871 praesenti
1039 5800 1147 5854 vita
1172 5797 1396 5868 quilith
1442 5798 1600 5853 debet
1651 5796 1859 5851 discere
1909 5813 2073 5866 quan-

2754 4982 2982 5041 CAPUT
3033 4983 3190 5040 XVII.

2257 5064 2425 5120 Vens.
2452 5062 2510 5131 1,
2539 5062 2596 5120 2.
2619 5094 2690 5104 —
2722 5062 2897 5138 Igitur
2917 5065 3149 5136 profecta
3188 5066 3359 5120 omnis
3386 5062 3671 5121 multitudo
3695 5067 3767 5136 [i-

2182 5154 2374 5211 liorum
2398 5150 2588 5221 Israel,
2619 5163 2724 5210 etc.
2758 5153 2960 5227 (OntG.,
2991 5154 3133 5209 hom.
3164 5154 3220 5210 11
3250 5155 3304 5210 in
3340 5153 3542 5228 Exod.)
3564 5155 3766 5212 Omnes

2186 5247 2280 5317 qui
2304 5244 2604 5316 volnutple
2635 5246 2814 5302 vivere
2859 5246 2912 5301 in
2938 5245 3156 5302 Christo
3190 5247 3628 5318 persecutionem
3668 5263 3763 5319 pa-

2187 5337 2414 5400 tiuntur,
2471 5336 2541 5390 ab
2588 5336 2832 5392 hostibus
2888 5336 3308 5410 impugnantur:
3349 5352 3626 5410 agensque
3664 5338 3772 5394 iter

2184 5422 2346 5496 hujus
2374 5427 2497 5481 vita:
2521 5441 2736 5499 semper
2768 5426 2927 5483 debet
2988 5443 3109 5483 esse
3144 5434 3363 5499 paratus
3399 5438 3455 5484 et
3504 5442 3653 5486 stare
3709 5430 3761 5486 in

2183 5517 2398 5573 castris.
2430 5515 2582 5573 Unde
2617 5518 2858 5589 profecta
2895 5524 2981 5575 est
3013 5517 3191 5575 onmis
3222 5535 3491 5592 synagoga
3531 5520 3763 5577 ﬁliorum

2184 5610 2351 5668 Israel
2374 5612 2440 5667 de
2478 5612 2695 5667 deserto
2726 5610 2820 5667 Sin
2846 5613 3141 5668 secundum
3168 5623 3346 5669 castra
3376 5630 3470 5670 sua
3511 5630 3611 5686 per
3640 5630 3760 5670 ver-

2184 5704 2311 5761 bum
2340 5705 2456 5761 Dei.
2489 5705 2583 5760 Est
2608 5720 2713 5761 una
2737 5702 2952 5775 quidem
2996 5700 3278 5778 Synagoga
3323 5706 3557 5763 Domini.
3584 5707 3678 5763 sed
3707 5707 3758 5763 in

2187 5806 2421 5869 quatuor
2443 5797 2636 5853 castris
2664 5794 2939 5861 dividitur,
2972 5798 3064 5867 qui
3087 5793 3467 5851 describuntur
3490 5799 3542 5854 in
3568 5796 3761 5853 Nume-
