3998 6332
210 379 317 438 ειι

1248 369 1514 429 GLOSSA
1546 368 1946 427 ORDINARIA.
1985 399 2054 407 —
2097 366 2222 423 LIB.
2266 366 2467 425 BXOD.
3369 368 3475 424 24‘:

210 496 292 552 ris
320 495 469 552 circa
498 488 900 548 tabernaculum
928 486 1140 543 Domini
1162 486 1358 557 posita.
1379 484 1634 539 Armatus
1657 496 1788 553 ergo
1820 489 1864 546 Α
1892 486 1974 534 tra
2004 478 2220 550 Moysen
2245 495 2260 533 :
2288 479 2408 536 ideo
2434 479 2588 551 jubet
2626 478 2767 534 Deus
2799 487 2856 534 ut
2895 478 3144 536 ostendat
3166 481 3246 537 eis
3266 490 3477 554 petram

210 589 267 643 in
297 585 499 643 castris
534 578 745 638 Domini
773 579 1010 634 militans
1034 591 1104 633 ne
1129 576 1369 647 implices
1413 583 1466 630 te
1516 571 1792 629 smeulari-

210 678 318 733 bus
347 673 597 746 negotiis,
624 670 757 726 etin
802 668 995 724 castris
1026 665 1238 721 Domini
1273 677 1489 734 semper
1537 660 1796 718 excubias

210 784 369 840 agas,
412 775 473 821 ut
503 765 570 820 de
601 772 654 818 te
685 761 896 817 dicatur
919 759 1042 830 quia
1074 756 1430 827 profectuses
1456 767 1555 824 per
1568 752 1795 840 verbum

210 839 429 914 Domini
464 854 531 911 de
564 853 779 909 deserto
833 848 950 915 Sin,
989 857 1046 904 et
1068 847 1222 905 venis
1277 845 1331 901 in
1357 843 1667 914 Rapbidim.
1695 839 1793 897 Sin

210 957 398 1005 autem
427 944 642 1003 tentatio
680 944 1107 1012 interpretatur;
1143 936 1427 1007 Raphidim
1475 933 1676 988 sanitas
1696 932 1796 1003 ju-

211 1041 375 1095 dicii:
395 1039 488 1110 qui
512 1038 650 1093 bene
668 1035 782 1092 exit
805 1035 873 1091 de
902 1032 1216 1097 tentatione,
1240 1029 1389 1086 venit
1409 1027 1478 1083 ad
1502 1026 1794 1083 sanitatem

207 1130 425 1203 judicii.
456 1130 515 1185 in
537 1128 625 1184 die
643 1127 787 1183 enim
802 1122 993 1194 judicii
1019 1137 1183 1178 sanus
1198 1122 1324 1176 erit.
1346 1118 1499 1176 Unde
1517 1118 1685 1187 Apoc.
1709 1130 1750 1169 ιι
1774 1128 1790 1168 :

215 1221 325 1289 Qui
350 1220 551 1285 vicerit,
577 1217 715 1273 dabo
740 1216 788 1272 ei
812 1215 876 1270 de
896 1214 1038 1286 ligno
1058 1212 1179 1268 vita
1202 1210 1341 1283 quod
1368 1218 1443 1264 est
1462 1208 1519 1263 in
1542 1204 1793 1276 paradiso

212 1312 312 1369 Dei
335 1312 457 1367 mei.
478 1308 633 1365 Venit
652 1322 782 1377 ergo
801 1307 870 1361 ad
889 1292 1178 1362 sanitatem
1195 1299 1386 1374 judicii
1408 1299 1499 1370 qui
1529 1298 1666 1353 bene
1683 1294 1793 1351 dis-

210 1403 370 1474 ponit
394 1413 672 1457 sermones
698 1413 824 1453 suos
852 1397 905 1451 in
930 1394 1155 1465 judicio.

283 1492 403 1551 Sin.
438 1492 540 1548 Hic
564 1489 871 1562 specialiter
895 1485 993 1542 Sin
1018 1500 1125 1541 una
1152 1483 1364 1539 mansio
1406 1478 1668 1550 accipitur
1722 1491 1793 1533 ex

212 1587 302 1644 bis
327 1585 567 1657 quinque
590 1596 712 1653 qua:
768 1578 986 1635 fuerunt
1012 1592 1043 1632 a
1082 1574 1221 1631 mari
1247 1572 1432 1628 Rubro
1494 1582 1664 1639 usque
1722 1566 1793 1622 ad

215 1687 460 1735 montem
491 1676 643 1741 Sina,
681 1687 817 1745 quas
851 1669 1119 1741 Josepbus
1160 1664 1482 1723 nominatim
1508 1660 1788 1719 describit.

211 1767 555 1826 Generaliter
585 1766 731 1823 enim
750 1778 911 1820 omne
930 1763 1209 1819 desertum
1264 1755 1396 1814 illud
1436 1755 1533 1812 Sin
1562 1761 1791 1810 vocatur

214 1859 361 1916 sicut
379 1866 435 1914 et
469 1857 790 1929 Rapbidim.

282 1948 659 2004 Castrametati
688 1954 810 2004 sunt
860 1945 914 2000 in
943 1941 1242 2016 Raphidim.
1284 1938 1536 2013 (HIEBON.
1570 1938 1635 1994 de
1657 1934 1783 1992 Loc.

213 2041 407 2108 Helm,
436 2049 568 2096 tom.
590 2039 705 2111 ill.)
743 2039 838 2097 Est
862 2037 1015 2094 locus
1039 2037 1095 2092 in
1129 2035 1344 2092 deserto
1366 2031 1519 2102 juxta
1549 2039 1790 2087 montem

213 2132 415 2189 Morel).
445 2131 737 2188 Sciendum
757 2138 844 2187 est
871 2137 1051 2186 autem
1077 2129 1222 2200 quod
1256 2126 1435 2184 omnis
1457 2139 1672 2181 eremus
1699 2137 1793 2177 us-

211 2239 320 2295 que
337 2223 405 2278 ad
428 2230 666 2278 montem
693 2219 845 2277 Sinai
874 2218 971 2276 Sin
995 2226 1241 2284 vocatur,
1266 2225 1322 2273 et
1342 2232 1410 2272 ex
1436 2223 1546 2272 tota
1573 2212 1793 2285 provin-

212 2314 296 2370 cia
315 2314 483 2370 etiam
507 2313 663 2369 locus
690 2311 849 2368 unius
874 2309 1173 2366 mansionis
1209 2322 1405 2363 nomen
1436 2304 1666 2375 accepit,
1692 2303 1793 2359 sie-

209 2415 270 2461 ut
307 2414 366 2460 et
394 2403 554 2463 Moab
580 2412 688 2459 tam
716 2402 867 2459 urbis
893 2415 1054 2472 quam
1078 2398 1369 2472 provincia:
1408 2410 1623 2453 nomen
1684 2403 1788 2449 est.

209 2496 269 2552 In
300 2496 405 2552 hac
443 2494 734 2552 solitudine
761 2493 1000 2565 quinque
1029 2498 1158 2548 sunt
1181 2489 1507 2551 mansiones,
1533 2485 1706 2557 Zupb,
1738 2491 1793 2540 et

210 2598 432 2640 eremus
464 2581 584 2650 Sin,
621 2581 773 2646 Aius,
807 2580 1074 2651 Depheca,
1122 2576 1428 2648 Rapbidim.
1466 2573 1618 2631 Unde
1654 2572 1793 2630 bene

214 2672 413 2728 dicitur
437 2672 566 2743 quia
584 2670 817 2742 profecta
843 2678 919 2724 est
949 2667 1120 2724 omnis
1150 2664 1430 2721 multitudo
1453 2663 1689 2735 filiorum
1706 2662 1792 2717 ls-

213 2764 324 2820 rael
340 2764 408 2819 de
429 2779 602 2819 eremo
623 2762 717 2817 Sin
739 2777 834 2834 per
860 2760 1152 2816 mansiones
1199 2774 1325 2813 suas
1336 2757 1495 2827 juxta
1527 2771 1585 2811 os
1609 2753 1793 2810 Domi-

210 2855 285 2921 ni,
304 2864 359 2935 et
392 2862 639 2909 venerunt
667 2853 722 2907 in
754 2851 1055 2922 Raphidim.
1083 2848 1235 2906 Unde
1259 2854 1407 2920 patet
1445 2845 1627 2917 plures
1647 2859 1794 2900 man-

211 2948 401 3004 siones
433 2947 597 3002 unius
626 2944 863 3017 regionis
890 2940 1153 2999 vocabulo
1188 2938 1570 2997 demonstrari.

284 3036 451 3092 Vnus.
487 3034 542 3099 3,
574 3033 630 3089 4.
652 3064 722 3074 —
749 3031 924 3088 Sitirit
945 3047 1067 3102 ergo
1094 3029 1166 3084 ibi
1178 3025 1422 3100 populus,
1446 3034 1553 3082 etc.
1582 3023 1791 3097 (0316.,

212 3127 301 3183 ubi
313 3125 518 3197 supra).
538 3124 659 3180 Alia
675 3122 856 3179 littera
880 3120 1108 3186 :Sitivit,
1128 3118 1320 3189 inquit,
1337 3113 1557 3188 populus
1576 3130 1788 3186 aquam,

208 3227 262 3273 et
284 3215 643 3271 nurmurabat
674 3214 920 3269 adversus
951 3210 1188 3282 Moysen.
1215 3208 1440 3265 Sull‘ecit
1458 3208 1637 3263 dicere
1663 3205 1791 3276 quia
1818 3199 1864 3262 C

208 3310 390 3376 sitivit,
420 3308 549 3379 quid
568 3322 706 3378 opus
742 3306 845 3361 fuit
870 3304 1069 3360 addere
1092 3318 1282 3374 aquam
1305 3301 1330 3356 2
1352 3299 1466 3356 Non
1495 3308 1581 3355 est
1605 3315 1791 3371 super-

204 3400 315 3458 ﬂua
349 3399 601 3470 adiectio.
633 3398 769 3453 Sunt
797 3410 926 3469 ergo
975 3395 1201 3450 diversa:
1240 3394 1389 3458 siles,
1448 3398 1503 3446 et
1560 3390 1790 3461 quisque

142 3510 149 3517 ‘
208 3493 366 3549 habet
396 3492 693 3565 propriam.
720 3489 822 3557 Qui
843 3486 966 3544 boni
988 3496 1135 3551 sunt,
1160 3484 1403 3541 esuriant
1419 3491 1477 3539 et
1498 3481 1790 3553 sitiuntju-

204 3584 416 3640 stitiam
445 3582 661 3656 (Matth.
691 3582 764 3654 v).
790 3581 897 3637 Alii
927 3593 1143 3651 quoque
1177 3578 1365 3634 dicunt
1391 3594 1406 3632 :
1455 3577 1631 3633 Sitiait
1681 3577 1791 3631 ani-

206 3690 296 3727 ma
320 3687 434 3727 mea
459 3672 528 3726 ad
552 3680 623 3738 te,
650 3670 793 3725 Deus
826 3667 1002 3740 (Psal.
1034 3668 1166 3739 xu).
1196 3666 1296 3734 Qui
1326 3681 1454 3722 vero
1492 3673 1617 3721 sunt
1659 3679 1789 3736 pec-

206 3772 427 3819 catores
453 3762 734 3834 patiuntur
769 3775 878 3816 non
915 3759 1062 3815 sitim
1099 3772 1275 3827 aquas,
1316 3772 1425 3812 non
1470 3756 1667 3811 famem
1701 3772 1791 3827 pa-

207 3853 323 3919 nis,
353 3853 451 3909 sed
475 3850 725 3907 audiendi
759 3851 981 3906 verbum
1012 3847 1127 3903 Dei.
1177 3845 1360 3903 Sitivit
1379 3862 1508 3918 ergo
1562 3845 1790 3917 populus

206 3960 428 4016 aquam,
459 3944 551 4014 qui
572 3943 759 3999 debuit
794 3942 946 3998 sitire
962 3940 1254 4012 justitiam.
1282 3932 1387 3995 Sed
1435 3937 1580 3995 Deus
1606 3939 1787 3995 erudi-

210 4044 298 4091 tor
326 4032 635 4099 infantium,
689 4031 947 4103 magister
985 4030 1377 4101 insipientium,
1417 4029 1638 4101 corrigit
1675 4029 1789 4085 cul-

210 4143 313 4200 pas
337 4135 393 4183 et
412 4126 663 4182 emendat
690 4139 919 4188 errores,
953 4122 1139 4177 dicens
1165 4121 1233 4176 ad
1268 4120 1486 4193 Moysen
1522 4130 1581 4177 ut
1609 4130 1789 4177 sumat

210 4220 445 4290 virgam,
485 4227 541 4273 et
570 4216 839 4288 percutiat
862 4223 1095 4285 petram,
1122 4223 1174 4270 et
1201 4213 1393 4270 educat
1416 4228 1605 4284 aquas.
1668 4213 1790 4269 Vult

203 4312 355 4367 enim
384 4325 480 4366 eos
498 4309 613 4380 jam
651 4308 719 4365 de
747 4317 899 4380 petra
927 4307 1115 4362 bibere
1144 4314 1200 4361 et
1227 4304 1512 4376 prolicere,
1540 4313 1595 4360 et
1615 4305 1683 4360 ad
1706 4304 1789 4359 in-

209 4403 410 4459 teriora
432 4399 687 4472 mysteria
706 4397 915 4453 venire.
938 4397 1411 4457 Murmuraverunt
1432 4396 1577 4453 enim
1599 4397 1788 4452 adver-

208 4511 305 4552 sus
348 4492 589 4566 Moysen,
620 4492 739 4547 ideo
763 4488 918 4559 jubet
941 4490 1197 4545 Dominus
1219 4498 1291 4545 ut.
1308 4487 1560 4546 ostendat
1587 4487 1668 4542 eis
1694 4501 1789 4558 pe-

208 4597 350 4643 iram
363 4586 431 4641 de
441 4600 547 4655 qua
562 4583 764 4639 bibant.
780 4580 839 4636 Si
855 4580 976 4652 quis
986 4580 1127 4636 enim
1141 4588 1225 4634 est
1235 4580 1325 4649 qui
1346 4579 1529 4648 legens
1543 4577 1784 4649 Moysen,

205 4685 513 4731 murmurat
526 4674 782 4729 adversus
805 4687 948 4736 eum,
971 4679 1026 4726 et
1046 4670 1291 4742 displicet
1310 4670 1359 4724 ei
1383 4669 1469 4725 lex
1491 4669 1787 4725 secundum

202 4764 627 4836 littemm,qu.ia
648 4765 701 4821 in
731 4761 913 4821 multis
951 4777 1058 4817 non
1102 4761 1312 4817 videtur
1350 4760 1549 4817 habere
1591 4776 1785 4817 conse-

202 4861 509 4932 quentiam,
539 4859 776 4916 ostendit
808 4858 857 4913 ei
891 4857 1100 4929 Moyses
1125 4866 1490 4928 petram,qua:
1512 4862 1595 4913 est
1632 4853 1790 4911 Chri-

201 4963 348 5020 stus,
362 4962 425 5009 ut
447 4953 577 5009 inde
596 4953 745 5008 bibat
761 4960 816 5007 et
830 4950 974 5006 sitim
997 4950 1173 5005 relieia
1182 4957 1220 5003 t.
1245 4948 1351 5004 Sed
1372 4949 1488 5003 base
1504 4957 1659 5017 petra
1682 4961 1789 5002 non

200 5045 304 5101 dat
321 5058 491 5114 aquas
501 5043 604 5099 nisi
620 5055 896 5113 percussa,
911 5054 1162 5110 percussa
1181 5053 1307 5094 vero
1320 5037 1496 5093 fontes
1507 5035 1782 5106 producit:

198 5150 501 5207 percussus
522 5131 668 5190 enim
693 5130 961 5196 Christus,
983 5137 1039 5185 et
1067 5129 1120 5183 in
1144 5143 1306 5184 cruce
1335 5135 1620 5191 mactatus,
1650 5124 1786 5180 Novi

199 5225 544 5283 Testamenti
568 5222 747 5279 fontes
766 5221 1037 5293 produxit.
1063 5219 1216 5276 Unde
1239 5218 1402 5274 Zach.
1434 5234 1526 5272 \‘lil
1555 5216 1788 5272 :Percu-

200 5318 341 5374 tiam
360 5327 644 5387 pastorem,
670 5323 720 5369 et
745 5313 1104 5385 dispergentur
1122 5327 1238 5366 oves
1267 5311 1456 5382 gregis.
1489 5307 1604 5364 Nisi
1640 5308 1785 5364 enim

203 5406 403 5462 fuisset
423 5418 731 5477 percussus,
759 5410 815 5458 et
834 5402 1033 5457 exisset
1056 5399 1274 5472 sanguis
1296 5410 1350 5455 et
1372 5413 1508 5469 aqua
1529 5397 1598 5453 de
1618 5396 1789 5452 latere

203 5496 350 5568 ejus,
374 5512 567 5553 omnes
602 5494 751 5552 sitim
778 5493 928 5550 verbi
968 5493 1061 5548 Dei
1085 5500 1414 5562 pateremur.
1448 5488 1602 5547 Unde
1629 5507 1644 5543 :
1692 5488 1790 5544 Bi-

1894 587 1962 627 ex
1987 587 2093 642 qua
2120 571 2324 627 bibant.
2357 571 2416 627 Si
2450 572 2572 642 quis
2598 579 2777 626 autem
2820 571 3004 644 legens
3051 572 3269 649 Moysen
3329 591 3477 635 mur—

1895 670 2070 717 murat
2094 662 2355 718 adversus
2383 676 2530 727 eum,
2575 670 2630 717 et
2680 662 2928 733 displicet
2984 663 3033 721 ei
3081 662 3264 720 littera
3319 662 3473 735 legis,

1890 752 2127 810 ostendit
2145 754 2197 810 ei
2220 752 2431 826 Moyses
2455 761 2686 823 petram,
2708 769 2829 823 qua:
2849 763 2933 809 est
2954 752 3301 820 Cbristus,et
3327 754 3477 813 ducit

1895 846 1959 902 ad
1993 846 2189 918 ipsam,
2213 845 2357 901 unde
2380 846 2529 900 bibat
2556 856 2613 902 et
2646 846 2792 904 sitim
2819 845 3055 905 reficiat.

1964 935 2126 991 Vens.
2157 935 2296 991 5.—
2342 935 2598 991 Antecede
2643 936 2921 1008 populum,
2961 947 3068 995 etc.
3137 937 3255 994 Non
3295 939 3470 997 solum

1894 1023 2105 1097 Moyses
2150 1026 2301 1083 ducit
2335 1026 2590 1101 populum
2628 1029 2698 1083 ad
2752 1042 2941 1097 aquas,
2989 1027 3085 1084 sed
3120 1036 3177 1086 et
3228 1030 3477 1088 seniores

1890 1119 2093 1188 pepuli.
2119 1117 2238 1175 Non
2260 1120 2403 1175 enim
2435 1118 2546 1175 sola
2586 1119 2672 1176 lex
2699 1119 2976 1178 Christum
3023 1124 3332 1190 annuntiat,
3378 1124 3475 1180 sed

1890 1213 1946 1262 et
1969 1208 2244 1276 propheta:
2281 1217 2336 1263 et
2370 1208 2693 1278 patriarcha:
2720 1218 2775 1265 et
2821 1225 3012 1266 omnes
3046 1210 3280 1279 majores
3319 1218 3470 1265 natu.

1961 1298 2031 1352 Et
2059 1301 2278 1370 virgam,
2302 1307 2410 1354 etc.
2429 1299 2613 1371 (Auc.,
2649 1310 2833 1371 qua-st.
2862 1299 2930 1354 64
2952 1301 3006 1354 in
3030 1300 3229 1370 Exod.)
3264 1298 3471 1364 Aaron,

1890 1404 1998 1447 non
2020 1388 2252 1462 Moyses,
2275 1389 2470 1461 legitur
2486 1388 2681 1445 ﬂumen
2702 1392 2853 1461 virga
2877 1393 3233 1462 percussisse.
3264 1390 3476 1464 Moyses

1890 1480 2035 1535 enim
2058 1479 2249 1535 eadem
2302 1479 2452 1551 virga
2481 1493 2630 1535 mare
2666 1479 2868 1547 divisit,
2924 1498 3031 1537 non
3081 1482 3297 1537 (lumen.
3333 1481 3474 1549 Quid

1889 1584 2020 1641 ergo
2069 1569 2173 1626 sibi
2220 1569 2378 1625 vult;
2432 1568 2621 1640 Accipe
2672 1569 2872 1641 virgam
2920 1572 2973 1626 in
3019 1588 3127 1643 qua
3170 1571 3474 1639 percussisti

1888 1661 2085 1732 ﬂumen
2108 1660 2136 1715 2
2160 1659 2244 1715 An
2268 1658 2406 1716 forte
2431 1674 2581 1715 mare
2610 1660 2903 1730 appellavit
2944 1659 3189 1716 ﬂumen?
3225 1668 3280 1717 et
3332 1675 3475 1730 qua:-

1889 1751 2117 1805 rendnm
2140 1757 2224 1805 est
2249 1748 2554 1820 exemplum
2579 1747 2738 1818 hujus
2759 1749 3083 1807 locutionis?
3104 1751 3186 1805 An
3204 1750 3347 1822 quod
3366 1749 3473 1807 Aa-

1815 1840 1864 1903 Β
1890 1854 1990 1895 ron
2014 1838 2177 1905 fecit,
2189 1838 2359 1911 Moysi
2385 1839 2565 1910 potius
2587 1840 2907 1897 attributum
2931 1850 3035 1908 est,
3059 1842 3187 1912 quia
3209 1857 3307 1912 per
3325 1841 3474 1915 Moy-

1888 1945 1982 1987 sen
2001 1928 2227 1998 iubebat
2255 1929 2397 1986 Deus
2425 1944 2545 2002 qua:
2569 1929 2991 1997 faceretAaron,
3039 1941 3094 1989 et
3149 1933 3202 1989 in
3237 1933 3339 1989 hoc
3384 1949 3474 1987 au-

1889 2021 2137 2089 ctoritas,
2177 2022 2232 2078 in
2270 2021 2362 2079 illo
2400 2023 2808 2079 ministerium?
2859 2023 3049 2081 Unde:
3089 2024 3208 2079 Erit
3269 2024 3364 2080 tibi
3401 2024 3471 2079 ad

1887 2109 2157 2183 populum,
2188 2120 2245 2165 tu
2274 2121 2450 2166 autem
2473 2110 2554 2166 illi
2581 2113 2637 2168 in
2660 2112 2741 2168 Itis
2766 2129 2885 2185 qua:
2910 2112 2980 2168 ad
3009 2114 3195 2171 Deum.

1960 2197 2121 2255 Vens.
2148 2198 2211 2265 6,
2238 2197 2289 2253 7.
2315 2229 2387 2240 —
2407 2197 2774 2272 Percutiesque
2801 2210 3020 2270 petram.
3052 2202 3351 2269 Christum,
3377 2205 3472 2274 qui

1891 2288 1947 2344 in
1982 2301 2143 2344 cruce
2177 2301 2210 2342 a
2236 2285 2438 2344 Judreis
2484 2303 2772 2359 percussus
2797 2299 2882 2347 est
2921 2305 2936 2344 :
2967 2291 3051 2347 cui
3099 2293 3329 2349 accessit
3357 2294 3469 2347 vir-

1888 2394 1990 2452 ga,
2031 2378 2084 2435 id
2107 2385 2209 2447 est,
2236 2378 2439 2452 lignum
2476 2380 2763 2451 passionis,
2790 2390 2850 2438 ut
2887 2382 3134 2440 ﬁdelibus
3166 2394 3473 2441 remaneret

1891 2486 2053 2543 aqua.

1965 2565 2130 2623 Vens.
2159 2567 2308 2623 8.—
2346 2565 2501 2623 Venit
2543 2577 2720 2625 autem
2764 2569 3008 2637 Amalec,
3055 2580 3162 2627 etc.
3216 2570 3470 2645 (Suum)

1888 2656 2113 2714 Amalec
2156 2657 2259 2715 fuit
2284 2659 2428 2727 Illius
2459 2660 2676 2729 lsmael,
2701 2676 2732 2716 a
2759 2677 2866 2732 quo
2915 2662 3241 2729 Amalecitac,
3282 2664 3375 2736 qui
3416 2674 3473 2720 et

1888 2751 2171 2810 lsmaelitze
2219 2763 2388 2811 sunt:
2430 2754 2533 2828 ipsi
2579 2766 2707 2811 sunt
2759 2755 3043 2813 Saraceni.
3081 2754 3474 2829 interpretatur

1890 2858 2071 2906 autem
2116 2849 2292 2906 bibens
2322 2850 2405 2907 vel
2434 2850 2668 2907 lambens
2719 2852 3047 2922 sanguinem,
3100 2858 3156 2907 et
3203 2851 3473 2922 signiﬁcat

1891 2939 2182 3005 diabolum,
2208 2940 2299 3009 qui
2349 2948 2568 2997 sanctos
2601 2940 2668 2997 de
2712 2941 2943 3013 Aigypm
2991 2953 3291 3011 exeuntes.
3320 2951 3373 2999 et
3403 2944 3471 2998 ad

1891 3038 2094 3086 terram
2144 3032 2519 3103 promissionis
2570 3034 2872 3099 tendentes,
2923 3050 3139 3107 semper
3168 3036 3469 3109 impugnat,

1891 3133 1948 3181 et
1983 3126 2285 3183 animarum
2314 3127 2631 3199 sanguinem
2663 3127 2849 3183 bibere
2871 3127 3163 3185 desiderat.

1965 3216 2180 3289 (0816.,
2202 3217 2344 3272 Itoni.
2370 3234 2410 3275 ιι
2446 3218 2505 3272 in
2531 3215 2728 3291 Exod.)
2761 3218 3098 3276 Describitur
3118 3219 3314 3275 bellum
3343 3238 3469 3276 cum

1889 3307 2202 3365 Amalecitis
2223 3308 2440 3366 factum.
2468 3308 2773 3382 Antequam
2805 3313 3156 3369 mantlucaret
3179 3327 3372 3383 panem
3402 3314 3470 3370 de

1891 3398 2051 3465 uelo,
2082 3407 2135 3455 et
2163 3398 2372 3455 biberet
2422 3416 2619 3470 aquam
2651 3401 2716 3456 de
2746 3410 2899 3472 petra
2924 3441 2939 3467 ,
2984 3417 3091 3457 non
3137 3402 3335 3457 dicitur
3370 3418 3470 3473 pu-

1889 3503 2083 3562 gnasse
2108 3490 2367 3560 populus;
2407 3492 2505 3547 sed
2532 3491 2731 3547 dicitur
2764 3491 2830 3546 ad
2877 3506 3000 3547 eum
3028 3509 3042 3545 :
3069 3490 3325 3546 Dominus
3365 3510 3468 3564 pu-

1889 3583 2069 3653 gnabit
2103 3599 2197 3653 pro
2242 3583 2402 3649 nobis,
2448 3593 2496 3639 et
2535 3599 2621 3638 vos
2665 3583 2924 3639 tacebitis.
2970 3583 3066 3640 Est
3093 3599 3221 3655 ergo
3249 3585 3468 3655 quando

1891 3672 2152 3729 Dominus
2178 3683 2384 3745 pugnat
2407 3689 2505 3745 pro
2527 3675 2703 3741 nobis,
2736 3690 2837 3732 nec
2868 3674 3132 3747 permittit
3155 3677 3348 3733 tentari
3379 3694 3469 3733 su-

1889 3778 1985 3834 pra
2015 3763 2067 3818 id
2089 3764 2233 3835 quod
2260 3780 2564 3835 possumus,
2606 3779 2709 3823 nec
2736 3765 2972 3839 impares
2991 3766 3196 3825 viribus
3234 3766 3366 3824 sinit
3399 3768 3470 3824 ad

1889 3852 2085 3911 fortem
2130 3855 2315 3912 venire
2364 3871 2734 3929 congressum.
2776 3855 2879 3914 Job
2925 3872 3140 3929 quoque
3192 3866 3469 3914 certamen

1892 3945 2205 4003 tentationis
2240 3962 2352 4003 sua:
2377 3946 2491 4025 jam
2534 3946 2809 4025 perfectus
2837 3948 3105 4020 implevit;
3136 3957 3191 4004 et
3233 3958 3289 4004 tu
3337 3965 3468 4021 ergo

1888 4039 2277 4110 cuntcceperis
2315 4040 2644 4103 manducare
2675 4056 2897 4107 manna,
2940 4056 3137 4112 panem
3189 4041 3467 4101 caelestem

1889 4130 2035 4186 verbi
2062 4124 2466 4196 Déi,_et.bibere
2500 4148 2697 4203 aquam
2726 4133 2793 4189 de
2827 4143 2999 4204 petra,
3030 4149 3264 4205 cumque
3286 4135 3354 4192 ad
3385 4135 3466 4191 iu-

1890 4220 2091 4281 teriora
2114 4220 2373 4279 doctrina:
2404 4220 2702 4293 spiritualis
2725 4223 3043 4289 accesseris,
3076 4230 3329 4297 exspecta
3364 4236 3465 4297 puo

1888 4325 2069 4383 gnam,
2098 4326 2342 4382 praepara
2384 4322 2436 4368 te
2464 4315 2532 4368 ad
2559 4312 2781 4369 bellum.

1964 4401 2125 4455 Vens.
2167 4400 2224 4465 9,
2253 4400 2337 4455 l0.
2359 4431 2431 4442 —
2457 4401 2710 4472 Dixitque
2760 4401 2967 4473 Moyses
3014 4403 3085 4456 ad
3117 4401 3314 4471 Iosue,
3352 4412 3460 4464 etc.

1890 4489 2098 4562 (0a1c.,
2136 4490 2290 4564 ibid.)
2318 4492 2436 4547 Alia
2465 4491 2644 4548 littera
2672 4511 2685 4547 :
2720 4492 2863 4547 Dixit
2893 4491 3097 4565 Moyses
3127 4494 3198 4549 ad
3226 4494 3407 4551 Iesum
3434 4512 3452 4555 .’

1890 4580 2041 4653 Elige
2084 4582 2178 4639 tibi
2206 4585 2361 4648 viros,
2408 4594 2514 4640 etc.
2546 4582 2835 4655 ﬂuensque
2870 4586 3012 4642 beati
3053 4587 3286 4644 nominis
3327 4587 3455 4645 Jesu

1890 4687 2167 4741 nunquam
2209 4672 2354 4728 facta
2402 4682 2488 4728 est
2540 4674 2762 4729 mentio.
2808 4672 2906 4731 ilic
2957 4677 3191 4746 primum
3244 4680 3457 4740 vocavit

1889 4763 2101 4835 Moyses
2150 4763 2357 4831 Jesum,
2402 4774 2457 4822 et
2504 4766 2640 4822 dixit
2688 4768 2737 4822 ei
2782 4767 2981 4839 :Elige
3024 4771 3163 4827 viros
3202 4772 3296 4826 tibi
3337 4773 3460 4842 ipsi.

1890 4852 2103 4924 Moyses
2134 4861 2291 4909 vocat
2308 4851 2517 4918 Jesum,
2544 4854 2629 4910 lex
2660 4855 2875 4911 invocat
2902 4855 3278 4924 Cbristum,ut
3301 4859 3466 4937 eligat

1890 4941 1996 4998 sibi
2033 4943 2184 4999 viros
2218 4951 2465 5013 potentes
2488 4945 2553 4999 de
2578 4945 2732 5016 plebe
2777 4964 2790 5000 :
2841 4962 2946 5002 non
2989 4957 3205 5019 poterat
3254 4949 3463 5021 Moyses

1887 5028 2108 5102 eligere,
2152 5030 2245 5086 sed
2279 5030 2427 5087 solus
2453 5030 2631 5099 Jesus,
2654 5035 2744 5103 qui
2775 5036 2851 5090 ait
2883 5034 3041 5092 Joan.
3076 5054 3145 5093 xv
3171 5053 3187 5092 :
3222 5038 3345 5094 Non
3376 5058 3462 5096 ros

1888 5138 1971 5177 nte
1997 5121 2244 5194 elegistis,
2272 5123 2362 5178 sed
2403 5140 2496 5195 ego
2542 5142 2628 5180 vos
2662 5125 2791 5198 elegi
2820 5127 3036 5200 (Matth.
3071 5131 3188 5203 ιιι).
3223 5130 3343 5203 ipse
3380 5144 3465 5189 est

1887 5214 2181 5271 electorum
2215 5214 2322 5269 dux
2344 5224 2398 5272 et
2431 5218 2730 5287 potentium
2773 5221 3044 5291 princeps.
3074 5222 3193 5294 ipse
3223 5225 3463 5296 ροιιηίεῆ

1887 5323 2013 5365 cum
2038 5308 2278 5364 Amalec.
2326 5308 2443 5379 ipse
2470 5310 2615 5366 enim
2646 5319 2810 5367 tuti-at
2846 5313 2899 5367 in
2948 5313 3167 5372 domum
3201 5315 3378 5384 fortis,
3409 5329 3469 5376 et

1890 5399 2073 5470 alligat
2096 5398 2311 5466 fortem,
2336 5408 2393 5455 et
2414 5415 2540 5457 vasa
2567 5400 2684 5470 ejus
2708 5403 2910 5473 diripit.

1963 5487 2078 5559 Ego
2120 5489 2268 5543 stabo
2314 5489 2371 5545 in
2412 5490 2596 5544 vertice
2638 5490 2808 5546 collis.
2860 5492 3040 5564 (01116.
3064 5534 3080 5561 ,
3110 5496 3198 5550 ubi
3241 5495 3464 5570 supra.)

205 5588 399 5646 hebant
417 5596 594 5643 autem
625 5586 692 5641 de
722 5583 970 5657 spiritali,
997 5592 1336 5655 consequente
1363 5599 1450 5641 eos
1481 5593 1629 5655 petra
1659 5595 1678 5634 :
1702 5598 1793 5653 pe-
1888 5579 2169 5646 Ascendit,
2204 5580 2399 5651 inquit,
2443 5580 2656 5652 Moyses
2695 5597 2804 5639 non
2853 5584 2906 5640 in
2941 5588 3198 5649 verticem
3240 5590 3461 5656 montis,

206 5688 297 5735 tra
336 5689 512 5735 autem
537 5687 651 5734 erat
676 5675 915 5733 Christus
937 5674 990 5747 (I
1016 5673 1139 5730 Cor.
1162 5674 1240 5745 ι).

284 5768 464 5843 (Isim)
504 5768 708 5826 Sitiens
726 5764 954 5840 populus
972 5782 1072 5838 pro
1096 5780 1234 5836 aqua
1274 5767 1628 5824 murmuravit
1663 5780 1790 5823 conc

1892 5672 1985 5729 sed
2024 5672 2079 5728 in
2128 5672 2604 5730 verticemcollis.
2657 5672 2991 5733 Servabatur
3035 5679 3179 5735 enim
3226 5680 3279 5738 ei
3335 5689 3463 5741 tunc

1892 5764 2182 5823 ascendere
2222 5765 2276 5822 in
2307 5766 2565 5823 verticem
2605 5767 2804 5825 montis
2842 5783 2963 5827 cum
2996 5786 3319 5837 ascensurus
3344 5786 3464 5835 erat
