3998 6332
532 384 640 441 ριδ

1026 383 1417 440 WALAFRIDI
1455 380 1698 440 STRABI
1738 382 1939 440 FULD.
1983 377 2145 437 MON.
2184 378 2336 435 OPP.
2378 379 2556 437 PARS
2594 381 2633 436 Ι.
2674 414 2743 425 -
2783 382 3238 440 TIIEOLOGICA.

3683 385 3792 442 2H

532 500 715 566 Jesus,
748 508 806 555 et
839 514 962 555 cum
1014 499 1131 571 ipso
1180 501 1393 574 Moyses
1433 510 1489 556 et
1516 501 1681 568 Elias,
1712 508 1769 556 et
1808 499 1881 555 ibi
1937 508 2109 553 traus-
2137 496 2187 556 Α
2214 499 2530 553 memoriam
2569 502 2927 571 Spiritualium
2973 503 3233 558 hostium.
3276 503 3430 559 Unde
3460 507 3596 575 psal.
3644 524 3738 563 xix
3773 529 3787 565 :

534 592 851 649 formandus
881 592 934 647 in
966 593 1155 665 gloria.
1193 593 1347 649 Nunc
1374 609 1502 666 ergo
1533 593 1677 649 velut
1712 592 1949 647 nondum
1990 590 2108 660 glo-

533 684 778 741 riﬁcatus
822 684 889 739 de
933 682 1408 740 transformatione
1444 684 1604 750 Iesu,
1647 698 1753 738 non
1786 680 2027 737 ascendit
2058 678 2109 732 in

536 778 797 832 verticem
821 778 1041 840 montis,
1070 777 1164 833 sed
1191 778 1246 831 in
1268 777 1522 831 verticem
1554 775 1726 851 collis.
1754 774 1822 829 Et
1850 788 1971 828 cum
2002 769 2112 826 ele-

536 876 689 923 varet
709 867 919 938 Moyses
940 883 1151 933 manus,
1183 866 1469 937 superabat
1494 865 1679 921 lsrael.
1712 863 1920 934 Moyses
1938 860 2113 916 elevat

536 972 751 1021 manus,
801 973 909 1011 non
949 958 1216 1022 extendit;
1250 954 1442 1023 Jesus,
1479 957 1569 1026 qui
1605 964 1774 1011 totum
1826 951 2109 1014 mundum,

537 1048 803 1103 exaltatus
824 1049 876 1103 in
902 1064 1083 1113 cruce,
1105 1048 1416 1119 complexus
1437 1056 1536 1110 est,
1555 1047 1684 1102 dicit
1710 1064 1722 1099 :
1747 1042 1976 1099 Extendi
1996 1058 2111 1094 ma-

537 1155 636 1193 nus
658 1139 727 1193 ad
748 1139 991 1209 populum
1016 1156 1118 1193 non
1144 1138 1431 1193 credentem
1447 1137 1581 1208 (Isa.
1598 1139 1741 1207 va).
1760 1136 1983 1190 Elevare
2003 1146 2119 1187 ma-

535 1239 659 1291 nus,
700 1226 802 1280 hoc
832 1236 915 1281 est
941 1235 1095 1282 actus
1127 1227 1308 1281 levare
1337 1227 1404 1281 ad
1438 1225 1626 1288 Deum,
1665 1232 1725 1278 ιιι
1763 1239 1869 1278 non
1916 1221 2113 1277 habeat

534 1325 688 1369 actus
701 1315 937 1384 deiectos
958 1327 1012 1372 et
1032 1319 1181 1372 humi
1195 1316 1458 1385 jacentes,
1481 1317 1574 1371 sed
1595 1315 1705 1369 Deo
1721 1312 1947 1383 placitos
1964 1322 2021 1381 et
2043 1310 2110 1366 ad

535 1402 733 1458 ctelum
765 1415 998 1461 erectos.
1032 1406 1220 1461 Elevat
1253 1420 1383 1476 ergo
1418 1418 1612 1457 manus
1654 1402 1745 1472 qui
1778 1401 2112 1456 thesaurizat

534 1491 588 1545 in
617 1492 774 1547 coelo.
827 1493 928 1551 Ubi
967 1496 1110 1551 enim
1157 1497 1461 1559 thesaurus,
1509 1493 1583 1547 ibi
1609 1493 1832 1557 oculus,
1889 1491 1965 1546 ibi
1994 1505 2111 1545 ma-

534 1596 653 1637 nus.
684 1581 892 1638 ‘Elevat
944 1600 1139 1639 manus
1180 1585 1270 1654 qui
1333 1584 1462 1639 dicit
1508 1600 1521 1637 :
1568 1581 1807 1641 Elevatio
1859 1593 2111 1635 manuum

462 1718 469 1721 _
531 1674 767 1726 meorum
798 1674 1114 1743 sacriﬁcium
1142 1675 1479 1746 vespertinum
1514 1672 1686 1745 (Psal.
1714 1670 1859 1743 ch).
1898 1671 1956 1726 Si
1981 1684 2115 1742 ergo

531 1760 812 1819 eleventur
839 1776 991 1821 actus
1031 1768 1235 1832 nostri,
1273 1767 1508 1822 vincitur
1532 1767 1755 1823 Amalec
1785 1784 1799 1821 :
1832 1765 1974 1822 unde
2002 1765 2106 1819 lsa.

2212 584 2379 641 Periit
2402 592 2652 645 memoria
2672 608 2847 646 eorum
2878 610 2995 646 cum
3018 594 3213 647 sonitu.

2282 676 2444 733 Vens.
2482 678 2565 746 15,
2606 680 3196 754 16.-ίΕι1ἱ[ῐυαυίιᾳιιε
3217 683 3424 754 Moyses
3448 684 3645 751 altare,
3679 696 3787 743 etc.

2211 765 2411 824 Omnes
2469 769 2667 824 diaboli
2722 772 2954 827 victores
3009 772 3063 826 in
3118 771 3374 828 cordibus
3422 774 3537 829 suis
3586 774 3791 830 debent

2212 872 2337 912 aras
2363 857 2486 914 ﬁdei
2524 859 2821 927 :ediﬁcare,
2844 862 2898 916 in
2926 876 3030 933 qua
3061 863 3369 931 spirituales
3396 863 3605 921 hostias
3650 863 3789 921 olfe-

2213 958 2353 1003 rant.

2799 1066 3025 1125 CAPUT
3069 1068 3251 1125 XVIII.

2284 1217 2445 1274 Vens.
2476 1219 2590 1276 14.
2624 1251 2697 1262 —
2737 1218 2969 1295 Cumque
2997 1224 3229 1280 audisset
3258 1226 3460 1293 Jetltro,
3493 1234 3603 1284 etc.
3634 1227 3791 1296 Quod

2213 1305 2421 1379 Moyses
2464 1309 2794 1368 liberaturus
2833 1312 2970 1369 ﬁlios
3014 1314 3178 1370 Israel
3219 1316 3423 1372 dimisit
3468 1333 3697 1373 uxorem
3736 1326 3792 1377 et

2213 1392 2371 1458 ﬁlios,
2400 1409 2535 1463 quos
2555 1405 2739 1466 postea
2771 1397 2826 1451 in
2864 1397 3081 1454 deserto
3104 1402 3329 1470 recepit,
3359 1402 3637 1472 signiﬁcat
3664 1405 3790 1474 quia

2210 1484 2593 1553 prtedicatores
2623 1503 2746 1543 cum
2777 1488 3066 1544 mittuntur
3090 1488 3156 1545 ad
3203 1506 3339 1562 opus
3364 1495 3788 1563 przedicationis,

2212 1570 2413 1627 debent
2436 1589 2495 1629 se
2515 1590 2545 1630 a
2576 1576 2938 1634 sollicitudine
2965 1580 3239 1650 temporali
3265 1591 3597 1638 exonustare
3625 1602 3640 1637 :
3666 1598 3789 1653 cum

2211 1676 2341 1717 vero
2365 1673 2551 1733 postea
2581 1667 2649 1722 ad
2675 1667 3043 1738 episcopatum
3080 1670 3165 1724 vel
3190 1672 3256 1725 ad
3283 1671 3442 1726 aliam
3468 1673 3788 1743 dignitatem

2213 1762 2583 1819 assumuntur,
2634 1764 2761 1811 tunc
2789 1771 2889 1826 pro
2918 1757 3021 1813 sibi
3067 1758 3325 1827 subjectis
3366 1762 3788 1820 sollicitudinem

534 1870 676 1909 xxxv
707 1874 718 1909 :
758 1854 1023 1913 Remissas
1054 1875 1239 1913 manus
1273 1868 1320 1912 et
1367 1875 1536 1929 genua
1585 1858 1775 1913 debilia
1815 1858 2016 1928 erigite.
2048 1854 2108 1910 Si

2219 1852 2325 1899 tam
2363 1844 2419 1900 in
2449 1846 2817 1917 spiritualibus
2858 1864 3021 1920 quam
3050 1850 3434 1921 temporalibus
3460 1867 3658 1924 gerere
3698 1856 3789 1913 de—

536 1953 715 2000 servat
738 1947 965 2017 populus
995 1948 1194 2017 legem,
1229 1947 1404 2004 elevat
1430 1948 1641 2020 Moyses
1686 1962 1899 2012 manus,
1931 1954 1988 2000 et
2017 1944 2113 1999 ad-

536 2035 807 2091 versarius
834 2035 1087 2092 vincitur.
1114 2035 1171 2091 Si
1204 2051 1308 2091 non
1339 2044 1520 2092 servat
1564 2036 1739 2107 legem
1763 2075 1779 2101 ,
1827 2031 2112 2090 invalescit

534 2125 774 2181 Amalec.
804 2124 941 2193 Quia
977 2126 1137 2197 igitur
1171 2127 1326 2182 nobis
1346 2140 1522 2198 pugna
1554 2133 1637 2181 est
1660 2125 1921 2180 adversus
1960 2122 2114 2192 prin-

534 2218 683 2287 cipes
710 2225 766 2273 et
792 2225 1087 2288 potestates
1129 2217 1315 2272 mundi
1358 2214 1518 2286 hujus
1564 2225 1806 2271 rectores
1857 2212 2113 2269 tenebra-

535 2325 674 2374 rum,
707 2309 752 2364 si
782 2310 867 2365 vis
889 2310 1124 2376 vincere,
1149 2309 1297 2365 eleva
1320 2324 1534 2373 manus,
1559 2307 1613 2363 id
1640 2314 1746 2373 est,
1785 2315 1957 2369 actus,
1986 2319 2112 2359 con-

532 2401 768 2456 versatio
806 2409 898 2455 tua
928 2417 1034 2457 non
1063 2401 1135 2455 sit
1166 2400 1217 2455 in
1248 2400 1426 2465 terris,
1453 2399 1547 2455 sed
1581 2398 1635 2453 in
1659 2398 1834 2454 caelis.
1867 2396 2029 2451 Eleva
2056 2402 2115 2451 et

535 2501 593 2546 tu
646 2507 837 2547 manus
894 2492 946 2546 in
993 2492 1186 2547 caelum
1231 2491 1299 2545 ad
1337 2490 1530 2554 Deum,
1580 2488 1744 2558 imple
1796 2488 2111 2544 mandatum

538 2581 774 2650 Apostoli
791 2599 803 2634 :
823 2580 947 2636 Sine
969 2581 1348 2637 intermissione
1363 2590 1506 2634 orate
1520 2578 1572 2652 (1
1598 2579 1775 2634 Thess.
1792 2579 1846 2651 ν)
1868 2596 1882 2643 ;
1907 2588 1962 2633 et
1984 2588 2111 2633 tunc

536 2671 627 2727 ﬁet
651 2672 795 2742 quod
831 2672 1089 2742 scriptum
1120 2680 1223 2737 est,
1248 2671 1374 2741 quia
1405 2670 1547 2725 sicut
1573 2670 1799 2741 ablingit
1828 2669 2029 2724 vitulus
2057 2669 2111 2721 in

536 2764 742 2834 campis
770 2763 991 2818 herbam
1006 2762 1379 2828 virentem,ita
1404 2761 1638 2832 ablinget
1665 2758 1891 2831 populus
1912 2759 1999 2814 hic
2021 2774 2114 2829 po—

535 2855 720 2926 pulum
736 2855 826 2925 qui
854 2868 1016 2925 super
1034 2859 1235 2907 terram
1257 2859 1369 2917 est;
1387 2851 1478 2906 ubi
1496 2851 1770 2907 inducitur
1795 2850 1921 2922 quia
1950 2864 2112 2920 popu-

535 2946 622 3002 lus
644 2946 736 3001 Dei
758 2952 993 3000 nontam
1014 2958 1235 2998 manum
1263 2949 1320 2998 et
1341 2941 1509 2997 armis
1533 2956 1695 3011 quam
1708 2955 1839 2996 voce
1859 2948 1915 2996 et
1929 2940 2110 3010 lingua

536 3037 829 3109 pugnabat,
856 3044 913 3091 et
950 3035 1196 3092 oratione
1223 3032 1470 3089 inimicos
1515 3037 1917 3103 prosternebat.
1946 3032 2109 3087 Eleva

538 3142 668 3197 ergo
700 3133 879 3192 actus,
923 3125 1065 3181 insta
1113 3123 1343 3182 orationi
1378 3143 1390 3178 :
1422 3123 1539 3180 bzec
1585 3122 1882 3179 Christiani
1930 3138 2113 3194 pugna

536 3226 643 3284 est,
669 3231 788 3287 qua:
817 3225 1036 3287 superat
1086 3215 1385 3272 inimicum.
1438 3214 1574 3271 Puto
1611 3224 1790 3271 autem
1830 3230 1927 3286 per
1969 3214 2114 3270 hanc

537 3309 767 3380 ﬁguram
793 3309 927 3365 duos
967 3308 1193 3379 populos
1235 3308 1554 3380 significari,
1583 3323 1814 3379 quorum
1855 3323 1996 3363 unus
2045 3322 2113 3363 ex

536 3403 787 3474 gentibus
810 3403 988 3459 elevat
1018 3418 1208 3458 manus
1243 3402 1434 3472 Moysi,
1457 3408 1514 3457 et
1539 3400 1593 3455 in
1635 3399 1864 3456 sublime
1891 3400 2032 3457 tollit
2050 3416 2112 3456 ea

537 3507 658 3562 qme
678 3493 899 3563 scripsit
925 3501 981 3548 et
1005 3492 1414 3563 intelligentiam
1440 3506 1652 3557 eorum,
1682 3500 1743 3546 ut
1783 3492 1861 3547 sic
1889 3492 2109 3558 vincat;

537 3584 673 3643 alius
724 3600 879 3648 vero,
932 3584 985 3638 id
1024 3592 1142 3650 est,
1185 3583 1440 3640 Iudaicus
1485 3583 1736 3654 populus,
1787 3598 1893 3638 non
1940 3584 2115 3639 elevat

536 3689 728 3729 manus
774 3674 940 3744 Moysi
987 3690 1017 3729 a
1062 3681 1246 3741 terra,
1294 3689 1394 3730 nec
1439 3679 1606 3729 altum
1645 3673 1845 3745 aliquid
1882 3689 1985 3730 nec
2024 3690 2114 3731 su-

536 3765 700 3820 blime
746 3764 801 3820 in
839 3780 909 3821 eo
935 3765 1221 3837 intelligit,
1270 3773 1325 3821 et
1373 3766 1452 3822 sic
1501 3765 1571 3821 ab
1628 3766 1955 3823 adversariis
1995 3766 2115 3822 vin-

539 3857 702 3913 citur.
752 3910 755 3911 ν

612 3968 824 4024 Habens
852 3970 1052 4042 virgam
1102 3970 1217 4038 Dei,
1247 3979 1352 4027 etc.
1386 3971 1564 4043 (Aoc.,
1592 3982 1778 4045 quiest.
1804 3973 1930 4045 65.)
1961 3971 2115 4028 Nunc

537 4060 686 4132 virga
737 4060 833 4116 Dei
871 4061 1107 4127 dicitur,
1159 4077 1279 4133 qua:
1326 4062 1561 4133 primum
1610 4064 1752 4120 dicta
1788 4064 2113 4131 est.Aaron,

538 4160 723 4221 postea
748 4151 946 4208 dicitur
974 4151 1164 4224 Moysi.
1202 4152 1571 4209 SicuLdieitur
1596 4153 1819 4224 spiritus
1860 4155 1990 4210 Elite
2022 4156 2115 4226 qui

536 4251 619 4297 est
642 4242 875 4313 Spiritus
920 4242 1062 4310 Dei,
1099 4242 1257 4313 cujus
1297 4243 1570 4315 particeps
1605 4245 1750 4301 Elius
1791 4245 2019 4312 dicitur;
2062 4254 2120 4302 et

538 4331 882 4402 Deijustitia,
915 4348 1035 4404 qua:
1062 4343 1245 4390 nostra
1293 4342 1396 4389 est.
1432 4332 1583 4390 Unde
1622 4351 1635 4387 :
1668 4334 1980 4405 ignorantes
2020 4334 2117 4391 Dei

533 4424 820 4493 justitiam,
848 4428 1090 4483 volentes
1126 4444 1280 4485 suam
1316 4437 1558 4484 statuere
1578 4428 1776 4501 '(Rom.
1813 4430 1899 4501 ι),
1928 4431 1980 4487 id
2010 4440 2120 4498 est,

540 4528 797 4588 tanquam
826 4534 856 4573 a
883 4533 940 4574 se
960 4520 1061 4575 sibi
1090 4529 1471 4592 praeparatam.

613 4629 778 4685 Vens.
818 4630 1240 4704 ll.—Cumque
1264 4633 1453 4688 levaret
1484 4631 1688 4705 Moyses
1736 4651 1960 4701 manus,
2004 4645 2109 4691 etc.

541 4718 793 4791 (St-usa.)
818 4720 952 4787 Quia
994 4737 1117 4777 cum
1142 4722 1227 4777 lex
1274 4723 1499 4795 mystice
1535 4724 1855 4797 intelligitur
1879 4766 1893 4791 ,
1933 4726 2114 4796 passio

538 4809 739 4865 Christi
791 4810 1144 4880 spiritualiter
1191 4821 1468 4882 pensatur,
1507 4813 1752 4869 diabolus
1783 4815 2015 4871 vincitur
2060 4824 2117 4871 et

540 4900 775 4974 fugatur.
834 4899 971 4957 Cum
1015 4909 1194 4957 autem
1242 4903 1594 4958 remittuntur
1635 4919 1859 4969 manus,
1909 4904 1964 4960 id
2007 4915 2111 4971 est,

541 5002 809 5064 praecepta
854 4992 987 5064 legis
1026 4992 1206 5049 minus
1262 4994 1503 5050 studiose
1545 5004 1886 5063 exercentur,
1944 4996 2119 5053 hostis

544 5086 717 5140 victor
744 5087 1063 5156 insequitur.

558 5196 772 5257 oVsns.
806 5199 912 5265 l2,
970 5201 1055 5255 13.
1086 5231 1154 5241 -
1194 5198 1466 5256 Sumentes
1508 5203 1671 5273 igitur
1707 5202 1953 5275 lapidem,
2004 5209 2112 5257 etc.

540 5292 770 5365 (6326.,
809 5291 990 5347 liomil.
1021 5294 1091 5350 55
1133 5294 1186 5348 in
1224 5293 1451 5366 Evang.)
1481 5294 1692 5366 Moyses
1737 5296 1879 5351 sedit
1928 5296 1982 5351 in
2036 5295 2115 5349 la-

538 5384 683 5456 pide,
714 5392 844 5449 etc.,
882 5401 1041 5457 usque
1082 5384 1153 5438 ad
1181 5400 1316 5457 quos
1362 5386 1527 5441 etiam
1563 5385 1707 5455 juste
1744 5385 1833 5442 illa
1870 5387 2114 5451 damnat,

543 5476 660 5546 ipse
694 5473 1121 5531 misericorditer
1148 5476 1363 5530 liberat.

615 5590 782 5646 Vsus.
813 5587 897 5644 14.
920 5618 988 5630 -
1016 5587 1207 5643 Delebo
1234 5592 1393 5655 enim,
1443 5599 1547 5646 etc.
1580 5590 1764 5662 (ΗΑΒ.)
1798 5589 1856 5645 1η
1889 5591 1993 5645 hoc
2039 5590 2116 5646 si-

543 5678 765 5751 gniﬁcat
805 5679 946 5750 quod
990 5680 1332 5752 omnipotens
1364 5682 1504 5736 Deus
1558 5696 1656 5751 per
1706 5681 1879 5752 legem
1929 5682 2114 5751 (quam

539 5770 808 5841 signiﬁcat
857 5771 1087 5845 Moyses,
1119 5779 1171 5826 et
1217 5773 1282 5827 de
1320 5772 1538 5826 Christo
1567 5770 1902 5839 pronuntiat)
1936 5771 2113 5827 deleat

2138 4538 2191 4599 D

2210 1936 2359 1992 bent.

2280 2030 2443 2086 Vens.
2494 2031 2642 2089 5ου.
2683 2064 2758 2078 --
2794 2032 2941 2089 Venit
2991 2052 3113 2107 ergo
3161 2036 3365 2106 JeIhro,
3407 2047 3513 2096 etc.
3562 2040 3789 2113 (Ontc.,

2209 2122 2349 2177 hom.
2385 2124 2444 2179 ll
2490 2125 2544 2180 in
2578 2123 2776 2198 Exod.)
2804 2127 2921 2181 Alia
2972 2125 3148 2182 littera
3190 2146 3204 2181 τ
3238 2128 3366 2183 Post
3408 2130 3523 2186 Ita-c
3552 2133 3693 2186 venit
3723 2133 3793 2187 ad

2208 2224 2435 2269 montem
2464 2214 2561 2270 Dei
2591 2215 2828 2288 Moyses,
2855 2228 2906 2274 et
2954 2219 3140 2274 Jetltro
3182 2222 3281 2275 sibi
3328 2225 3626 2279 occurrenti
3667 2226 3789 2281 exiit

2209 2306 2411 2361 ebriam
2448 2308 2513 2362 de
2558 2311 2764 2375 castris,
2814 2326 2907 2364 nec
2947 2311 3096 2364 dumit
3124 2328 3241 2365 eum
3278 2312 3349 2366 ad
3390 2324 3619 2368 montem
3672 2314 3793 2381 Dei,

2208 2398 2299 2453 sed
2320 2400 2389 2453 ad
2418 2400 2809 2456 tabernaculum
2838 2419 3010 2456 suum.
3040 2402 3157 2458 Non
3185 2405 3326 2459 enim
3360 2414 3573 2476 poterat
3596 2422 3785 2463 sacer-

2210 2491 2306 2546 dos
2336 2488 2546 2547 Madian
2592 2492 2887 2550 ascendere
2918 2494 2971 2549 in
3024 2507 3259 2549 montem
3292 2495 3411 2562 Dei,
3456 2498 3551 2553 sed
3584 2512 3694 2554 nec
3736 2499 3787 2554 in

2210 2584 2505 2657 Egyptum
2552 2587 2897 2652 descendere,
2930 2604 3032 2643 nec
3078 2604 3216 2646 uxor
3245 2589 3435 2662 Moysi,
3485 2592 3583 2648 sed
3640 2567 3789 2648 iiunc

2212 2674 2279 2729 ad
2313 2690 2435 2730 cum
2468 2678 2614 2731 venit
2648 2692 2771 2731 cum
2800 2677 2943 2734 ﬁliis.
2978 2678 3094 2734 Non
3136 2680 3282 2734 enim
3316 2690 3532 2751 poterat
3559 2682 3788 2737 descen-

2212 2764 2340 2821 dere
2388 2766 2439 2819 in
2493 2765 2781 2838 ASgyptum
2802 2810 2819 2834 ,
2849 2777 2903 2823 et
2934 2770 3115 2825 subire
3150 2786 3349 2841 agones
3379 2770 3787 2843 Egyptiorum,

2212 2854 2316 2909 nisi
2355 2855 2557 2910 athleta
2601 2857 2925 2928 probabilis,
2965 2869 3021 2913 et
3046 2859 3137 2929 qui
3166 2860 3217 2913 in
3246 2874 3417 2931 agone
3448 2860 3791 2915 contendens

2212 2944 2282 2999 ab
2308 2945 2557 3001 omnibus
2581 2961 2638 3003 se
2660 2948 2916 3003 abstinet.
2942 2948 3171 3021 Moyses,
3197 2949 3320 3020 quia
3356 2965 3585 3022 magnus
3605 2958 3669 3005 et
3692 2967 3787 3022 po-

2216 3044 2334 3090 tens
2384 3033 2608 3103 athleta,
2639 3038 2920 3094 descendit
2962 3040 3014 3093 in
3052 3038 3346 3111 Egyptum
3400 3041 3467 3096 ad
3498 3056 3715 3113 agones
3738 3048 3790 3096 et

2212 3125 2471 3182 exercitia
2501 3127 2797 3194 virtutum;
2827 3127 3097 3183 Abraham
3133 3138 3191 3183 et
3228 3127 3396 3185 Jacob
3420 3144 3667 3201 quoque,
3703 3127 3788 3200 qui

2139 3193 2184 3255 (ἶ
2215 3215 2331 3287 ipso
2360 3218 2576 3273 nomine
2605 3193 2804 3275 athleta
2831 3228 2933 3283 est,
2964 3234 3087 3273 cum
3116 3193 3483 3275 descendisset
3512 3193 3569 3275 ni

2214 3316 2387 3378 ptum,
2430 3307 2605 3365 factus
2638 3317 2733 3365 est
2777 3310 2919 3365 sicut
2962 3309 3129 3364 stella:
3153 3309 3277 3364 cteli
3321 3310 3375 3365 in
3416 3309 3791 3366 multitudine.

2214 3396 2350 3454 Aliis
2390 3398 2442 3453 in
2474 3399 2807 3455 contrarium
2834 3400 2979 3455 cedit
3014 3399 3359 3455 descendisse
3387 3399 3442 3455 in
3466 3398 3789 3470 Egyptum.

2217 3489 2343 3546 Seio
2376 3490 2694 3547 llieroboam
2737 3490 3031 3563 fugientem
3066 3506 3096 3544 a
3127 3490 3415 3545 Salomone
3444 3490 3791 3547 descendisse

2216 3582 2269 3636 in
2291 3580 2606 3654 Egyptum,
2640 3590 2694 3637 et
2713 3582 2941 3638 scidisse
2960 3588 3015 3635 et
3035 3581 3344 3651 corrupisse
3366 3579 3623 3650 populum
3656 3580 3786 3645 Dei;

2214 3676 2339 3746 quia
2385 3676 2715 3732 descendens
2740 3676 2794 3730 in
2826 3674 3121 3746 Egyptum
3166 3673 3375 3744 accepit
3414 3690 3445 3729 a
3495 3672 3787 3730 Susacbint

2214 3783 2341 3840 rege
2369 3783 2594 3824 uxorem
2621 3768 2992 3823 Tethimenem
3032 3766 3218 3821 uxoris
3250 3767 3368 3835 ejus
3404 3779 3678 3821 sororem.

2285 3858 2447 3912 Vens.
2480 3856 2745 3912 l2-l5.—
2768 3856 2969 3911 Obtulit
3010 3872 3130 3927 ergo
3159 3854 3342 3911 Jethro
3362 3896 3378 3922 ,
3400 3865 3507 3911 etc.
3542 3855 3712 3927 (Anc.
3736 3854 3791 3910 in

2215 3950 2615 4013 Lat-titionibus,
2673 3948 2831 4002 locut.
2870 3948 2984 4016 85.)
3029 3946 3096 4001 Et
3142 3949 3363 4017 sumpsit
3401 3946 3589 4002 Jetltro
3644 3960 3793 4001 socer

2216 4041 2389 4112 Moysi
2410 4040 2737 4109 holocausta,
2766 4050 2871 4098 etc.
2912 4040 3145 4112 Sumpsit
3192 4056 3292 4111 pro
3327 4040 3535 4105 obtulit,
3564 4040 3784 4111 posuit:

2216 4148 2283 4186 an
2318 4131 2455 4188 forte
2488 4147 2678 4187 sensus
2698 4140 2800 4199 est,
2825 4147 2932 4187 non
2967 4131 3186 4194 locutio,
3220 4138 3364 4187 utea
3383 4132 3682 4202 sumpsisse
3707 4133 3789 4188 in-

2217 4222 2486 4292 telligatur
2513 4222 2796 4287 obtulisse;
2824 4223 3069 4293 quamvis
3090 4220 3299 4294 Moyses
3326 4237 3434 4277 non
3470 4222 3684 4293 legatur
3710 4238 3789 4279 sa-

2216 4314 2509 4379 criﬁcasse,
2531 4329 2629 4370 nec
2654 4312 2854 4379 Aaron,
2879 4328 2978 4368 nec
2998 4314 3282 4384 quisquam
3313 4314 3661 4370 Hebraeorum
3700 4314 3787 4387 qui

2216 4404 2396 4460 educti
2427 4411 2552 4459 sunt
2596 4404 2663 4459 de
2706 4413 2847 4459 terra
2876 4402 3096 4475 Egypti
3142 4421 3154 4458 :
3192 4404 3286 4475 sed
3331 4412 3511 4459 tamen
3541 4406 3789 4475 superius

2217 4497 2419 4552 dictum
2446 4504 2529 4553 est
2551 4495 2694 4567 quod
2716 4495 2886 4550 altare
2905 4496 3187 4551 constituit
3221 4496 3452 4567 Moyses.
3478 4493 3674 4553 Jetbro
3692 4514 3787 4553 au-

2215 4596 2322 4643 tem
2354 4587 2576 4658 legimus
2617 4587 2950 4643 sacerdotem
3004 4585 3169 4642 fuisse
3205 4586 3437 4652 Madian,
3465 4587 3519 4643 id
3547 4598 3635 4643 est
3670 4606 3790 4660 gen-

2216 4680 2285 4735 tis
2316 4678 2545 4734 iladian.
2584 4678 2774 4733 Mirum
2825 4687 2909 4734 est
2959 4686 3138 4733 autem
3165 4678 3212 4733 si
3255 4678 3321 4732 ad
3359 4677 3475 4747 ejus
3500 4679 3786 4733 adventum

2217 4773 2379 4842 erepit
2420 4771 2728 4827 sacriﬁcare
2753 4769 2984 4842 Moyses,
3012 4778 3067 4824 et
3093 4786 3196 4826 non
3223 4770 3400 4839 potius
3429 4770 3542 4840 ipse
3576 4770 3672 4840 qui
3709 4784 3788 4826 sa-

2216 4864 2407 4919 cerdos
2432 4871 2569 4917 erat.

2297 4952 2677 5023 Veneruntque,
2705 4960 2813 5008 etc.
2841 4950 3045 5024 (0816.,
3071 4951 3158 5005 ubi
3180 4950 3385 5024 supra.)
3421 4951 3538 5007 Alia
3564 4952 3745 5007 littera
3768 4967 3785 5004 :

2230 5041 2510 5109 Venerunt,
2543 5044 2736 5114 inquit,
2782 5044 3069 5115 presbyteri
3110 5043 3306 5107 Aaron,
3335 5052 3383 5096 et
3411 5043 3581 5097 omnis
3624 5040 3787 5097 Israel

2222 5135 2541 5189 manducare
2560 5150 2745 5204 panem
2761 5150 2878 5188 cum
2896 5150 3075 5189 socero
3107 5131 3279 5203 Moysi
3300 5132 3351 5185 in
3367 5142 3641 5203 conspectu
3674 5130 3783 5185 Dei.

2224 5222 2337 5278 Non
2371 5239 2559 5278 omnes
2587 5224 2912 5278 manducant
2933 5238 3123 5293 panem
3150 5223 3201 5276 in
3226 5232 3517 5292 conspectu
3548 5221 3667 5287 Dei,
3698 5218 3784 5276 sed

2221 5316 2311 5384 qui
2351 5313 2653 5385 presbyteri
2682 5321 2829 5378 sunt,
2873 5314 2962 5384 qui
3009 5313 3272 5378 seniores,
3305 5312 3357 5367 id
3402 5320 3511 5376 est,
3536 5311 3631 5380 qui
3665 5324 3786 5381 per-

2225 5409 2346 5463 l‘eeti
2374 5415 2516 5473 sunt,
2559 5409 2612 5462 in
2644 5408 2854 5463 meritis
2880 5406 3125 5477 probati,
3167 5405 3257 5474 qui
3298 5406 3412 5461 sive
3442 5405 3783 5465 manducant,

2219 5503 2332 5557 sive
2369 5500 2591 5565 bibunt,
2636 5500 2705 5554 ad
2751 5498 2975 5569 gloriam
3032 5496 3123 5552 Dei
3174 5497 3396 5552 faciunt.
3439 5494 3615 5551 Omne
3666 5507 3786 5564 ergo

2222 5589 2364 5661 quod
2395 5588 2600 5643 faciunt
2630 5588 2826 5654 sancti,
2858 5588 2912 5641 in
2937 5594 3227 5657 conspectu
3264 5586 3357 5641 Dei
3386 5585 3594 5640 faciunt
3621 5601 3634 5638 :
3672 5596 3787 5654 pec-

2224 5688 2376 5733 cator
2410 5693 2441 5731 a
2461 5686 2750 5748 conspectu
2773 5677 2866 5732 Dei
2895 5676 3050 5747 fugit.
3082 5676 3253 5730 Adam
3281 5684 3564 5747 postquam
3599 5687 3785 5747 pecea-

2226 5769 2321 5834 vit,
2372 5765 2559 5837 l‘ngita
2593 5777 2885 5837 conspectu
2934 5767 3164 5833 Domini,
3196 5776 3249 5822 et
3301 5766 3668 5833 interrogatus
3710 5775 3787 5818 re-
