  <div class='ocr_page' id='page_1' title='image "/cluster/home/n/w/nwhite01/storage/ocr_20150623/113/hvd.32044018909572/128.png"; bbox 0 0 3998 6332; ppageno 0'>
   <div class='ocr_carea' id='block_1_1' title="bbox 203 348 312 413">
    <p class='ocr_par' dir='ltr' id='par_1_1' title="bbox 203 348 312 413">
     <span class='ocr_line' id='line_1_1' title="bbox 203 348 312 413; baseline 0.018 -2"><span class='ocrx_word' id='word_1_1' title='bbox 203 348 312 413; x_wconf 66' lang='grc'><strong>245</strong></span> 
     </span>
    </p>
   </div>
   <div class='ocr_carea' id='block_1_2' title="bbox 1227 343 2444 421">
    <p class='ocr_par' dir='ltr' id='par_1_2' title="bbox 1227 343 2444 421">
     <span class='ocr_line' id='line_1_2' title="bbox 1227 343 2444 421; baseline 0.002 -7"><span class='ocrx_word' id='word_1_2' title='bbox 1227 355 1491 414; x_wconf 79' lang='lat' dir='ltr'><strong>CLOSSA</strong></span> <span class='ocrx_word' id='word_1_3' title='bbox 1533 357 1929 415; x_wconf 76' lang='lat' dir='ltr'><strong>OBDINARIA.</strong></span> <span class='ocrx_word' id='word_1_4' title='bbox 1970 347 2037 399; x_wconf 60' lang='grc' dir='ltr'><strong>ἓ</strong></span> <span class='ocrx_word' id='word_1_5' title='bbox 2072 359 2200 416; x_wconf 79' lang='lat' dir='ltr'><strong>un.</strong></span> <span class='ocrx_word' id='word_1_6' title='bbox 2242 343 2444 421; x_wconf 65' lang='lat' dir='ltr'><strong>axon:</strong></span> 
     </span>
    </p>
   </div>
   <div class='ocr_carea' id='block_1_3' title="bbox 3341 363 3446 419">
    <p class='ocr_par' dir='ltr' id='par_1_3' title="bbox 3341 363 3446 419">
     <span class='ocr_line' id='line_1_3' title="bbox 3341 363 3446 419; baseline -0.019 0"><span class='ocrx_word' id='word_1_7' title='bbox 3341 363 3446 419; x_wconf 72' lang='lat' dir='ltr'><strong>2m</strong></span> 
     </span>
    </p>
   </div>
   <div class='ocr_carea' id='block_1_4' title="bbox 201 467 3442 545">
    <p class='ocr_par' dir='ltr' id='par_1_4' title="bbox 201 467 3442 545">
     <span class='ocr_line' id='line_1_4' title="bbox 201 467 3442 545; baseline 0.002 -21"><span class='ocrx_word' id='word_1_8' title='bbox 201 467 937 541; x_wconf 78' lang='lat' dir='ltr'><strong>spondit:Audivi,Dontine,</strong></span> <span class='ocrx_word' id='word_1_9' title='bbox 962 483 1130 521; x_wconf 76' lang='lat' dir='ltr'><strong>vocem</strong></span> <span class='ocrx_word' id='word_1_10' title='bbox 1150 477 1380 533; x_wconf 84' lang='lat' dir='ltr'><strong>tuam,et</strong></span> <span class='ocrx_word' id='word_1_11' title='bbox 1400 467 1645 522; x_wconf 77' lang='lat' dir='ltr'><strong>abscondi</strong></span> <span class='ocrx_word' id='word_1_12' title='bbox 1672 483 1773 531; x_wconf 86' lang='lat' dir='ltr'><strong>me,</strong></span> <span class='ocrx_word' id='word_1_13' title='bbox 1802 467 1853 531; x_wconf 79' lang='grc' dir='ltr'>Α</span> <span class='ocrx_word' id='word_1_14' title='bbox 1879 470 2189 540; x_wconf 84' lang='lat' dir='ltr'><strong>quagenarii</strong></span> <span class='ocrx_word' id='word_1_15' title='bbox 2217 471 2307 540; x_wconf 88' lang='lat' dir='ltr'><strong>qui</strong></span> <span class='ocrx_word' id='word_1_16' title='bbox 2330 480 2567 542; x_wconf 63' lang='lat' dir='ltr'><strong>praesunt</strong></span> <span class='ocrx_word' id='word_1_17' title='bbox 2594 472 2889 529; x_wconf 70' lang='lat' dir='ltr'><strong>minoribus</strong></span> <span class='ocrx_word' id='word_1_18' title='bbox 2928 473 3166 544; x_wconf 87' lang='lat' dir='ltr'><strong>judiciis,</strong></span> <span class='ocrx_word' id='word_1_19' title='bbox 3212 491 3332 545; x_wconf 71' lang='lat' dir='ltr'><strong>quae</strong></span> <span class='ocrx_word' id='word_1_20' title='bbox 3375 476 3442 531; x_wconf 78' lang='lat' dir='ltr'><strong>ad</strong></span> 
     </span>
    </p>
   </div>
   <div class='ocr_carea' id='block_1_5' title="bbox 200 556 1776 632">
    <p class='ocr_par' dir='ltr' id='par_1_5' title="bbox 200 556 1776 632">
     <span class='ocr_line' id='line_1_5' title="bbox 200 556 1776 632; baseline -0.003 -17"><span class='ocrx_word' id='word_1_21' title='bbox 200 562 334 632; x_wconf 78' lang='lat' dir='ltr'><strong>quia</strong></span> <span class='ocrx_word' id='word_1_22' title='bbox 378 576 523 615; x_wconf 85' lang='lat' dir='ltr'><strong>eram</strong></span> <span class='ocrx_word' id='word_1_23' title='bbox 549 558 720 613; x_wconf 89' lang='lat' dir='ltr'><strong>nudus</strong></span> <span class='ocrx_word' id='word_1_24' title='bbox 767 556 919 630; x_wconf 81' lang='lat' dir='ltr'><strong>(Gen.</strong></span> <span class='ocrx_word' id='word_1_25' title='bbox 950 556 1054 629; x_wconf 86' lang='lat' dir='ltr'><strong>ut).</strong></span> <span class='ocrx_word' id='word_1_26' title='bbox 1088 556 1218 612; x_wconf 89' lang='lat' dir='ltr'><strong>Cain</strong></span> <span class='ocrx_word' id='word_1_27' title='bbox 1247 558 1414 613; x_wconf 87' lang='lat' dir='ltr'><strong>exivit</strong></span> <span class='ocrx_word' id='word_1_28' title='bbox 1442 573 1474 612; x_wconf 87' lang='lat' dir='ltr'><strong>a</strong></span> <span class='ocrx_word' id='word_1_29' title='bbox 1501 556 1637 611; x_wconf 81' lang='lat' dir='ltr'><strong>facie</strong></span> <span class='ocrx_word' id='word_1_30' title='bbox 1673 557 1776 611; x_wconf 88' lang='lat' dir='ltr'><strong>D0-</strong></span> 
     </span>
    </p>
   </div>
   <div class='ocr_carea' id='block_1_6' title="bbox 204 644 1775 719">
    <p class='ocr_par' dir='ltr' id='par_1_6' title="bbox 204 644 1775 719">
     <span class='ocr_line' id='line_1_6' title="bbox 204 644 1775 719; baseline -0.004 -13"><span class='ocrx_word' id='word_1_31' title='bbox 204 651 366 716; x_wconf 85' lang='lat' dir='ltr'><strong>mini,</strong></span> <span class='ocrx_word' id='word_1_32' title='bbox 391 651 517 719; x_wconf 85' lang='lat' dir='ltr'><strong>quia</strong></span> <span class='ocrx_word' id='word_1_33' title='bbox 544 648 795 718; x_wconf 84' lang='lat' dir='ltr'><strong>indignus</strong></span> <span class='ocrx_word' id='word_1_34' title='bbox 813 655 929 702; x_wconf 89' lang='lat' dir='ltr'><strong>erat</strong></span> <span class='ocrx_word' id='word_1_35' title='bbox 953 655 1239 718; x_wconf 88' lang='lat' dir='ltr'><strong>conspectu</strong></span> <span class='ocrx_word' id='word_1_36' title='bbox 1262 646 1492 702; x_wconf 90' lang='lat' dir='ltr'><strong>Domini.</strong></span> <span class='ocrx_word' id='word_1_37' title='bbox 1517 644 1775 715; x_wconf 87' lang='lat' dir='ltr'><strong>Propter-</strong></span> 
     </span>
    </p>
   </div>
   <div class='ocr_carea' id='block_1_7' title="bbox 203 739 1778 813">
    <p class='ocr_par' dir='ltr' id='par_1_7' title="bbox 203 739 1778 813">
     <span class='ocr_line' id='line_1_7' title="bbox 203 739 1778 813; baseline -0.003 -14"><span class='ocrx_word' id='word_1_38' title='bbox 203 758 276 799; x_wconf 81' lang='lat' dir='ltr'><strong>ea</strong></span> <span class='ocrx_word' id='word_1_39' title='bbox 313 742 403 813; x_wconf 88' lang='lat' dir='ltr'><strong>qui</strong></span> <span class='ocrx_word' id='word_1_40' title='bbox 440 741 736 811; x_wconf 83' lang='lat' dir='ltr'><strong>pleniorem</strong></span> <span class='ocrx_word' id='word_1_41' title='bbox 771 740 1048 795; x_wconf 89' lang='lat' dir='ltr'><strong>scientiam</strong></span> <span class='ocrx_word' id='word_1_42' title='bbox 1073 739 1169 796; x_wconf 91' lang='lat' dir='ltr'><strong>Dei</strong></span> <span class='ocrx_word' id='word_1_43' title='bbox 1190 740 1477 809; x_wconf 88' lang='lat' dir='ltr'><strong>accipiunt,</strong></span> <span class='ocrx_word' id='word_1_44' title='bbox 1507 739 1552 794; x_wconf 92' lang='lat' dir='ltr'><strong>si</strong></span> <span class='ocrx_word' id='word_1_45' title='bbox 1578 740 1778 795; x_wconf 90' lang='lat' dir='ltr'><strong>malum</strong></span> 
     </span>
    </p>
   </div>
   <div class='ocr_carea' id='block_1_8' title="bbox 205 829 1779 901">
    <p class='ocr_par' dir='ltr' id='par_1_8' title="bbox 205 829 1779 901">
     <span class='ocr_line' id='line_1_8' title="bbox 205 829 1779 901; baseline -0.004 -11"><span class='ocrx_word' id='word_1_46' title='bbox 205 833 441 898; x_wconf 86' lang='lat' dir='ltr'><strong>faciunt,</strong></span> <span class='ocrx_word' id='word_1_47' title='bbox 470 846 653 888; x_wconf 88' lang='lat' dir='ltr'><strong>coram</strong></span> <span class='ocrx_word' id='word_1_48' title='bbox 700 831 810 886; x_wconf 90' lang='lat' dir='ltr'><strong>Deo</strong></span> <span class='ocrx_word' id='word_1_49' title='bbox 848 829 1073 885; x_wconf 90' lang='lat' dir='ltr'><strong>faciunt.</strong></span> <span class='ocrx_word' id='word_1_50' title='bbox 1113 829 1264 886; x_wconf 86' lang='lat' dir='ltr'><strong>Unde</strong></span> <span class='ocrx_word' id='word_1_51' title='bbox 1290 829 1425 901; x_wconf 89' lang='lat' dir='ltr'><strong>psal.</strong></span> <span class='ocrx_word' id='word_1_52' title='bbox 1453 846 1507 884; x_wconf 74' lang='grc' dir='ltr'><strong>ιε</strong></span> <span class='ocrx_word' id='word_1_53' title='bbox 1540 830 1655 884; x_wconf 83' lang='lat' dir='ltr'><strong>Tibi</strong></span> <span class='ocrx_word' id='word_1_54' title='bbox 1679 829 1779 884; x_wconf 89' lang='lat' dir='ltr'><strong>soli</strong></span> 
     </span>
    </p>
   </div>
   <div class='ocr_carea' id='block_1_9' title="bbox 206 920 1780 996">
    <p class='ocr_par' dir='ltr' id='par_1_9' title="bbox 206 920 1780 996">
     <span class='ocr_line' id='line_1_9' title="bbox 206 920 1780 996; baseline -0.001 -17"><span class='ocrx_word' id='word_1_55' title='bbox 206 924 439 996; x_wconf 79' lang='lat' dir='ltr'><strong>peccari,</strong></span> <span class='ocrx_word' id='word_1_56' title='bbox 464 932 569 978; x_wconf 90' lang='lat' dir='ltr'><strong>etc.</strong></span> <span class='ocrx_word' id='word_1_57' title='bbox 601 921 702 990; x_wconf 93' lang='lat' dir='ltr'><strong>Qui</strong></span> <span class='ocrx_word' id='word_1_58' title='bbox 729 920 927 976; x_wconf 88' lang='lat' dir='ltr'><strong>malum</strong></span> <span class='ocrx_word' id='word_1_59' title='bbox 972 936 1155 977; x_wconf 89' lang='lat' dir='ltr'><strong>coram</strong></span> <span class='ocrx_word' id='word_1_60' title='bbox 1196 921 1307 977; x_wconf 91' lang='lat' dir='ltr'><strong>Deo</strong></span> <span class='ocrx_word' id='word_1_61' title='bbox 1334 920 1487 987; x_wconf 88' lang='lat' dir='ltr'><strong>facit,</strong></span> <span class='ocrx_word' id='word_1_62' title='bbox 1520 923 1780 978; x_wconf 90' lang='lat' dir='ltr'><strong>continuo</strong></span> 
     </span>
    </p>
   </div>
   <div class='ocr_carea' id='block_1_10' title="bbox 208 1000 1780 1085">
    <p class='ocr_par' dir='ltr' id='par_1_10' title="bbox 208 1000 1780 1085">
     <span class='ocr_line' id='line_1_10' title="bbox 208 1000 1780 1085; baseline -0.001 -15"><span class='ocrx_word' id='word_1_63' title='bbox 208 1016 462 1085; x_wconf 62' lang='lat' dir='ltr'><strong>panitet,</strong></span> <span class='ocrx_word' id='word_1_64' title='bbox 494 1021 549 1070; x_wconf 90' lang='lat' dir='ltr'><strong>et</strong></span> <span class='ocrx_word' id='word_1_65' title='bbox 591 1012 739 1079; x_wconf 84' lang='lat' dir='ltr'><strong>dicit,</strong></span> <span class='ocrx_word' id='word_1_66' title='bbox 770 1000 1006 1068; x_wconf 67' lang='lat' dir='ltr'><strong>Peccavi.</strong></span> <span class='ocrx_word' id='word_1_67' title='bbox 1037 1010 1140 1079; x_wconf 90' lang='lat' dir='ltr'><strong>Qui</strong></span> <span class='ocrx_word' id='word_1_68' title='bbox 1178 1013 1404 1073; x_wconf 78' lang='lat' dir='ltr'><strong>discedit</strong></span> <span class='ocrx_word' id='word_1_69' title='bbox 1429 1027 1459 1067; x_wconf 88' lang='lat' dir='ltr'><strong>a</strong></span> <span class='ocrx_word' id='word_1_70' title='bbox 1487 1021 1780 1082; x_wconf 89' lang='lat' dir='ltr'><strong>conspectu</strong></span> 
     </span>
    </p>
   </div>
   <div class='ocr_carea' id='block_1_11' title="bbox 210 1101 1781 1174">
    <p class='ocr_par' dir='ltr' id='par_1_11' title="bbox 210 1101 1781 1174">
     <span class='ocr_line' id='line_1_11' title="bbox 210 1101 1781 1174; baseline 0 -15"><span class='ocrx_word' id='word_1_71' title='bbox 210 1103 333 1168; x_wconf 92' lang='lat' dir='ltr'><strong>Dei,</strong></span> <span class='ocrx_word' id='word_1_72' title='bbox 362 1103 535 1159; x_wconf 86' lang='lat' dir='ltr'><strong>nescit</strong></span> <span class='ocrx_word' id='word_1_73' title='bbox 586 1102 826 1159; x_wconf 90' lang='lat' dir='ltr'><strong>converti</strong></span> <span class='ocrx_word' id='word_1_74' title='bbox 872 1110 930 1158; x_wconf 89' lang='lat' dir='ltr'><strong>et</strong></span> <span class='ocrx_word' id='word_1_75' title='bbox 969 1112 1246 1173; x_wconf 88' lang='lat' dir='ltr'><strong>peccatum</strong></span> <span class='ocrx_word' id='word_1_76' title='bbox 1297 1101 1610 1174; x_wconf 57' lang='lat' dir='ltr'><strong>paenitendo</strong></span> <span class='ocrx_word' id='word_1_77' title='bbox 1650 1119 1781 1173; x_wconf 88' lang='lat' dir='ltr'><strong>pur-</strong></span> 
     </span>
    </p>
   </div>
   <div class='ocr_carea' id='block_1_12' title="bbox 208 1189 1780 1266">
    <p class='ocr_par' dir='ltr' id='par_1_12' title="bbox 208 1189 1780 1266">
     <span class='ocr_line' id='line_1_12' title="bbox 208 1189 1780 1266; baseline 0.001 -20"><span class='ocrx_word' id='word_1_78' title='bbox 208 1207 365 1266; x_wconf 75' lang='lat' dir='ltr'><strong>gare.</strong></span> <span class='ocrx_word' id='word_1_79' title='bbox 393 1190 507 1247; x_wconf 80' lang='lat' dir='ltr'><strong>Hoc</strong></span> <span class='ocrx_word' id='word_1_80' title='bbox 531 1205 661 1262; x_wconf 88' lang='lat' dir='ltr'><strong>ergo</strong></span> <span class='ocrx_word' id='word_1_81' title='bbox 700 1189 927 1246; x_wconf 83' lang='lat' dir='ltr'><strong>interest</strong></span> <span class='ocrx_word' id='word_1_82' title='bbox 954 1191 1095 1246; x_wconf 90' lang='lat' dir='ltr'><strong>inter</strong></span> <span class='ocrx_word' id='word_1_83' title='bbox 1119 1191 1321 1247; x_wconf 87' lang='lat' dir='ltr'><strong>malum</strong></span> <span class='ocrx_word' id='word_1_84' title='bbox 1348 1207 1532 1248; x_wconf 89' lang='lat' dir='ltr'><strong>coram</strong></span> <span class='ocrx_word' id='word_1_85' title='bbox 1560 1192 1668 1248; x_wconf 86' lang='lat' dir='ltr'><strong>Deo</strong></span> <span class='ocrx_word' id='word_1_86' title='bbox 1695 1193 1780 1247; x_wconf 89' lang='lat' dir='ltr'><strong>fa-</strong></span> 
     </span>
    </p>
   </div>
   <div class='ocr_carea' id='block_1_13' title="bbox 209 1279 1263 1350">
    <p class='ocr_par' dir='ltr' id='par_1_13' title="bbox 209 1279 1263 1350">
     <span class='ocr_line' id='line_1_13' title="bbox 209 1279 1263 1350; baseline -0.001 -14"><span class='ocrx_word' id='word_1_87' title='bbox 209 1294 361 1346; x_wconf 85' lang='lat' dir='ltr'><strong>cere,</strong></span> <span class='ocrx_word' id='word_1_88' title='bbox 392 1289 451 1335; x_wconf 89' lang='lat' dir='ltr'><strong>et</strong></span> <span class='ocrx_word' id='word_1_89' title='bbox 470 1295 502 1334; x_wconf 87' lang='lat' dir='ltr'><strong>a</strong></span> <span class='ocrx_word' id='word_1_90' title='bbox 527 1287 822 1350; x_wconf 89' lang='lat' dir='ltr'><strong>conspectu</strong></span> <span class='ocrx_word' id='word_1_91' title='bbox 846 1279 942 1334; x_wconf 89' lang='lat' dir='ltr'><strong>Dei</strong></span> <span class='ocrx_word' id='word_1_92' title='bbox 963 1279 1263 1337; x_wconf 83' lang='lat' dir='ltr'><strong>discedere.</strong></span> 
     </span>
    </p>
   </div>
   <div class='ocr_carea' id='block_1_14' title="bbox 286 1368 1784 1445">
    <p class='ocr_par' dir='ltr' id='par_1_14' title="bbox 286 1368 1784 1445">
     <span class='ocr_line' id='line_1_14' title="bbox 286 1368 1784 1445; baseline 0.002 -18"><span class='ocrx_word' id='word_1_93' title='bbox 286 1369 493 1441; x_wconf 71' lang='grc' dir='ltr'><strong>(Οιιια.)</strong></span> <span class='ocrx_word' id='word_1_94' title='bbox 520 1368 636 1425; x_wconf 82' lang='lat' dir='ltr'><strong>Non</strong></span> <span class='ocrx_word' id='word_1_95' title='bbox 674 1368 879 1425; x_wconf 79' lang='lat' dir='ltr'><strong>frustra</strong></span> <span class='ocrx_word' id='word_1_96' title='bbox 916 1371 1064 1426; x_wconf 81' lang='lat' dir='ltr'><strong>venit</strong></span> <span class='ocrx_word' id='word_1_97' title='bbox 1089 1370 1278 1427; x_wconf 80' lang='lat' dir='ltr'><strong>Jethro</strong></span> <span class='ocrx_word' id='word_1_98' title='bbox 1316 1372 1385 1428; x_wconf 86' lang='lat' dir='ltr'><strong>ad</strong></span> <span class='ocrx_word' id='word_1_99' title='bbox 1418 1372 1657 1445; x_wconf 80' lang='lat' dir='ltr'><strong>Moysen,</strong></span> <span class='ocrx_word' id='word_1_100' title='bbox 1684 1389 1784 1430; x_wconf 88' lang='lat' dir='ltr'><strong>nec</strong></span> 
     </span>
    </p>
   </div>
   <div class='ocr_carea' id='block_1_15' title="bbox 211 1461 1784 1535">
    <p class='ocr_par' dir='ltr' id='par_1_15' title="bbox 211 1461 1784 1535">
     <span class='ocr_line' id='line_1_15' title="bbox 211 1461 1784 1535; baseline 0.003 -18"><span class='ocrx_word' id='word_1_101' title='bbox 211 1461 421 1517; x_wconf 75' lang='lat' dir='ltr'><strong>frustra</strong></span> <span class='ocrx_word' id='word_1_102' title='bbox 443 1461 785 1517; x_wconf 76' lang='lat' dir='ltr'><strong>manducavit</strong></span> <span class='ocrx_word' id='word_1_103' title='bbox 820 1475 1010 1530; x_wconf 86' lang='lat' dir='ltr'><strong>panem</strong></span> <span class='ocrx_word' id='word_1_104' title='bbox 1044 1478 1166 1517; x_wconf 88' lang='lat' dir='ltr'><strong>cum</strong></span> <span class='ocrx_word' id='word_1_105' title='bbox 1186 1463 1489 1519; x_wconf 87' lang='lat' dir='ltr'><strong>senioribus</strong></span> <span class='ocrx_word' id='word_1_106' title='bbox 1510 1465 1689 1535; x_wconf 85' lang='lat' dir='ltr'><strong>populi</strong></span> <span class='ocrx_word' id='word_1_107' title='bbox 1728 1465 1784 1521; x_wconf 90' lang='lat' dir='ltr'><strong>in</strong></span> 
     </span>
    </p>
   </div>
   <div class='ocr_carea' id='block_1_16' title="bbox 210 1549 1783 1626">
    <p class='ocr_par' dir='ltr' id='par_1_16' title="bbox 210 1549 1783 1626">
     <span class='ocr_line' id='line_1_16' title="bbox 210 1549 1783 1626; baseline 0.002 -17"><span class='ocrx_word' id='word_1_108' title='bbox 210 1562 508 1624; x_wconf 82' lang='lat' dir='ltr'><strong>conspectu</strong></span> <span class='ocrx_word' id='word_1_109' title='bbox 522 1551 616 1607; x_wconf 85' lang='lat' dir='ltr'><strong>Dei</strong></span> <span class='ocrx_word' id='word_1_110' title='bbox 632 1569 647 1619; x_wconf 89' lang='lat'><strong>;</strong></span> <span class='ocrx_word' id='word_1_111' title='bbox 665 1549 760 1606; x_wconf 91' lang='lat' dir='ltr'><strong>dat</strong></span> <span class='ocrx_word' id='word_1_112' title='bbox 774 1550 936 1624; x_wconf 87' lang='lat' dir='ltr'><strong>Moysi</strong></span> <span class='ocrx_word' id='word_1_113' title='bbox 962 1553 1245 1608; x_wconf 90' lang='lat' dir='ltr'><strong>consilium</strong></span> <span class='ocrx_word' id='word_1_114' title='bbox 1266 1554 1545 1626; x_wconf 83' lang='lat' dir='ltr'><strong>probabile</strong></span> <span class='ocrx_word' id='word_1_115' title='bbox 1561 1564 1616 1611; x_wconf 89' lang='lat' dir='ltr'><strong>et</strong></span> <span class='ocrx_word' id='word_1_116' title='bbox 1632 1555 1783 1623; x_wconf 90' lang='lat' dir='ltr'><strong>utile,</strong></span> 
     </span>
    </p>
   </div>
   <div class='ocr_carea' id='block_1_17' title="bbox 211 1632 1785 1717">
    <p class='ocr_par' dir='ltr' id='par_1_17' title="bbox 211 1632 1785 1717">
     <span class='ocr_line' id='line_1_17' title="bbox 211 1632 1785 1717; baseline 0.001 -16"><span class='ocrx_word' id='word_1_117' title='bbox 211 1653 275 1701; x_wconf 89' lang='lat' dir='ltr'><strong>ut</strong></span> <span class='ocrx_word' id='word_1_118' title='bbox 314 1645 482 1715; x_wconf 90' lang='lat' dir='ltr'><strong>eligat</strong></span> <span class='ocrx_word' id='word_1_119' title='bbox 509 1644 677 1711; x_wconf 86' lang='lat' dir='ltr'><strong>viros,</strong></span> <span class='ocrx_word' id='word_1_120' title='bbox 704 1652 759 1709; x_wconf 90' lang='lat' dir='ltr'><strong>_et</strong></span> <span class='ocrx_word' id='word_1_121' title='bbox 782 1644 1075 1701; x_wconf 83' lang='lat' dir='ltr'><strong>constituat</strong></span> <span class='ocrx_word' id='word_1_122' title='bbox 1097 1646 1370 1717; x_wconf 83' lang='lat' dir='ltr'><strong>principes</strong></span> <span class='ocrx_word' id='word_1_123' title='bbox 1408 1632 1785 1717; x_wconf 61' lang='lat' dir='ltr'><strong>populi&#39;Deum</strong></span> 
     </span>
    </p>
   </div>
   <div class='ocr_carea' id='block_1_18' title="bbox 1878 559 3442 634">
    <p class='ocr_par' dir='ltr' id='par_1_18' title="bbox 1878 559 3442 634">
     <span class='ocr_line' id='line_1_18' title="bbox 1878 559 3442 634; baseline 0.004 -22"><span class='ocrx_word' id='word_1_124' title='bbox 1878 559 2119 630; x_wconf 80' lang='lat' dir='ltr'><strong>singulos</strong></span> <span class='ocrx_word' id='word_1_125' title='bbox 2144 561 2419 630; x_wconf 84' lang='lat' dir='ltr'><strong>pertinent</strong></span> <span class='ocrx_word' id='word_1_126' title='bbox 2441 561 2774 619; x_wconf 79' lang='lat' dir='ltr'><strong>dirimentes.</strong></span> <span class='ocrx_word' id='word_1_127' title='bbox 2806 561 2981 630; x_wconf 87' lang='lat' dir='ltr'><strong>Quam</strong></span> <span class='ocrx_word' id='word_1_128' title='bbox 3009 563 3234 634; x_wconf 79' lang='lat' dir='ltr'><strong>figuram</strong></span> <span class='ocrx_word' id='word_1_129' title='bbox 3278 564 3442 618; x_wconf 86' lang='lat' dir='ltr'><strong>etiam</strong></span> 
     </span>
    </p>
   </div>
   <div class='ocr_carea' id='block_1_19' title="bbox 1879 642 3438 725">
    <p class='ocr_par' dir='ltr' id='par_1_19' title="bbox 1879 642 3438 725">
     <span class='ocr_line' id='line_1_19' title="bbox 1879 642 3438 725; baseline 0.001 -18"><span class='ocrx_word' id='word_1_130' title='bbox 1879 651 1935 707; x_wconf 89' lang='lat' dir='ltr'><strong>in</strong></span> <span class='ocrx_word' id='word_1_131' title='bbox 1965 651 2143 707; x_wconf 90' lang='lat' dir='ltr'><strong>futuro</strong></span> <span class='ocrx_word' id='word_1_132' title='bbox 2168 654 2364 708; x_wconf 67' lang='lat' dir='ltr'><strong>saeculo</strong></span> <span class='ocrx_word' id='word_1_133' title='bbox 2389 642 2707 709; x_wconf 75' lang='lat' dir='ltr'><strong>servandam</strong></span> <span class='ocrx_word' id='word_1_134' title='bbox 2735 662 2884 725; x_wconf 91' lang='lat' dir='ltr'><strong>puto.</strong></span> <span class='ocrx_word' id='word_1_135' title='bbox 2914 654 3066 717; x_wconf 76' lang='lat' dir='ltr'><strong>Unde</strong></span> <span class='ocrx_word' id='word_1_136' title='bbox 3094 653 3282 710; x_wconf 85' lang='lat' dir='ltr'><strong>Matth.</strong></span> <span class='ocrx_word' id='word_1_137' title='bbox 3313 670 3438 709; x_wconf 71' lang='lat' dir='ltr'><strong>xix:</strong></span> 
     </span>
    </p>
   </div>
   <div class='ocr_carea' id='block_1_20' title="bbox 1878 740 3449 815">
    <p class='ocr_par' dir='ltr' id='par_1_20' title="bbox 1878 740 3449 815">
     <span class='ocr_line' id='line_1_20' title="bbox 1878 740 3449 815; baseline 0 -16"><span class='ocrx_word' id='word_1_138' title='bbox 1878 740 2011 799; x_wconf 86' lang='lat' dir='ltr'><strong>Cum</strong></span> <span class='ocrx_word' id='word_1_139' title='bbox 2035 743 2224 797; x_wconf 85' lang='lat' dir='ltr'><strong>sederit</strong></span> <span class='ocrx_word' id='word_1_140' title='bbox 2250 743 2392 811; x_wconf 79' lang='lat' dir='ltr'><strong>ﬁlius</strong></span> <span class='ocrx_word' id='word_1_141' title='bbox 2415 745 2639 799; x_wconf 78' lang='lat' dir='ltr'><strong>hominis</strong></span> <span class='ocrx_word' id='word_1_142' title='bbox 2685 762 2841 815; x_wconf 79' lang='lat' dir='ltr'><strong>super</strong></span> <span class='ocrx_word' id='word_1_143' title='bbox 2866 745 3111 798; x_wconf 80' lang='lat' dir='ltr'><strong>thronum</strong></span> <span class='ocrx_word' id='word_1_144' title='bbox 3152 743 3449 813; x_wconf 81' lang='lat' dir='ltr'><strong>majestatis</strong></span> 
     </span>
    </p>
   </div>
   <div class='ocr_carea' id='block_1_21' title="bbox 1878 832 3449 902">
    <p class='ocr_par' dir='ltr' id='par_1_21' title="bbox 1878 832 3449 902">
     <span class='ocr_line' id='line_1_21' title="bbox 1878 832 3449 902; baseline 0.001 -15"><span class='ocrx_word' id='word_1_145' title='bbox 1878 848 2007 895; x_wconf 67' lang='lat' dir='ltr'><strong>sum,</strong></span> <span class='ocrx_word' id='word_1_146' title='bbox 2030 832 2269 887; x_wconf 82' lang='lat' dir='ltr'><strong>sedebitis</strong></span> <span class='ocrx_word' id='word_1_147' title='bbox 2289 842 2338 887; x_wconf 85' lang='lat' dir='ltr'><strong>et</strong></span> <span class='ocrx_word' id='word_1_148' title='bbox 2361 848 2446 887; x_wconf 85' lang='lat' dir='ltr'><strong>vos</strong></span> <span class='ocrx_word' id='word_1_149' title='bbox 2470 848 2625 902; x_wconf 83' lang='lat' dir='ltr'><strong>super</strong></span> <span class='ocrx_word' id='word_1_150' title='bbox 2648 832 2793 887; x_wconf 83' lang='lat' dir='ltr'><strong>sedes</strong></span> <span class='ocrx_word' id='word_1_151' title='bbox 2817 832 3111 897; x_wconf 81' lang='lat' dir='ltr'><strong>duodecim,</strong></span> <span class='ocrx_word' id='word_1_152' title='bbox 3145 840 3252 889; x_wconf 84' lang='lat' dir='ltr'><strong>etc.</strong></span> <span class='ocrx_word' id='word_1_153' title='bbox 3285 832 3449 889; x_wconf 75' lang='lat' dir='ltr'><strong>Vides</strong></span> 
     </span>
    </p>
   </div>
   <div class='ocr_carea' id='block_1_22' title="bbox 1880 919 3444 992">
    <p class='ocr_par' dir='ltr' id='par_1_22' title="bbox 1880 919 3444 992">
     <span class='ocr_line' id='line_1_22' title="bbox 1880 919 3444 992; baseline 0.002 -18"><span class='ocrx_word' id='word_1_154' title='bbox 1880 934 2010 992; x_wconf 82' lang='lat' dir='ltr'><strong>ergo</strong></span> <span class='ocrx_word' id='word_1_155' title='bbox 2040 919 2167 991; x_wconf 90' lang='lat' dir='ltr'><strong>quia</strong></span> <span class='ocrx_word' id='word_1_156' title='bbox 2191 935 2298 975; x_wconf 90' lang='lat' dir='ltr'><strong>non</strong></span> <span class='ocrx_word' id='word_1_157' title='bbox 2340 919 2512 975; x_wconf 89' lang='lat' dir='ltr'><strong>solum</strong></span> <span class='ocrx_word' id='word_1_158' title='bbox 2558 920 2815 975; x_wconf 89' lang='lat' dir='ltr'><strong>Dominus</strong></span> <span class='ocrx_word' id='word_1_159' title='bbox 2864 921 3090 991; x_wconf 89' lang='lat' dir='ltr'><strong>judicat,</strong></span> <span class='ocrx_word' id='word_1_160' title='bbox 3148 921 3236 977; x_wconf 90' lang='lat' dir='ltr'><strong>cui</strong></span> <span class='ocrx_word' id='word_1_161' title='bbox 3283 937 3444 978; x_wconf 90' lang='lat' dir='ltr'><strong>omne</strong></span> 
     </span>
    </p>
   </div>
   <div class='ocr_carea' id='block_1_23' title="bbox 1876 1009 3447 1083">
    <p class='ocr_par' dir='ltr' id='par_1_23' title="bbox 1876 1009 3447 1083">
     <span class='ocr_line' id='line_1_23' title="bbox 1876 1009 3447 1083; baseline 0.002 -19"><span class='ocrx_word' id='word_1_162' title='bbox 1876 1009 2135 1080; x_wconf 86' lang='lat' dir='ltr'><strong>judicium</strong></span> <span class='ocrx_word' id='word_1_163' title='bbox 2162 1010 2309 1067; x_wconf 83' lang='lat' dir='ltr'><strong>dedit</strong></span> <span class='ocrx_word' id='word_1_164' title='bbox 2334 1010 2493 1065; x_wconf 87' lang='lat' dir='ltr'><strong>Pater</strong></span> <span class='ocrx_word' id='word_1_165' title='bbox 2514 1010 2698 1082; x_wconf 78' lang='lat' dir='ltr'><strong>(Joan.</strong></span> <span class='ocrx_word' id='word_1_166' title='bbox 2726 1010 2803 1083; x_wconf 88' lang='lat' dir='ltr'><strong>v),</strong></span> <span class='ocrx_word' id='word_1_167' title='bbox 2829 1012 2923 1067; x_wconf 84' lang='lat' dir='ltr'><strong>sed</strong></span> <span class='ocrx_word' id='word_1_168' title='bbox 2941 1011 3221 1067; x_wconf 88' lang='lat' dir='ltr'><strong>constituit</strong></span> <span class='ocrx_word' id='word_1_169' title='bbox 3244 1013 3447 1082; x_wconf 79' lang='lat' dir='ltr'><strong>princi-</strong></span> 
     </span>
    </p>
   </div>
   <div class='ocr_carea' id='block_1_24' title="bbox 1879 1098 3445 1172">
    <p class='ocr_par' dir='ltr' id='par_1_24' title="bbox 1879 1098 3445 1172">
     <span class='ocr_line' id='line_1_24' title="bbox 1879 1098 3445 1172; baseline 0 -16"><span class='ocrx_word' id='word_1_170' title='bbox 1879 1115 1976 1172; x_wconf 87' lang='lat' dir='ltr'><strong>pes</strong></span> <span class='ocrx_word' id='word_1_171' title='bbox 1997 1101 2089 1171; x_wconf 90' lang='lat' dir='ltr'><strong>qui</strong></span> <span class='ocrx_word' id='word_1_172' title='bbox 2118 1098 2363 1170; x_wconf 88' lang='lat' dir='ltr'><strong>judicent</strong></span> <span class='ocrx_word' id='word_1_173' title='bbox 2383 1101 2451 1157; x_wconf 90' lang='lat' dir='ltr'><strong>de</strong></span> <span class='ocrx_word' id='word_1_174' title='bbox 2474 1101 2771 1157; x_wconf 87' lang='lat' dir='ltr'><strong>minoribus</strong></span> <span class='ocrx_word' id='word_1_175' title='bbox 2794 1101 3001 1169; x_wconf 87' lang='lat' dir='ltr'><strong>causis;</strong></span> <span class='ocrx_word' id='word_1_176' title='bbox 3027 1100 3251 1157; x_wconf 81' lang='lat' dir='ltr'><strong>verbum</strong></span> <span class='ocrx_word' id='word_1_177' title='bbox 3266 1113 3445 1157; x_wconf 84' lang='lat' dir='ltr'><strong>autem</strong></span> 
     </span>
    </p>
   </div>
   <div class='ocr_carea' id='block_1_25' title="bbox 1879 1189 3448 1264">
    <p class='ocr_par' dir='ltr' id='par_1_25' title="bbox 1879 1189 3448 1264">
     <span class='ocr_line' id='line_1_25' title="bbox 1879 1189 3448 1264; baseline 0 -19"><span class='ocrx_word' id='word_1_178' title='bbox 1879 1191 2024 1263; x_wconf 88' lang='lat' dir='ltr'><strong>quod</strong></span> <span class='ocrx_word' id='word_1_179' title='bbox 2051 1191 2269 1264; x_wconf 84' lang='lat' dir='ltr'><strong>gravius</strong></span> <span class='ocrx_word' id='word_1_180' title='bbox 2294 1190 2471 1259; x_wconf 88' lang='lat' dir='ltr'><strong>fuerit,</strong></span> <span class='ocrx_word' id='word_1_181' title='bbox 2506 1189 2744 1247; x_wconf 83' lang='lat' dir='ltr'><strong>referant</strong></span> <span class='ocrx_word' id='word_1_182' title='bbox 2782 1193 2850 1247; x_wconf 86' lang='lat' dir='ltr'><strong>ad</strong></span> <span class='ocrx_word' id='word_1_183' title='bbox 2894 1191 3089 1262; x_wconf 91' lang='lat' dir='ltr'><strong>ipsum.</strong></span> <span class='ocrx_word' id='word_1_184' title='bbox 3148 1191 3272 1248; x_wconf 85' lang='lat' dir='ltr'><strong>Ideo</strong></span> <span class='ocrx_word' id='word_1_185' title='bbox 3317 1192 3448 1248; x_wconf 86' lang='lat' dir='ltr'><strong>dicit</strong></span> 
     </span>
    </p>
   </div>
   <div class='ocr_carea' id='block_1_26' title="bbox 1882 1280 3450 1351">
    <p class='ocr_par' dir='ltr' id='par_1_26' title="bbox 1882 1280 3450 1351">
     <span class='ocr_line' id='line_1_26' title="bbox 1882 1280 3450 1351; baseline 0.001 -15"><span class='ocrx_word' id='word_1_186' title='bbox 1882 1280 2139 1337; x_wconf 86' lang='lat' dir='ltr'><strong>Dominus</strong></span> <span class='ocrx_word' id='word_1_187' title='bbox 2185 1281 2252 1336; x_wconf 89' lang='lat' dir='ltr'><strong>de</strong></span> <span class='ocrx_word' id='word_1_188' title='bbox 2278 1282 2533 1351; x_wconf 81' lang='lat' dir='ltr'><strong>quodam,</strong></span> <span class='ocrx_word' id='word_1_189' title='bbox 2554 1281 2741 1338; x_wconf 80' lang='lat' dir='ltr'><strong>Matth.</strong></span> <span class='ocrx_word' id='word_1_190' title='bbox 2769 1297 2838 1335; x_wconf 85' lang='lat' dir='ltr'><strong>v:</strong></span> <span class='ocrx_word' id='word_1_191' title='bbox 2867 1280 3004 1347; x_wconf 83' lang='lat' dir='ltr'><strong>Quia</strong></span> <span class='ocrx_word' id='word_1_192' title='bbox 3024 1298 3141 1337; x_wconf 84' lang='lat' dir='ltr'><strong>reus</strong></span> <span class='ocrx_word' id='word_1_193' title='bbox 3188 1283 3289 1337; x_wconf 83' lang='lat' dir='ltr'><strong>erit</strong></span> <span class='ocrx_word' id='word_1_194' title='bbox 3326 1299 3450 1339; x_wconf 87' lang='lat' dir='ltr'><strong>con-</strong></span> 
     </span>
    </p>
   </div>
   <div class='ocr_carea' id='block_1_27' title="bbox 1882 1371 3449 1445">
    <p class='ocr_par' dir='ltr' id='par_1_27' title="bbox 1882 1371 3449 1445">
     <span class='ocr_line' id='line_1_27' title="bbox 1882 1371 3449 1445; baseline 0.001 -18"><span class='ocrx_word' id='word_1_195' title='bbox 1882 1373 2020 1439; x_wconf 83' lang='lat' dir='ltr'><strong>cilii;</strong></span> <span class='ocrx_word' id='word_1_196' title='bbox 2062 1373 2128 1429; x_wconf 90' lang='lat' dir='ltr'><strong>de</strong></span> <span class='ocrx_word' id='word_1_197' title='bbox 2153 1372 2258 1428; x_wconf 90' lang='lat' dir='ltr'><strong>alio</strong></span> <span class='ocrx_word' id='word_1_198' title='bbox 2281 1381 2480 1439; x_wconf 89' lang='lat' dir='ltr'><strong>autem,</strong></span> <span class='ocrx_word' id='word_1_199' title='bbox 2519 1372 2709 1429; x_wconf 87' lang='lat' dir='ltr'><strong>Matth.</strong></span> <span class='ocrx_word' id='word_1_200' title='bbox 2736 1388 2852 1429; x_wconf 86' lang='lat' dir='ltr'><strong>xu:</strong></span> <span class='ocrx_word' id='word_1_201' title='bbox 2880 1371 3016 1428; x_wconf 85' lang='lat' dir='ltr'><strong>Reus</strong></span> <span class='ocrx_word' id='word_1_202' title='bbox 3059 1375 3157 1429; x_wconf 87' lang='lat' dir='ltr'><strong>erit</strong></span> <span class='ocrx_word' id='word_1_203' title='bbox 3206 1374 3449 1445; x_wconf 76' lang='lat' dir='ltr'><strong>gehenna</strong></span> 
     </span>
    </p>
   </div>
   <div class='ocr_carea' id='block_1_28' title="bbox 1882 1462 3449 1537">
    <p class='ocr_par' dir='ltr' id='par_1_28' title="bbox 1882 1462 3449 1537">
     <span class='ocr_line' id='line_1_28' title="bbox 1882 1462 3449 1537; baseline 0.001 -18"><span class='ocrx_word' id='word_1_204' title='bbox 1882 1466 2039 1537; x_wconf 86' lang='lat' dir='ltr'><strong>ignis.</strong></span> <span class='ocrx_word' id='word_1_205' title='bbox 2064 1463 2173 1521; x_wconf 88' lang='lat' dir='ltr'><strong>Sed</strong></span> <span class='ocrx_word' id='word_1_206' title='bbox 2207 1466 2353 1521; x_wconf 84' lang='lat' dir='ltr'><strong>etde</strong></span> <span class='ocrx_word' id='word_1_207' title='bbox 2373 1465 2519 1520; x_wconf 90' lang='lat' dir='ltr'><strong>omni</strong></span> <span class='ocrx_word' id='word_1_208' title='bbox 2547 1464 2712 1521; x_wconf 87' lang='lat' dir='ltr'><strong>verbo</strong></span> <span class='ocrx_word' id='word_1_209' title='bbox 2744 1462 2919 1519; x_wconf 90' lang='lat' dir='ltr'><strong>otioso</strong></span> <span class='ocrx_word' id='word_1_210' title='bbox 2947 1466 3199 1522; x_wconf 88' lang='lat' dir='ltr'><strong>dicuntur</strong></span> <span class='ocrx_word' id='word_1_211' title='bbox 3223 1465 3449 1521; x_wconf 73' lang='lat' dir='ltr'><strong>reddere</strong></span> 
     </span>
    </p>
   </div>
   <div class='ocr_carea' id='block_1_29' title="bbox 1883 1555 3451 1630">
    <p class='ocr_par' dir='ltr' id='par_1_29' title="bbox 1883 1555 3451 1630">
     <span class='ocr_line' id='line_1_29' title="bbox 1883 1555 3451 1630; baseline 0 -20"><span class='ocrx_word' id='word_1_212' title='bbox 1883 1556 2169 1611; x_wconf 88' lang='lat' dir='ltr'><strong>rationem.</strong></span> <span class='ocrx_word' id='word_1_213' title='bbox 2199 1555 2267 1610; x_wconf 89' lang='lat' dir='ltr'><strong>Et</strong></span> <span class='ocrx_word' id='word_1_214' title='bbox 2288 1556 2407 1611; x_wconf 90' lang='lat' dir='ltr'><strong>ideo</strong></span> <span class='ocrx_word' id='word_1_215' title='bbox 2432 1571 2540 1610; x_wconf 89' lang='lat' dir='ltr'><strong>non</strong></span> <span class='ocrx_word' id='word_1_216' title='bbox 2574 1556 2712 1612; x_wconf 85' lang='lat' dir='ltr'><strong>dixit</strong></span> <span class='ocrx_word' id='word_1_217' title='bbox 2755 1559 2880 1630; x_wconf 90' lang='lat' dir='ltr'><strong>quia</strong></span> <span class='ocrx_word' id='word_1_218' title='bbox 2926 1557 3037 1613; x_wconf 87' lang='lat' dir='ltr'><strong>Deo</strong></span> <span class='ocrx_word' id='word_1_219' title='bbox 3080 1556 3451 1627; x_wconf 78' lang='lat' dir='ltr'><strong>praestabimus</strong></span> 
     </span>
    </p>
   </div>
   <div class='ocr_carea' id='block_1_30' title="bbox 1884 1645 3539 1717">
    <p class='ocr_par' dir='ltr' id='par_1_30' title="bbox 1884 1645 3539 1717">
     <span class='ocr_line' id='line_1_30' title="bbox 1884 1645 3539 1717; baseline 0.001 -17"><span class='ocrx_word' id='word_1_220' title='bbox 1884 1646 2169 1711; x_wconf 89' lang='lat' dir='ltr'><strong>rationem,</strong></span> <span class='ocrx_word' id='word_1_221' title='bbox 2199 1645 2341 1702; x_wconf 87' lang='lat' dir='ltr'><strong>sicut</strong></span> <span class='ocrx_word' id='word_1_222' title='bbox 2361 1646 2428 1701; x_wconf 91' lang='lat' dir='ltr'><strong>de</strong></span> <span class='ocrx_word' id='word_1_223' title='bbox 2447 1645 2708 1717; x_wconf 86' lang='lat' dir='ltr'><strong>perjurio.</strong></span> <span class='ocrx_word' id='word_1_224' title='bbox 2766 1647 2968 1704; x_wconf 84' lang='lat' dir='ltr'><strong>Reddes</strong></span> <span class='ocrx_word' id='word_1_225' title='bbox 3011 1657 3184 1703; x_wconf 86' lang='lat' dir='ltr'><strong>autem</strong></span> <span class='ocrx_word' id='word_1_226' title='bbox 3228 1645 3452 1702; x_wconf 88' lang='lat' dir='ltr'><strong>Domino</strong></span> <span class='ocrx_word' id='word_1_227' title='bbox 3532 1700 3539 1707; x_wconf 85' lang='grc'><em>,</em></span> 
     </span>
    </p>
   </div>
   <div class='ocr_carea' id='block_1_31' title="bbox 207 1735 3453 1809">
    <p class='ocr_par' dir='ltr' id='par_1_31' title="bbox 207 1735 3453 1809">
     <span class='ocr_line' id='line_1_31' title="bbox 207 1735 3453 1809; baseline -0.002 -13"><span class='ocrx_word' id='word_1_228' title='bbox 207 1738 475 1803; x_wconf 86' lang='lat' dir='ltr'><strong>colentes,</strong></span> <span class='ocrx_word' id='word_1_229' title='bbox 495 1745 742 1808; x_wconf 92' lang='lat' dir='ltr'><strong>potentes</strong></span> <span class='ocrx_word' id='word_1_230' title='bbox 766 1745 821 1793; x_wconf 91' lang='lat' dir='ltr'><strong>et</strong></span> <span class='ocrx_word' id='word_1_231' title='bbox 838 1737 1080 1794; x_wconf 89' lang='lat' dir='ltr'><strong>odientes</strong></span> <span class='ocrx_word' id='word_1_232' title='bbox 1100 1737 1427 1808; x_wconf 86' lang='lat' dir='ltr'><strong>superbiam.</strong></span> <span class='ocrx_word' id='word_1_233' title='bbox 1453 1738 1610 1797; x_wconf 86' lang='lat' dir='ltr'><strong>Tales</strong></span> <span class='ocrx_word' id='word_1_234' title='bbox 1636 1740 1781 1797; x_wconf 90' lang='lat' dir='ltr'><strong>enim</strong></span> <span class='ocrx_word' id='word_1_235' title='bbox 1875 1736 2180 1806; x_wconf 82' lang='lat' dir='ltr'><strong>jurantenta</strong></span> <span class='ocrx_word' id='word_1_236' title='bbox 2206 1745 2318 1791; x_wconf 84' lang='lat' dir='ltr'><strong>tua.</strong></span> <span class='ocrx_word' id='word_1_237' title='bbox 2370 1735 2559 1791; x_wconf 86' lang='lat' dir='ltr'><strong>Matth.</strong></span> <span class='ocrx_word' id='word_1_238' title='bbox 2614 1753 2693 1792; x_wconf 96' lang='lat' dir='ltr'><strong>xu</strong></span> <span class='ocrx_word' id='word_1_239' title='bbox 2724 1756 2739 1793; x_wconf 85' lang='lat'><strong>:</strong></span> <span class='ocrx_word' id='word_1_240' title='bbox 2775 1737 2973 1809; x_wconf 83' lang='lat' dir='ltr'><strong>Regina</strong></span> <span class='ocrx_word' id='word_1_241' title='bbox 3016 1751 3230 1808; x_wconf 90' lang='lat' dir='ltr'><strong>quoque</strong></span> <span class='ocrx_word' id='word_1_242' title='bbox 3285 1738 3453 1790; x_wconf 88' lang='lat' dir='ltr'><strong>austri</strong></span> 
     </span>
    </p>
   </div>
   <div class='ocr_carea' id='block_1_32' title="bbox 208 1816 3455 1901">
    <p class='ocr_par' dir='ltr' id='par_1_32' title="bbox 208 1816 3455 1901">
     <span class='ocr_line' id='line_1_32' title="bbox 208 1816 3455 1901; baseline -0 -19"><span class='ocrx_word' id='word_1_243' title='bbox 208 1836 431 1901; x_wconf 88' lang='lat' dir='ltr'><strong>oportet</strong></span> <span class='ocrx_word' id='word_1_244' title='bbox 471 1842 590 1884; x_wconf 88' lang='lat' dir='ltr'><strong>esse</strong></span> <span class='ocrx_word' id='word_1_245' title='bbox 633 1827 725 1899; x_wconf 89' lang='lat' dir='ltr'><strong>qui</strong></span> <span class='ocrx_word' id='word_1_246' title='bbox 769 1827 987 1898; x_wconf 88' lang='lat' dir='ltr'><strong>superbi</strong></span> <span class='ocrx_word' id='word_1_247' title='bbox 1032 1843 1139 1885; x_wconf 91' lang='lat' dir='ltr'><strong>non</strong></span> <span class='ocrx_word' id='word_1_248' title='bbox 1184 1829 1293 1885; x_wconf 91' lang='lat' dir='ltr'><strong>sint</strong></span> <span class='ocrx_word' id='word_1_249' title='bbox 1314 1868 1330 1896; x_wconf 91' lang='lat'><strong>,</strong></span> <span class='ocrx_word' id='word_1_250' title='bbox 1369 1838 1426 1885; x_wconf 91' lang='lat' dir='ltr'><strong>et</strong></span> <span class='ocrx_word' id='word_1_251' title='bbox 1476 1830 1783 1900; x_wconf 83' lang='lat' dir='ltr'><strong>superbiam</strong></span> <span class='ocrx_word' id='word_1_252' title='bbox 1810 1816 1859 1877; x_wconf 88' lang='lat' dir='ltr'><strong>B</strong></span> <span class='ocrx_word' id='word_1_253' title='bbox 1883 1836 2057 1898; x_wconf 85' lang='lat' dir='ltr'><strong>surget</strong></span> <span class='ocrx_word' id='word_1_254' title='bbox 2080 1827 2136 1881; x_wconf 88' lang='lat' dir='ltr'><strong>in</strong></span> <span class='ocrx_word' id='word_1_255' title='bbox 2153 1826 2361 1897; x_wconf 83' lang='lat' dir='ltr'><strong>judicio</strong></span> <span class='ocrx_word' id='word_1_256' title='bbox 2388 1841 2506 1881; x_wconf 85' lang='lat' dir='ltr'><strong>eum</strong></span> <span class='ocrx_word' id='word_1_257' title='bbox 2526 1827 2649 1882; x_wconf 82' lang='lat' dir='ltr'><strong>viris</strong></span> <span class='ocrx_word' id='word_1_258' title='bbox 2675 1829 3020 1898; x_wconf 80' lang='lat' dir='ltr'><strong>generationis</strong></span> <span class='ocrx_word' id='word_1_259' title='bbox 3044 1827 3225 1897; x_wconf 80' lang='lat' dir='ltr'><strong>hujus,</strong></span> <span class='ocrx_word' id='word_1_260' title='bbox 3254 1837 3300 1881; x_wconf 85' lang='lat' dir='ltr'><strong>et</strong></span> <span class='ocrx_word' id='word_1_261' title='bbox 3332 1843 3455 1881; x_wconf 81' lang='lat' dir='ltr'><strong>con-</strong></span> 
     </span>
    </p>
   </div>
   <div class='ocr_carea' id='block_1_33' title="bbox 206 1919 1785 1992">
    <p class='ocr_par' dir='ltr' id='par_1_33' title="bbox 206 1919 1785 1992">
     <span class='ocr_line' id='line_1_33' title="bbox 206 1919 1785 1992; baseline 0.001 -16"><span class='ocrx_word' id='word_1_262' title='bbox 206 1920 460 1986; x_wconf 87' lang='lat' dir='ltr'><strong>oderint;</strong></span> <span class='ocrx_word' id='word_1_263' title='bbox 489 1919 542 1976; x_wconf 92' lang='lat' dir='ltr'><strong>id</strong></span> <span class='ocrx_word' id='word_1_264' title='bbox 567 1929 650 1975; x_wconf 89' lang='lat' dir='ltr'><strong>est</strong></span> <span class='ocrx_word' id='word_1_265' title='bbox 669 1959 686 1985; x_wconf 94' lang='lat'><strong>,</strong></span> <span class='ocrx_word' id='word_1_266' title='bbox 709 1927 768 1974; x_wconf 91' lang='lat' dir='ltr'><strong>ut</strong></span> <span class='ocrx_word' id='word_1_267' title='bbox 792 1935 896 1975; x_wconf 92' lang='lat' dir='ltr'><strong>non</strong></span> <span class='ocrx_word' id='word_1_268' title='bbox 932 1919 1105 1991; x_wconf 79' lang='lat' dir='ltr'><strong>solum</strong></span> <span class='ocrx_word' id='word_1_269' title='bbox 1130 1920 1233 1992; x_wconf 88' lang='lat' dir='ltr'><strong>ipsi</strong></span> <span class='ocrx_word' id='word_1_270' title='bbox 1259 1921 1464 1992; x_wconf 88' lang='lat' dir='ltr'><strong>absque</strong></span> <span class='ocrx_word' id='word_1_271' title='bbox 1498 1922 1630 1980; x_wconf 90' lang='lat' dir='ltr'><strong>vitio</strong></span> <span class='ocrx_word' id='word_1_272' title='bbox 1653 1924 1785 1992; x_wconf 87' lang='lat' dir='ltr'><strong>sint,</strong></span> 
     </span>
    </p>
   </div>
   <div class='ocr_carea' id='block_1_34' title="bbox 208 2011 1785 2081">
    <p class='ocr_par' dir='ltr' id='par_1_34' title="bbox 208 2011 1785 2081">
     <span class='ocr_line' id='line_1_34' title="bbox 208 2011 1785 2081; baseline 0.001 -12"><span class='ocrx_word' id='word_1_273' title='bbox 208 2012 309 2069; x_wconf 80' lang='lat' dir='ltr'><strong>sed</strong></span> <span class='ocrx_word' id='word_1_274' title='bbox 340 2012 397 2066; x_wconf 87' lang='lat' dir='ltr'><strong>in</strong></span> <span class='ocrx_word' id='word_1_275' title='bbox 428 2011 583 2069; x_wconf 86' lang='lat' dir='ltr'><strong>malis</strong></span> <span class='ocrx_word' id='word_1_276' title='bbox 608 2012 819 2069; x_wconf 87' lang='lat' dir='ltr'><strong>oderint</strong></span> <span class='ocrx_word' id='word_1_277' title='bbox 845 2012 973 2068; x_wconf 89' lang='lat' dir='ltr'><strong>vitia</strong></span> <span class='ocrx_word' id='word_1_278' title='bbox 1013 2028 1028 2067; x_wconf 90' lang='lat'><strong>:</strong></span> <span class='ocrx_word' id='word_1_279' title='bbox 1060 2026 1169 2071; x_wconf 89' lang='lat' dir='ltr'><strong>non</strong></span> <span class='ocrx_word' id='word_1_280' title='bbox 1216 2014 1464 2071; x_wconf 89' lang='lat' dir='ltr'><strong>homines</strong></span> <span class='ocrx_word' id='word_1_281' title='bbox 1506 2015 1661 2081; x_wconf 86' lang='lat' dir='ltr'><strong>dico,</strong></span> <span class='ocrx_word' id='word_1_282' title='bbox 1688 2014 1785 2071; x_wconf 85' lang='lat' dir='ltr'><strong>sed</strong></span> 
     </span>
    </p>
   </div>
   <div class='ocr_carea' id='block_1_35' title="bbox 210 2104 368 2159">
    <p class='ocr_par' dir='ltr' id='par_1_35' title="bbox 210 2104 368 2159">
     <span class='ocr_line' id='line_1_35' title="bbox 210 2104 368 2159; baseline 0 0"><span class='ocrx_word' id='word_1_283' title='bbox 210 2104 368 2159; x_wconf 87' lang='lat' dir='ltr'><strong>vitia.</strong></span> 
     </span>
    </p>
   </div>
   <div class='ocr_carea' id='block_1_36' title="bbox 278 2191 1783 2269">
    <p class='ocr_par' dir='ltr' id='par_1_36' title="bbox 278 2191 1783 2269">
     <span class='ocr_line' id='line_1_36' title="bbox 278 2191 1783 2269; baseline 0.004 -20"><span class='ocrx_word' id='word_1_284' title='bbox 278 2191 477 2249; x_wconf 81' lang='lat' dir='ltr'><strong>Coram</strong></span> <span class='ocrx_word' id='word_1_285' title='bbox 503 2194 637 2261; x_wconf 84' lang='lat' dir='ltr'><strong>Deo,</strong></span> <span class='ocrx_word' id='word_1_286' title='bbox 659 2204 767 2252; x_wconf 90' lang='lat' dir='ltr'><strong>etc.</strong></span> <span class='ocrx_word' id='word_1_287' title='bbox 795 2195 950 2269; x_wconf 84' lang='lat' dir='ltr'><strong>(Anc.</strong></span> <span class='ocrx_word' id='word_1_288' title='bbox 970 2236 986 2263; x_wconf 90' lang='lat'><strong>,</strong></span> <span class='ocrx_word' id='word_1_289' title='bbox 1004 2206 1188 2269; x_wconf 64' lang='lat' dir='ltr'><strong>quiest.</strong></span> <span class='ocrx_word' id='word_1_290' title='bbox 1211 2197 1324 2269; x_wconf 88' lang='lat'><strong>66.)</strong></span> <span class='ocrx_word' id='word_1_291' title='bbox 1367 2197 1638 2265; x_wconf 69' lang='lat' dir='ltr'><strong>Quaeritur</strong></span> <span class='ocrx_word' id='word_1_292' title='bbox 1670 2198 1783 2265; x_wconf 88' lang='lat' dir='ltr'><strong>ubi,</strong></span> 
     </span>
    </p>
   </div>
   <div class='ocr_carea' id='block_1_37' title="bbox 206 2288 1785 2359">
    <p class='ocr_par' dir='ltr' id='par_1_37' title="bbox 206 2288 1785 2359">
     <span class='ocr_line' id='line_1_37' title="bbox 206 2288 1785 2359; baseline 0.004 -18"><span class='ocrx_word' id='word_1_293' title='bbox 206 2288 649 2359; x_wconf 83' lang='lat' dir='ltr'><strong>quandoquidem</strong></span> <span class='ocrx_word' id='word_1_294' title='bbox 700 2303 802 2345; x_wconf 91' lang='lat' dir='ltr'><strong>nec</strong></span> <span class='ocrx_word' id='word_1_295' title='bbox 858 2289 1261 2346; x_wconf 84' lang='lat' dir='ltr'><strong>tabernaculum</strong></span> <span class='ocrx_word' id='word_1_296' title='bbox 1313 2288 1454 2356; x_wconf 92' lang='lat' dir='ltr'><strong>fuit,</strong></span> <span class='ocrx_word' id='word_1_297' title='bbox 1506 2306 1607 2346; x_wconf 91' lang='lat' dir='ltr'><strong>nec</strong></span> <span class='ocrx_word' id='word_1_298' title='bbox 1658 2306 1785 2349; x_wconf 86' lang='lat' dir='ltr'><strong>arca</strong></span> 
     </span>
    </p>
   </div>
   <div class='ocr_carea' id='block_1_38' title="bbox 208 2376 1786 2450">
    <p class='ocr_par' dir='ltr' id='par_1_38' title="bbox 208 2376 1786 2450">
     <span class='ocr_line' id='line_1_38' title="bbox 208 2376 1786 2450; baseline 0.006 -22"><span class='ocrx_word' id='word_1_299' title='bbox 208 2376 550 2442; x_wconf 88' lang='lat' dir='ltr'><strong>testamenti,</strong></span> <span class='ocrx_word' id='word_1_300' title='bbox 576 2391 698 2446; x_wconf 79' lang='lat' dir='ltr'><strong>quae</strong></span> <span class='ocrx_word' id='word_1_301' title='bbox 740 2387 926 2448; x_wconf 88' lang='lat' dir='ltr'><strong>postea</strong></span> <span class='ocrx_word' id='word_1_302' title='bbox 969 2387 1093 2433; x_wconf 89' lang='lat' dir='ltr'><strong>sunt</strong></span> <span class='ocrx_word' id='word_1_303' title='bbox 1133 2378 1420 2435; x_wconf 87' lang='lat' dir='ltr'><strong>instituta?</strong></span> <span class='ocrx_word' id='word_1_304' title='bbox 1463 2394 1639 2450; x_wconf 89' lang='lat' dir='ltr'><strong>neque</strong></span> <span class='ocrx_word' id='word_1_305' title='bbox 1682 2380 1786 2437; x_wconf 92' lang='lat' dir='ltr'><strong>hoc</strong></span> 
     </span>
    </p>
   </div>
   <div class='ocr_carea' id='block_1_39' title="bbox 206 2464 1785 2541">
    <p class='ocr_par' dir='ltr' id='par_1_39' title="bbox 206 2464 1785 2541">
     <span class='ocr_line' id='line_1_39' title="bbox 206 2464 1785 2541; baseline 0.003 -20"><span class='ocrx_word' id='word_1_306' title='bbox 206 2466 276 2522; x_wconf 85' lang='lat' dir='ltr'><strong>de</strong></span> <span class='ocrx_word' id='word_1_307' title='bbox 321 2464 509 2522; x_wconf 91' lang='lat' dir='ltr'><strong>futuro</strong></span> <span class='ocrx_word' id='word_1_308' title='bbox 534 2465 737 2522; x_wconf 89' lang='lat' dir='ltr'><strong>dictum</strong></span> <span class='ocrx_word' id='word_1_309' title='bbox 775 2468 1022 2537; x_wconf 88' lang='lat' dir='ltr'><strong>accipere</strong></span> <span class='ocrx_word' id='word_1_310' title='bbox 1052 2483 1369 2541; x_wconf 87' lang='lat' dir='ltr'><strong>possumus,</strong></span> <span class='ocrx_word' id='word_1_311' title='bbox 1398 2470 1540 2525; x_wconf 86' lang='lat' dir='ltr'><strong>sicut</strong></span> <span class='ocrx_word' id='word_1_312' title='bbox 1581 2470 1785 2525; x_wconf 89' lang='lat' dir='ltr'><strong>dictum</strong></span> 
     </span>
    </p>
   </div>
   <div class='ocr_carea' id='block_1_40' title="bbox 206 2556 1786 2628">
    <p class='ocr_par' dir='ltr' id='par_1_40' title="bbox 206 2556 1786 2628">
     <span class='ocr_line' id='line_1_40' title="bbox 206 2556 1786 2628; baseline 0.001 -16"><span class='ocrx_word' id='word_1_313' title='bbox 206 2566 292 2612; x_wconf 83' lang='lat' dir='ltr'><strong>est</strong></span> <span class='ocrx_word' id='word_1_314' title='bbox 313 2556 385 2613; x_wconf 90' lang='lat' dir='ltr'><strong>de</strong></span> <span class='ocrx_word' id='word_1_315' title='bbox 405 2571 623 2623; x_wconf 90' lang='lat' dir='ltr'><strong>manna,</strong></span> <span class='ocrx_word' id='word_1_316' title='bbox 647 2559 789 2628; x_wconf 88' lang='lat' dir='ltr'><strong>quod</strong></span> <span class='ocrx_word' id='word_1_317' title='bbox 817 2558 1051 2628; x_wconf 90' lang='lat' dir='ltr'><strong>positum</strong></span> <span class='ocrx_word' id='word_1_318' title='bbox 1071 2568 1156 2615; x_wconf 88' lang='lat' dir='ltr'><strong>est</strong></span> <span class='ocrx_word' id='word_1_319' title='bbox 1196 2560 1249 2615; x_wconf 88' lang='lat' dir='ltr'><strong>in</strong></span> <span class='ocrx_word' id='word_1_320' title='bbox 1277 2574 1425 2625; x_wconf 86' lang='lat' dir='ltr'><strong>vase,</strong></span> <span class='ocrx_word' id='word_1_321' title='bbox 1455 2558 1663 2615; x_wconf 87' lang='lat' dir='ltr'><strong>scilicet</strong></span> <span class='ocrx_word' id='word_1_322' title='bbox 1692 2574 1786 2613; x_wconf 87' lang='lat' dir='ltr'><strong>au-</strong></span> 
     </span>
    </p>
   </div>
   <div class='ocr_carea' id='block_1_41' title="bbox 210 2644 1783 2719">
    <p class='ocr_par' dir='ltr' id='par_1_41' title="bbox 210 2644 1783 2719">
     <span class='ocr_line' id='line_1_41' title="bbox 210 2644 1783 2719; baseline 0.003 -20"><span class='ocrx_word' id='word_1_323' title='bbox 210 2660 327 2700; x_wconf 87' lang='lat' dir='ltr'><strong>reo.</strong></span> <span class='ocrx_word' id='word_1_324' title='bbox 372 2644 515 2717; x_wconf 86' lang='lat' dir='ltr'><strong>Ergo</strong></span> <span class='ocrx_word' id='word_1_325' title='bbox 558 2644 613 2699; x_wconf 89' lang='lat' dir='ltr'><strong>id</strong></span> <span class='ocrx_word' id='word_1_326' title='bbox 649 2653 775 2702; x_wconf 87' lang='lat' dir='ltr'><strong>ante</strong></span> <span class='ocrx_word' id='word_1_327' title='bbox 800 2645 971 2702; x_wconf 89' lang='lat' dir='ltr'><strong>Deum</strong></span> <span class='ocrx_word' id='word_1_328' title='bbox 996 2646 1253 2703; x_wconf 87' lang='lat' dir='ltr'><strong>debemus</strong></span> <span class='ocrx_word' id='word_1_329' title='bbox 1280 2648 1525 2719; x_wconf 87' lang='lat' dir='ltr'><strong>accipere</strong></span> <span class='ocrx_word' id='word_1_330' title='bbox 1560 2646 1783 2716; x_wconf 89' lang='lat' dir='ltr'><strong>factum,</strong></span> 
     </span>
    </p>
   </div>
   <div class='ocr_carea' id='block_1_42' title="bbox 210 2735 1338 2806">
    <p class='ocr_par' dir='ltr' id='par_1_42' title="bbox 210 2735 1338 2806">
     <span class='ocr_line' id='line_1_42' title="bbox 210 2735 1338 2806; baseline 0.001 -15"><span class='ocrx_word' id='word_1_331' title='bbox 210 2735 361 2806; x_wconf 87' lang='lat' dir='ltr'><strong>quod</strong></span> <span class='ocrx_word' id='word_1_332' title='bbox 391 2737 447 2791; x_wconf 93' lang='lat' dir='ltr'><strong>in</strong></span> <span class='ocrx_word' id='word_1_333' title='bbox 480 2736 742 2793; x_wconf 88' lang='lat' dir='ltr'><strong>honorem</strong></span> <span class='ocrx_word' id='word_1_334' title='bbox 768 2737 979 2794; x_wconf 86' lang='lat' dir='ltr'><strong>Domini</strong></span> <span class='ocrx_word' id='word_1_335' title='bbox 1006 2738 1209 2794; x_wconf 86' lang='lat' dir='ltr'><strong>factum</strong></span> <span class='ocrx_word' id='word_1_336' title='bbox 1236 2747 1338 2795; x_wconf 86' lang='lat' dir='ltr'><strong>est.</strong></span> 
     </span>
    </p>
   </div>
   <div class='ocr_carea' id='block_1_43' title="bbox 281 2823 1786 2904">
    <p class='ocr_par' dir='ltr' id='par_1_43' title="bbox 281 2823 1786 2904">
     <span class='ocr_line' id='line_1_43' title="bbox 281 2823 1786 2904; baseline 0.003 -24"><span class='ocrx_word' id='word_1_337' title='bbox 281 2823 457 2880; x_wconf 67' lang='lat' dir='ltr'><strong>Vens.</strong></span> <span class='ocrx_word' id='word_1_338' title='bbox 497 2824 679 2882; x_wconf 82' lang='grc'><strong>16-18.</strong></span> <span class='ocrx_word' id='word_1_339' title='bbox 718 2857 789 2867; x_wconf 94' lang='grc'><strong>-</strong></span> <span class='ocrx_word' id='word_1_340' title='bbox 820 2826 1105 2882; x_wconf 80' lang='lat' dir='ltr'><strong>Ostendam</strong></span> <span class='ocrx_word' id='word_1_341' title='bbox 1137 2838 1417 2901; x_wconf 76' lang='lat' dir='ltr'><strong>prwcepta,</strong></span> <span class='ocrx_word' id='word_1_342' title='bbox 1479 2836 1584 2884; x_wconf 79' lang='lat' dir='ltr'><strong>etc.</strong></span> <span class='ocrx_word' id='word_1_343' title='bbox 1631 2830 1741 2904; x_wconf 84' lang='lat' dir='ltr'><strong>(In.</strong></span> <span class='ocrx_word' id='word_1_344' title='bbox 1769 2872 1786 2899; x_wconf 93' lang='lat'><strong>,</strong></span> 
     </span>
    </p>
   </div>
   <div class='ocr_carea' id='block_1_44' title="bbox 210 2915 1785 2992">
    <p class='ocr_par' dir='ltr' id='par_1_44' title="bbox 210 2915 1785 2992">
     <span class='ocr_line' id='line_1_44' title="bbox 210 2915 1785 2992; baseline 0.002 -19"><span class='ocrx_word' id='word_1_345' title='bbox 210 2926 404 2989; x_wconf 69' lang='lat' dir='ltr'><strong>qmst.</strong></span> <span class='ocrx_word' id='word_1_346' title='bbox 431 2915 548 2989; x_wconf 88' lang='grc'><strong>67.)</strong></span> <span class='ocrx_word' id='word_1_347' title='bbox 576 2916 752 2984; x_wconf 82' lang='lat' dir='ltr'><strong>Quaeri</strong></span> <span class='ocrx_word' id='word_1_348' title='bbox 785 2926 964 2989; x_wconf 89' lang='lat' dir='ltr'><strong>potest</strong></span> <span class='ocrx_word' id='word_1_349' title='bbox 986 2917 1254 2990; x_wconf 91' lang='lat' dir='ltr'><strong>quomodo</strong></span> <span class='ocrx_word' id='word_1_350' title='bbox 1278 2920 1367 2976; x_wconf 92' lang='lat' dir='ltr'><strong>hic</strong></span> <span class='ocrx_word' id='word_1_351' title='bbox 1392 2920 1603 2992; x_wconf 82' lang='lat' dir='ltr'><strong>Moyses</strong></span> <span class='ocrx_word' id='word_1_352' title='bbox 1628 2921 1785 2990; x_wconf 89' lang='lat' dir='ltr'><strong>dixit,</strong></span> 
     </span>
    </p>
   </div>
   <div class='ocr_carea' id='block_1_45' title="bbox 212 3006 1436 3083">
    <p class='ocr_par' dir='ltr' id='par_1_45' title="bbox 212 3006 1436 3083">
     <span class='ocr_line' id='line_1_45' title="bbox 212 3006 1436 3083; baseline 0 -18"><span class='ocrx_word' id='word_1_353' title='bbox 212 3017 348 3074; x_wconf 82' lang='lat' dir='ltr'><strong>etc.,</strong></span> <span class='ocrx_word' id='word_1_354' title='bbox 377 3024 540 3079; x_wconf 74' lang='lat' dir='ltr'><strong>usque</strong></span> <span class='ocrx_word' id='word_1_355' title='bbox 563 3009 634 3063; x_wconf 88' lang='lat' dir='ltr'><strong>ad</strong></span> <span class='ocrx_word' id='word_1_356' title='bbox 652 3006 800 3078; x_wconf 86' lang='lat' dir='ltr'><strong>juste</strong></span> <span class='ocrx_word' id='word_1_357' title='bbox 828 3008 1073 3078; x_wconf 85' lang='lat' dir='ltr'><strong>judicare</strong></span> <span class='ocrx_word' id='word_1_358' title='bbox 1098 3025 1204 3067; x_wconf 92' lang='lat' dir='ltr'><strong>non</strong></span> <span class='ocrx_word' id='word_1_359' title='bbox 1233 3020 1436 3083; x_wconf 85' lang='lat' dir='ltr'><strong>posset.</strong></span> 
     </span>
    </p>
   </div>
   <div class='ocr_carea' id='block_1_46' title="bbox 283 3100 1785 3177">
    <p class='ocr_par' dir='ltr' id='par_1_46' title="bbox 283 3100 1785 3177">
     <span class='ocr_line' id='line_1_46' title="bbox 283 3100 1785 3177; baseline 0.003 -20"><span class='ocrx_word' id='word_1_360' title='bbox 283 3100 457 3157; x_wconf 75' lang='lat' dir='ltr'><strong>Vens.</strong></span> <span class='ocrx_word' id='word_1_361' title='bbox 488 3101 575 3168; x_wconf 76' lang='lat' dir='ltr'><strong>l9,</strong></span> <span class='ocrx_word' id='word_1_362' title='bbox 614 3102 705 3157; x_wconf 75' lang='grc'><strong>20.</strong></span> <span class='ocrx_word' id='word_1_363' title='bbox 730 3133 801 3143; x_wconf 93' lang='grc'><strong>-</strong></span> <span class='ocrx_word' id='word_1_364' title='bbox 821 3101 928 3158; x_wconf 84' lang='lat' dir='ltr'><strong>Sed</strong></span> <span class='ocrx_word' id='word_1_365' title='bbox 972 3103 1098 3158; x_wconf 86' lang='lat' dir='ltr'><strong>audi</strong></span> <span class='ocrx_word' id='word_1_366' title='bbox 1126 3103 1280 3158; x_wconf 80' lang='lat' dir='ltr'><strong>verba</strong></span> <span class='ocrx_word' id='word_1_367' title='bbox 1328 3120 1463 3171; x_wconf 88' lang='lat' dir='ltr'><strong>mea,</strong></span> <span class='ocrx_word' id='word_1_368' title='bbox 1494 3112 1600 3160; x_wconf 87' lang='lat' dir='ltr'><strong>etc.</strong></span> <span class='ocrx_word' id='word_1_369' title='bbox 1652 3103 1785 3177; x_wconf 84' lang='lat' dir='ltr'><strong>(ln.,</strong></span> 
     </span>
    </p>
   </div>
   <div class='ocr_carea' id='block_1_47' title="bbox 1883 1915 3451 1990">
    <p class='ocr_par' dir='ltr' id='par_1_47' title="bbox 1883 1915 3451 1990">
     <span class='ocr_line' id='line_1_47' title="bbox 1883 1915 3451 1990; baseline -0.001 -18"><span class='ocrx_word' id='word_1_370' title='bbox 1883 1915 2148 1973; x_wconf 83' lang='lat' dir='ltr'><strong>demnabit</strong></span> <span class='ocrx_word' id='word_1_371' title='bbox 2175 1933 2310 1973; x_wconf 87' lang='lat' dir='ltr'><strong>eam.</strong></span> <span class='ocrx_word' id='word_1_372' title='bbox 2340 1918 2478 1973; x_wconf 85' lang='lat' dir='ltr'><strong>Ecce</strong></span> <span class='ocrx_word' id='word_1_373' title='bbox 2501 1917 2643 1974; x_wconf 87' lang='lat' dir='ltr'><strong>aliud</strong></span> <span class='ocrx_word' id='word_1_374' title='bbox 2678 1933 2848 1990; x_wconf 87' lang='lat' dir='ltr'><strong>genus</strong></span> <span class='ocrx_word' id='word_1_375' title='bbox 2867 1919 3076 1989; x_wconf 88' lang='lat' dir='ltr'><strong>judicii,</strong></span> <span class='ocrx_word' id='word_1_376' title='bbox 3103 1916 3293 1972; x_wconf 83' lang='lat' dir='ltr'><strong>Matth.</strong></span> <span class='ocrx_word' id='word_1_377' title='bbox 3322 1932 3451 1971; x_wconf 84' lang='lat' dir='ltr'><strong>xm:</strong></span> 
     </span>
    </p>
   </div>
   <div class='ocr_carea' id='block_1_48' title="bbox 1887 1991 3454 2075">
    <p class='ocr_par' dir='ltr' id='par_1_48' title="bbox 1887 1991 3454 2075">
     <span class='ocr_line' id='line_1_48' title="bbox 1887 1991 3454 2075; baseline 0.001 -14"><span class='ocrx_word' id='word_1_378' title='bbox 1887 2006 1990 2073; x_wconf 83' lang='lat' dir='ltr'><strong>Qui</strong></span> <span class='ocrx_word' id='word_1_379' title='bbox 2030 2007 2183 2062; x_wconf 86' lang='lat' dir='ltr'><strong>habet</strong></span> <span class='ocrx_word' id='word_1_380' title='bbox 2207 2023 2361 2063; x_wconf 86' lang='lat' dir='ltr'><strong>aures</strong></span> <span class='ocrx_word' id='word_1_381' title='bbox 2388 1991 2659 2075; x_wconf 80' lang='lat' dir='ltr'><strong>audiendi,</strong></span> <span class='ocrx_word' id='word_1_382' title='bbox 2693 2009 2874 2063; x_wconf 85' lang='lat' dir='ltr'><strong>audiat</strong></span> <span class='ocrx_word' id='word_1_383' title='bbox 2903 2025 2921 2063; x_wconf 91' lang='lat'><strong><em>:</em></strong></span> <span class='ocrx_word' id='word_1_384' title='bbox 2950 2010 3066 2063; x_wconf 84' lang='lat' dir='ltr'><strong>haec</strong></span> <span class='ocrx_word' id='word_1_385' title='bbox 3086 2008 3229 2066; x_wconf 86' lang='lat' dir='ltr'><strong>enim</strong></span> <span class='ocrx_word' id='word_1_386' title='bbox 3272 2009 3454 2064; x_wconf 79' lang='lat' dir='ltr'><strong>omnia</strong></span> 
     </span>
    </p>
   </div>
   <div class='ocr_carea' id='block_1_49' title="bbox 1885 2098 3186 2173">
    <p class='ocr_par' dir='ltr' id='par_1_49' title="bbox 1885 2098 3186 2173">
     <span class='ocr_line' id='line_1_49' title="bbox 1885 2098 3186 2173; baseline 0.002 -19"><span class='ocrx_word' id='word_1_387' title='bbox 1885 2098 2076 2155; x_wconf 88' lang='lat' dir='ltr'><strong>umbra</strong></span> <span class='ocrx_word' id='word_1_388' title='bbox 2103 2106 2229 2155; x_wconf 89' lang='lat' dir='ltr'><strong>sunt</strong></span> <span class='ocrx_word' id='word_1_389' title='bbox 2254 2100 2553 2156; x_wconf 73' lang='lat' dir='ltr'><strong>cmlestium</strong></span> <span class='ocrx_word' id='word_1_390' title='bbox 2580 2109 2634 2156; x_wconf 90' lang='lat' dir='ltr'><strong>et</strong></span> <span class='ocrx_word' id='word_1_391' title='bbox 2659 2101 2838 2173; x_wconf 78' lang='lat' dir='ltr'><strong>imago</strong></span> <span class='ocrx_word' id='word_1_392' title='bbox 2862 2100 3186 2159; x_wconf 83' lang='lat' dir='ltr'><strong>futurorum.</strong></span> 
     </span>
    </p>
   </div>
   <div class='ocr_carea' id='block_1_50' title="bbox 1959 2189 3459 2264">
    <p class='ocr_par' dir='ltr' id='par_1_50' title="bbox 1959 2189 3459 2264">
     <span class='ocr_line' id='line_1_50' title="bbox 1959 2189 3459 2264; baseline 0.002 -20"><span class='ocrx_word' id='word_1_393' title='bbox 1959 2189 2176 2263; x_wconf 73' lang='grc' dir='ltr'><strong>(Ιοειι.)</strong></span> <span class='ocrx_word' id='word_1_394' title='bbox 2223 2191 2376 2248; x_wconf 90' lang='lat' dir='ltr'><strong>Sicut</strong></span> <span class='ocrx_word' id='word_1_395' title='bbox 2399 2193 2657 2264; x_wconf 88' lang='lat' dir='ltr'><strong>scriptum</strong></span> <span class='ocrx_word' id='word_1_396' title='bbox 2689 2203 2771 2249; x_wconf 90' lang='lat' dir='ltr'><strong>est</strong></span> <span class='ocrx_word' id='word_1_397' title='bbox 2793 2193 3013 2249; x_wconf 83' lang='lat' dir='ltr'><strong>Eccle.t</strong></span> <span class='ocrx_word' id='word_1_398' title='bbox 3045 2211 3058 2248; x_wconf 91' lang='lat'><strong>:</strong></span> <span class='ocrx_word' id='word_1_399' title='bbox 3090 2193 3213 2248; x_wconf 88' lang='lat' dir='ltr'><strong>Non</strong></span> <span class='ocrx_word' id='word_1_400' title='bbox 3241 2192 3459 2248; x_wconf 80' lang='lat' dir='ltr'><strong>satiabi-</strong></span> 
     </span>
    </p>
   </div>
   <div class='ocr_carea' id='block_1_51' title="bbox 1885 2283 3459 2355">
    <p class='ocr_par' dir='ltr' id='par_1_51' title="bbox 1885 2283 3459 2355">
     <span class='ocr_line' id='line_1_51' title="bbox 1885 2283 3459 2355; baseline 0.001 -16"><span class='ocrx_word' id='word_1_401' title='bbox 1885 2292 1974 2339; x_wconf 86' lang='lat' dir='ltr'><strong>tur</strong></span> <span class='ocrx_word' id='word_1_402' title='bbox 1999 2283 2181 2339; x_wconf 86' lang='lat' dir='ltr'><strong>oculus</strong></span> <span class='ocrx_word' id='word_1_403' title='bbox 2202 2286 2337 2347; x_wconf 78' lang='lat' dir='ltr'><strong>risu,</strong></span> <span class='ocrx_word' id='word_1_404' title='bbox 2359 2301 2451 2340; x_wconf 88' lang='lat' dir='ltr'><strong>nec</strong></span> <span class='ocrx_word' id='word_1_405' title='bbox 2473 2287 2617 2340; x_wconf 88' lang='lat' dir='ltr'><strong>auris</strong></span> <span class='ocrx_word' id='word_1_406' title='bbox 2644 2286 2851 2350; x_wconf 89' lang='lat' dir='ltr'><strong>auditu,</strong></span> <span class='ocrx_word' id='word_1_407' title='bbox 2878 2301 2977 2342; x_wconf 87' lang='lat' dir='ltr'><strong>nec</strong></span> <span class='ocrx_word' id='word_1_408' title='bbox 2998 2301 3095 2342; x_wconf 85' lang='lat' dir='ltr'><strong>nos</strong></span> <span class='ocrx_word' id='word_1_409' title='bbox 3121 2286 3306 2341; x_wconf 87' lang='lat' dir='ltr'><strong>satiari</strong></span> <span class='ocrx_word' id='word_1_410' title='bbox 3333 2300 3459 2355; x_wconf 89' lang='lat' dir='ltr'><strong>pos-</strong></span> 
     </span>
    </p>
   </div>
   <div class='ocr_carea' id='block_1_52' title="bbox 1882 2375 3455 2447">
    <p class='ocr_par' dir='ltr' id='par_1_52' title="bbox 1882 2375 3455 2447">
     <span class='ocr_line' id='line_1_52' title="bbox 1882 2375 3455 2447; baseline -0.001 -15"><span class='ocrx_word' id='word_1_411' title='bbox 1882 2392 2070 2433; x_wconf 87' lang='lat' dir='ltr'><strong>sumus</strong></span> <span class='ocrx_word' id='word_1_412' title='bbox 2094 2376 2486 2433; x_wconf 89' lang='lat' dir='ltr'><strong>considerando</strong></span> <span class='ocrx_word' id='word_1_413' title='bbox 2519 2391 2641 2447; x_wconf 78' lang='lat' dir='ltr'><strong>quae</strong></span> <span class='ocrx_word' id='word_1_414' title='bbox 2668 2376 2871 2447; x_wconf 88' lang='lat' dir='ltr'><strong>scripta</strong></span> <span class='ocrx_word' id='word_1_415' title='bbox 2915 2384 3062 2442; x_wconf 89' lang='lat' dir='ltr'><strong>sunt,</strong></span> <span class='ocrx_word' id='word_1_416' title='bbox 3114 2375 3308 2445; x_wconf 90' lang='lat' dir='ltr'><strong>quibus</strong></span> <span class='ocrx_word' id='word_1_417' title='bbox 3352 2390 3455 2430; x_wconf 88' lang='lat' dir='ltr'><strong>nos</strong></span> 
     </span>
    </p>
   </div>
   <div class='ocr_carea' id='block_1_53' title="bbox 1883 2465 3459 2538">
    <p class='ocr_par' dir='ltr' id='par_1_53' title="bbox 1883 2465 3459 2538">
     <span class='ocr_line' id='line_1_53' title="bbox 1883 2465 3459 2538; baseline -0.001 -15"><span class='ocrx_word' id='word_1_418' title='bbox 1883 2466 2134 2532; x_wconf 69' lang='lat' dir='ltr'><strong>aedificet,</strong></span> <span class='ocrx_word' id='word_1_419' title='bbox 2157 2466 2373 2538; x_wconf 88' lang='lat' dir='ltr'><strong>quantis</strong></span> <span class='ocrx_word' id='word_1_420' title='bbox 2395 2482 2496 2522; x_wconf 89' lang='lat' dir='ltr'><strong>nos</strong></span> <span class='ocrx_word' id='word_1_421' title='bbox 2524 2465 2699 2522; x_wconf 89' lang='lat' dir='ltr'><strong>modis</strong></span> <span class='ocrx_word' id='word_1_422' title='bbox 2727 2467 2974 2523; x_wconf 88' lang='lat' dir='ltr'><strong>instruat.</strong></span> <span class='ocrx_word' id='word_1_423' title='bbox 3008 2465 3142 2521; x_wconf 87' lang='lat' dir='ltr'><strong>Cum</strong></span> <span class='ocrx_word' id='word_1_424' title='bbox 3164 2466 3309 2521; x_wconf 89' lang='lat' dir='ltr'><strong>enim</strong></span> <span class='ocrx_word' id='word_1_425' title='bbox 3333 2480 3459 2521; x_wconf 89' lang='lat' dir='ltr'><strong>con-</strong></span> 
     </span>
    </p>
   </div>
   <div class='ocr_carea' id='block_1_54' title="bbox 1885 2556 3452 2631">
    <p class='ocr_par' dir='ltr' id='par_1_54' title="bbox 1885 2556 3452 2631">
     <span class='ocr_line' id='line_1_54' title="bbox 1885 2556 3452 2631; baseline 0.001 -18"><span class='ocrx_word' id='word_1_426' title='bbox 1885 2558 2054 2628; x_wconf 89' lang='lat' dir='ltr'><strong>spicio</strong></span> <span class='ocrx_word' id='word_1_427' title='bbox 2075 2558 2215 2628; x_wconf 91' lang='lat' dir='ltr'><strong>quod</strong></span> <span class='ocrx_word' id='word_1_428' title='bbox 2236 2556 2447 2631; x_wconf 85' lang='lat' dir='ltr'><strong>Moyses</strong></span> <span class='ocrx_word' id='word_1_429' title='bbox 2474 2558 2730 2628; x_wconf 88' lang='lat' dir='ltr'><strong>propheta</strong></span> <span class='ocrx_word' id='word_1_430' title='bbox 2761 2557 2872 2615; x_wconf 89' lang='lat' dir='ltr'><strong>Deo</strong></span> <span class='ocrx_word' id='word_1_431' title='bbox 2912 2557 3121 2629; x_wconf 88' lang='lat' dir='ltr'><strong>plenus,</strong></span> <span class='ocrx_word' id='word_1_432' title='bbox 3157 2559 3261 2631; x_wconf 22' lang='lat' dir='ltr'><strong>(cui</strong></span> <span class='ocrx_word' id='word_1_433' title='bbox 3309 2558 3452 2615; x_wconf 87' lang='lat' dir='ltr'><strong>Deus</strong></span> 
     </span>
    </p>
   </div>
   <div class='ocr_carea' id='block_1_55' title="bbox 1887 2647 3456 2721">
    <p class='ocr_par' dir='ltr' id='par_1_55' title="bbox 1887 2647 3456 2721">
     <span class='ocr_line' id='line_1_55' title="bbox 1887 2647 3456 2721; baseline 0.001 -17"><span class='ocrx_word' id='word_1_434' title='bbox 1887 2648 2026 2705; x_wconf 90' lang='lat' dir='ltr'><strong>facie</strong></span> <span class='ocrx_word' id='word_1_435' title='bbox 2048 2648 2117 2705; x_wconf 89' lang='lat' dir='ltr'><strong>ad</strong></span> <span class='ocrx_word' id='word_1_436' title='bbox 2143 2648 2335 2705; x_wconf 87' lang='lat' dir='ltr'><strong>faciem</strong></span> <span class='ocrx_word' id='word_1_437' title='bbox 2358 2648 2680 2719; x_wconf 86' lang='lat' dir='ltr'><strong>loquebatur</strong></span> <span class='ocrx_word' id='word_1_438' title='bbox 2708 2647 2905 2720; x_wconf 72' lang='lat' dir='ltr'><strong>(Exod.</strong></span> <span class='ocrx_word' id='word_1_439' title='bbox 2926 2652 3144 2721; x_wconf 76' lang='lat' dir='ltr'><strong>xxxut),</strong></span> <span class='ocrx_word' id='word_1_440' title='bbox 3173 2649 3456 2705; x_wconf 87' lang='lat' dir='ltr'><strong>consilium</strong></span> 
     </span>
    </p>
   </div>
   <div class='ocr_carea' id='block_1_56' title="bbox 1889 2737 3461 2813">
    <p class='ocr_par' dir='ltr' id='par_1_56' title="bbox 1889 2737 3461 2813">
     <span class='ocr_line' id='line_1_56' title="bbox 1889 2737 3461 2813; baseline -0.003 -16"><span class='ocrx_word' id='word_1_441' title='bbox 1889 2739 2097 2813; x_wconf 89' lang='lat' dir='ltr'><strong>accepit</strong></span> <span class='ocrx_word' id='word_1_442' title='bbox 2124 2738 2365 2795; x_wconf 76' lang='lat' dir='ltr'><strong>alethro</strong></span> <span class='ocrx_word' id='word_1_443' title='bbox 2414 2752 2601 2795; x_wconf 84' lang='lat' dir='ltr'><strong>socero</strong></span> <span class='ocrx_word' id='word_1_444' title='bbox 2637 2738 2917 2794; x_wconf 87' lang='lat' dir='ltr'><strong>sacerdote</strong></span> <span class='ocrx_word' id='word_1_445' title='bbox 2945 2737 3177 2803; x_wconf 85' lang='lat' dir='ltr'><strong>Madian,</strong></span> <span class='ocrx_word' id='word_1_446' title='bbox 3222 2738 3461 2793; x_wconf 84' lang='lat' dir='ltr'><strong>admira-</strong></span> 
     </span>
    </p>
   </div>
   <div class='ocr_carea' id='block_1_57' title="bbox 1891 2827 3462 2900">
    <p class='ocr_par' dir='ltr' id='par_1_57' title="bbox 1891 2827 3462 2900">
     <span class='ocr_line' id='line_1_57' title="bbox 1891 2827 3462 2900; baseline -0.001 -15"><span class='ocrx_word' id='word_1_447' title='bbox 1891 2830 2034 2885; x_wconf 90' lang='lat' dir='ltr'><strong>tione</strong></span> <span class='ocrx_word' id='word_1_448' title='bbox 2063 2828 2230 2885; x_wconf 92' lang='lat' dir='ltr'><strong>nimia</strong></span> <span class='ocrx_word' id='word_1_449' title='bbox 2274 2829 2614 2900; x_wconf 87' lang='lat' dir='ltr'><strong>obstupesco.</strong></span> <span class='ocrx_word' id='word_1_450' title='bbox 2663 2827 2885 2883; x_wconf 82' lang='lat' dir='ltr'><strong>Audivit</strong></span> <span class='ocrx_word' id='word_1_451' title='bbox 2926 2828 3072 2885; x_wconf 84' lang='lat' dir='ltr'><strong>enim</strong></span> <span class='ocrx_word' id='word_1_452' title='bbox 3115 2827 3327 2899; x_wconf 81' lang='lat' dir='ltr'><strong>Moyses</strong></span> <span class='ocrx_word' id='word_1_453' title='bbox 3363 2842 3462 2883; x_wconf 86' lang='lat' dir='ltr'><strong>vo-</strong></span> 
     </span>
    </p>
   </div>
   <div class='ocr_carea' id='block_1_58' title="bbox 1889 2918 3456 2991">
    <p class='ocr_par' dir='ltr' id='par_1_58' title="bbox 1889 2918 3456 2991">
     <span class='ocr_line' id='line_1_58' title="bbox 1889 2918 3456 2991; baseline -0.003 -13"><span class='ocrx_word' id='word_1_454' title='bbox 1889 2936 2006 2979; x_wconf 90' lang='lat' dir='ltr'><strong>cem</strong></span> <span class='ocrx_word' id='word_1_455' title='bbox 2025 2920 2196 2977; x_wconf 90' lang='lat' dir='ltr'><strong>soceri</strong></span> <span class='ocrx_word' id='word_1_456' title='bbox 2233 2921 2337 2987; x_wconf 90' lang='lat' dir='ltr'><strong>sui,</strong></span> <span class='ocrx_word' id='word_1_457' title='bbox 2358 2930 2413 2974; x_wconf 89' lang='lat' dir='ltr'><strong>et</strong></span> <span class='ocrx_word' id='word_1_458' title='bbox 2432 2919 2559 2976; x_wconf 89' lang='lat' dir='ltr'><strong>fecit</strong></span> <span class='ocrx_word' id='word_1_459' title='bbox 2580 2935 2911 2991; x_wconf 67' lang='lat' dir='ltr'><strong>quaecunque</strong></span> <span class='ocrx_word' id='word_1_460' title='bbox 2931 2919 3064 2976; x_wconf 81' lang='lat' dir='ltr'><strong>dixit</strong></span> <span class='ocrx_word' id='word_1_461' title='bbox 3081 2921 3150 2975; x_wconf 91' lang='lat' dir='ltr'><strong>ei.</strong></span> <span class='ocrx_word' id='word_1_462' title='bbox 3169 2918 3285 2974; x_wconf 85' lang='lat' dir='ltr'><strong>Non</strong></span> <span class='ocrx_word' id='word_1_463' title='bbox 3303 2919 3456 2985; x_wconf 89' lang='lat' dir='ltr'><strong>dixit,</strong></span> 
     </span>
    </p>
   </div>
   <div class='ocr_carea' id='block_1_59' title="bbox 1889 3010 3460 3082">
    <p class='ocr_par' dir='ltr' id='par_1_59' title="bbox 1889 3010 3460 3082">
     <span class='ocr_line' id='line_1_59' title="bbox 1889 3010 3460 3082; baseline -0.001 -16"><span class='ocrx_word' id='word_1_464' title='bbox 1889 3011 2026 3079; x_wconf 87' lang='lat' dir='ltr'><strong>Quia</strong></span> <span class='ocrx_word' id='word_1_465' title='bbox 2050 3010 2343 3067; x_wconf 88' lang='lat' dir='ltr'><strong>Deusmihi</strong></span> <span class='ocrx_word' id='word_1_466' title='bbox 2374 3010 2612 3082; x_wconf 88' lang='lat' dir='ltr'><strong>loquitur</strong></span> <span class='ocrx_word' id='word_1_467' title='bbox 2655 3010 2785 3081; x_wconf 90' lang='lat' dir='ltr'><strong>quid</strong></span> <span class='ocrx_word' id='word_1_468' title='bbox 2823 3024 2982 3082; x_wconf 84' lang='lat' dir='ltr'><strong>agere</strong></span> <span class='ocrx_word' id='word_1_469' title='bbox 3031 3010 3279 3075; x_wconf 87' lang='lat' dir='ltr'><strong>debeam,</strong></span> <span class='ocrx_word' id='word_1_470' title='bbox 3325 3025 3460 3080; x_wconf 59' lang='lat' dir='ltr'><strong>quo.</strong></span> 
     </span>
    </p>
   </div>
   <div class='ocr_carea' id='block_1_60' title="bbox 1893 3102 3457 3174">
    <p class='ocr_par' dir='ltr' id='par_1_60' title="bbox 1893 3102 3457 3174">
     <span class='ocr_line' id='line_1_60' title="bbox 1893 3102 3457 3174; baseline -0.001 -15"><span class='ocrx_word' id='word_1_471' title='bbox 1893 3104 2052 3159; x_wconf 91' lang='lat' dir='ltr'><strong>modo</strong></span> <span class='ocrx_word' id='word_1_472' title='bbox 2079 3104 2146 3160; x_wconf 80' lang='lat' dir='ltr'><strong>ab</strong></span> <span class='ocrx_word' id='word_1_473' title='bbox 2166 3102 2383 3160; x_wconf 88' lang='lat' dir='ltr'><strong>homine</strong></span> <span class='ocrx_word' id='word_1_474' title='bbox 2403 3102 2685 3159; x_wconf 90' lang='lat' dir='ltr'><strong>consilium</strong></span> <span class='ocrx_word' id='word_1_475' title='bbox 2714 3102 2998 3174; x_wconf 89' lang='lat' dir='ltr'><strong>accipiam,</strong></span> <span class='ocrx_word' id='word_1_476' title='bbox 3025 3112 3079 3159; x_wconf 89' lang='lat' dir='ltr'><strong>et</strong></span> <span class='ocrx_word' id='word_1_477' title='bbox 3119 3103 3187 3158; x_wconf 88' lang='lat' dir='ltr'><strong>ab</strong></span> <span class='ocrx_word' id='word_1_478' title='bbox 3239 3103 3457 3159; x_wconf 79' lang='lat' dir='ltr'><strong>homine</strong></span> 
     </span>
    </p>
   </div>
   <div class='ocr_carea' id='block_1_61' title="bbox 210 3192 3461 3267">
    <p class='ocr_par' dir='ltr' id='par_1_61' title="bbox 210 3192 3461 3267">
     <span class='ocr_line' id='line_1_61' title="bbox 210 3192 3461 3267; baseline 0 -18"><span class='ocrx_word' id='word_1_479' title='bbox 210 3203 408 3265; x_wconf 71' lang='lat' dir='ltr'><strong>quarst.</strong></span> <span class='ocrx_word' id='word_1_480' title='bbox 440 3193 565 3266; x_wconf 91' lang='lat'><strong>68.)</strong></span> <span class='ocrx_word' id='word_1_481' title='bbox 585 3192 767 3250; x_wconf 85' lang='lat' dir='ltr'><strong>Prima</strong></span> <span class='ocrx_word' id='word_1_482' title='bbox 792 3194 1019 3266; x_wconf 71' lang='lat' dir='ltr'><strong>quaestio</strong></span> <span class='ocrx_word' id='word_1_483' title='bbox 1063 3204 1148 3251; x_wconf 91' lang='lat' dir='ltr'><strong>est</strong></span> <span class='ocrx_word' id='word_1_484' title='bbox 1196 3211 1292 3252; x_wconf 90' lang='lat' dir='ltr'><strong>cur</strong></span> <span class='ocrx_word' id='word_1_485' title='bbox 1342 3195 1486 3253; x_wconf 89' lang='lat' dir='ltr'><strong>Deus</strong></span> <span class='ocrx_word' id='word_1_486' title='bbox 1532 3196 1792 3255; x_wconf 88' lang='lat' dir='ltr'><strong>famulum</strong></span> <span class='ocrx_word' id='word_1_487' title='bbox 1821 3192 1864 3219; x_wconf 66' lang='grc' dir='ltr'>υ</span> <span class='ocrx_word' id='word_1_488' title='bbox 1896 3193 2102 3267; x_wconf 81' lang='lat' dir='ltr'><strong>gentili,</strong></span> <span class='ocrx_word' id='word_1_489' title='bbox 2130 3193 2308 3250; x_wconf 86' lang='lat' dir='ltr'><strong>alieno</strong></span> <span class='ocrx_word' id='word_1_490' title='bbox 2337 3209 2367 3248; x_wconf 90' lang='lat' dir='ltr'><strong>a</strong></span> <span class='ocrx_word' id='word_1_491' title='bbox 2388 3193 2584 3265; x_wconf 88' lang='lat' dir='ltr'><strong>populo</strong></span> <span class='ocrx_word' id='word_1_492' title='bbox 2610 3193 2815 3250; x_wconf 88' lang='lat' dir='ltr'><strong>Dei?et</strong></span> <span class='ocrx_word' id='word_1_493' title='bbox 2843 3209 2949 3250; x_wconf 89' lang='lat' dir='ltr'><strong>non</strong></span> <span class='ocrx_word' id='word_1_494' title='bbox 2989 3192 3110 3264; x_wconf 87' lang='lat' dir='ltr'><strong>quis</strong></span> <span class='ocrx_word' id='word_1_495' title='bbox 3154 3193 3318 3256; x_wconf 88' lang='lat' dir='ltr'><strong>dicat,</strong></span> <span class='ocrx_word' id='word_1_496' title='bbox 3367 3193 3461 3249; x_wconf 82' lang='lat' dir='ltr'><strong>sed</strong></span> 
     </span>
    </p>
   </div>
   <div class='ocr_carea' id='block_1_62' title="bbox 216 3290 1793 3367">
    <p class='ocr_par' dir='ltr' id='par_1_62' title="bbox 216 3290 1793 3367">
     <span class='ocr_line' id='line_1_62' title="bbox 216 3290 1793 3367; baseline 0.004 -22"><span class='ocrx_word' id='word_1_497' title='bbox 216 3304 405 3357; x_wconf 78' lang='lat' dir='ltr'><strong>suum,</strong></span> <span class='ocrx_word' id='word_1_498' title='bbox 429 3298 560 3357; x_wconf 90' lang='lat' dir='ltr'><strong>etc.,</strong></span> <span class='ocrx_word' id='word_1_499' title='bbox 589 3306 753 3362; x_wconf 84' lang='lat' dir='ltr'><strong>usque</strong></span> <span class='ocrx_word' id='word_1_500' title='bbox 792 3291 862 3344; x_wconf 91' lang='lat' dir='ltr'><strong>ad</strong></span> <span class='ocrx_word' id='word_1_501' title='bbox 881 3305 990 3367; x_wconf 89' lang='lat' dir='ltr'><strong>quo</strong></span> <span class='ocrx_word' id='word_1_502' title='bbox 1016 3290 1078 3345; x_wconf 84' lang='lat' dir='ltr'><strong>fit</strong></span> <span class='ocrx_word' id='word_1_503' title='bbox 1100 3299 1249 3347; x_wconf 90' lang='lat' dir='ltr'><strong>tanto</strong></span> <span class='ocrx_word' id='word_1_504' title='bbox 1277 3292 1486 3363; x_wconf 88' lang='lat' dir='ltr'><strong>plenior</strong></span> <span class='ocrx_word' id='word_1_505' title='bbox 1507 3302 1710 3364; x_wconf 87' lang='lat' dir='ltr'><strong>quanto</strong></span> <span class='ocrx_word' id='word_1_506' title='bbox 1737 3295 1793 3352; x_wconf 74' lang='lat' dir='ltr'><strong>in</strong></span> 
     </span>
    </p>
   </div>
   <div class='ocr_carea' id='block_1_63' title="bbox 214 3382 1351 3454">
    <p class='ocr_par' dir='ltr' id='par_1_63' title="bbox 214 3382 1351 3454">
     <span class='ocr_line' id='line_1_63' title="bbox 214 3382 1351 3454; baseline 0.002 -15"><span class='ocrx_word' id='word_1_507' title='bbox 214 3397 456 3454; x_wconf 84' lang='lat' dir='ltr'><strong>superna</strong></span> <span class='ocrx_word' id='word_1_508' title='bbox 482 3391 537 3439; x_wconf 89' lang='lat' dir='ltr'><strong>et</strong></span> <span class='ocrx_word' id='word_1_509' title='bbox 561 3391 759 3439; x_wconf 75' lang='lat' dir='ltr'><strong>teterna</strong></span> <span class='ocrx_word' id='word_1_510' title='bbox 781 3382 1004 3439; x_wconf 90' lang='lat' dir='ltr'><strong>liberius</strong></span> <span class='ocrx_word' id='word_1_511' title='bbox 1027 3384 1351 3441; x_wconf 89' lang='lat' dir='ltr'><strong>extenditur.</strong></span> 
     </span>
    </p>
   </div>
   <div class='ocr_carea' id='block_1_64' title="bbox 286 3470 1795 3547">
    <p class='ocr_par' dir='ltr' id='par_1_64' title="bbox 286 3470 1795 3547">
     <span class='ocr_line' id='line_1_64' title="bbox 286 3470 1795 3547; baseline 0.005 -20"><span class='ocrx_word' id='word_1_512' title='bbox 286 3470 427 3527; x_wconf 80' lang='lat' dir='ltr'><strong>Esto</strong></span> <span class='ocrx_word' id='word_1_513' title='bbox 453 3481 510 3526; x_wconf 86' lang='lat' dir='ltr'><strong>tu</strong></span> <span class='ocrx_word' id='word_1_514' title='bbox 525 3472 741 3545; x_wconf 82' lang='lat' dir='ltr'><strong>populo,</strong></span> <span class='ocrx_word' id='word_1_515' title='bbox 773 3481 878 3530; x_wconf 90' lang='lat' dir='ltr'><strong>etc.</strong></span> <span class='ocrx_word' id='word_1_516' title='bbox 923 3473 1054 3546; x_wconf 88' lang='lat' dir='ltr'><strong>(ln.,</strong></span> <span class='ocrx_word' id='word_1_517' title='bbox 1095 3484 1279 3546; x_wconf 74' lang='lat' dir='ltr'><strong>quam.</strong></span> <span class='ocrx_word' id='word_1_518' title='bbox 1329 3474 1455 3547; x_wconf 85' lang='lat'><strong>69.)</strong></span> <span class='ocrx_word' id='word_1_519' title='bbox 1484 3475 1638 3544; x_wconf 86' lang='lat' dir='ltr'><strong>Quod</strong></span> <span class='ocrx_word' id='word_1_520' title='bbox 1666 3491 1795 3534; x_wconf 89' lang='lat' dir='ltr'><strong>vero</strong></span> 
     </span>
    </p>
   </div>
   <div class='ocr_carea' id='block_1_65' title="bbox 214 3562 1792 3641">
    <p class='ocr_par' dir='ltr' id='par_1_65' title="bbox 214 3562 1792 3641">
     <span class='ocr_line' id='line_1_65' title="bbox 214 3562 1792 3641; baseline 0.002 -20"><span class='ocrx_word' id='word_1_521' title='bbox 214 3562 486 3637; x_wconf 78' lang='lat' dir='ltr'><strong>adjungit,</strong></span> <span class='ocrx_word' id='word_1_522' title='bbox 519 3573 625 3622; x_wconf 89' lang='lat' dir='ltr'><strong>etc.</strong></span> <span class='ocrx_word' id='word_1_523' title='bbox 655 3605 671 3633; x_wconf 96' lang='lat'><strong>,</strong></span> <span class='ocrx_word' id='word_1_524' title='bbox 698 3582 861 3638; x_wconf 86' lang='lat' dir='ltr'><strong>usque</strong></span> <span class='ocrx_word' id='word_1_525' title='bbox 884 3565 955 3621; x_wconf 90' lang='lat' dir='ltr'><strong>ad</strong></span> <span class='ocrx_word' id='word_1_526' title='bbox 981 3566 1078 3623; x_wconf 90' lang='lat' dir='ltr'><strong>sed</strong></span> <span class='ocrx_word' id='word_1_527' title='bbox 1101 3567 1241 3623; x_wconf 90' lang='lat' dir='ltr'><strong>unde</strong></span> <span class='ocrx_word' id='word_1_528' title='bbox 1271 3567 1375 3625; x_wconf 89' lang='lat' dir='ltr'><strong>hoc</strong></span> <span class='ocrx_word' id='word_1_529' title='bbox 1392 3568 1613 3638; x_wconf 89' lang='lat' dir='ltr'><strong>probari</strong></span> <span class='ocrx_word' id='word_1_530' title='bbox 1664 3584 1792 3641; x_wconf 87' lang='lat' dir='ltr'><strong>pos-</strong></span> 
     </span>
    </p>
   </div>
   <div class='ocr_carea' id='block_1_66' title="bbox 216 3655 526 3729">
    <p class='ocr_par' dir='ltr' id='par_1_66' title="bbox 216 3655 526 3729">
     <span class='ocr_line' id='line_1_66' title="bbox 216 3655 526 3729; baseline 0.003 -18"><span class='ocrx_word' id='word_1_531' title='bbox 216 3655 287 3712; x_wconf 81' lang='lat' dir='ltr'><strong>sit</strong></span> <span class='ocrx_word' id='word_1_532' title='bbox 311 3657 526 3729; x_wconf 86' lang='lat' dir='ltr'><strong>ignoro.</strong></span> 
     </span>
    </p>
   </div>
   <div class='ocr_carea' id='block_1_67' title="bbox 290 3745 1795 3816">
    <p class='ocr_par' dir='ltr' id='par_1_67' title="bbox 290 3745 1795 3816">
     <span class='ocr_line' id='line_1_67' title="bbox 290 3745 1795 3816; baseline 0.004 -13"><span class='ocrx_word' id='word_1_533' title='bbox 290 3747 462 3803; x_wconf 72' lang='lat' dir='ltr'><strong>Vens.</strong></span> <span class='ocrx_word' id='word_1_534' title='bbox 489 3746 674 3803; x_wconf 74' lang='lat'><strong>21-23.</strong></span> <span class='ocrx_word' id='word_1_535' title='bbox 695 3776 766 3788; x_wconf 89' lang='lat'><strong><em>—</em></strong></span> <span class='ocrx_word' id='word_1_536' title='bbox 786 3745 1010 3804; x_wconf 78' lang='lat' dir='ltr'><strong>Provide</strong></span> <span class='ocrx_word' id='word_1_537' title='bbox 1032 3758 1224 3816; x_wconf 88' lang='lat' dir='ltr'><strong>autem,</strong></span> <span class='ocrx_word' id='word_1_538' title='bbox 1247 3758 1352 3808; x_wconf 90' lang='lat' dir='ltr'><strong>etc.</strong></span> <span class='ocrx_word' id='word_1_539' title='bbox 1377 3751 1462 3808; x_wconf 81' lang='lat' dir='ltr'><strong>Ad</strong></span> <span class='ocrx_word' id='word_1_540' title='bbox 1485 3752 1795 3809; x_wconf 87' lang='lat' dir='ltr'><strong>custodiam</strong></span> 
     </span>
    </p>
   </div>
   <div class='ocr_carea' id='block_1_68' title="bbox 218 3840 1793 3915">
    <p class='ocr_par' dir='ltr' id='par_1_68' title="bbox 218 3840 1793 3915">
     <span class='ocr_line' id='line_1_68' title="bbox 218 3840 1793 3915; baseline 0.003 -20"><span class='ocrx_word' id='word_1_541' title='bbox 218 3840 546 3897; x_wconf 83' lang='lat' dir='ltr'><strong>humilitatis</strong></span> <span class='ocrx_word' id='word_1_542' title='bbox 570 3841 639 3896; x_wconf 88' lang='lat' dir='ltr'><strong>ab</strong></span> <span class='ocrx_word' id='word_1_543' title='bbox 661 3840 960 3910; x_wconf 78' lang='lat' dir='ltr'><strong>alienigena</strong></span> <span class='ocrx_word' id='word_1_544' title='bbox 992 3842 1296 3910; x_wconf 89' lang='lat' dir='ltr'><strong>instruitur,</strong></span> <span class='ocrx_word' id='word_1_545' title='bbox 1323 3860 1412 3911; x_wconf 89' lang='lat' dir='ltr'><strong>ne,</strong></span> <span class='ocrx_word' id='word_1_546' title='bbox 1439 3844 1533 3915; x_wconf 91' lang='lat' dir='ltr'><strong>qui</strong></span> <span class='ocrx_word' id='word_1_547' title='bbox 1575 3853 1655 3901; x_wconf 90' lang='lat' dir='ltr'><strong>tot</strong></span> <span class='ocrx_word' id='word_1_548' title='bbox 1700 3860 1793 3902; x_wconf 72' lang='lat' dir='ltr'><strong>ar~</strong></span> 
     </span>
    </p>
   </div>
   <div class='ocr_carea' id='block_1_69' title="bbox 216 3930 1792 4008">
    <p class='ocr_par' dir='ltr' id='par_1_69' title="bbox 216 3930 1792 4008">
     <span class='ocr_line' id='line_1_69' title="bbox 216 3930 1792 4008; baseline 0.002 -20"><span class='ocrx_word' id='word_1_549' title='bbox 216 3947 359 3989; x_wconf 83' lang='lat' dir='ltr'><strong>cana</strong></span> <span class='ocrx_word' id='word_1_550' title='bbox 386 3930 485 3987; x_wconf 90' lang='lat' dir='ltr'><strong>Dei</strong></span> <span class='ocrx_word' id='word_1_551' title='bbox 518 3931 589 3988; x_wconf 89' lang='lat' dir='ltr'><strong>ab</strong></span> <span class='ocrx_word' id='word_1_552' title='bbox 621 3932 739 4002; x_wconf 86' lang='lat' dir='ltr'><strong>ipso</strong></span> <span class='ocrx_word' id='word_1_553' title='bbox 761 3933 871 3988; x_wconf 92' lang='lat' dir='ltr'><strong>Deo</strong></span> <span class='ocrx_word' id='word_1_554' title='bbox 898 3933 1162 4001; x_wconf 85' lang='lat' dir='ltr'><strong>discebat,</strong></span> <span class='ocrx_word' id='word_1_555' title='bbox 1186 3935 1559 4002; x_wconf 88' lang='lat' dir='ltr'><strong>extolleretur,</strong></span> <span class='ocrx_word' id='word_1_556' title='bbox 1596 3944 1652 3992; x_wconf 88' lang='lat' dir='ltr'><strong>et</strong></span> <span class='ocrx_word' id='word_1_557' title='bbox 1688 3952 1792 4008; x_wconf 83' lang='lat' dir='ltr'><strong>pu-</strong></span> 
     </span>
    </p>
   </div>
   <div class='ocr_carea' id='block_1_70' title="bbox 218 4023 1813 4099">
    <p class='ocr_par' dir='ltr' id='par_1_70' title="bbox 218 4023 1813 4099">
     <span class='ocr_line' id='line_1_70' title="bbox 218 4023 1813 4099; baseline 0.004 -21"><span class='ocrx_word' id='word_1_558' title='bbox 218 4032 369 4079; x_wconf 88' lang='lat' dir='ltr'><strong>taret</strong></span> <span class='ocrx_word' id='word_1_559' title='bbox 394 4038 453 4079; x_wconf 91' lang='lat' dir='ltr'><strong>se</strong></span> <span class='ocrx_word' id='word_1_560' title='bbox 482 4023 721 4079; x_wconf 86' lang='lat' dir='ltr'><strong>humano</strong></span> <span class='ocrx_word' id='word_1_561' title='bbox 739 4024 963 4080; x_wconf 89' lang='lat' dir='ltr'><strong>consilio</strong></span> <span class='ocrx_word' id='word_1_562' title='bbox 989 4039 1095 4081; x_wconf 89' lang='lat' dir='ltr'><strong>non</strong></span> <span class='ocrx_word' id='word_1_563' title='bbox 1120 4039 1300 4096; x_wconf 88' lang='lat' dir='ltr'><strong>egere.</strong></span> <span class='ocrx_word' id='word_1_564' title='bbox 1343 4026 1813 4099; x_wconf 71' lang='lat' dir='ltr'><strong>Przeligurabatur-</strong></span> 
     </span>
    </p>
   </div>
   <div class='ocr_carea' id='block_1_71' title="bbox 216 4115 1792 4188">
    <p class='ocr_par' dir='ltr' id='par_1_71' title="bbox 216 4115 1792 4188">
     <span class='ocr_line' id='line_1_71' title="bbox 216 4115 1792 4188; baseline 0.003 -17"><span class='ocrx_word' id='word_1_565' title='bbox 216 4116 392 4171; x_wconf 87' lang='lat' dir='ltr'><strong>etiam</strong></span> <span class='ocrx_word' id='word_1_566' title='bbox 420 4116 562 4185; x_wconf 91' lang='lat' dir='ltr'><strong>quod</strong></span> <span class='ocrx_word' id='word_1_567' title='bbox 593 4115 835 4172; x_wconf 86' lang='lat' dir='ltr'><strong>doctrina</strong></span> <span class='ocrx_word' id='word_1_568' title='bbox 862 4116 1099 4188; x_wconf 80' lang='lat' dir='ltr'><strong>gentium</strong></span> <span class='ocrx_word' id='word_1_569' title='bbox 1149 4115 1457 4174; x_wconf 81' lang='lat' dir='ltr'><strong>Judaeorum</strong></span> <span class='ocrx_word' id='word_1_570' title='bbox 1506 4120 1792 4177; x_wconf 86' lang='lat' dir='ltr'><strong>scientiam</strong></span> 
     </span>
    </p>
   </div>
   <div class='ocr_carea' id='block_1_72' title="bbox 217 4205 1793 4281">
    <p class='ocr_par' dir='ltr' id='par_1_72' title="bbox 217 4205 1793 4281">
     <span class='ocr_line' id='line_1_72' title="bbox 217 4205 1793 4281; baseline 0.004 -21"><span class='ocrx_word' id='word_1_571' title='bbox 217 4214 274 4260; x_wconf 91' lang='lat' dir='ltr'><strong>et</strong></span> <span class='ocrx_word' id='word_1_572' title='bbox 300 4205 614 4275; x_wconf 87' lang='lat' dir='ltr'><strong>superbiam</strong></span> <span class='ocrx_word' id='word_1_573' title='bbox 637 4215 947 4276; x_wconf 85' lang='lat' dir='ltr'><strong>superaret;</strong></span> <span class='ocrx_word' id='word_1_574' title='bbox 976 4215 1031 4262; x_wconf 90' lang='lat' dir='ltr'><strong>et</strong></span> <span class='ocrx_word' id='word_1_575' title='bbox 1058 4223 1175 4278; x_wconf 72' lang='lat' dir='ltr'><strong>qua:</strong></span> <span class='ocrx_word' id='word_1_576' title='bbox 1200 4208 1253 4263; x_wconf 89' lang='lat' dir='ltr'><strong>in</strong></span> <span class='ocrx_word' id='word_1_577' title='bbox 1288 4208 1405 4281; x_wconf 86' lang='lat' dir='ltr'><strong>lege</strong></span> <span class='ocrx_word' id='word_1_578' title='bbox 1448 4211 1690 4277; x_wconf 87' lang='lat' dir='ltr'><strong>deerant,</strong></span> <span class='ocrx_word' id='word_1_579' title='bbox 1730 4211 1793 4266; x_wconf 83' lang='lat' dir='ltr'><strong>li-</strong></span> 
     </span>
    </p>
   </div>
   <div class='ocr_carea' id='block_1_73' title="bbox 219 4293 1791 4371">
    <p class='ocr_par' dir='ltr' id='par_1_73' title="bbox 219 4293 1791 4371">
     <span class='ocr_line' id='line_1_73' title="bbox 219 4293 1791 4371; baseline 0.004 -21"><span class='ocrx_word' id='word_1_580' title='bbox 219 4294 373 4350; x_wconf 87' lang='lat' dir='ltr'><strong>deles</strong></span> <span class='ocrx_word' id='word_1_581' title='bbox 407 4308 474 4349; x_wconf 86' lang='lat' dir='ltr'><strong>ex</strong></span> <span class='ocrx_word' id='word_1_582' title='bbox 496 4293 745 4365; x_wconf 87' lang='lat' dir='ltr'><strong>gentibus</strong></span> <span class='ocrx_word' id='word_1_583' title='bbox 771 4294 1082 4364; x_wconf 88' lang='lat' dir='ltr'><strong>complenda</strong></span> <span class='ocrx_word' id='word_1_584' title='bbox 1124 4307 1496 4368; x_wconf 78' lang='lat' dir='ltr'><strong>suggererent,</strong></span> <span class='ocrx_word' id='word_1_585' title='bbox 1536 4308 1594 4355; x_wconf 91' lang='lat' dir='ltr'><strong>et</strong></span> <span class='ocrx_word' id='word_1_586' title='bbox 1632 4301 1791 4371; x_wconf 64' lang='lat' dir='ltr'><strong>spirio</strong></span> 
     </span>
    </p>
   </div>
   <div class='ocr_carea' id='block_1_74' title="bbox 220 4385 1794 4458">
    <p class='ocr_par' dir='ltr' id='par_1_74' title="bbox 220 4385 1794 4458">
     <span class='ocr_line' id='line_1_74' title="bbox 220 4385 1794 4458; baseline 0.004 -16"><span class='ocrx_word' id='word_1_587' title='bbox 220 4386 428 4442; x_wconf 88' lang='lat' dir='ltr'><strong>tualem</strong></span> <span class='ocrx_word' id='word_1_588' title='bbox 468 4385 799 4441; x_wconf 89' lang='lat' dir='ltr'><strong>intellectum</strong></span> <span class='ocrx_word' id='word_1_589' title='bbox 824 4386 890 4441; x_wconf 89' lang='lat' dir='ltr'><strong>ad</strong></span> <span class='ocrx_word' id='word_1_590' title='bbox 918 4386 1089 4458; x_wconf 81' lang='lat' dir='ltr'><strong>legem</strong></span> <span class='ocrx_word' id='word_1_591' title='bbox 1114 4388 1211 4444; x_wconf 89' lang='lat' dir='ltr'><strong>Dei</strong></span> <span class='ocrx_word' id='word_1_592' title='bbox 1248 4386 1522 4445; x_wconf 79' lang='lat' dir='ltr'><strong>aﬂerrent.</strong></span> <span class='ocrx_word' id='word_1_593' title='bbox 1575 4389 1794 4449; x_wconf 87' lang='lat' dir='ltr'><strong>Sciebat</strong></span> 
     </span>
    </p>
   </div>
   <div class='ocr_carea' id='block_1_75' title="bbox 1894 3285 3459 3359">
    <p class='ocr_par' dir='ltr' id='par_1_75' title="bbox 1894 3285 3459 3359">
     <span class='ocr_line' id='line_1_75' title="bbox 1894 3285 3459 3359; baseline 0 -19"><span class='ocrx_word' id='word_1_594' title='bbox 1894 3286 2021 3357; x_wconf 90' lang='lat' dir='ltr'><strong>quid</strong></span> <span class='ocrx_word' id='word_1_595' title='bbox 2048 3286 2257 3342; x_wconf 88' lang='lat' dir='ltr'><strong>dicatur</strong></span> <span class='ocrx_word' id='word_1_596' title='bbox 2280 3285 2567 3341; x_wconf 89' lang='lat' dir='ltr'><strong>auscultat.</strong></span> <span class='ocrx_word' id='word_1_597' title='bbox 2610 3285 2720 3343; x_wconf 88' lang='lat' dir='ltr'><strong>Nos</strong></span> <span class='ocrx_word' id='word_1_598' title='bbox 2758 3300 2888 3359; x_wconf 85' lang='lat' dir='ltr'><strong>ergo</strong></span> <span class='ocrx_word' id='word_1_599' title='bbox 2931 3287 2977 3342; x_wconf 88' lang='lat' dir='ltr'><strong>si</strong></span> <span class='ocrx_word' id='word_1_600' title='bbox 3015 3286 3318 3343; x_wconf 89' lang='lat' dir='ltr'><strong>invenimus</strong></span> <span class='ocrx_word' id='word_1_601' title='bbox 3360 3286 3459 3341; x_wconf 80' lang='lat' dir='ltr'><strong>ali-</strong></span> 
     </span>
    </p>
   </div>
   <div class='ocr_carea' id='block_1_76' title="bbox 1895 3377 3463 3449">
    <p class='ocr_par' dir='ltr' id='par_1_76' title="bbox 1895 3377 3463 3449">
     <span class='ocr_line' id='line_1_76' title="bbox 1895 3377 3463 3449; baseline -0.001 -16"><span class='ocrx_word' id='word_1_602' title='bbox 1895 3377 2021 3448; x_wconf 88' lang='lat' dir='ltr'><strong>quid</strong></span> <span class='ocrx_word' id='word_1_603' title='bbox 2044 3378 2314 3447; x_wconf 88' lang='lat' dir='ltr'><strong>sapientcr</strong></span> <span class='ocrx_word' id='word_1_604' title='bbox 2341 3392 2372 3431; x_wconf 88' lang='lat' dir='ltr'><strong>a</strong></span> <span class='ocrx_word' id='word_1_605' title='bbox 2398 3377 2686 3449; x_wconf 74' lang='lat' dir='ltr'><strong>gentilibus</strong></span> <span class='ocrx_word' id='word_1_606' title='bbox 2714 3378 2938 3443; x_wconf 89' lang='lat' dir='ltr'><strong>dictum,</strong></span> <span class='ocrx_word' id='word_1_607' title='bbox 2968 3392 3073 3432; x_wconf 88' lang='lat' dir='ltr'><strong>non</strong></span> <span class='ocrx_word' id='word_1_608' title='bbox 3117 3392 3240 3433; x_wconf 90' lang='lat' dir='ltr'><strong>cum</strong></span> <span class='ocrx_word' id='word_1_609' title='bbox 3274 3384 3463 3432; x_wconf 85' lang='lat' dir='ltr'><strong>aucto-</strong></span> 
     </span>
    </p>
   </div>
   <div class='ocr_carea' id='block_1_77' title="bbox 1893 3465 3462 3540">
    <p class='ocr_par' dir='ltr' id='par_1_77' title="bbox 1893 3465 3462 3540">
     <span class='ocr_line' id='line_1_77' title="bbox 1893 3465 3462 3540; baseline -0.001 -16"><span class='ocrx_word' id='word_1_610' title='bbox 1893 3469 1971 3524; x_wconf 89' lang='lat' dir='ltr'><strong>ris</strong></span> <span class='ocrx_word' id='word_1_611' title='bbox 2012 3468 2229 3524; x_wconf 90' lang='lat' dir='ltr'><strong>nomine</strong></span> <span class='ocrx_word' id='word_1_612' title='bbox 2277 3482 2601 3540; x_wconf 85' lang='lat' dir='ltr'><strong>spernamus</strong></span> <span class='ocrx_word' id='word_1_613' title='bbox 2641 3474 2697 3523; x_wconf 91' lang='lat' dir='ltr'><strong>et</strong></span> <span class='ocrx_word' id='word_1_614' title='bbox 2733 3466 2914 3533; x_wconf 88' lang='lat' dir='ltr'><strong>dicta;</strong></span> <span class='ocrx_word' id='word_1_615' title='bbox 2968 3478 3071 3522; x_wconf 88' lang='lat' dir='ltr'><strong>nec</strong></span> <span class='ocrx_word' id='word_1_616' title='bbox 3108 3465 3235 3537; x_wconf 86' lang='lat' dir='ltr'><strong>quia</strong></span> <span class='ocrx_word' id='word_1_617' title='bbox 3291 3465 3462 3536; x_wconf 78' lang='lat' dir='ltr'><strong>legem</strong></span> 
     </span>
    </p>
   </div>
   <div class='ocr_carea' id='block_1_78' title="bbox 1893 3556 3468 3626">
    <p class='ocr_par' dir='ltr' id='par_1_78' title="bbox 1893 3556 3468 3626">
     <span class='ocr_line' id='line_1_78' title="bbox 1893 3556 3468 3626; baseline -0.001 -11"><span class='ocrx_word' id='word_1_618' title='bbox 1893 3560 1991 3615; x_wconf 89' lang='lat' dir='ltr'><strong>Dei</strong></span> <span class='ocrx_word' id='word_1_619' title='bbox 2040 3569 2301 3623; x_wconf 88' lang='lat' dir='ltr'><strong>tenemus,</strong></span> <span class='ocrx_word' id='word_1_620' title='bbox 2353 3559 2603 3615; x_wconf 86' lang='lat' dir='ltr'><strong>convenit</strong></span> <span class='ocrx_word' id='word_1_621' title='bbox 2652 3557 2807 3615; x_wconf 87' lang='lat' dir='ltr'><strong>nobis</strong></span> <span class='ocrx_word' id='word_1_622' title='bbox 2854 3567 3062 3612; x_wconf 90' lang='lat' dir='ltr'><strong>tumere</strong></span> <span class='ocrx_word' id='word_1_623' title='bbox 3108 3556 3356 3626; x_wconf 85' lang='lat' dir='ltr'><strong>superbia</strong></span> <span class='ocrx_word' id='word_1_624' title='bbox 3410 3565 3468 3613; x_wconf 88' lang='lat' dir='ltr'><strong>et</strong></span> 
     </span>
    </p>
   </div>
   <div class='ocr_carea' id='block_1_79' title="bbox 1894 3647 3462 3721">
    <p class='ocr_par' dir='ltr' id='par_1_79' title="bbox 1894 3647 3462 3721">
     <span class='ocr_line' id='line_1_79' title="bbox 1894 3647 3462 3721; baseline -0.003 -14"><span class='ocrx_word' id='word_1_625' title='bbox 1894 3665 2150 3721; x_wconf 85' lang='lat' dir='ltr'><strong>spernere</strong></span> <span class='ocrx_word' id='word_1_626' title='bbox 2168 3649 2510 3721; x_wconf 85' lang='lat' dir='ltr'><strong>prudentium</strong></span> <span class='ocrx_word' id='word_1_627' title='bbox 2545 3648 2746 3713; x_wconf 87' lang='lat' dir='ltr'><strong>verba;</strong></span> <span class='ocrx_word' id='word_1_628' title='bbox 2776 3649 2869 3703; x_wconf 88' lang='lat' dir='ltr'><strong>scd</strong></span> <span class='ocrx_word' id='word_1_629' title='bbox 2914 3648 3095 3703; x_wconf 89' lang='lat' dir='ltr'><strong>omnia</strong></span> <span class='ocrx_word' id='word_1_630' title='bbox 3152 3647 3462 3717; x_wconf 86' lang='lat' dir='ltr'><strong>probantes,</strong></span> 
     </span>
    </p>
   </div>
   <div class='ocr_carea' id='block_1_80' title="bbox 1893 3735 3465 3810">
    <p class='ocr_par' dir='ltr' id='par_1_80' title="bbox 1893 3735 3465 3810">
     <span class='ocr_line' id='line_1_80' title="bbox 1893 3735 3465 3810; baseline -0.001 -17"><span class='ocrx_word' id='word_1_631' title='bbox 1893 3739 2037 3810; x_wconf 90' lang='lat' dir='ltr'><strong>quod</strong></span> <span class='ocrx_word' id='word_1_632' title='bbox 2065 3737 2266 3794; x_wconf 86' lang='lat' dir='ltr'><strong>bonum</strong></span> <span class='ocrx_word' id='word_1_633' title='bbox 2288 3745 2371 3794; x_wconf 88' lang='lat' dir='ltr'><strong>est</strong></span> <span class='ocrx_word' id='word_1_634' title='bbox 2399 3746 2699 3793; x_wconf 87' lang='lat' dir='ltr'><strong>teneamus.</strong></span> <span class='ocrx_word' id='word_1_635' title='bbox 2733 3736 2837 3806; x_wconf 87' lang='lat' dir='ltr'><strong>Qui</strong></span> <span class='ocrx_word' id='word_1_636' title='bbox 2865 3746 3044 3795; x_wconf 84' lang='lat' dir='ltr'><strong>autem</strong></span> <span class='ocrx_word' id='word_1_637' title='bbox 3070 3737 3228 3794; x_wconf 88' lang='lat' dir='ltr'><strong>hodie</strong></span> <span class='ocrx_word' id='word_1_638' title='bbox 3253 3735 3465 3808; x_wconf 86' lang='lat' dir='ltr'><strong>populis</strong></span> 
     </span>
    </p>
   </div>
   <div class='ocr_carea' id='block_1_81' title="bbox 1892 3827 3464 3904">
    <p class='ocr_par' dir='ltr' id='par_1_81' title="bbox 1892 3827 3464 3904">
     <span class='ocr_line' id='line_1_81' title="bbox 1892 3827 3464 3904; baseline -0.004 -17"><span class='ocrx_word' id='word_1_639' title='bbox 1892 3837 2149 3904; x_wconf 65' lang='lat' dir='ltr'><strong>praesunt,</strong></span> <span class='ocrx_word' id='word_1_640' title='bbox 2192 3844 2300 3885; x_wconf 90' lang='lat' dir='ltr'><strong>non</strong></span> <span class='ocrx_word' id='word_1_641' title='bbox 2334 3829 2454 3885; x_wconf 87' lang='lat' dir='ltr'><strong>dico</strong></span> <span class='ocrx_word' id='word_1_642' title='bbox 2482 3830 2527 3884; x_wconf 92' lang='lat' dir='ltr'><strong>si</strong></span> <span class='ocrx_word' id='word_1_643' title='bbox 2545 3827 2656 3898; x_wconf 89' lang='lat' dir='ltr'><strong>jam</strong></span> <span class='ocrx_word' id='word_1_644' title='bbox 2691 3829 2771 3885; x_wconf 83' lang='lat' dir='ltr'><strong>eis</strong></span> <span class='ocrx_word' id='word_1_645' title='bbox 2797 3830 2975 3901; x_wconf 90' lang='lat' dir='ltr'><strong>aliqua</strong></span> <span class='ocrx_word' id='word_1_646' title='bbox 3008 3844 3045 3887; x_wconf 66' lang='lat' dir='ltr'><strong>a,</strong></span> <span class='ocrx_word' id='word_1_647' title='bbox 3073 3830 3183 3884; x_wconf 91' lang='lat' dir='ltr'><strong>Deo</strong></span> <span class='ocrx_word' id='word_1_648' title='bbox 3230 3827 3464 3883; x_wconf 86' lang='lat' dir='ltr'><strong>revelata</strong></span> 
     </span>
    </p>
   </div>
   <div class='ocr_carea' id='block_1_82' title="bbox 1894 3918 3464 3991">
    <p class='ocr_par' dir='ltr' id='par_1_82' title="bbox 1894 3918 3464 3991">
     <span class='ocr_line' id='line_1_82' title="bbox 1894 3918 3464 3991; baseline -0.002 -15"><span class='ocrx_word' id='word_1_649' title='bbox 1894 3929 2022 3977; x_wconf 89' lang='lat' dir='ltr'><strong>sunt</strong></span> <span class='ocrx_word' id='word_1_650' title='bbox 2052 3938 2066 3974; x_wconf 89' lang='lat'><strong>:</strong></span> <span class='ocrx_word' id='word_1_651' title='bbox 2096 3919 2191 3975; x_wconf 91' lang='lat' dir='ltr'><strong>sed</strong></span> <span class='ocrx_word' id='word_1_652' title='bbox 2215 3919 2339 3975; x_wconf 89' lang='lat' dir='ltr'><strong>siin</strong></span> <span class='ocrx_word' id='word_1_653' title='bbox 2361 3919 2589 3975; x_wconf 89' lang='lat' dir='ltr'><strong>scicntia</strong></span> <span class='ocrx_word' id='word_1_654' title='bbox 2617 3918 2750 3991; x_wconf 80' lang='lat' dir='ltr'><strong>legis</strong></span> <span class='ocrx_word' id='word_1_655' title='bbox 2793 3918 2994 3990; x_wconf 91' lang='lat' dir='ltr'><strong>aliquid</strong></span> <span class='ocrx_word' id='word_1_656' title='bbox 3034 3919 3211 3975; x_wconf 86' lang='lat' dir='ltr'><strong>meriti</strong></span> <span class='ocrx_word' id='word_1_657' title='bbox 3242 3918 3464 3985; x_wconf 87' lang='lat' dir='ltr'><strong>habent,</strong></span> 
     </span>
    </p>
   </div>
   <div class='ocr_carea' id='block_1_83' title="bbox 1894 4007 3462 4081">
    <p class='ocr_par' dir='ltr' id='par_1_83' title="bbox 1894 4007 3462 4081">
     <span class='ocr_line' id='line_1_83' title="bbox 1894 4007 3462 4081; baseline -0.002 -14"><span class='ocrx_word' id='word_1_658' title='bbox 1894 4009 2178 4067; x_wconf 90' lang='lat' dir='ltr'><strong>consilium</strong></span> <span class='ocrx_word' id='word_1_659' title='bbox 2216 4008 2575 4081; x_wconf 81' lang='lat' dir='ltr'><strong>dedignantur</strong></span> <span class='ocrx_word' id='word_1_660' title='bbox 2595 4008 2887 4074; x_wconf 86' lang='lat' dir='ltr'><strong>inferioris,</strong></span> <span class='ocrx_word' id='word_1_661' title='bbox 2933 4008 3096 4064; x_wconf 86' lang='lat' dir='ltr'><strong>etiam</strong></span> <span class='ocrx_word' id='word_1_662' title='bbox 3145 4007 3462 4072; x_wconf 86' lang='lat' dir='ltr'><strong>sacerdotis,</strong></span> 
     </span>
    </p>
   </div>
   <div class='ocr_carea' id='block_1_84' title="bbox 1893 4098 3470 4171">
    <p class='ocr_par' dir='ltr' id='par_1_84' title="bbox 1893 4098 3470 4171">
     <span class='ocr_line' id='line_1_84' title="bbox 1893 4098 3470 4171; baseline -0.004 -12"><span class='ocrx_word' id='word_1_663' title='bbox 1893 4101 2087 4159; x_wconf 88' lang='lat' dir='ltr'><strong>nedum</strong></span> <span class='ocrx_word' id='word_1_664' title='bbox 2118 4099 2262 4167; x_wconf 88' lang='lat' dir='ltr'><strong>laici,</strong></span> <span class='ocrx_word' id='word_1_665' title='bbox 2294 4098 2489 4155; x_wconf 91' lang='lat' dir='ltr'><strong>nedum</strong></span> <span class='ocrx_word' id='word_1_666' title='bbox 2517 4100 2732 4170; x_wconf 83' lang='lat' dir='ltr'><strong>gentilis</strong></span> <span class='ocrx_word' id='word_1_667' title='bbox 2763 4117 2776 4153; x_wconf 89' lang='lat'><strong>:</strong></span> <span class='ocrx_word' id='word_1_668' title='bbox 2809 4099 2903 4155; x_wconf 90' lang='lat' dir='ltr'><strong>sed</strong></span> <span class='ocrx_word' id='word_1_669' title='bbox 2928 4099 3157 4171; x_wconf 81' lang='lat' dir='ltr'><strong>Moyses,</strong></span> <span class='ocrx_word' id='word_1_670' title='bbox 3211 4099 3303 4170; x_wconf 92' lang='lat' dir='ltr'><strong>qui</strong></span> <span class='ocrx_word' id='word_1_671' title='bbox 3348 4109 3470 4155; x_wconf 86' lang='lat' dir='ltr'><strong>erat</strong></span> 
     </span>
    </p>
   </div>
   <div class='ocr_carea' id='block_1_85' title="bbox 1892 4190 3467 4264">
    <p class='ocr_par' dir='ltr' id='par_1_85' title="bbox 1892 4190 3467 4264">
     <span class='ocr_line' id='line_1_85' title="bbox 1892 4190 3467 4264; baseline -0.001 -15"><span class='ocrx_word' id='word_1_672' title='bbox 1892 4201 2206 4250; x_wconf 89' lang='lat' dir='ltr'><strong>mansuetus</strong></span> <span class='ocrx_word' id='word_1_673' title='bbox 2236 4207 2396 4263; x_wconf 89' lang='lat' dir='ltr'><strong>super</strong></span> <span class='ocrx_word' id='word_1_674' title='bbox 2423 4207 2610 4247; x_wconf 88' lang='lat' dir='ltr'><strong>omnes</strong></span> <span class='ocrx_word' id='word_1_675' title='bbox 2638 4192 2883 4249; x_wconf 84' lang='lat' dir='ltr'><strong>homines</strong></span> <span class='ocrx_word' id='word_1_676' title='bbox 2911 4190 3101 4264; x_wconf 84' lang='lat' dir='ltr'><strong>(Nunt.</strong></span> <span class='ocrx_word' id='word_1_677' title='bbox 3146 4192 3267 4264; x_wconf 83' lang='lat' dir='ltr'><strong>xu),</strong></span> <span class='ocrx_word' id='word_1_678' title='bbox 3313 4206 3467 4247; x_wconf 82' lang='lat' dir='ltr'><strong>acce-</strong></span> 
     </span>
    </p>
   </div>
   <div class='ocr_carea' id='block_1_86' title="bbox 1893 4280 3465 4357">
    <p class='ocr_par' dir='ltr' id='par_1_86' title="bbox 1893 4280 3465 4357">
     <span class='ocr_line' id='line_1_86' title="bbox 1893 4280 3465 4357; baseline -0.004 -16"><span class='ocrx_word' id='word_1_679' title='bbox 1893 4285 1972 4357; x_wconf 90' lang='lat' dir='ltr'><strong>pti</strong></span> <span class='ocrx_word' id='word_1_680' title='bbox 2002 4283 2286 4341; x_wconf 90' lang='lat' dir='ltr'><strong>consilium</strong></span> <span class='ocrx_word' id='word_1_681' title='bbox 2326 4282 2618 4348; x_wconf 83' lang='lat' dir='ltr'><strong>inferioris,</strong></span> <span class='ocrx_word' id='word_1_682' title='bbox 2678 4289 2737 4337; x_wconf 89' lang='lat' dir='ltr'><strong>ut</strong></span> <span class='ocrx_word' id='word_1_683' title='bbox 2775 4281 3106 4352; x_wconf 89' lang='lat' dir='ltr'><strong>principibus</strong></span> <span class='ocrx_word' id='word_1_684' title='bbox 3143 4281 3297 4336; x_wconf 89' lang='lat' dir='ltr'><strong>daret</strong></span> <span class='ocrx_word' id='word_1_685' title='bbox 3351 4280 3465 4336; x_wconf 90' lang='lat' dir='ltr'><strong>for-</strong></span> 
     </span>
    </p>
   </div>
   <div class='ocr_carea' id='block_1_87' title="bbox 1894 4370 3469 4444">
    <p class='ocr_par' dir='ltr' id='par_1_87' title="bbox 1894 4370 3469 4444">
     <span class='ocr_line' id='line_1_87' title="bbox 1894 4370 3469 4444; baseline -0.006 -10"><span class='ocrx_word' id='word_1_686' title='bbox 1894 4393 2039 4434; x_wconf 89' lang='lat' dir='ltr'><strong>mam</strong></span> <span class='ocrx_word' id='word_1_687' title='bbox 2062 4374 2402 4440; x_wconf 89' lang='lat' dir='ltr'><strong>humilitatis,</strong></span> <span class='ocrx_word' id='word_1_688' title='bbox 2430 4381 2486 4428; x_wconf 91' lang='lat' dir='ltr'><strong>et</strong></span> <span class='ocrx_word' id='word_1_689' title='bbox 2508 4373 2750 4444; x_wconf 83' lang='lat' dir='ltr'><strong>signaret</strong></span> <span class='ocrx_word' id='word_1_690' title='bbox 2776 4372 3067 4442; x_wconf 83' lang='lat' dir='ltr'><strong>imaginem</strong></span> <span class='ocrx_word' id='word_1_691' title='bbox 3095 4370 3261 4427; x_wconf 83' lang='lat' dir='ltr'><strong>futuri</strong></span> <span class='ocrx_word' id='word_1_692' title='bbox 3289 4386 3469 4427; x_wconf 88' lang='lat' dir='ltr'><strong>sacra-</strong></span> 
     </span>
    </p>
   </div>
   <div class='ocr_carea' id='block_1_88' title="bbox 220 4460 1788 4570">
    <p class='ocr_par' dir='ltr' id='par_1_88' title="bbox 220 4477 1788 4553">
     <span class='ocr_line' id='line_1_88' title="bbox 220 4477 1788 4553; baseline 0.004 -19"><span class='ocrx_word' id='word_1_693' title='bbox 220 4492 443 4551; x_wconf 82' lang='lat' dir='ltr'><strong>quoqne</strong></span> <span class='ocrx_word' id='word_1_694' title='bbox 470 4477 679 4551; x_wconf 81' lang='lat' dir='ltr'><strong>Moyses</strong></span> <span class='ocrx_word' id='word_1_695' title='bbox 699 4477 826 4549; x_wconf 90' lang='lat' dir='ltr'><strong>quia</strong></span> <span class='ocrx_word' id='word_1_696' title='bbox 854 4479 997 4534; x_wconf 87' lang='lat' dir='ltr'><strong>hunc</strong></span> <span class='ocrx_word' id='word_1_697' title='bbox 1024 4479 1279 4551; x_wconf 88' lang='lat' dir='ltr'><strong>populum</strong></span> <span class='ocrx_word' id='word_1_698' title='bbox 1325 4481 1411 4537; x_wconf 90' lang='lat' dir='ltr'><strong>lex</strong></span> <span class='ocrx_word' id='word_1_699' title='bbox 1454 4484 1684 4553; x_wconf 89' lang='lat' dir='ltr'><strong>audiret,</strong></span> <span class='ocrx_word' id='word_1_700' title='bbox 1736 4495 1788 4542; x_wconf 90' lang='lat' dir='ltr'><strong>et</strong></span> 
     </span>
    </p>
   </div>
   <div class='ocr_carea' id='block_1_89' title="bbox 1892 4460 3469 4570">
    <p class='ocr_par' dir='ltr' id='par_1_89' title="bbox 1897 4460 3469 4536">
     <span class='ocr_line' id='line_1_89' title="bbox 1897 4460 3469 4536; baseline -0.006 -9"><span class='ocrx_word' id='word_1_701' title='bbox 1897 4469 2084 4527; x_wconf 87' lang='lat' dir='ltr'><strong>menti.</strong></span> <span class='ocrx_word' id='word_1_702' title='bbox 2126 4466 2343 4523; x_wconf 83' lang='lat' dir='ltr'><strong>Sciebat</strong></span> <span class='ocrx_word' id='word_1_703' title='bbox 2364 4464 2683 4536; x_wconf 87' lang='lat' dir='ltr'><strong>quandoque</strong></span> <span class='ocrx_word' id='word_1_704' title='bbox 2720 4462 2958 4517; x_wconf 81' lang='lat' dir='ltr'><strong>futurum</strong></span> <span class='ocrx_word' id='word_1_705' title='bbox 3000 4469 3057 4516; x_wconf 91' lang='lat' dir='ltr'><strong>ut</strong></span> <span class='ocrx_word' id='word_1_706' title='bbox 3103 4460 3330 4532; x_wconf 81' lang='lat' dir='ltr'><strong>gentiles</strong></span> <span class='ocrx_word' id='word_1_707' title='bbox 3373 4461 3469 4517; x_wconf 89' lang='lat' dir='ltr'><strong>bo-</strong></span> 
     </span>
    </p>
   </div>
   <div class='ocr_carea' id='block_1_90' title="bbox 220 4553 3469 4646">
    <p class='ocr_par' dir='ltr' id='par_1_90' title="bbox 220 4553 3469 4646">
     <span class='ocr_line' id='line_1_90' title="bbox 220 4553 3469 4646; baseline -0.002 -30"><span class='ocrx_word' id='word_1_708' title='bbox 220 4570 431 4628; x_wconf 64' lang='lat' dir='ltr'><strong>faceret</strong></span> <span class='ocrx_word' id='word_1_709' title='bbox 457 4586 785 4642; x_wconf 52' lang='lat' dir='ltr'><strong>quacunque</strong></span> <span class='ocrx_word' id='word_1_710' title='bbox 813 4571 1033 4634; x_wconf 65' lang='lat' dir='ltr'><strong>diceret,</strong></span> <span class='ocrx_word' id='word_1_711' title='bbox 1081 4570 1215 4645; x_wconf 66' lang='lat' dir='ltr'><strong>legis</strong></span> <span class='ocrx_word' id='word_1_712' title='bbox 1263 4588 1477 4646; x_wconf 65' lang='lat' dir='ltr'><strong>quoque</strong></span> <span class='ocrx_word' id='word_1_713' title='bbox 1515 4576 1798 4641; x_wconf 69' lang='lat' dir='ltr'><strong>diminqu</strong></span> <span class='ocrx_word' id='word_1_714' title='bbox 1824 4553 1872 4570; x_wconf 68' lang='grc' dir='ltr'><em>ν</em></span> <span class='ocrx_word' id='word_1_715' title='bbox 1901 4576 2028 4616; x_wconf 91' lang='lat' dir='ltr'><strong>num</strong></span> <span class='ocrx_word' id='word_1_716' title='bbox 2057 4558 2338 4615; x_wconf 90' lang='lat' dir='ltr'><strong>consilium</strong></span> <span class='ocrx_word' id='word_1_717' title='bbox 2377 4555 2705 4646; x_wconf 81' lang='lat' dir='ltr'><strong>proferrent,</strong></span> <span class='ocrx_word' id='word_1_718' title='bbox 2746 4557 2886 4625; x_wconf 89' lang='lat' dir='ltr'><strong>apud</strong></span> <span class='ocrx_word' id='word_1_719' title='bbox 2919 4553 3134 4646; x_wconf 80' lang='lat' dir='ltr'><strong>Moysen</strong></span> <span class='ocrx_word' id='word_1_720' title='bbox 3168 4555 3368 4611; x_wconf 90' lang='lat' dir='ltr'><strong>bonum</strong></span> <span class='ocrx_word' id='word_1_721' title='bbox 3412 4565 3469 4611; x_wconf 78' lang='lat' dir='ltr'><strong>et</strong></span> 
     </span>
    </p>
   </div>
   <div class='ocr_carea' id='block_1_91' title="bbox 221 4664 1057 4737">
    <p class='ocr_par' dir='ltr' id='par_1_91' title="bbox 221 4664 1057 4737">
     <span class='ocr_line' id='line_1_91' title="bbox 221 4664 1057 4737; baseline -0.001 -17"><span class='ocrx_word' id='word_1_722' title='bbox 221 4673 547 4737; x_wconf 79' lang='lat' dir='ltr'><strong>suggerente</strong></span> <span class='ocrx_word' id='word_1_723' title='bbox 572 4664 859 4735; x_wconf 83' lang='lat' dir='ltr'><strong>Evangelio</strong></span> <span class='ocrx_word' id='word_1_724' title='bbox 885 4664 1057 4721; x_wconf 85' lang='lat' dir='ltr'><strong>fieret.</strong></span> 
     </span>
    </p>
   </div>
   <div class='ocr_carea' id='block_1_92' title="bbox 290 4751 1798 4831">
    <p class='ocr_par' dir='ltr' id='par_1_92' title="bbox 290 4751 1798 4831">
     <span class='ocr_line' id='line_1_92' title="bbox 290 4751 1798 4831; baseline 0.007 -21"><span class='ocrx_word' id='word_1_725' title='bbox 290 4755 365 4810; x_wconf 83' lang='lat' dir='ltr'><strong>Et</strong></span> <span class='ocrx_word' id='word_1_726' title='bbox 393 4755 667 4819; x_wconf 85' lang='lat' dir='ltr'><strong>constitue,</strong></span> <span class='ocrx_word' id='word_1_727' title='bbox 693 4763 796 4810; x_wconf 91' lang='lat' dir='ltr'><strong>etc.</strong></span> <span class='ocrx_word' id='word_1_728' title='bbox 828 4751 1039 4827; x_wconf 57' lang='lat' dir='ltr'><strong>(0mm,</strong></span> <span class='ocrx_word' id='word_1_729' title='bbox 1080 4756 1217 4811; x_wconf 84' lang='lat' dir='ltr'><strong>hom.</strong></span> <span class='ocrx_word' id='word_1_730' title='bbox 1248 4756 1356 4831; x_wconf 87' lang='lat' dir='ltr'><strong>ll.)</strong></span> <span class='ocrx_word' id='word_1_731' title='bbox 1390 4757 1692 4829; x_wconf 86' lang='lat' dir='ltr'><strong>Ordinabis,</strong></span> <span class='ocrx_word' id='word_1_732' title='bbox 1716 4766 1798 4821; x_wconf 90' lang='lat' dir='ltr'><strong>in-</strong></span> 
     </span>
    </p>
   </div>
   <div class='ocr_carea' id='block_1_93' title="bbox 219 4844 1797 4923">
    <p class='ocr_par' dir='ltr' id='par_1_93' title="bbox 219 4844 1797 4923">
     <span class='ocr_line' id='line_1_93' title="bbox 219 4844 1797 4923; baseline 0.006 -24"><span class='ocrx_word' id='word_1_733' title='bbox 219 4844 361 4914; x_wconf 85' lang='lat' dir='ltr'><strong>quit,</strong></span> <span class='ocrx_word' id='word_1_734' title='bbox 389 4854 484 4898; x_wconf 85' lang='lat' dir='ltr'><strong>eos</strong></span> <span class='ocrx_word' id='word_1_735' title='bbox 512 4844 759 4899; x_wconf 89' lang='lat' dir='ltr'><strong>tribunos</strong></span> <span class='ocrx_word' id='word_1_736' title='bbox 787 4852 841 4898; x_wconf 86' lang='lat' dir='ltr'><strong>et</strong></span> <span class='ocrx_word' id='word_1_737' title='bbox 866 4845 1230 4909; x_wconf 86' lang='lat' dir='ltr'><strong>centuriones,</strong></span> <span class='ocrx_word' id='word_1_738' title='bbox 1257 4855 1311 4904; x_wconf 90' lang='lat' dir='ltr'><strong>et</strong></span> <span class='ocrx_word' id='word_1_739' title='bbox 1347 4848 1660 4907; x_wconf 88' lang='lat' dir='ltr'><strong>indicabunt</strong></span> <span class='ocrx_word' id='word_1_740' title='bbox 1702 4869 1797 4923; x_wconf 89' lang='lat' dir='ltr'><strong>po-</strong></span> 
     </span>
    </p>
   </div>
   <div class='ocr_carea' id='block_1_94' title="bbox 221 4933 1798 5006">
    <p class='ocr_par' dir='ltr' id='par_1_94' title="bbox 221 4933 1798 5006">
     <span class='ocr_line' id='line_1_94' title="bbox 221 4933 1798 5006; baseline 0.005 -17"><span class='ocrx_word' id='word_1_741' title='bbox 221 4935 411 5005; x_wconf 86' lang='lat' dir='ltr'><strong>pulum</strong></span> <span class='ocrx_word' id='word_1_742' title='bbox 432 4933 579 4989; x_wconf 88' lang='lat' dir='ltr'><strong>omni</strong></span> <span class='ocrx_word' id='word_1_743' title='bbox 600 4934 753 4999; x_wconf 88' lang='lat' dir='ltr'><strong>hora,</strong></span> <span class='ocrx_word' id='word_1_744' title='bbox 776 4943 1166 4999; x_wconf 86' lang='lat' dir='ltr'><strong>verumtamen,</strong></span> <span class='ocrx_word' id='word_1_745' title='bbox 1199 4937 1340 5006; x_wconf 90' lang='lat' dir='ltr'><strong>quod</strong></span> <span class='ocrx_word' id='word_1_746' title='bbox 1384 4939 1601 5006; x_wconf 85' lang='lat' dir='ltr'><strong>gravius</strong></span> <span class='ocrx_word' id='word_1_747' title='bbox 1632 4939 1798 4997; x_wconf 85' lang='lat' dir='ltr'><strong>fuerit</strong></span> 
     </span>
    </p>
   </div>
   <div class='ocr_carea' id='block_1_95' title="bbox 222 5024 1796 5103">
    <p class='ocr_par' dir='ltr' id='par_1_95' title="bbox 222 5024 1796 5103">
     <span class='ocr_line' id='line_1_95' title="bbox 222 5024 1796 5103; baseline -0.001 -19"><span class='ocrx_word' id='word_1_748' title='bbox 222 5027 466 5083; x_wconf 87' lang='lat' dir='ltr'><strong>referent</strong></span> <span class='ocrx_word' id='word_1_749' title='bbox 498 5025 566 5081; x_wconf 88' lang='lat' dir='ltr'><strong>ad</strong></span> <span class='ocrx_word' id='word_1_750' title='bbox 595 5033 663 5080; x_wconf 89' lang='lat' dir='ltr'><strong>te.</strong></span> <span class='ocrx_word' id='word_1_751' title='bbox 694 5024 927 5080; x_wconf 84' lang='lat' dir='ltr'><strong>Audient</strong></span> <span class='ocrx_word' id='word_1_752' title='bbox 952 5025 1223 5095; x_wconf 87' lang='lat' dir='ltr'><strong>principes</strong></span> <span class='ocrx_word' id='word_1_753' title='bbox 1258 5026 1436 5097; x_wconf 83' lang='lat' dir='ltr'><strong>populi</strong></span> <span class='ocrx_word' id='word_1_754' title='bbox 1482 5037 1537 5083; x_wconf 91' lang='lat' dir='ltr'><strong>ct</strong></span> <span class='ocrx_word' id='word_1_755' title='bbox 1572 5030 1796 5103; x_wconf 88' lang='lat' dir='ltr'><strong>presby-</strong></span> 
     </span>
    </p>
   </div>
   <div class='ocr_carea' id='block_1_96' title="bbox 223 5113 1791 5189">
    <p class='ocr_par' dir='ltr' id='par_1_96' title="bbox 223 5113 1791 5189">
     <span class='ocr_line' id='line_1_96' title="bbox 223 5113 1791 5189; baseline 0.003 -18"><span class='ocrx_word' id='word_1_756' title='bbox 223 5116 325 5171; x_wconf 89' lang='lat' dir='ltr'><strong>teri</strong></span> <span class='ocrx_word' id='word_1_757' title='bbox 351 5115 546 5187; x_wconf 89' lang='lat' dir='ltr'><strong>plebis,</strong></span> <span class='ocrx_word' id='word_1_758' title='bbox 582 5113 673 5185; x_wconf 92' lang='lat' dir='ltr'><strong>qui</strong></span> <span class='ocrx_word' id='word_1_759' title='bbox 699 5114 893 5170; x_wconf 88' lang='lat' dir='ltr'><strong>debent</strong></span> <span class='ocrx_word' id='word_1_760' title='bbox 918 5114 1063 5170; x_wconf 90' lang='lat' dir='ltr'><strong>omni</strong></span> <span class='ocrx_word' id='word_1_761' title='bbox 1096 5115 1226 5171; x_wconf 89' lang='lat' dir='ltr'><strong>hora</strong></span> <span class='ocrx_word' id='word_1_762' title='bbox 1252 5118 1505 5187; x_wconf 89' lang='lat' dir='ltr'><strong>populum</strong></span> <span class='ocrx_word' id='word_1_763' title='bbox 1525 5119 1791 5189; x_wconf 84' lang='lat' dir='ltr'><strong>judicare,</strong></span> 
     </span>
    </p>
   </div>
   <div class='ocr_carea' id='block_1_97' title="bbox 222 5205 1790 5277">
    <p class='ocr_par' dir='ltr' id='par_1_97' title="bbox 222 5205 1790 5277">
     <span class='ocr_line' id='line_1_97' title="bbox 222 5205 1790 5277; baseline 0.003 -15"><span class='ocrx_word' id='word_1_764' title='bbox 222 5220 441 5276; x_wconf 84' lang='lat' dir='ltr'><strong>semper</strong></span> <span class='ocrx_word' id='word_1_765' title='bbox 460 5212 514 5262; x_wconf 89' lang='lat' dir='ltr'><strong>et</strong></span> <span class='ocrx_word' id='word_1_766' title='bbox 544 5205 661 5262; x_wconf 89' lang='lat' dir='ltr'><strong>sine</strong></span> <span class='ocrx_word' id='word_1_767' title='bbox 684 5206 1081 5261; x_wconf 88' lang='lat' dir='ltr'><strong>intermissione</strong></span> <span class='ocrx_word' id='word_1_768' title='bbox 1106 5206 1293 5262; x_wconf 78' lang='lat' dir='ltr'><strong>sedere</strong></span> <span class='ocrx_word' id='word_1_769' title='bbox 1320 5209 1372 5262; x_wconf 90' lang='lat' dir='ltr'><strong>in</strong></span> <span class='ocrx_word' id='word_1_770' title='bbox 1393 5207 1615 5277; x_wconf 87' lang='lat' dir='ltr'><strong>judicio,</strong></span> <span class='ocrx_word' id='word_1_771' title='bbox 1662 5210 1790 5267; x_wconf 86' lang='lat' dir='ltr'><strong>diri-</strong></span> 
     </span>
    </p>
   </div>
   <div class='ocr_carea' id='block_1_98' title="bbox 224 5297 1789 5369">
    <p class='ocr_par' dir='ltr' id='par_1_98' title="bbox 224 5297 1789 5369">
     <span class='ocr_line' id='line_1_98' title="bbox 224 5297 1789 5369; baseline -0.001 -13"><span class='ocrx_word' id='word_1_772' title='bbox 224 5314 376 5356; x_wconf 88' lang='lat' dir='ltr'><strong>mere</strong></span> <span class='ocrx_word' id='word_1_773' title='bbox 400 5298 540 5365; x_wconf 88' lang='lat' dir='ltr'><strong>lites,</strong></span> <span class='ocrx_word' id='word_1_774' title='bbox 586 5304 642 5353; x_wconf 89' lang='lat' dir='ltr'><strong>et</strong></span> <span class='ocrx_word' id='word_1_775' title='bbox 676 5297 1023 5353; x_wconf 86' lang='lat' dir='ltr'><strong>reconciliare</strong></span> <span class='ocrx_word' id='word_1_776' title='bbox 1065 5298 1407 5362; x_wconf 88' lang='lat' dir='ltr'><strong>dissidentes,</strong></span> <span class='ocrx_word' id='word_1_777' title='bbox 1456 5299 1511 5354; x_wconf 94' lang='lat' dir='ltr'><strong>in</strong></span> <span class='ocrx_word' id='word_1_778' title='bbox 1560 5300 1789 5369; x_wconf 83' lang='lat' dir='ltr'><strong>gratiam</strong></span> 
     </span>
    </p>
   </div>
   <div class='ocr_carea' id='block_1_99' title="bbox 225 5388 1797 5462">
    <p class='ocr_par' dir='ltr' id='par_1_99' title="bbox 225 5388 1797 5462">
     <span class='ocr_line' id='line_1_99' title="bbox 225 5388 1797 5462; baseline -0.001 -15"><span class='ocrx_word' id='word_1_779' title='bbox 225 5402 483 5447; x_wconf 84' lang='lat' dir='ltr'><strong>revocare</strong></span> <span class='ocrx_word' id='word_1_780' title='bbox 504 5389 796 5445; x_wconf 88' lang='lat' dir='ltr'><strong>discordes.</strong></span> <span class='ocrx_word' id='word_1_781' title='bbox 826 5388 1010 5443; x_wconf 88' lang='lat' dir='ltr'><strong>Discat</strong></span> <span class='ocrx_word' id='word_1_782' title='bbox 1037 5390 1402 5459; x_wconf 84' lang='lat' dir='ltr'><strong>unusquisque</strong></span> <span class='ocrx_word' id='word_1_783' title='bbox 1442 5405 1511 5444; x_wconf 86' lang='lat' dir='ltr'><strong>cx</strong></span> <span class='ocrx_word' id='word_1_784' title='bbox 1554 5390 1797 5462; x_wconf 78' lang='lat' dir='ltr'><strong>Scriptu-</strong></span> 
     </span>
    </p>
   </div>
   <div class='ocr_carea' id='block_1_100' title="bbox 223 5479 1794 5551">
    <p class='ocr_par' dir='ltr' id='par_1_100' title="bbox 223 5479 1794 5551">
     <span class='ocr_line' id='line_1_100' title="bbox 223 5479 1794 5551; baseline 0.001 -14"><span class='ocrx_word' id='word_1_785' title='bbox 223 5482 305 5539; x_wconf 86' lang='lat' dir='ltr'><strong>ris</strong></span> <span class='ocrx_word' id='word_1_786' title='bbox 333 5481 535 5538; x_wconf 87' lang='lat' dir='ltr'><strong>sanctis</strong></span> <span class='ocrx_word' id='word_1_787' title='bbox 568 5479 799 5536; x_wconf 76' lang='lat' dir='ltr'><strong>cilicium</strong></span> <span class='ocrx_word' id='word_1_788' title='bbox 826 5494 1002 5536; x_wconf 89' lang='lat' dir='ltr'><strong>suum.</strong></span> <span class='ocrx_word' id='word_1_789' title='bbox 1036 5480 1263 5551; x_wconf 84' lang='lat' dir='ltr'><strong>Moyses,</strong></span> <span class='ocrx_word' id='word_1_790' title='bbox 1294 5482 1491 5551; x_wconf 89' lang='lat' dir='ltr'><strong>inquit,</strong></span> <span class='ocrx_word' id='word_1_791' title='bbox 1520 5491 1582 5536; x_wconf 91' lang='lat' dir='ltr'><strong>ut</strong></span> <span class='ocrx_word' id='word_1_792' title='bbox 1620 5484 1691 5538; x_wconf 91' lang='lat' dir='ltr'><strong>sit</strong></span> <span class='ocrx_word' id='word_1_793' title='bbox 1741 5483 1794 5538; x_wconf 92' lang='lat' dir='ltr'><strong>in</strong></span> 
     </span>
    </p>
   </div>
   <div class='ocr_carea' id='block_1_101' title="bbox 223 5571 1793 5644">
    <p class='ocr_par' dir='ltr' id='par_1_101' title="bbox 223 5571 1793 5644">
     <span class='ocr_line' id='line_1_101' title="bbox 223 5571 1793 5644; baseline -0.001 -15"><span class='ocrx_word' id='word_1_794' title='bbox 223 5573 314 5630; x_wconf 90' lang='lat' dir='ltr'><strong>his</strong></span> <span class='ocrx_word' id='word_1_795' title='bbox 333 5589 451 5644; x_wconf 76' lang='lat' dir='ltr'><strong>qua:</strong></span> <span class='ocrx_word' id='word_1_796' title='bbox 486 5573 554 5629; x_wconf 89' lang='lat' dir='ltr'><strong>ad</strong></span> <span class='ocrx_word' id='word_1_797' title='bbox 580 5572 746 5628; x_wconf 86' lang='lat' dir='ltr'><strong>Deum</strong></span> <span class='ocrx_word' id='word_1_798' title='bbox 777 5580 921 5635; x_wconf 91' lang='lat' dir='ltr'><strong>sunt,</strong></span> <span class='ocrx_word' id='word_1_799' title='bbox 947 5581 1001 5626; x_wconf 81' lang='lat' dir='ltr'><strong>et</strong></span> <span class='ocrx_word' id='word_1_800' title='bbox 1026 5571 1243 5626; x_wconf 85' lang='lat' dir='ltr'><strong>verbum</strong></span> <span class='ocrx_word' id='word_1_801' title='bbox 1269 5572 1359 5627; x_wconf 89' lang='lat' dir='ltr'><strong>Dei</strong></span> <span class='ocrx_word' id='word_1_802' title='bbox 1393 5572 1659 5629; x_wconf 70' lang='lat' dir='ltr'><strong>edisserat</strong></span> <span class='ocrx_word' id='word_1_803' title='bbox 1695 5588 1793 5642; x_wconf 89' lang='lat' dir='ltr'><strong>po-</strong></span> 
     </span>
    </p>
   </div>
   <div class='ocr_carea' id='block_1_102' title="bbox 226 5660 1791 5733">
    <p class='ocr_par' dir='ltr' id='par_1_102' title="bbox 226 5660 1791 5733">
     <span class='ocr_line' id='line_1_102' title="bbox 226 5660 1791 5733; baseline -0.001 -18"><span class='ocrx_word' id='word_1_804' title='bbox 226 5662 387 5733; x_wconf 82' lang='lat' dir='ltr'><strong>pulis.</strong></span> <span class='ocrx_word' id='word_1_805' title='bbox 412 5662 607 5719; x_wconf 71' lang='lat' dir='ltr'><strong>Cmteri</strong></span> <span class='ocrx_word' id='word_1_806' title='bbox 636 5677 765 5717; x_wconf 89' lang='lat' dir='ltr'><strong>vero</strong></span> <span class='ocrx_word' id='word_1_807' title='bbox 796 5661 1087 5732; x_wconf 87' lang='lat' dir='ltr'><strong>principes,</strong></span> <span class='ocrx_word' id='word_1_808' title='bbox 1131 5674 1266 5730; x_wconf 86' lang='lat' dir='ltr'><strong>quos</strong></span> <span class='ocrx_word' id='word_1_809' title='bbox 1294 5661 1576 5730; x_wconf 86' lang='lat' dir='ltr'><strong>appellavit</strong></span> <span class='ocrx_word' id='word_1_810' title='bbox 1620 5660 1791 5715; x_wconf 57' lang='lat' dir='ltr'><strong>tribu-</strong></span> 
     </span>
    </p>
   </div>
   <div class='ocr_carea' id='block_1_103' title="bbox 230 5749 1793 5824">
    <p class='ocr_par' dir='ltr' id='par_1_103' title="bbox 230 5749 1793 5824">
     <span class='ocr_line' id='line_1_103' title="bbox 230 5749 1793 5824; baseline 0 -18"><span class='ocrx_word' id='word_1_811' title='bbox 230 5766 350 5817; x_wconf 81' lang='lat' dir='ltr'><strong>uos,</strong></span> <span class='ocrx_word' id='word_1_812' title='bbox 380 5753 504 5824; x_wconf 84' lang='lat' dir='ltr'><strong>quia</strong></span> <span class='ocrx_word' id='word_1_813' title='bbox 529 5752 688 5810; x_wconf 78' lang='lat' dir='ltr'><strong>tribui</strong></span> <span class='ocrx_word' id='word_1_814' title='bbox 733 5758 986 5823; x_wconf 78' lang='lat' dir='ltr'><strong>praesunt,</strong></span> <span class='ocrx_word' id='word_1_815' title='bbox 1021 5750 1103 5805; x_wconf 86' lang='lat' dir='ltr'><strong>vel</strong></span> <span class='ocrx_word' id='word_1_816' title='bbox 1127 5750 1489 5817; x_wconf 81' lang='lat' dir='ltr'><strong>centuriones,</strong></span> <span class='ocrx_word' id='word_1_817' title='bbox 1518 5750 1602 5806; x_wconf 80' lang='lat' dir='ltr'><strong>vel</strong></span> <span class='ocrx_word' id='word_1_818' title='bbox 1632 5749 1793 5820; x_wconf 78' lang='lat' dir='ltr'><strong>quin—</strong></span> 
     </span>
    </p>
   </div>
   <div class='ocr_carea' id='block_1_104' title="bbox 1899 4644 3469 4722">
    <p class='ocr_par' dir='ltr' id='par_1_104' title="bbox 1899 4644 3469 4722">
     <span class='ocr_line' id='line_1_104' title="bbox 1899 4644 3469 4722; baseline -0.003 -16"><span class='ocrx_word' id='word_1_819' title='bbox 1899 4649 2234 4722; x_wconf 81' lang='lat' dir='ltr'><strong>spiritualem</strong></span> <span class='ocrx_word' id='word_1_820' title='bbox 2256 4646 2584 4703; x_wconf 84' lang='lat' dir='ltr'><strong>intellectum</strong></span> <span class='ocrx_word' id='word_1_821' title='bbox 2612 4644 2900 4701; x_wconf 69' lang='lat' dir='ltr'><strong>afferentes</strong></span> <span class='ocrx_word' id='word_1_822' title='bbox 2928 4646 2995 4699; x_wconf 88' lang='lat' dir='ltr'><strong>ad</strong></span> <span class='ocrx_word' id='word_1_823' title='bbox 3023 4645 3217 4714; x_wconf 81' lang='lat' dir='ltr'><strong>legem,</strong></span> <span class='ocrx_word' id='word_1_824' title='bbox 3242 4653 3298 4701; x_wconf 84' lang='lat' dir='ltr'><strong>et</strong></span> <span class='ocrx_word' id='word_1_825' title='bbox 3322 4645 3469 4703; x_wconf 80' lang='lat' dir='ltr'><strong>nudi—</strong></span> 
     </span>
    </p>
   </div>
   <div class='ocr_carea' id='block_1_105' title="bbox 1898 4736 3467 4811">
    <p class='ocr_par' dir='ltr' id='par_1_105' title="bbox 1898 4736 3467 4811">
     <span class='ocr_line' id='line_1_105' title="bbox 1898 4736 3467 4811; baseline -0.004 -11"><span class='ocrx_word' id='word_1_826' title='bbox 1898 4753 1983 4800; x_wconf 84' lang='lat' dir='ltr'><strong>ret</strong></span> <span class='ocrx_word' id='word_1_827' title='bbox 2018 4758 2112 4799; x_wconf 90' lang='lat' dir='ltr'><strong>eos</strong></span> <span class='ocrx_word' id='word_1_828' title='bbox 2148 4741 2235 4796; x_wconf 85' lang='lat' dir='ltr'><strong>lex</strong></span> <span class='ocrx_word' id='word_1_829' title='bbox 2263 4739 2468 4795; x_wconf 83' lang='lat' dir='ltr'><strong>faciens</strong></span> <span class='ocrx_word' id='word_1_830' title='bbox 2485 4739 2661 4794; x_wconf 82' lang='lat' dir='ltr'><strong>omnia</strong></span> <span class='ocrx_word' id='word_1_831' title='bbox 2696 4752 2817 4811; x_wconf 71' lang='lat' dir='ltr'><strong>qua:</strong></span> <span class='ocrx_word' id='word_1_832' title='bbox 2852 4738 3110 4796; x_wconf 86' lang='lat' dir='ltr'><strong>dicerent.</strong></span> <span class='ocrx_word' id='word_1_833' title='bbox 3158 4736 3273 4794; x_wconf 85' lang='lat' dir='ltr'><strong>Non</strong></span> <span class='ocrx_word' id='word_1_834' title='bbox 3323 4739 3467 4794; x_wconf 85' lang='lat' dir='ltr'><strong>enim</strong></span> 
     </span>
    </p>
   </div>
   <div class='ocr_carea' id='block_1_106' title="bbox 1898 4829 3472 4907">
    <p class='ocr_par' dir='ltr' id='par_1_106' title="bbox 1898 4829 3472 4907">
     <span class='ocr_line' id='line_1_106' title="bbox 1898 4829 3472 4907; baseline -0.003 -17"><span class='ocrx_word' id='word_1_835' title='bbox 1898 4842 2076 4907; x_wconf 89' lang='lat' dir='ltr'><strong>potest</strong></span> <span class='ocrx_word' id='word_1_836' title='bbox 2097 4832 2275 4889; x_wconf 88' lang='lat' dir='ltr'><strong>facere</strong></span> <span class='ocrx_word' id='word_1_837' title='bbox 2299 4831 2384 4887; x_wconf 81' lang='lat' dir='ltr'><strong>lex</strong></span> <span class='ocrx_word' id='word_1_838' title='bbox 2413 4831 2556 4887; x_wconf 90' lang='lat' dir='ltr'><strong>sicut</strong></span> <span class='ocrx_word' id='word_1_839' title='bbox 2582 4829 2755 4887; x_wconf 64' lang='lat' dir='ltr'><strong>Judaei</strong></span> <span class='ocrx_word' id='word_1_840' title='bbox 2797 4830 3009 4898; x_wconf 88' lang='lat' dir='ltr'><strong>dicunt,</strong></span> <span class='ocrx_word' id='word_1_841' title='bbox 3052 4830 3180 4902; x_wconf 88' lang='lat' dir='ltr'><strong>quia</strong></span> <span class='ocrx_word' id='word_1_842' title='bbox 3233 4830 3472 4886; x_wconf 79' lang='lat' dir='ltr'><strong>inﬁrma-</strong></span> 
     </span>
    </p>
   </div>
   <div class='ocr_carea' id='block_1_107' title="bbox 1899 4920 3471 4991">
    <p class='ocr_par' dir='ltr' id='par_1_107' title="bbox 1899 4920 3471 4991">
     <span class='ocr_line' id='line_1_107' title="bbox 1899 4920 3471 4991; baseline -0.003 -10"><span class='ocrx_word' id='word_1_843' title='bbox 1899 4934 1987 4982; x_wconf 89' lang='lat' dir='ltr'><strong>tur</strong></span> <span class='ocrx_word' id='word_1_844' title='bbox 2010 4925 2094 4980; x_wconf 81' lang='lat' dir='ltr'><strong>lex</strong></span> <span class='ocrx_word' id='word_1_845' title='bbox 2124 4924 2178 4979; x_wconf 90' lang='lat' dir='ltr'><strong>in</strong></span> <span class='ocrx_word' id='word_1_846' title='bbox 2207 4938 2391 4987; x_wconf 88' lang='lat' dir='ltr'><strong>carne,</strong></span> <span class='ocrx_word' id='word_1_847' title='bbox 2419 4922 2471 4976; x_wconf 90' lang='lat' dir='ltr'><strong>id</strong></span> <span class='ocrx_word' id='word_1_848' title='bbox 2490 4930 2573 4977; x_wconf 90' lang='lat' dir='ltr'><strong>est</strong></span> <span class='ocrx_word' id='word_1_849' title='bbox 2604 4922 2657 4976; x_wconf 90' lang='lat' dir='ltr'><strong>in</strong></span> <span class='ocrx_word' id='word_1_850' title='bbox 2679 4921 2887 4987; x_wconf 89' lang='lat' dir='ltr'><strong>littera,</strong></span> <span class='ocrx_word' id='word_1_851' title='bbox 2920 4929 2976 4977; x_wconf 87' lang='lat' dir='ltr'><strong>et</strong></span> <span class='ocrx_word' id='word_1_852' title='bbox 3000 4920 3133 4976; x_wconf 89' lang='lat' dir='ltr'><strong>nihil</strong></span> <span class='ocrx_word' id='word_1_853' title='bbox 3160 4929 3338 4991; x_wconf 88' lang='lat' dir='ltr'><strong>potest</strong></span> <span class='ocrx_word' id='word_1_854' title='bbox 3385 4936 3471 4978; x_wconf 89' lang='lat' dir='ltr'><strong>se-</strong></span> 
     </span>
    </p>
   </div>
   <div class='ocr_carea' id='block_1_108' title="bbox 1901 5010 3468 5082">
    <p class='ocr_par' dir='ltr' id='par_1_108' title="bbox 1901 5010 3468 5082">
     <span class='ocr_line' id='line_1_108' title="bbox 1901 5010 3468 5082; baseline -0.006 -7"><span class='ocrx_word' id='word_1_855' title='bbox 1901 5017 2135 5075; x_wconf 88' lang='lat' dir='ltr'><strong>cundum</strong></span> <span class='ocrx_word' id='word_1_856' title='bbox 2160 5015 2412 5069; x_wconf 89' lang='lat' dir='ltr'><strong>litteram.</strong></span> <span class='ocrx_word' id='word_1_857' title='bbox 2441 5010 2585 5067; x_wconf 83' lang='lat' dir='ltr'><strong>Nihil</strong></span> <span class='ocrx_word' id='word_1_858' title='bbox 2613 5012 2756 5068; x_wconf 89' lang='lat' dir='ltr'><strong>enim</strong></span> <span class='ocrx_word' id='word_1_859' title='bbox 2800 5011 2870 5068; x_wconf 81' lang='lat' dir='ltr'><strong>ad</strong></span> <span class='ocrx_word' id='word_1_860' title='bbox 2908 5011 3203 5082; x_wconf 89' lang='lat' dir='ltr'><strong>perfectum</strong></span> <span class='ocrx_word' id='word_1_861' title='bbox 3247 5010 3468 5068; x_wconf 86' lang='lat' dir='ltr'><strong>adduxit</strong></span> 
     </span>
    </p>
   </div>
   <div class='ocr_carea' id='block_1_109' title="bbox 1900 5101 3470 5178">
    <p class='ocr_par' dir='ltr' id='par_1_109' title="bbox 1900 5101 3470 5178">
     <span class='ocr_line' id='line_1_109' title="bbox 1900 5101 3470 5178; baseline -0.003 -16"><span class='ocrx_word' id='word_1_862' title='bbox 1900 5107 1984 5162; x_wconf 79' lang='lat' dir='ltr'><strong>lex</strong></span> <span class='ocrx_word' id='word_1_863' title='bbox 2011 5107 2196 5178; x_wconf 80' lang='lat' dir='ltr'><strong>(fleor.</strong></span> <span class='ocrx_word' id='word_1_864' title='bbox 2219 5121 2295 5160; x_wconf 85' lang='lat' dir='ltr'><strong>vn</strong></span> <span class='ocrx_word' id='word_1_865' title='bbox 2311 5104 2352 5177; x_wconf 95' lang='lat'><strong>).</strong></span> <span class='ocrx_word' id='word_1_866' title='bbox 2377 5102 2685 5159; x_wconf 89' lang='lat' dir='ltr'><strong>Secundum</strong></span> <span class='ocrx_word' id='word_1_867' title='bbox 2712 5103 2815 5159; x_wconf 89' lang='lat' dir='ltr'><strong>hoc</strong></span> <span class='ocrx_word' id='word_1_868' title='bbox 2830 5112 3009 5159; x_wconf 90' lang='lat' dir='ltr'><strong>autem</strong></span> <span class='ocrx_word' id='word_1_869' title='bbox 3025 5101 3305 5157; x_wconf 89' lang='lat' dir='ltr'><strong>consilium</strong></span> <span class='ocrx_word' id='word_1_870' title='bbox 3326 5103 3470 5172; x_wconf 85' lang='lat' dir='ltr'><strong>quod</strong></span> 
     </span>
    </p>
   </div>
   <div class='ocr_carea' id='block_1_110' title="bbox 1900 5193 3473 5268">
    <p class='ocr_par' dir='ltr' id='par_1_110' title="bbox 1900 5193 3473 5268">
     <span class='ocr_line' id='line_1_110' title="bbox 1900 5193 3473 5268; baseline -0.003 -14"><span class='ocrx_word' id='word_1_871' title='bbox 1900 5214 1999 5254; x_wconf 91' lang='lat' dir='ltr'><strong>nos</strong></span> <span class='ocrx_word' id='word_1_872' title='bbox 2027 5196 2300 5252; x_wconf 85' lang='lat' dir='ltr'><strong>all‘erimns</strong></span> <span class='ocrx_word' id='word_1_873' title='bbox 2328 5194 2396 5250; x_wconf 86' lang='lat' dir='ltr'><strong>ad</strong></span> <span class='ocrx_word' id='word_1_874' title='bbox 2426 5194 2621 5266; x_wconf 82' lang='lat' dir='ltr'><strong>legem,</strong></span> <span class='ocrx_word' id='word_1_875' title='bbox 2643 5202 2871 5268; x_wconf 88' lang='lat' dir='ltr'><strong>possunt</strong></span> <span class='ocrx_word' id='word_1_876' title='bbox 2907 5194 3088 5250; x_wconf 88' lang='lat' dir='ltr'><strong>omnia</strong></span> <span class='ocrx_word' id='word_1_877' title='bbox 3118 5193 3473 5264; x_wconf 87' lang='lat' dir='ltr'><strong>spiritualiter</strong></span> 
     </span>
    </p>
   </div>
   <div class='ocr_carea' id='block_1_111' title="bbox 1900 5285 3470 5368">
    <p class='ocr_par' dir='ltr' id='par_1_111' title="bbox 1900 5285 3470 5368">
     <span class='ocr_line' id='line_1_111' title="bbox 1900 5285 3470 5368; baseline -0.003 -22"><span class='ocrx_word' id='word_1_878' title='bbox 1900 5290 2043 5355; x_wconf 85' lang='lat' dir='ltr'><strong>fieri,</strong></span> <span class='ocrx_word' id='word_1_879' title='bbox 2065 5298 2120 5344; x_wconf 88' lang='lat' dir='ltr'><strong>et</strong></span> <span class='ocrx_word' id='word_1_880' title='bbox 2147 5288 2414 5344; x_wconf 82' lang='lat' dir='ltr'><strong>sacrificia</strong></span> <span class='ocrx_word' id='word_1_881' title='bbox 2446 5285 2650 5355; x_wconf 75' lang='lat' dir='ltr'><strong>offerri,</strong></span> <span class='ocrx_word' id='word_1_882' title='bbox 2688 5302 2808 5359; x_wconf 64' lang='lat' dir='ltr'><strong>quae</strong></span> <span class='ocrx_word' id='word_1_883' title='bbox 2835 5288 2994 5343; x_wconf 89' lang='lat' dir='ltr'><strong>modo</strong></span> <span class='ocrx_word' id='word_1_884' title='bbox 3030 5286 3320 5343; x_wconf 88' lang='lat' dir='ltr'><strong>carnaliter</strong></span> <span class='ocrx_word' id='word_1_885' title='bbox 3362 5303 3470 5368; x_wconf 81' lang='lat' dir='ltr'><strong>non</strong></span> 
     </span>
    </p>
   </div>
   <div class='ocr_carea' id='block_1_112' title="bbox 1899 5376 3473 5454">
    <p class='ocr_par' dir='ltr' id='par_1_112' title="bbox 1899 5376 3473 5454">
     <span class='ocr_line' id='line_1_112' title="bbox 1899 5376 3473 5454; baseline -0.002 -17"><span class='ocrx_word' id='word_1_886' title='bbox 1899 5390 2153 5454; x_wconf 86' lang='lat' dir='ltr'><strong>possunt;</strong></span> <span class='ocrx_word' id='word_1_887' title='bbox 2190 5387 2369 5451; x_wconf 90' lang='lat' dir='ltr'><strong>potest</strong></span> <span class='ocrx_word' id='word_1_888' title='bbox 2392 5379 2476 5435; x_wconf 82' lang='lat' dir='ltr'><strong>lex</strong></span> <span class='ocrx_word' id='word_1_889' title='bbox 2506 5379 2668 5449; x_wconf 77' lang='lat' dir='ltr'><strong>leprze</strong></span> <span class='ocrx_word' id='word_1_890' title='bbox 2693 5378 3047 5449; x_wconf 88' lang='lat' dir='ltr'><strong>spiritualiter</strong></span> <span class='ocrx_word' id='word_1_891' title='bbox 3064 5379 3294 5435; x_wconf 90' lang='lat' dir='ltr'><strong>servari.</strong></span> <span class='ocrx_word' id='word_1_892' title='bbox 3321 5376 3473 5434; x_wconf 84' lang='lat' dir='ltr'><strong>Sicut</strong></span> 
     </span>
    </p>
   </div>
   <div class='ocr_carea' id='block_1_113' title="bbox 1897 5469 3476 5544">
    <p class='ocr_par' dir='ltr' id='par_1_113' title="bbox 1897 5469 3476 5544">
     <span class='ocr_line' id='line_1_113' title="bbox 1897 5469 3476 5544; baseline -0.004 -15"><span class='ocrx_word' id='word_1_893' title='bbox 1897 5488 2027 5544; x_wconf 81' lang='lat' dir='ltr'><strong>ergo</strong></span> <span class='ocrx_word' id='word_1_894' title='bbox 2054 5472 2421 5543; x_wconf 60' lang='lat' dir='ltr'><strong>imbigimus,</strong></span> <span class='ocrx_word' id='word_1_895' title='bbox 2446 5470 2708 5526; x_wconf 90' lang='lat' dir='ltr'><strong>sentimus</strong></span> <span class='ocrx_word' id='word_1_896' title='bbox 2730 5478 2787 5524; x_wconf 82' lang='lat' dir='ltr'><strong>et</strong></span> <span class='ocrx_word' id='word_1_897' title='bbox 2812 5469 3092 5525; x_wconf 88' lang='lat' dir='ltr'><strong>consilium</strong></span> <span class='ocrx_word' id='word_1_898' title='bbox 3122 5469 3334 5533; x_wconf 88' lang='lat' dir='ltr'><strong>damus,</strong></span> <span class='ocrx_word' id='word_1_899' title='bbox 3355 5483 3476 5524; x_wconf 81' lang='lat' dir='ltr'><strong>cm-</strong></span> 
     </span>
    </p>
   </div>
   <div class='ocr_carea' id='block_1_114' title="bbox 1898 5559 3470 5625">
    <p class='ocr_par' dir='ltr' id='par_1_114' title="bbox 1898 5559 3470 5625">
     <span class='ocr_line' id='line_1_114' title="bbox 1898 5559 3470 5625; baseline -0.005 -5"><span class='ocrx_word' id='word_1_900' title='bbox 1898 5565 1987 5620; x_wconf 87' lang='lat' dir='ltr'><strong>nia</strong></span> <span class='ocrx_word' id='word_1_901' title='bbox 2020 5563 2150 5619; x_wconf 82' lang='lat' dir='ltr'><strong>facit</strong></span> <span class='ocrx_word' id='word_1_902' title='bbox 2182 5563 2269 5619; x_wconf 82' lang='lat' dir='ltr'><strong>lex</strong></span> <span class='ocrx_word' id='word_1_903' title='bbox 2296 5562 2627 5618; x_wconf 85' lang='lat' dir='ltr'><strong>:secundum</strong></span> <span class='ocrx_word' id='word_1_904' title='bbox 2674 5560 2909 5615; x_wconf 87' lang='lat' dir='ltr'><strong>litteram</strong></span> <span class='ocrx_word' id='word_1_905' title='bbox 2951 5576 3076 5615; x_wconf 88' lang='lat' dir='ltr'><strong>vero</strong></span> <span class='ocrx_word' id='word_1_906' title='bbox 3118 5575 3225 5615; x_wconf 85' lang='lat' dir='ltr'><strong>non</strong></span> <span class='ocrx_word' id='word_1_907' title='bbox 3267 5559 3470 5625; x_wconf 79' lang='lat' dir='ltr'><strong>omnis,</strong></span> 
     </span>
    </p>
   </div>
   <div class='ocr_carea' id='block_1_115' title="bbox 1897 5659 2209 5727">
    <p class='ocr_par' dir='ltr' id='par_1_115' title="bbox 1897 5659 2209 5727">
     <span class='ocr_line' id='line_1_115' title="bbox 1897 5659 2209 5727; baseline -0.01 -13"><span class='ocrx_word' id='word_1_908' title='bbox 1897 5659 1989 5714; x_wconf 87' lang='lat' dir='ltr'><strong>sed</strong></span> <span class='ocrx_word' id='word_1_909' title='bbox 2021 5672 2209 5727; x_wconf 85' lang='lat' dir='ltr'><strong>pauca.</strong></span> 
     </span>
    </p>
   </div>
   <div class='ocr_carea' id='block_1_116' title="bbox 1972 5744 3479 5821">
    <p class='ocr_par' dir='ltr' id='par_1_116' title="bbox 1972 5744 3479 5821">
     <span class='ocr_line' id='line_1_116' title="bbox 1972 5744 3479 5821; baseline -0.002 -17"><span class='ocrx_word' id='word_1_910' title='bbox 1972 5747 2134 5805; x_wconf 78' lang='lat' dir='ltr'><strong>Vsus.</strong></span> <span class='ocrx_word' id='word_1_911' title='bbox 2166 5746 2557 5818; x_wconf 71' lang='lat' dir='ltr'><strong>24.-——Moyses</strong></span> <span class='ocrx_word' id='word_1_912' title='bbox 2597 5746 2716 5815; x_wconf 76' lang='lat' dir='ltr'><strong>fecit</strong></span> <span class='ocrx_word' id='word_1_913' title='bbox 2755 5747 2928 5803; x_wconf 74' lang='lat' dir='ltr'><strong>omnia</strong></span> <span class='ocrx_word' id='word_1_914' title='bbox 2972 5761 3090 5819; x_wconf 66' lang='lat' dir='ltr'><strong>qua</strong></span> <span class='ocrx_word' id='word_1_915' title='bbox 3137 5744 3222 5801; x_wconf 73' lang='lat' dir='ltr'><strong>illo</strong></span> <span class='ocrx_word' id='word_1_916' title='bbox 3261 5760 3479 5821; x_wconf 50' lang='lat' dir='ltr'><strong>suggres-</strong></span> 
     </span>
    </p>
   </div>
  </div>
