3998 6332
24 6256 35 6295 i

492 360 592 416 247
996 356 1389 413 WALAFIUDI
1431 354 1679 413 STRABl
1720 348 1924 415 FULD.
1967 356 2134 414 ΜΟΝ.
2172 356 2324 414 ΟΡΡ.
2366 356 2547 414 PARS
2583 358 2621 414 Ι.
2662 390 2732 400 --
2772 356 3233 417 THEOLOGICA.
3496 434 3501 440 _
3666 361 3782 422 218

492 479 655 533 serat,
679 480 787 525 etc.
828 469 922 524 Vir
965 469 1076 526 Deo
1118 467 1423 535 familiaris,
1470 468 1927 541 sapientissimus,
1971 485 2079 527 non
2108 482 2156 539 Α
2182 469 2412 527 duorum
2439 469 2929 538 Testamentorum,
2958 488 3081 545 qua
3105 489 3207 531 nos
3228 473 3299 530 ab
3324 472 3526 532 inﬁmis
3549 479 3621 536 ad
3660 492 3782 536 cte-

493 561 825 617 orubescens
849 575 878 613 a
910 559 1106 615 minori
1130 568 1188 615 et
1216 559 1401 632 gentili
1442 560 1648 626 doceri,
1703 559 1934 616 formam
1980 561 2083 617 do-

493 654 735 716 ctoribus
761 652 1011 726 przcbuit,
1040 668 1109 709 tte
1143 669 1174 708 a
1217 652 1545 724 quibuslibet
1586 653 1916 710 erubescant
1957 670 2082 711 eru-

493 745 621 803 diri.

567 836 733 892 Vsus.
756 833 850 902 26,
875 834 968 890 27.
994 866 1066 876 --
1090 833 1361 906 Quidquid
1381 844 1555 891 autem
1577 837 1787 908 gravius
1806 847 1940 905 erat,
1969 847 2075 895 etc.

496 926 655 1000 (Aug.
691 966 706 993 ,
739 925 839 981 Ioc.
865 925 991 997 88.)
1014 925 1119 981 Alii
1154 945 1167 981 :
1208 925 1435 982 Verbum
1482 937 1656 982 autem
1688 946 1848 1005 grave
1890 930 2083 1000 refere-

495 1018 618 1073 bant
647 1034 805 1087 super
832 1017 1050 1089 Moysen
1074 1030 1093 1070 :
1119 1018 1199 1074 sic
1218 1018 1366 1073 enim
1393 1018 1559 1074 habet
1603 1018 1826 1076 Gmcus
1864 1036 2077 1088 sermo,

494 1110 638 1181 quod
669 1108 842 1164 Latini
876 1109 1215 1179 interpretati
1242 1119 1388 1173 sunt,
1424 1110 1494 1163 ad
1516 1109 1751 1181 Moysen.
1807 1110 1902 1166 illa
1948 1126 2081 1168 sane

494 1197 764 1253 locutione
788 1198 903 1270 ipsa
931 1199 1095 1254 etiam
1123 1215 1253 1255 cura
1278 1199 1561 1271 ﬁguratur,
1603 1216 1709 1272 qua
1756 1201 1959 1257 dictum
1997 1210 2083 1258 est

493 1304 650 1359 super
671 1289 909 1361 Moysen,
940 1290 1087 1346 velut
1107 1306 1246 1346 onus
1282 1291 1623 1363 signiﬁcatur
1656 1292 1707 1347 ei
1740 1293 2074 1365 impositum.

502 1377 726 1434 Verbum
755 1388 935 1435 autem
963 1396 1121 1451 grave
1141 1382 1345 1437 dictum
1364 1391 1447 1439 est
1466 1398 1565 1453 pro
1584 1385 1883 1455 quaestione
1903 1386 2075 1458 gravi.

1082 1536 1313 1593 CAPUT
1344 1537 1483 1593 XlX.

454 1696 465 1705 .
566 1648 725 1704 Vsus.
752 1650 802 1708 l.
831 1648 1365 1716 2.—Mensetertio,
1395 1659 1502 1707 etc.
1540 1647 1763 1726 (Οιιισ.)
1815 1652 1933 1709 Alia
1985 1652 2076 1709 lit-

491 1749 606 1797 tera
625 1758 640 1795 :
659 1739 857 1795 Mensis
875 1751 1050 1795 autem
1075 1742 1215 1796 tertii
1229 1743 1399 1797 exitus
1413 1743 1644 1813 filiorum
1670 1743 1842 1800 Israel
1859 1745 1923 1800 de
1938 1754 2079 1801 terra

490 1831 711 1905 Αἴθρη)ιὶ
739 1847 758 1885 :
788 1833 887 1887 hac
909 1832 993 1887 die
1016 1844 1263 1888 uerterunt
1293 1836 1349 1889 in
1383 1852 1613 1891 eremum
1646 1835 1798 1901 Sina,
1819 1846 1869 1893 et
1905 1838 2081 1909 profe-
2108 1847 2155 1909 Β

491 1926 563 1980 cti
585 1935 708 1980 sunt
735 1941 801 1980 ea:
826 1923 1128 1996 Raphidim,
1149 1935 1196 1981 et
1225 1937 1475 1983 venerunt
1498 1929 1552 1982 in
1576 1944 1806 1983 eremum
1846 1926 1997 1995 Sina,
2030 1938 2081 1985 et

491 2017 741 2089 applicuit
765 2016 836 2071 ibi
858 2015 1031 2072 Israel
1052 2027 1235 2073 contra
1257 2029 1505 2074 montem.
1533 2019 1605 2075 Et
1634 2018 1841 2092 Moyses
1890 2038 2077 2077 ascen-

490 2109 567 2163 dit
596 2110 651 2164 in
672 2120 898 2165 montem
926 2109 1042 2177 Dei,
1063 2120 1111 2167 et
1142 2112 1338 2167 vocavit
1367 2130 1485 2168 eum
1514 2113 1773 2169 Dominus
1795 2114 1859 2170 de
1907 2126 2080 2171 monte

490 2199 669 2254 dicens
700 2212 719 2251 :
747 2197 878 2255 IIn’c
902 2200 1045 2256 dices
1089 2202 1272 2257 domui
1312 2202 1500 2269 Iacob,
1545 2201 1596 2259 et
1634 2206 1904 2262 nuntiabis
1949 2206 2078 2277 ﬁliis

493 2290 685 2358 Israel,
713 2299 819 2348 etc.
862 2292 931 2348 Et
974 2294 1138 2364 paulo
1175 2303 1340 2365 post:
1380 2294 1644 2351 Descende
1694 2308 1744 2353 et
1786 2310 2080 2355 contestare

487 2382 699 2455 populo,
729 2394 778 2440 et
807 2386 1112 2457 puriﬁcabis
1133 2387 1253 2461 illos
1281 2388 1436 2444 hodie
1459 2400 1507 2445 et
1533 2407 1672 2458 cras,
1707 2402 1757 2446 et
1783 2392 1950 2449 (arent
1996 2411 2080 2450 ue-

422 2550 433 2565 l
488 2479 733 2533 stimenta
755 2494 877 2546 sua,
905 2488 953 2535 et
975 2480 1079 2536 sint
1115 2483 1290 2552 parati
1327 2482 1381 2537 in
1429 2482 1567 2538 diem
1615 2485 1846 2540 tertiam.
1900 2483 2078 2542 Tertia

488 2568 627 2623 enim
662 2568 748 2623 die
770 2570 1041 2626 descendet
1073 2568 1331 2628 Dominus
1356 2574 1411 2628 in
1447 2584 1673 2629 montem
1722 2575 1853 2632 Sina
1898 2594 2077 2633 coram

494 2658 635 2711 omni
670 2650 883 2729 populo.
916 2658 1031 2715 Hoc
1050 2660 1138 2717 die
1166 2663 1440 2732 reperitur
1467 2663 1583 2719 dari
1614 2664 1724 2731 lex,
1759 2680 1881 2736 quae
1910 2667 1964 2722 in
1997 2676 2077 2723 ta-

492 2743 635 2801 bulis
656 2745 882 2817 lapideis
911 2749 1115 2820 scripta
1149 2759 1231 2807 est
1253 2751 1421 2825 digito
1442 2752 1561 2819 Dei,
1611 2754 1753 2812 sicut
1796 2758 2077 2829 sequentia

494 2836 711 2895 docent.
737 2840 863 2897 Dies
885 2850 1067 2899 autem
1096 2843 1200 2900 iste
1227 2846 1420 2902 tertius
1446 2859 1671 2918 apparet
1697 2849 1842 2905 tertii
1874 2849 2079 2907 mensis

491 2931 562 2985 ab
576 2932 722 2987 exitu
742 2932 977 2992 ﬁliorum
1002 2934 1166 2993 lsrael
1186 2937 1253 2993 de
1266 2938 1501 3012 Egypto
1519 2957 1533 3007 ;
1556 2954 1620 2996 es
1644 2956 1753 3013 quo
1771 2940 1860 2997 die
1875 2943 2076 3014 pascha

492 3021 760 3091 fecerunt,
789 3024 844 3080 id
869 3036 977 3095 est,
1025 3044 1226 3100 agnum
1257 3029 1676 3087 immolaverunt
1715 3041 1772 3088 et
1819 3033 2071 3105 ederunt,

492 3114 586 3186 qui
624 3116 725 3171 fuit
755 3127 981 3189 quartus
1025 3120 1269 3179 decimus
1305 3124 1468 3194 primi
1514 3127 1741 3193 mensis,
1789 3142 1961 3198 usque
2008 3127 2077 3182 ad

2188 560 2343 618 lestia
2366 571 2604 633 portant.

2252 677 2421 733 Vens.
2449 676 2766 735 6.—Eritis
2793 682 2923 737 mihi
2946 682 3003 737 in
3025 698 3240 753 regnum
3266 684 3614 751 sacerdotale,
3664 697 3780 747 etc.

2182 768 2422 827 Membra
2445 771 2655 830 scilicet
2682 775 2880 832 summi
2903 776 3201 834 sacerdotis
3242 779 3298 835 in
3338 794 3570 851 regnum
3606 780 3783 839 casio-

2183 876 2305 917 rum
2329 863 2565 921 venturi.

2251 974 2417 1034 Vsus.
2443 978 2563 1036 7-9.
2575 976 3397 1054 —E:rposuitomnessermones,
3409 995 3519 1046 etc.
3551 988 3782 1061 (8ης.)

2179 1067 2484 1129 Notandum
2505 1072 2651 1144 quod
2679 1074 2763 1130 lex
2784 1090 2892 1132 non
2925 1077 3157 1135 incautis
3177 1078 3265 1134 vel
3292 1081 3669 1139 nescientibus
3698 1083 3785 1139 in-

2179 1164 2386 1237 geritur
2416 1183 2432 1221 :
2458 1165 2553 1222 sed
2599 1168 2864 1240 expositis
2894 1171 3134 1242 prmmiis
3176 1187 3299 1243 qua:
3338 1174 3611 1231 debentur
3658 1190 3782 1234 ser-

2179 1257 2456 1325 vantibus,
2478 1267 2533 1315 et
2563 1259 2840 1319 beneﬁciis
2892 1264 3182 1333 praeteritis
3227 1280 3350 1336 qua:
3395 1268 3508 1339 jam
3562 1272 3783 1340 experti

2181 1356 2327 1414 sunt,
2378 1358 2436 1406 et
2458 1350 2797 1410 mirabilibus
2841 1369 2967 1410 cum
3010 1364 3204 1427 sponte
3249 1371 3310 1413 se
3361 1357 3463 1431 legi
3495 1362 3784 1419 servandae

2178 1438 2499 1506 devoveant,
2539 1439 2627 1497 lex
2657 1444 2967 1514 petentibus
2987 1447 3148 1502 datur
3176 1464 3190 1501 :
3214 1456 3283 1503 ut
3306 1450 3614 1507 secundum
3642 1468 3777 1524 pro.

2179 1529 2494 1588 missionem
2514 1547 2689 1601 suam,
2719 1535 2877 1607 quasi
2898 1537 3010 1593 voti
3034 1539 3132 1603 rei,
3163 1539 3253 1609 qui
3283 1540 3635 1609 violaverim,
3690 1544 3783 1616 ju-

2179 1620 2455 1689 dicentur,
2488 1639 2589 1681 nec
2610 1624 2679 1680 de
2700 1624 2959 1683 violentia
2987 1628 3089 1685 sibi
3115 1629 3264 1685 illata
3288 1643 3607 1688 causentur.

2250 1734 2417 1791 Vens.
2451 1735 2796 1794 l0.—Vade
2845 1740 2917 1795 ad
2945 1740 3218 1813 populum,
3264 1751 3372 1800 etc.
3428 1742 3637 1816 (0pm.)
3684 1743 3784 1801 De-

2181 1825 2368 1882 scende
2394 1835 2443 1882 et
2469 1838 2762 1898 prot-estare
2785 1829 3058 1902 populum,
3082 1842 3134 1887 et
3164 1834 3391 1904 puri/ica
3418 1835 3571 1889 illum
3619 1835 3782 1892 hodie

2179 1926 2230 1972 et
2257 1930 2398 1984 cras,
2428 1927 2477 1972 et
2497 1918 2666 1975 lavent
2687 1921 2988 1976 vestimenta
3013 1938 3131 1988 sua,
3164 1933 3213 1978 et
3234 1925 3340 1979 sint
3359 1927 3536 1996 parati
3557 1928 3615 1982 in
3639 1927 3783 1983 diem

2178 2009 2412 2076 tertium,
2434 2016 2549 2066 etc.’
2568 2009 2669 2078 Qui
2690 2010 2805 2067 vult
2834 2012 3020 2069 venire
3047 2015 3116 2069 ad
3148 2015 3373 2070 verbum
3410 2016 3529 2083 Dei,
3583 2016 3782 2074 audiat

2178 2103 2322 2173 quod
2349 2104 2593 2174 praecipit
2620 2104 2926 2163 Dominus:
2967 2106 3352 2179 Sanctiﬁcatus
3391 2112 3581 2169 venire
3616 2114 3783 2171 debet

2177 2205 2234 2253 et
2255 2197 2381 2253 lo‘tis
2393 2197 2653 2254 vestibus.
2681 2197 2739 2255 Si
2769 2200 2914 2256 enim
2928 2201 3144 2256 sordida
3162 2203 3408 2260 attuleris
3423 2204 3778 2271 vestimenta,

2178 2288 2388 2344 dicetur
2415 2289 2511 2345 tibi
2541 2288 2728 2344 Matth.
2759 2304 2871 2345 xxtt
2903 2308 2916 2346 :
2947 2290 3152 2359 Amice,
3175 2295 3437 2365 quomodo
3463 2297 3569 2351 huc
3606 2297 3781 2352 intra-

2177 2383 2246 2437 sti
2271 2398 2375 2436 non
2395 2381 2589 2436 habens
2634 2391 2821 2437 restem
2866 2383 3193 2453 nuptialem?
3219 2384 3390 2441 Nemo
3415 2402 3548 2459 ergo
3591 2397 3781 2459 potest

2178 2470 2368 2526 audire
2386 2472 2611 2527 verbum
2634 2472 2751 2537 Dei,
2776 2471 2879 2528 nisi
2903 2472 3054 2543 prius
3067 2474 3458 2543 sanctiﬁcatus,
3475 2477 3529 2532 id
3541 2486 3629 2533 est
3647 2495 3779 2535 san-

2179 2570 2297 2618 ctus
2322 2576 2551 2635 corpore
2571 2570 2627 2618 et
2647 2562 2840 2634 spiritu
2866 2571 2922 2619 et
2948 2563 3075 2621 lotis
3103 2566 3344 2623 vestibus
3376 2586 3391 2623 :
3420 2569 3781 2639 ingressurus

2177 2660 2262 2709 est
2280 2654 2423 2709 enim
2446 2652 2606 2724 paulo
2620 2655 2824 2724 postad
2847 2669 3061 2711 ctenam
3076 2658 3393 2729 nuptialem,
3416 2662 3779 2719 manducata-

2180 2759 2275 2800 rus
2300 2744 2367 2799 de
2389 2746 2643 2801 carnibus
2670 2746 2815 2819 agni,
2843 2756 2899 2802 et
2921 2756 3210 2818 potaturus
3251 2751 3502 2820 poculum
3552 2753 3774 2810 salutis.

2179 2832 2348 2892 Nemo
2374 2836 2540 2891 intrat
2563 2837 2631 2893 ad
2654 2851 2869 2894 canam
2889 2839 3029 2895 hanc
3049 2841 3282 2898 sordidis
3311 2844 3582 2913 vestibus;
3630 2849 3780 2904 unde

2179 2927 2358 2984 Eccle.
2382 2946 2436 2986 ιι
2453 2948 2469 2985 :
2486 2928 2554 2985 In
2575 2933 2720 2987 omni
2739 2942 2967 3004 tempore
2987 2935 3092 2989 sint
3114 2937 3411 2991 vestimenta
3427 2946 3520 2992 tua
3543 2938 3774 2993 munda.

2178 3018 2315 3077 Lota
2357 3030 2485 3077 sunt
2520 3022 2666 3079 enim
2696 3024 2862 3080 semel
2904 3026 3227 3082 vestimenta
3265 3038 3352 3083 tua
3384 3030 3561 3100 gratia
3592 3030 3778 3101 bapti-

2180 3114 2389 3170 smatis.
2422 3114 2466 3170 ll
2496 3113 2621 3171 Cor.
2666 3131 2742 3173 vn
2779 3134 2793 3171 :
2830 3115 3153 3187 Puri/ionius
3190 3137 3245 3175 es
3273 3137 3513 3192 corpore,
3542 3124 3775 3179 mundu-

493 3208 658 3265 istum
685 3226 791 3281 quo
818 3211 904 3268 lex
929 3213 1104 3278 datur,
1135 3216 1252 3272 dies
1280 3217 1673 3291 quinquaginta
1701 3229 2074 3288 numerantur,

2189 3213 2268 3259 tus
2289 3204 2354 3259 ab
2384 3207 2526 3260 omni
2552 3207 2942 3278 inquinamento
2972 3210 3147 3265 carnis
3169 3220 3218 3265 et
3246 3213 3481 3280 spiritus.
3513 3215 3638 3269 Act.
3682 3232 3735 3272 xi
3762 3234 3778 3270 :

492 3303 876 3373 septemdecim
925 3306 1132 3363 scilicet
1164 3309 1323 3380 primi
1350 3312 1574 3377 mensis,
1619 3312 1813 3385 reliqui
1857 3315 1925 3371 ab
1961 3315 2079 3387 ipso

491 3400 688 3463 quarto
716 3394 947 3452 decimo.
974 3396 1178 3454 Deinde
1205 3415 1395 3457 omnes
1422 3402 1640 3474 triginta
1666 3405 1888 3461 secundi
1930 3421 2080 3462 men-

491 3485 586 3553 sis,
609 3486 702 3558 qui
746 3488 883 3545 ﬁunt
930 3491 1290 3565 quadraginta
1335 3504 1541 3564 septem
1587 3505 1642 3553 et
1688 3484 1883 3555 tertius
1933 3499 2079 3556 tertii

491 3580 697 3637 mensis
735 3583 882 3653 quia
910 3585 1253 3642 solemnitate
1303 3589 1469 3645 occisi
1528 3590 1651 3663 agni
1695 3592 2082 3666 quinquagesi-

493 3687 613 3729 mus
648 3684 764 3741 est;
802 3690 867 3729 ac
893 3692 989 3745 per
1010 3677 1115 3733 hoc
1143 3678 1197 3733 in
1228 3679 1330 3734 ista
1355 3682 1544 3737 umbra
1583 3682 1750 3739 futuri
1781 3687 2078 3743 secundum

491 3762 616 3835 agni
668 3763 933 3821 immolati
984 3765 1127 3823 diem
1178 3766 1409 3837 festum;
1461 3770 1587 3842 quia
1628 3774 2081 3849 quinquagesimo

493 3850 579 3907 die
605 3850 688 3906 lex
714 3852 839 3909 data
869 3862 973 3921 est,
1001 3857 1204 3926 scripta
1228 3858 1396 3930 digito
1418 3859 1534 3915 Dei.
1566 3860 1642 3916 ita
1668 3863 1719 3917 in
1767 3864 1881 3935 ipsa
1934 3868 2079 3922 veri-

494 3953 604 4001 tate
624 3943 758 4001 Novi
783 3946 1117 4005 Testameuti
1140 3967 1169 4007 a
1200 3952 1493 4010 festivitate
1514 3956 1779 4014 immolati
1798 3958 1935 4031 Agni
1951 3958 2080 4018 Iesu

493 4032 694 4091 Christi
743 4036 1129 4111 quinquaginta
1166 4043 1282 4099 dies
1310 4054 1682 4111 numerantur,
1726 4049 1818 4104 ubi
1846 4049 2083 4121 Spiritus

493 4135 716 4183 sanctus
738 4128 803 4184 de
830 4128 1108 4187 altissimis
1132 4132 1289 4189 datus
1308 4134 1396 4199 sit,
1422 4136 1511 4206 qui
1536 4144 1621 4192 est
1645 4137 1844 4209 digitus
1871 4140 1989 4197 Dei.

561 4214 630 4273 In
650 4218 737 4274 die
760 4219 877 4284 hac,
903 4233 1010 4277 etc.
1049 4222 1470 4296 Quadragesima
1494 4226 1702 4284 scilicet
1729 4230 1957 4301 septima
1996 4232 2085 4291 die

490 4319 775 4382 postquam
814 4314 1021 4384 egressi
1046 4323 1174 4371 sunt
1201 4316 1267 4371 de
1291 4314 1543 4389 Egypto,
1568 4319 1748 4392 prima
1771 4322 1878 4389 die,
1935 4323 2082 4380 scili-

490 4407 588 4484 cet
611 4398 779 4467 Junii,
808 4414 1173 4473 pervenerunt
1206 4406 1276 4461 ad
1297 4417 1534 4463 montem
1569 4407 1722 4477 Sina,
1752 4411 1936 4483 ibique
1964 4428 2086 4484 per-

494 4482 629 4545 actis
658 4491 868 4547 duobus
906 4494 1096 4549 diebus
1119 4495 1315 4566 quibus
1344 4497 1668 4555 sanctiﬁcati
1709 4482 1861 4568 sunt,
1896 4482 2081 4569 tertio,

490 4579 545 4634 id
587 4587 669 4634 est
710 4580 1179 4655 quinquagesimo,
1230 4585 1403 4662 legem
1451 4573 1822 4663 acceperunt}
1857 4602 1912 4651 et
1964 4595 2081 4652 haec

490 4679 577 4726 est
612 4671 976 4730 Pentecostes.

564 4784 772 4857 (ΕΑΒ.)
802 4785 856 4840 In
877 4785 1006 4842 Sina
1040 4804 1146 4844 una
1177 4792 1386 4847 mansio
1407 4790 1527 4860 fuit,
1562 4795 1657 4851 sed
1704 4796 1848 4852 inter
1892 4812 2085 4854 omnes

490 4878 749 4933 maxima.
788 4877 1034 4934 lbienim
1068 4880 1153 4935 lex
1204 4893 1448 4955 accepta,
1498 4886 1907 4943 tabernaculum
1961 4904 2083 4945 ere-

491 4978 659 5025 ctum.
692 4968 766 5024 lbi
797 4969 1011 5027 Exodus
1033 4982 1086 5029 et
1116 4974 1349 5030 maxima
1375 4992 1499 5047 pars
1528 4975 1759 5032 Levitici
1786 4993 2084 5050 omnesque

494 5064 615 5121 libri
638 5065 770 5138 legis
796 5083 933 5137 pene
953 5071 1243 5144 conscripti
1265 5080 1409 5128 sunt.

550 5160 728 5217 .V'sns.
752 5160 891 5216 5.-
908 5162 1114 5236 Moyses
1135 5177 1331 5232 autem,
1357 5174 1462 5221 etc.
1490 5164 1510 5238 (
1531 5166 1730 5233 61136.,
1764 5166 1860 5225 lib.
1886 5183 1939 5223 vt
1967 5167 2082 5223 Mo-

496 5249 624 5316 ral.,
651 5266 771 5323 cap.
796 5252 910 5326 27.)
942 5253 1060 5310 Alia
1090 5254 1267 5311 littera
1293 5273 1305 5310 :
1337 5254 1544 5328 Moyses
1562 5268 1736 5312 autem
1761 5259 1996 5314 ascendit
2024 5261 2081 5315 in

491 5350 742 5407 montem,
772 5352 823 5397 et
851 5342 1104 5400 Dominus
1133 5345 1395 5401 descendit
1418 5345 1487 5400 ad
1509 5362 1649 5402 eum.
1682 5346 1833 5405 Mons
1854 5349 2081 5407 altitudo

493 5434 964 5506 contemplationis
991 5445 1095 5502 est,
1128 5438 1180 5492 in
1208 5448 1369 5509 quem
1392 5436 1753 5506 ascendimus,
1796 5447 1857 5495 ut
1878 5441 1972 5501 ad
2017 5457 2082 5498 ea

494 5542 615 5595 qua:
640 5526 780 5583 ultra
810 5527 1182 5585 inﬁrmitatem
1206 5537 1446 5585 nostram
1483 5539 1613 5587 sunt
1647 5531 1906 5589 intuendo
1955 5536 2084 5590 sub—

495 5616 756 5673 leventur.
789 5618 897 5675 Sed
928 5620 1186 5677 Dominus
1213 5622 1509 5688 descendit,
1533 5623 1682 5694 quia,
1709 5626 1914 5682 sanctis
1942 5627 2081 5683 mul-

496 5714 611 5762 tum
638 5710 1070 5780 proﬁcientibus,
1102 5727 1329 5784 parvum
1363 5713 1566 5784 aliquid
1593 5715 1662 5772 de
1683 5731 1743 5773 se
1772 5717 1968 5787 aperit.

570 5796 728 5857 Vsus.
761 5806 815 5870 4,
858 5802 910 5858 5.
938 5834 1003 5843 -
1033 5802 1161 5862 Aius
1208 5805 1525 5877 aquilarum.
1577 5805 1747 5865 Vocat
1802 5809 2077 5868 doctrinas

2185 3293 2317 3362 Quae
2349 3311 2472 3367 ergo
2512 3294 2656 3351 Deus
2694 3297 2986 3363 mandavit,
3034 3309 3092 3353 tu
3138 3300 3408 3355 immunda
3453 3320 3518 3357 ne
3563 3304 3777 3374 feceris.

2180 3387 2321 3445 Audi
2369 3391 2813 3449 sanctiﬁcationis
2853 3410 3023 3465 genus
3061 3413 3074 3449 :
3114 3412 3185 3453 ne
3211 3399 3530 3463 accesseris,
3576 3399 3779 3471 inquit,

2184 3481 2252 3536 ad
2275 3483 2557 3541 mulierem
2585 3486 2746 3543 hodie
2773 3495 2829 3543 et
2850 3487 3111 3555 crastino,
3145 3498 3204 3545 ut
3238 3489 3325 3545 die
3370 3492 3532 3546 tertio
3580 3492 3781 3547 audias

2181 3577 2407 3633 verbum
2430 3576 2555 3645 Dei;
2589 3580 2692 3636 hoc
2723 3590 2806 3636 est
2831 3583 2976 3652 quod
3013 3582 3091 3636 ait
3128 3583 3419 3653 Apostolus
3440 3582 3463 3637 l
3486 3582 3615 3641 Cor.
3648 3599 3730 3640 vn
3758 3600 3775 3638 :

2182 3669 2390 3726 Bonum
2440 3679 2513 3725 est
2541 3672 2740 3726 homini
2765 3672 3035 3727 mulierem
3078 3690 3183 3729 non
3213 3684 3441 3743 tangere,
3498 3674 3651 3731 salvo
3698 3686 3779 3731 ta-

2184 3778 2309 3820 men
2336 3764 2569 3821 inﬁrmis
2594 3766 2835 3822 retnedio
2867 3766 3117 3838 nuptiali.
3154 3764 3326 3822 lCor.
3365 3784 3439 3824 vn
3467 3788 3480 3822 :
3517 3767 3622 3823 Sed
3645 3771 3775 3840 quia

2184 3865 2384 3927 tempus
2407 3856 2555 3912 brere
2577 3868 2674 3922 est,
2699 3867 2931 3927 superest
2958 3867 3014 3912 ut
3039 3859 3129 3928 qui
3166 3858 3356 3914 habent
3408 3876 3621 3926 uxores,
3668 3862 3776 3915 sint

2184 3956 2434 4019 tanquam
2465 3964 2568 4003 non
2593 3948 2858 4004 habentes.

2257 4059 2549 4131 Sancti/ica
2572 4059 2711 4127 illos,
2737 4067 2843 4117 etc.
2866 4061 3053 4133 (ΕΑΒ.)
3074 4060 3176 4130 Qui
3209 4062 3276 4119 ad
3295 4072 3648 4135 conspectum
3680 4065 3776 4121 Dei

2183 4149 2455 4205 desiderat
2482 4152 2688 4219 venire,
2716 4150 3018 4210 sanctiﬁcct
3043 4168 3100 4209 se
3125 4153 3228 4210 ﬁde
3257 4162 3313 4210 et
3336 4156 3775 4221 conversatione,

2187 4250 2243 4297 et
2271 4240 2415 4297 lavet
2443 4244 2789 4308 vestimenta,
2821 4244 2875 4300 id
2909 4252 2992 4300 est
3017 4235 3183 4316 opera
3220 4244 3381 4301 hodie
3416 4256 3472 4301 et
3513 4262 3664 4311 cras,
3721 4247 3775 4303 in

2184 4332 2440 4405 prtesenti
2469 4334 2676 4391 scilicet
2704 4335 2842 4391 etin
2871 4334 3073 4402 futuro,
3104 4344 3165 4391 ut
3206 4336 3275 4392 ad
3318 4335 3546 4407 gloriam
3590 4352 3778 4394 resur-

2185 4424 2439 4481 rectionis
2468 4426 2771 4497 perveniat,
2793 4442 2955 4497 quam
2986 4428 3180 4484 tertius
3206 4428 3323 4484 dies
3351 4428 3611 4485 insinuat.

2258 4516 2422 4573 Vens.
2452 4516 2705 4574 ll.—In
2725 4518 2810 4573 die
2833 4518 2971 4573 enim
2992 4519 3163 4582 tertia,
3201 4528 3309 4574 etc.
3346 4518 3459 4575 llac
3507 4520 3594 4574 die
3647 4520 3772 4577 data

2186 4614 2270 4663 est
2298 4607 2381 4662 lex
2410 4607 2463 4664 in
2494 4608 2695 4665 tabulis
2715 4607 2945 4679 lapideis
2967 4608 3168 4679 scripta
3195 4607 3364 4679 digito
3393 4609 3510 4676 Dei,
3557 4609 3652 4666 hic
3688 4621 3775 4666 est

2187 4701 2380 4757 tertius
2408 4702 2528 4757 dies
2554 4703 2700 4758 tertii
2726 4702 2929 4759 mensis
2955 4703 3023 4758 ab
3049 4702 3196 4758 exitu
3227 4702 3458 4758 ﬁliorum
3494 4702 3665 4760 lsrael
3707 4705 3774 4760 de

2185 4790 2444 4865 .Egypto.
2468 4793 2514 4847 Α
2531 4793 2617 4850 die
2637 4810 2769 4866 ergo
2779 4809 2888 4865 quo
2901 4795 3101 4866 pascha
3117 4793 3386 4860 fecerunt,
3405 4794 3558 4850 idest
3578 4805 3776 4866 quarto

2183 4884 2395 4942 decimo
2421 4884 2581 4957 primi
2609 4884 2831 4951 mensis,
2866 4898 3144 4955 usquequo
3176 4883 3265 4940 lex
3324 4885 3448 4939 data
3485 4891 3589 4954 est,
3619 4887 3778 4956 quin-
3798 4954 3815 4964 ἰ

2186 4979 2443 5052 quaginta
2469 4978 2587 5035 dies
2608 4985 2982 5042 numerantur,
3015 4977 3200 5033 decem
3227 4984 3283 5032 ct
3308 4987 3517 5047 septem
3567 4977 3778 5033 scilicet

2192 5070 2353 5143 primi
2408 5069 2633 5136 mensis,
2680 5068 3155 5139 reliquiaquarto
3206 5067 3438 5133 decium,
3488 5074 3545 5123 et
3584 5082 3777 5123 omnes

2194 5162 2413 5234 triginta
2456 5160 2702 5227 secundi,
2744 5162 2837 5232 qui
2878 5170 3005 5217 sunt
3038 5160 3396 5233 quadraginta
3436 5169 3671 5232 septem,
3721 5171 3778 5217 et

2194 5254 2385 5311 tertius
2414 5254 2557 5309 tertii
2595 5253 2821 5319 mensis,
2849 5253 2940 5324 qui
2970 5264 3053 5309 cst
3079 5254 3147 5308 ab
3176 5252 3448 5309 occisione
3473 5252 3598 5324 agni
3618 5254 3775 5324 quin-

2193 5346 2541 5420 quagesimus
2560 5363 2574 5401 :
2596 5345 2738 5401 sicut
2764 5362 2796 5400 a
2823 5345 3079 5416 passione
3098 5345 3322 5405 Christi.
3356 5360 3642 5416 usquequo
3680 5344 3776 5401 da~

2194 5447 2283 5495 tur
2309 5437 2541 5511 Spiritus
2567 5448 2813 5503 sanctus,
2841 5436 3234 5509 quinquaginta
3252 5438 3368 5494 dies
3393 5448 3771 5494 numerantur.

2188 5529 2390 5602 digitus
2413 5529 2559 5584 enim
2584 5529 2680 5585 Dei
2708 5528 2971 5599 Spiritum
3001 5537 3250 5584 sanctum
3280 5527 3569 5600 signiﬁcat.

2259 5621 2444 5695 (lsro.,
2470 5618 2672 5688 Qutest.
2701 5619 2756 5674 in
2786 5619 2984 5687 Exod.,
3022 5634 3144 5690 cap.
3188 5619 3279 5686 28,
3318 5628 3450 5675 tom.
3477 5618 3584 5692 ν.)
3607 5618 3745 5689 Quin

2187 5713 2505 5786 quagesimo
2533 5712 2623 5769 die
2645 5720 2769 5785 post
2793 5712 2994 5783 pascha
3020 5711 3108 5769 lex
3131 5711 3299 5785 Moysi
3325 5712 3451 5769 data
3490 5721 3577 5770 est
3627 5723 3730 5770 etc.
3750 5754 3766 5778 .

2186 5827 2348 5875 usque
2373 5809 2443 5865 ad
2473 5810 2557 5866 vel
2590 5809 2716 5879 quia
2743 5808 3026 5866 veritatem
3054 5806 3189 5877 legis
3219 5806 3526 5865 inﬁdelibus
3553 5823 3651 5865 Der
3673 5821 3761 5862 ca-
