3998 6332
289 308 405 367 589

1323 307 1587 365 GLOSSA
1626 307 2021 366 ORDlNARIA.
2060 339 2128 351 -—
2166 311 2295 367 LlB.
2334 311 2533 369 BXOD.
2570 328 2577 335 ‘

3446 314 3553 372 250

288 423 519 494 ligiuetn
547 420 706 487 dixit,
733 429 790 475 ut
812 420 1041 477 sidentes
1086 437 1193 475 non
1232 421 1461 489 rideam,
1506 434 1556 479 et
1606 422 1877 478 audient“
1904 428 1952 486 Α
1982 424 2035 479 in
2062 426 2288 495 pedibus
2308 466 2324 493 ,
2352 427 2558 496 virgam
2591 433 2775 482 teneas
2805 426 2858 481 in
2896 440 3057 481 manu
3079 467 3095 492 ,
3122 437 3177 481 et
3202 441 3391 500 azyma
3419 445 3543 486 eum

287 530 395 571 stos
424 510 719 583 intelligant
746 510 883 582 (Isu.
902 510 1001 582 Vl).

368 602 538 658 Vsus.
562 601 954 665 l2.—Caoete,
980 608 1088 657 etc.
1112 601 1296 673 (ιω.)
1321 601 1481 659 Prius
1504 603 1758 675 prohibet
1779 616 1878 674 po-

292 693 484 767 pulum
528 693 585 749 iu
622 700 861 749 montem
886 693 1200 759 ascendere,
1236 703 1571 766 mortemque
1595 696 1877 751 minatur:

292 801 444 843 nunc
463 786 619 857 jubet
648 793 711 839 ut
738 784 1020 855 clangente
1054 784 1281 841 buccina
1305 786 1603 842 ascendant
1624 786 1681 841 in
1723 800 1878 843 mon-

296 886 431 939 tem,
460 877 752 933 humanam
782 875 989 931 scilicet
1016 889 1367 946 compescens
1390 875 1692 941 audaciam,
1714 884 1771 933 et
1807 876 1876 932 ad

292 964 660 1020 obediendum
688 963 923 1020 invitans
950 980 967 1019 τ
1007 965 1133 1035 quia
1168 964 1236 1020 ad
1263 965 1664 1035 praedicationis
1687 982 1873 1023 vocem

292 1054 557 1110 debemus
580 1069 681 1109 nos
706 1053 776 1109 ad
815 1066 1045 1125 superna
1088 1055 1317 1125 erigere,
1367 1071 1468 1112 nec
1508 1065 1876 1112 sacramento-

291 1160 419 1199 rum
440 1145 852 1216 investigatione
882 1153 1073 1216 sponte
1097 1160 1444 1216 praesumere,
1469 1145 1565 1203 sed
1596 1148 1689 1202 Dei
1717 1160 1876 1202 voca-

288 1236 503 1293 tioncm'
522 1238 697 1309 sequi.

365 1325 534 1381 Vsus.
578 1326 1006 1384 l5.—Buccina.
1034 1328 1199 1397 Quasi
1251 1329 1443 1386 vocina
1470 1344 1486 1384 :
1516 1345 1546 1384 a
1577 1344 1729 1398 voce,
1790 1328 1873 1385 vel

289 1431 322 1472 a
342 1419 608 1482 vocando,
634 1420 717 1474 vel
737 1435 769 1475 a
788 1420 955 1477 bucca

366 1489 533 1545 Vsus.
565 1489 756 1544 μυί-ι.
773 1486 1092 1564 -ϐιιηιὶιαε
1110 1492 1352 1548 lavissent
1401 1501 1704 1548 uestimenta
1750 1510 1869 1558 sua,

286 1587 399 1634 etc.
433 1578 549 1635 Non
578 1577 775 1635 sulﬁcit
802 1581 870 1637 ad
895 1582 1148 1637 virtutem
1191 1581 1657 1653 contemplationis
1680 1597 1872 1639 emun-

289 1668 429 1723 dare
450 1681 613 1738 opera
634 1669 969 1740 paenitentiae
987 1669 1260 1743 lacrymis,
1286 1671 1388 1727 nisi
1415 1683 1673 1742 sequatur
1704 1673 1870 1728 casti-

1984 514 2339 573 amaritudine
2366 515 2637 573 comedas.
2679 514 2788 571 Sed
2812 529 2913 571 nec
2941 514 2995 571 in
3023 515 3196 586 prima
3231 517 3511 573 mansione
3529 558 3547 584 ,

1979 621 2082 663 nec
2113 607 2168 662 in
2202 608 2474 673 secunda,
2505 621 2608 663 nec
2640 606 2695 662 in
2730 606 2920 673 tertia,
2956 622 3057 663 nec
3100 622 3225 663 cum
3264 608 3551 665 transieris

1978 711 2130 753 mare
2167 696 2444 762 Rubrum,
2487 695 2701 753 etiamsi
2739 697 2809 753 ad
2852 711 3001 753 mare
3027 697 3276 764 veneris,
3303 704 3359 753 et
3387 696 3553 755 luerit

1976 788 2074 844 tibi
2115 787 2419 845 amaritudo
2458 787 2512 843 in
2554 786 2896 845 dulcedinem
2939 801 3130 854 versa,
3160 803 3263 844 nec
3290 788 3345 843 in
3374 787 3550 853 Elim,

1976 876 2067 932 ubi
2106 885 2263 932 erant
2303 876 2590 933 duodecim
2630 875 2807 933 fontes
2834 892 3098 946 aquarum
3126 885 3182 933 et
3207 878 3549 950 septuaginta

1975 966 2198 1023 arbores
2243 967 2578 1038 palmarum,
2626 968 2843 1024 etiamsi
2891 967 3178 1040 Bapbidim
3222 970 3551 1040 praeterieris

1973 1065 2307 1129 canorosque
2341 1057 2622 1129 profectus
2660 1057 2999 1125 ascenderis,
3040 1060 3278 1116 nondum
3322 1059 3550 1116 idoneus

1964 1144 2260 1217 iudicaris,
2304 1149 2398 1205 sed
2438 1163 2561 1204 cum
2600 1150 2817 1205 veneris
2856 1150 2925 1205 ad
2966 1158 3204 1205 montem
3247 1150 3400 1206 Sina.
3442 1149 3546 1206 Vix

1970 1251 2103 1309 ergo
2129 1238 2427 1295 mereberis
2454 1238 2744 1308 aliquando
2768 1239 3047 1310 suscipere
3076 1249 3346 1312 praecepta
3375 1241 3544 1297 liber-

1972 1328 2134 1393 tatis,
2161 1336 2218 1383 et
2240 1328 2428 1385 audire
2453 1344 2469 1383 :
2503 1327 2617 1400 Ego
2642 1344 2761 1383 sum
2787 1327 3042 1385 Dominus
3078 1329 3216 1385 Deus
3248 1339 3369 1385 tuus
3391 1370 3410 1395 ,
3450 1330 3546 1400 qui

1969 1420 2130 1476 eduxi
2153 1429 2203 1475 te
2224 1420 2290 1475 de
2313 1430 2453 1475 terra
2475 1419 2695 1491 .Eggpti
2710 1460 2727 1486 ,
2752 1420 2818 1475 de
2840 1420 2995 1475 domo
3022 1422 3305 1476 seruitutis.
3332 1420 3433 1476 llic
3463 1428 3545 1475 ta-

1970 1522 2097 1564 men
2123 1523 2239 1564 non
2258 1516 2342 1564 est
2368 1522 2550 1564 sermo
2587 1507 2861 1574 mandati,
2891 1508 2987 1565 sed
3014 1509 3137 1578 quis
3164 1508 3236 1564 sit
3262 1508 3356 1579 qui
3384 1522 3543 1564 man-

1969 1599 2063 1655 dat
2081 1598 2334 1656 ostendit.
2358 1598 2597 1655 Primum
2620 1597 2934 1655 mandatum
2954 1614 3084 1669 ergo
3105 1609 3220 1656 est:
3250 1598 3372 1655 Non
3390 1607 3545 1657 erunt

1970 1691 2063 1747 tibi
2091 1691 2166 1745 dii
2194 1689 2289 1746 alii
2316 1699 2505 1762 prater
2523 1707 2624 1745 me.
2777 1678 2787 1686 ’

289 1767 377 1815 tas
405 1760 603 1815 mentis
627 1761 961 1832 etcorporis.
992 1760 1144 1819 Unde
1172 1761 1361 1819 Matth.
1395 1779 1427 1817 v
1455 1779 1471 1819 :
1500 1763 1655 1820 Beati
1674 1765 1862 1820 mundo

2042 1784 2207 1858 (Anc.
2228 1760 2413 1855 quiest.
2446 1783 2504 1838 in
2537 1781 2748 1853 Exod.)
2773 1768 3042 1850 Quaeritur
3064 1780 3332 1852 quomodo
3358 1781 3544 1836 decem

283 1852 470 1919 corde,
513 1862 619 1909 etc.
667 1853 736 1909 Et
764 1853 892 1926 Sap.
920 1870 938 1909 ι
970 1869 985 1910 :
1016 1854 1085 1911 In
1134 1854 1439 1912 malevolam
1476 1857 1707 1912 animam
1763 1873 1870 1912 non

280 1942 525 1999 introibit
543 1946 820 2015 sapientia.

363 2034 527 2089 Vsus.
562 2036 649 2101 18,
678 2036 1027 2093 l9.—Totus
1051 2047 1225 2093 autem
1260 2054 1408 2095 mons
1431 2037 1586 2095 Sinai
1605 2038 1868 2110 fumabat,

278 2130 397 2177 etc.
426 2123 617 2195 (Casa.
646 2126 738 2182 lib.
764 2143 817 2182 vt
848 2125 1066 2194 HoraL,
1091 2144 1213 2200 cap.
1244 2128 1363 2200 27.)
1394 2129 1590 2201 Legem
1640 2129 1868 2186 daturus

283 2213 550 2273 Dominus
577 2217 630 2271 in
670 2217 791 2289 igne
826 2212 1079 2290 fumoque
1102 2220 1396 2283 descendit,
1423 2228 1552 2288 etc.,
1583 2236 1747 2292 usque
1797 2220 1869 2275 ad

278 2305 511 2361 vincunt
535 2309 676 2377 quod
701 2318 845 2364 sunt.

355 2396 492 2467 (lo.,
540 2397 635 2453 lib.
674 2415 710 2454 ll
768 2399 1144 2472 Horal.,°cap.
1199 2402 1304 2475 2.)
1349 2402 1517 2460 Sacra
1564 2405 1777 2477 eloquia
1809 2406 1865 2460 iu

277 2487 513 2543 exordio
532 2491 904 2549 narrationum
926 2493 1213 2562 qualitates
1229 2496 1559 2565 exprimunt,
1585 2498 1868 2554 terminos-

278 2592 391 2646 que
416 2594 703 2655 causarum
724 2582 1011 2653 aliquando
1028 2599 1060 2639 a
1089 2584 1361 2655 positione
1406 2586 1533 2651 loci,
1575 2587 1867 2658 aliquando

278 2685 313 2722 a
360 2671 633 2740 positione
681 2675 947 2745 corporis,
986 2675 1276 2746 aliquando
1308 2692 1341 2732 a
1384 2679 1644 2748 qualitate
1693 2680 1861 2746 aeris,

274 2769 416 2823 etc.,
474 2780 637 2835 usque
678 2765 749 2820 ad
786 2767 1023 2838 punituri
1068 2779 1252 2825 autem
1304 2770 1594 2828 Sodomam
1638 2787 1865 2846 vespere

272 2853 501 2911 venisse
536 2867 924 2916 memorantur.

354 2946 522 3002 Vsus.
554 2949 1214 3028 20—25.—Descenditque
1240 2957 1520 3023 Dominus,
1568 2965 1674 3014 etc.
1702 2957 1811 3029 (lo.
1841 2997 1858 3024 ,

273 3035 377 3091 lib.
401 3053 435 3090 v
457 3037 678 3107 HoraL,
703 3057 821 3112 cap.
851 3044 965 3116 26.)
998 3045 1208 3117 Moyses
1241 3049 1515 3115 ascendit,
1535 3059 1669 3115 etc.,
1700 3065 1861 3120 usque

274 3133 351 3188 ad
379 3150 503 3191 eum
529 3136 865 3209 aliquatenus
888 3141 1232 3199 balbutiendo
1266 3159 1595 3200 resonamus.

885 3293 1111 3353 CAPUT
1149 3295 1266 3352 XX.

354 3424 521 3481 Vsus.
553 3425 608 3481 2.
635 3457 704 3471 -—-
730 3426 844 3499 Ego
872 3444 989 3483 sum
1020 3427 1274 3485 Dominus
1302 3427 1444 3485 Deus
1466 3438 1606 3484 tuus.
1641 3426 1855 3500 (0ntc.,

271 3514 423 3570 Itoni.
454 3518 488 3573 8
516 3516 571 3571 in
606 3516 775 3572 Exod.
802 3518 822 3592 )
850 3519 952 3587 Qui
987 3522 1286 3577 contemnit
1310 3537 1550 3592 prmsens
1579 3521 1857 3580 steculum.

273 3606 489 3661 scilicet
540 3606 835 3686 ﬁgyptuiu
866 3650 882 3675 ,
925 3621 977 3666 ct
1018 3626 1115 3681 per
1153 3613 1376 3669 verbum
1420 3613 1514 3669 Dei
1563 3613 1860 3668 translatus

273 3712 386 3751 non
426 3697 698 3753 invenitur
721 3700 849 3769 quia
877 3701 944 3755 ad
972 3699 1211 3757 futurum
1236 3703 1489 3759 saeculum
1521 3703 1761 3769 festinet,
1793 3706 1861 3760 de

275 3802 349 3842 eo
385 3787 518 3843 dicit
553 3788 699 3845 Deus
728 3808 743 3843 ε
786 3790 901 3861 Ego
931 3807 1047 3846 sum
1085 3793 1338 3850 Dominus
1376 3795 1519 3850 Deus
1554 3805 1708 3858 tuus,
1746 3805 1854 3852 etc.

276 3877 400 3933 Non
433 3880 502 3934 ad
539 3880 661 3936 illos
696 3888 902 3936 tantum
939 3881 1030 3952 qui
1065 3882 1133 3940 de
1165 3882 1398 3956 Egypto
1426 3886 1653 3956 profecti
1691 3895 1858 3952 sunt,

272 3969 377 4025 sed
424 3969 491 4025 ad
541 3986 638 4027 eos
682 3975 775 4044 qui
812 3972 950 4028 ultra
997 3973 1268 4046 Egyptiis
1316 3991 1421 4032 non
1468 3977 1746 4043 serviunt,
1793 3977 1861 4033 de

272 4058 521 4133 Egypto
551 4063 732 4118 educti
779 4064 849 4119 de
897 4065 1060 4121 domo
1096 4066 1380 4122 servitutis
1418 4066 1437 4139 (
1465 4066 1614 4123 Psal.
1646 4084 1787 4124 Lux
1815 4068 1856 4141 ).

272 4149 503 4223 Negotia
531 4153 714 4208 steeuli
737 4195 752 4221 ,
781 4163 934 4211 actus
962 4156 1176 4223 carnis,
1203 4156 1397 4213 domus
1426 4159 1708 4215 servitutis
1735 4170 1816 4215 est
1840 4178 1853 4214 :

272 4247 422 4303 sicut
454 4248 762 4319 relinquere
796 4249 1104 4317 smcularia,
1143 4259 1200 4307 et
1235 4250 1531 4307 secundum
1566 4252 1737 4308 Deum
1772 4252 1856 4309 vi-

273 4355 441 4405 vere,
475 4343 665 4397 domus
696 4342 960 4399 libertatis
987 4351 1090 4400 est.
1121 4342 1276 4399 Unde
1300 4343 1456 4401 Joan.
1488 4360 1581 4401 vni
1609 4363 1623 4400 :
1657 4343 1716 4400 Si
1746 4362 1861 4416 per-

273 4434 578 4487 manseritis
612 4435 667 4487 in
698 4451 932 4490 sermone
974 4451 1121 4503 meo,
1152 4437 1443 4507 agnoscatis
1474 4436 1740 4490 veritatem
1759 4477 1774 4502 ,
1807 4444 1857 4489 et

270 4525 468 4580 veritas
503 4523 738 4581 liberabit
778 4544 885 4582 ros.
926 4527 1068 4599 Ergo
1104 4527 1370 4600 Egyptus
1407 4538 1491 4582 est
1517 4527 1710 4582 domus
1737 4542 1854 4582 ser-

270 4614 495 4682 vitulis;
526 4614 707 4672 Judma
757 4628 813 4672 et
858 4617 1215 4685 Hierusalem,
1265 4620 1456 4675 domus
1498 4618 1852 4675 liberalitatis.

272 4700 433 4760 Unde
451 4705 568 4762 Gal.
596 4723 677 4761 tv:
705 4707 835 4774 Qua:
859 4725 1067 4762 sursum
1088 4718 1163 4763 est
1188 4708 1516 4765 Hierusalem
1534 4750 1549 4773 ,
1574 4709 1735 4764 libera
1758 4720 1853 4763 est.

270 4794 430 4853 Sicut
458 4812 590 4869 ergo
619 4809 829 4856 terrena
861 4800 1130 4873 Aigyptus
1164 4802 1286 4857 liliis
1317 4803 1479 4858 Israel
1508 4804 1701 4858 domus
1725 4803 1858 4859 dici-

270 4896 366 4944 tur
398 4891 679 4948 servitutis
708 4894 775 4948 ad
803 4895 1262 4964 comparationem
1288 4894 1485 4954 Judtcae
1510 4906 1564 4952 et
1595 4896 1850 4952 Hierusa-

268 4978 383 5035 lem
405 5022 421 5047 ,
451 4997 574 5053 quae
596 4984 677 5039 eis
705 4996 791 5040 est
818 4986 1010 5041 domus
1038 4986 1304 5042 libertatis
1332 5001 1347 5040 :
1382 4986 1454 5041 ita
1487 4988 1552 5042 ad
1581 5002 1859 5057 compara-

266 5069 481 5128 tionem
510 5073 746 5131 cmlestis
779 5075 1112 5131 Hierusalem
1131 5117 1146 5142 ,
1178 5093 1298 5148 qua:
1326 5086 1412 5133 est
1442 5087 1613 5133 mater
1639 5077 1857 5133 liberta-

275 5162 377 5229 tis,
408 5172 556 5220 totus
585 5167 816 5223 mundus
842 5177 899 5223 et
924 5184 1045 5239 qua:
1076 5170 1130 5224 in
1162 5186 1226 5225 eo
1254 5180 1410 5236 sunt,
1441 5170 1631 5225 domus
1660 5171 1858 5227 dicitur

273 5254 557 5310 servitutis
582 5270 597 5310 :
629 5265 685 5312 et
712 5259 839 5328 quia
865 5258 933 5312 de
960 5261 1211 5330 paradiso
1242 5259 1508 5316 libertatis
1538 5278 1634 5332 per
1666 5277 1854 5332 pecca-

274 5353 393 5400 tum
420 5356 642 5401 ventum
666 5356 751 5404 est
774 5348 843 5402 ad
866 5350 1179 5405 servitutem
1206 5351 1424 5417 mundi,
1446 5352 1652 5422 primus
1676 5368 1857 5407 sermo

273 5437 519 5512 decalogi
555 5440 622 5495 de
652 5439 902 5497 libertate
928 5450 1054 5498 est:
1099 5442 1210 5514 Ego
1254 5460 1370 5498 sum
1412 5442 1670 5499 Dominus
1716 5443 1858 5498 Deus

269 5536 399 5587 tuus
421 5532 513 5604 qui
539 5533 700 5588 eduxi
729 5542 780 5589 te
803 5543 943 5590 terra
962 5533 1214 5607 ngypti,
1242 5543 1347 5590 etc.
1374 5552 1389 5601 ;
1424 5536 1564 5591 hanc
1590 5549 1774 5591 vocem
1802 5534 1854 5589 in

270 5616 514 5693 Egypto
549 5624 735 5679 audire
772 5638 877 5680 non
908 5626 1129 5695 poteris.
1166 5624 1234 5679 Et
1261 5624 1307 5680 si
1338 5624 1433 5679 tibi
1462 5622 1771 5696 iujungatur
1799 5633 1856 5679 ut

272 5709 444 5769 facias
488 5714 687 5784 pascha
710 5756 723 5781 ,
763 5715 1015 5786 acciugas
1051 5714 1298 5782 lumbos,
1338 5712 1575 5785 accipias
1610 5712 1854 5770 sandalio

1969 1883 2237 1949 praecepta
2266 1874 2401 1948 legis
2426 1872 2709 1931 dividenda
2735 1873 2882 1930 sint?
2908 1880 3013 1927 etc.
3034 1912 3049 1938 ,
3080 1888 3240 1943 usque
3266 1870 3366 1925 nisi
3397 1871 3463 1925 ad
3492 1870 3547 1926 id

1969 1965 2115 2038 quod
2139 1965 2343 2022 dictum
2372 1972 2458 2021 est
2482 1981 2497 2019 :
2531 1963 2656 2019 Non
2685 1972 2838 2019 erunt
2866 1962 2959 2017 tibi
2988 1963 3063 2017 dii
3090 1960 3405 2039 aliiprtcter‘
3420 1975 3501 2015 me
3521 1959 3548 2013 .’

2039 2056 2248 2130 (lsm.)
2278 2057 2383 2112 Dat
2408 2056 2552 2112 Dens
2576 2054 2745 2127 Moysi
2774 2055 2944 2126 legem
2972 2053 3296 2109 innocentiae
3322 2059 3543 2114 nostrae,

1968 2158 2027 2208 et
2060 2150 2352 2222 agnitionis
2386 2164 2499 2206 sum
2521 2190 2538 2211 ,
2576 2163 2698 2219 qua:
2742 2148 2796 2202 in
2835 2147 3022 2203 decem
3050 2146 3231 2201 verbis
3258 2143 3541 2207 consistit,

1969 2242 2175 2311 scripta
2200 2240 2256 2295 in
2287 2238 2487 2295 tabulis
2512 2237 2740 2307 lapideis
2768 2237 2937 2308 digito
2966 2236 3081 2291 Dei.
3115 2235 3242 2290 Tria
3269 2244 3397 2289 sunt
3423 2248 3545 2304 qua:

1967 2332 2242 2403 pertinent
2278 2324 2347 2387 ad
2374 2329 2717 2386 dilectionem
2744 2335 2802 2384 et
2830 2328 3192 2399 cognitionem
3225 2327 3539 2390 Trinitatis,

1968 2434 2175 2496 septem
2203 2424 2272 2480 ad
2299 2423 2643 2480 dilectionem
2672 2423 2939 2494 proximi,
2970 2423 3167 2492 quibus
3193 2423 3428 2478 humana
3456 2436 3544 2476 so-

1966 2515 2136 2571 cietas
2162 2530 2269 2569 non
2296 2515 2528 2572 lmditur.
2570 2514 2812 2570 Primum
2850 2515 3084 2584 pertinet
3120 2513 3189 2568 ad
3225 2512 3395 2568 Deum
3435 2510 3542 2566 Pa-

1966 2612 2107 2662 trem
2132 2624 2145 2661 :
2174 2605 2433 2661 Dominus
2455 2604 2598 2660 Deus
2618 2614 2740 2660 tuus
2769 2604 2910 2660 Deus
2936 2621 3072 2661 unus
3097 2613 3171 2659 est
3187 2645 3203 2670 ,
3232 2612 3294 2660 ut
3320 2604 3425 2661 hoc
3446 2620 3546 2659 au-

1966 2698 2120 2756 diens
2142 2714 2310 2754 unum
2336 2698 2505 2753 Deum
2535 2697 2683 2753 colas
2712 2696 2927 2752 Patrem
2949 2736 2965 2763 ,
2993 2703 3047 2751 et
3076 2696 3130 2750 in
3158 2695 3358 2750 multos
3387 2695 3544 2751 tlctos

1966 2789 2097 2846 deos
2124 2789 2536 2846 fornicationem
2566 2782 2673 2847 non
2703 2786 2969 2845 ell'undas.
3005 2785 3313 2843 Secundum
3342 2784 3411 2839 ad
3447 2783 3542 2840 Fi-

1963 2880 2095 2937 lium
2120 2899 2135 2937 :
2168 2879 2291 2936 Non
2315 2898 2548 2937 assumes
2571 2896 2755 2936 nomen
2783 2879 2991 2935 Domini
3016 2878 3116 2933 Dei
3136 2878 3215 2932 tui
3238 2878 3295 2933 in
3318 2892 3545 2941 vanum,-

1964 2972 2019 3028 id
2048 2979 2132 3028 est
2150 3012 2166 3039 ,
2193 2988 2300 3028 non
2335 2981 2494 3043 putes
2536 2980 2839 3027 creaturam
2869 2985 2989 3026 esse
3016 2968 3291 3025 Christ
3320 2968 3415 3023 Dei
3444 2967 3539 3023 Fi-

1963 3065 2092 3120 lium
2111 3107 2125 3131 ,
2154 3065 2278 3137 quia
2306 3066 2485 3121 omnis
2510 3072 2761 3120 creatura
2789 3063 3011 3118 vanitati
3037 3061 3277 3130 subjecta
3303 3069 3418 3127 est,
3445 3061 3541 3117 sed

1889 3129 1935 3192 (ἶ
1963 3129 2226 3228 aequalem
2255 3156 2436 3223 Patri,
2466 3155 2635 3211 Deum
2666 3154 2733 3210 de
2761 3154 2870 3210 Deo
2889 3194 2904 3219 ,
2934 3153 3115 3207 lumen
3136 3129 3214 3209 de
3243 3151 3467 3207 lumine.

2035 3248 2182 3305 Vsus
2207 3247 2261 3302 5.
2289 3277 2359 3289 —-
2387 3244 2509 3301 Non
2535 3244 2746 3300 habebis
2771 3242 2894 3299 deos
2919 3240 3117 3297 alienos
3135 3281 3151 3303 ,
3183 3253 3288 3295 etc.
3321 3237 3538 3311 (01:10.)

1962 3340 2203 3396 Primum
2242 3338 2554 3395 mandatum
2579 3344 2663 3392 est
2689 3355 2702 3391 :
2739 3335 2861 3391 Non
2885 3344 3036 3390 erunt
3059 3334 3150 3388 tibi
3179 3333 3256 3387 dii
3281 3332 3373 3387 alii
3396 3347 3539 3402 prte-

1960 3443 2041 3488 ter
2075 3448 2196 3497 me;
2233 3438 2291 3486 et
2329 3429 2612 3499 sequitur:
2647 3427 2769 3481 Non
2809 3425 2969 3496 [acies
2995 3424 3087 3478 tibi
3116 3423 3348 3487 idolum,
3378 3437 3542 3493 neque

1960 3522 2125 3577 ullam
2163 3519 2591 3585 similitudinem,
2620 3525 2725 3572 etc.
2762 3516 2887 3571 llarc
2922 3515 3101 3571 omnia
3130 3512 3348 3583 quidam
3378 3509 3542 3566 simul

1960 3620 2153 3684 putant
2177 3625 2297 3666 esse
2328 3625 2495 3665 unum
2525 3608 2835 3664 mandatum
2863 3626 2878 3663 :
2912 3606 3053 3678 quod
3082 3605 3129 3661 si
3158 3605 3231 3659 ita
3262 3610 3539 3674 compute-

1963 3713 2067 3767 tur,
2101 3718 2208 3758 non
2242 3701 2600 3774 complebitur
2635 3714 2893 3755 numerus
2921 3699 3107 3752 decem
3138 3695 3537 3751 mandatorum.

1959 3798 2055 3853 Est
2082 3812 2215 3868 ergo
2243 3796 2476 3868 primum
2505 3793 2821 3849 mandatum
2852 3810 2866 3846 :
2902 3790 3025 3846 Non
3046 3800 3195 3845 erunt
3227 3786 3319 3841 tibi
3343 3785 3418 3839 dii
3447 3784 3542 3840 alii

1956 3896 2148 3960 prwter
2169 3902 2278 3950 me,
2306 3892 2412 3939 etc.
2444 3881 2751 3938 Secundum
2772 3921 2788 3948 ,
2821 3880 2944 3935 Non
2976 3879 3138 3949 [acies
3175 3877 3268 3932 tibi
3305 3874 3503 3930 idolum
3524 3914 3540 3938 ,

1960 3992 2124 4050 neque
2160 3975 2326 4030 ullam
2369 3972 2799 4037 similitudinem,
2833 3979 2939 4027 etc.
2982 3970 3309 4041 Incipiamus
3346 3980 3477 4038 ergo
3505 3984 3537 4020 a

1959 4070 2136 4140 primo
2176 4067 2470 4124 mandato:
2504 4064 2629 4119 Non
2668 4072 2819 4119 erunt
2844 4063 2937 4117 tibi
2976 4063 3053 4117 dii
3090 4062 3184 4116 alii
3207 4068 3399 4132 prater
3428 4075 3530 4113 me.

1960 4160 2018 4215 Si
2050 4159 2313 4225 dixisset,
2348 4156 2464 4212 Non
2494 4165 2656 4222 sunt,
2685 4154 2988 4210 absolutior
3014 4167 3192 4208 sermo
3222 4151 3535 4213 videretur;

1958 4253 2052 4309 sed
2090 4252 2217 4322 quia
2253 4249 2420 4316 dicit,
2454 4247 2579 4303 Non
2618 4255 2802 4313 erunt,
2841 4261 2949 4299 non
2989 4243 3206 4314 negavit
3235 4242 3359 4311 quia
3397 4241 3536 4301 sint.

1958 4345 2053 4401 sed
2083 4361 2151 4400 ne
2179 4343 2253 4398 illi
2284 4342 2425 4408 sint,
2456 4339 2543 4396 cui
2584 4339 2700 4394 btec
2738 4342 3005 4407 praecepta
3033 4334 3252 4397 dantur,
3284 4331 3535 4386 inhibuit.

1958 4437 2097 4492 llinc
2124 4435 2350 4490 Paulum
2377 4430 2676 4503 sumpsisse
2705 4436 2833 4500 puto
2871 4424 2889 4481 l
2918 4424 3043 4482 Cor.
3078 4442 3172 4481 \‘lll
3197 4440 3213 4479 :
3243 4424 3304 4481 Si
3329 4423 3538 4495 quidem

1958 4539 2078 4585 sunt
2098 4529 2187 4599 qui
2209 4527 2457 4581 dicuntur
2473 4524 2548 4577 dii
2568 4524 2675 4577 sive
2699 4521 2753 4576 in
2774 4519 2920 4585 calo,
2938 4520 3042 4574 sive
3062 4520 3117 4574 in
3137 4528 3296 4573 terra.
3317 4519 3371 4573 lu
3394 4517 3541 4573 aliis-

1959 4636 2065 4692 que
2102 4618 2239 4675 locis
2285 4615 2529 4671 invenies
2584 4614 2716 4669 deos
2753 4611 3021 4667 nominari
3066 4611 3208 4665 sicut
3251 4609 3323 4664 ibi
3372 4626 3387 4663 :
3424 4607 3539 4663 Rex

1959 4726 2180 4781 attiguas
2215 4724 2369 4779 super
2401 4722 2578 4760 omnes
2612 4704 2756 4769 deos,
2793 4711 2848 4758 et
2888 4702 3024 4758 Deus
3057 4702 3164 4757 Deo
3192 4701 3399 4757 locutus
3426 4714 3536 4766 est,

1956 4807 2060 4854 etc.
2106 4798 2181 4854 De
2206 4796 2439 4852 dominis
2476 4795 2615 4849 idem
2650 4791 2936 4864 Apostolus
2971 4792 3099 4847 dicit
3133 4810 3147 4846 :
3189 4790 3309 4847 Sive
3340 4793 3534 4856 throni,

1956 4893 2061 4945 sive
2086 4889 2468 4944 dominationes
2487 4927 2501 4950 ,
2532 4894 2640 4940 etc.
2672 4886 2691 4955 (
2714 4883 2828 4938 Col.
2860 4900 2899 4938 ι.
2924 4884 2941 4955 )
2977 4883 3381 4938 Domiuationes
3407 4898 3538 4938 vero
3647 4902 3655 4913 '

1960 4998 2067 5037 non
2113 4980 2257 5034 aliud
2298 4987 2422 5033 sunt
2459 4991 2623 5047 quam
2667 4977 2801 5031 ordo
2844 4976 3064 5046 quidam
3105 4974 3442 5030 dominorum
3482 4983 3538 5029 et

1959 5072 2265 5128 multitudo.
2290 5071 2345 5124 lu
2373 5084 2482 5140 quo
2520 5068 2733 5123 videtur
2754 5081 2971 5122 sensum
2999 5065 3133 5137 legis
3159 5066 3372 5135 aperire
3396 5067 3538 5135 Apo-

1960 5166 2161 5230 stolus;
2193 5178 2257 5218 ac
2276 5163 2320 5218 si
2351 5162 2535 5217 dicat:
2565 5160 2716 5216 Licet
2742 5159 2850 5214 sint
2878 5159 3079 5214 domini
3098 5158 3274 5222 multi,
3302 5159 3394 5228 qui
3416 5158 3538 5213 aliis

1959 5257 2210 5328 gentibus
2237 5255 2607 5318 dominentur,
2629 5262 2686 5308 et
2709 5253 2785 5308 dii
2811 5251 2961 5306 multi
2985 5251 3077 5322 qui
3104 5249 3174 5304 ab
3201 5250 3323 5305 aliis
3351 5249 3538 5305 colan-

1960 5357 2050 5404 tur
2081 5365 2094 5401 :
2133 5347 2229 5403 sed
2265 5355 2446 5401 tamen
2487 5361 2629 5401 unus
2662 5343 2804 5399 Deus
2837 5353 2923 5398 est
2956 5342 3113 5398 nobis
3134 5383 3150 5405 ,
3185 5352 3241 5397 et
3281 5357 3418 5396 unus
3451 5348 3538 5395 est

1958 5428 2239 5493 Domﬁms.
2269 5435 2421 5493 Unde
2445 5436 2602 5491 Deut.
2632 5449 2781 5489 χχιιι
2809 5451 2820 5487 :
2850 5431 2983 5488 Cum
3007 5432 3255 5488 divideret
3280 5428 3534 5485 Excelsus

1957 5538 2133 5600 gentes
2179 5539 2227 5584 et
2273 5526 2554 5599 separabat
2600 5525 2741 5595 ﬁlios
2795 5525 2966 5579 Adam
2989 5565 3005 5591 ,
3052 5525 3235 5580 statuit
3288 5522 3535 5577 terminos

1956 5622 2184 5693 gentium
2213 5619 2498 5676 secundum
2521 5631 2793 5672 numerum
2820 5615 3123 5687 angelorum
3149 5613 3265 5668 Dei.
3302 5611 3536 5684 Angelos

1958 5728 2123 5784 ergo,
2161 5711 2359 5783 quibus
2391 5717 2579 5781 gentes
2625 5706 2895 5765 commisit
2938 5702 3227 5770 Excelsus,
3286 5702 3536 5760 dominos
