3998 6332
475 279 579 337 251

966 269 1361 328 WALAFRlDl
1402 269 1645 329 STRABI
1686 272 1887 329 FL'LD.
1930 270 2048 326 MOI

2150 272 2285 328 ειιι».
2325 274 2506 334 esas
2546 278 2584 335 ι.
2623 310 2693 320 -
2733 264 3191 340 resumeret:

3617 280 3734 341 253

472 387 559 445 vel
578 388 709 442 deos
735 383 962 455 appellat
989 382 1271 454 Scriptum
1296 401 1312 438 :
1339 383 1469 438 deos
1490 385 1644 454 quasi
1672 400 1704 438 a
1726 385 1838 440 Deo
1865 387 2041 455 datos,
2073 393 2119 451 Α
2147 404 2275 443 nutu
2292 428 2309 454 ,
2340 390 2442 445 hoc
2468 400 2551 447 est
2576 392 2774 449 bellum
2804 395 3121 453 denuntiare
3148 381 3394 455 omnibus
3422 398 3573 466 aliis,
3604 404 3735 472 qui-

473 486 530 537 et
553 476 798 531 dominos
830 490 862 529 a
901 474 1128 529 Domino
1161 483 1483 545 potestatem
1507 476 1748 533 sortitos.
1782 476 1937 532 Unde
1965 479 2047 535 eis

472 569 670 624 dicitur
708 566 845 635 psal.
882 580 1043 621 Lxxxt
1066 586 1082 619 ;
1124 566 1238 637 Ego
1272 566 1428 620 dixi:
1459 566 1546 620 Dii
1576 568 1699 622 estis
1725 578 1775 625 et
1802 569 1900 638 ﬁlii
1930 570 2047 626 Ex-

473 657 597 713 celsi
639 673 834 713 omnes.
873 654 975 712 Vos
1014 668 1186 711 autem
1211 658 1345 711 sicut
1382 657 1612 713 homines
1637 660 1959 725 moriemini,
1996 672 2045 717 et

469 755 607 809 sicut
639 768 775 807 unus
802 753 865 808 de
902 754 1219 824 principibus
1253 745 1493 819 cadetis;
1534 755 1809 811 imitantes
1840 755 2048 810 scilicet

479 843 787 910 diabolum,
823 847 915 913 qui
953 846 1205 915 princeps
1242 847 1482 901 omnium
1516 846 1692 902 factus
1721 857 1803 902 est
1837 847 1904 903 ad
1937 846 2048 901 rui-

475 948 621 989 nam.
655 933 808 990 Unde
841 944 1051 990 constat
1076 936 1218 1007 quod
1246 938 1607 994 exsecrabiles
1634 937 1767 994 fecit
1792 954 1887 993 eos
1913 953 2050 1009 prae-

478 1023 766 1088 varicatia,
798 1037 907 1079 non
935 1033 1149 1079 natura.
1183 1023 1305 1081 Tibi
1333 1041 1494 1098 ergo,
1525 1043 1558 1083 ο
1580 1027 1775 1095 Israel,
1804 1028 1896 1098 qui
1924 1043 2051 1097 pars

474 1109 573 1168 Dei
609 1120 665 1167 et
700 1111 971 1169 funiculus
997 1113 1114 1183 ejus
1139 1131 1230 1182 es,
1261 1133 1365 1172 non
1401 1129 1589 1185 erunt,
1619 1119 1826 1191 inquit,
1852 1120 1945 1175 tibi
1975 1119 2053 1179 dii

476 1202 573 1257 alii
607 1214 797 1274 prteter
824 1221 906 1259 me
927 1219 948 1258 :
979 1206 1105 1276 quia
1141 1222 1265 1263 vere
1303 1210 1478 1275 Deus,
1512 1226 1652 1266 unus
1687 1221 1773 1267 est
1798 1213 1965 1276 Deus,
1995 1219 2052 1267 et

478 1313 608 1355 vere
643 1299 930 1368 Dominus,
970 1316 1112 1357 unus
1144 1310 1228 1358 est
1257 1302 1516 1360 Dominus
1542 1322 1556 1369 ;
1589 1306 1800 1361 casteris
1828 1319 1956 1361 vero
1983 1305 2052 1360 ab

482 1390 602 1461 ipso
662 1392 865 1449 creatis
926 1394 1154 1449 contulit
1212 1393 1318 1450 hoc
1378 1410 1576 1450 nomen
1643 1410 1751 1450 non
1824 1402 2051 1460 natura,

479 1482 572 1536 sed
606 1482 798 1552 gratia.
860 1482 979 1540 Non
1034 1485 1149 1541 haec
1196 1494 1406 1541 tantum
1466 1487 1719 1542 dicuntur
1768 1486 1836 1541 ad
1888 1486 2053 1541 lsrael

476 1574 770 1629 secundum
810 1591 1047 1640 carnem,
1093 1576 1200 1633 imo
1242 1577 1309 1632 ad
1371 1586 1423 1632 te
1463 1577 1555 1646 qui
1619 1576 1783 1633 Israel
1832 1573 2056 1632 effectus

476 1680 537 1721 es
568 1674 746 1721 mente
776 1666 943 1722 Deum
974 1667 1236 1734 videndo,
1268 1676 1323 1723 et
1354 1668 1704 1724 circumcisus
1728 1668 1909 1731 corde,
1946 1681 2054 1721 non

2147 478 2247 532 bus
2278 478 2331 531 in
2372 479 2639 547 baptismo
2667 482 3028 550 renuntiasti,
3058 485 3231 540 solum
3260 486 3431 542 Deum
3459 489 3735 549 conﬁtens

2146 566 2364 623 Patrem
2383 567 2658 626 et'Filium
2684 580 2737 626 et
2763 571 3023 641 Spiritum
3044 584 3313 631 sanctum.
3339 578 3444 634 Sed
3465 578 3568 636 hoc
3596 595 3733 635 cou-

2147 659 2364 716 ﬁtentes
2404 663 2504 717 nisi
2546 674 2659 718 toto
2696 664 2860 720 corde
2900 665 3184 737 diligamus
3224 668 3511 726 Dominum
3549 671 3733 731 Deum

2147 763 2422 820 nostrum,
2460 764 2572 810 tota
2620 758 2799 813 anima
2821 799 2836 824 ,
2880 767 2991 815 tota
3034 762 3231 819 virtute
3264 766 3317 819 ei
3351 766 3731 834 adhaerentes,

2148 857 2254 897 non
2287 860 2473 901 sumus
2500 845 2677 905 effecti
2706 864 2835 918 pars
2863 850 3103 918 Domini,
3131 854 3224 908 sed
3269 855 3323 909 in
3364 856 3604 912 conﬁnio
3632 874 3735 929 po-

2149 932 2241 987 siti
2306 933 2426 989 illos
2485 937 2724 1004 patimur
2781 937 3013 996 offensos
3073 957 3209 1012 quos
3252 943 3513 1016 fugimus,
3552 957 3612 1003 et
3660 950 3731 1004 ad

2149 1035 2310 1090 quem
2335 1021 2591 1093 fugimus,
2614 1028 2904 1097 propitium
2929 1045 3036 1085 non
3062 1030 3340 1089 efﬁcimus.
3370 1034 3577 1102 Quibus
3600 1052 3735 1107 pro-

2150 1111 2311 1179 pheta
2341 1113 2507 1168 dicit:
2540 1115 2629 1170 Vaz
2655 1113 2853 1188 duplici
2874 1122 3049 1176 animo
3076 1122 3264 1191 (Eccli.
3286 1124 3373 1197 ιι).
3396 1126 3464 1182 Et
3487 1128 3689 1184 item
3713 1146 3729 1184 :

2155 1199 2427 1274 Usquequo
2454 1204 2762 1263 claudicatis
2790 1220 3006 1282 utroque
3032 1214 3198 1283 pede?
3236 1214 3356 1286 (III
3387 1216 3513 1288 Reg.
3526 1218 3733 1290 Ἱγιιι.)

2151 1290 2237 1348 Ab
2256 1293 2361 1349 illis
2379 1310 2509 1366 ergo
2529 1297 2682 1367 quasi
2704 1297 2922 1372 fugaces
2947 1303 3229 1370 caedimur,
3251 1313 3308 1360 et
3328 1321 3358 1360 a
3382 1306 3614 1363 Domino
3640 1324 3735 1363 no-

2153 1392 2267 1438 stro
2295 1386 2450 1454 quasi
2478 1386 2753 1443 instabiles
2783 1404 2888 1444 non
2921 1390 3278 1459 defendimur,
3310 1380 3451 1450 unde
3479 1394 3590 1451 Jer.
3626 1413 3685 1451 tv
3716 1415 3729 1450 :

2154 1475 2425 1530 Amatores
2445 1478 2522 1531 tui
2546 1478 2745 1533 inimici
2769 1480 2901 1549 facti
2924 1491 3049 1536 sunt
3072 1482 3183 1537 tibi.
3209 1482 3357 1538 Multi
3383 1494 3508 1540 sunt
3530 1486 3734 1543 animm

2155 1576 2455 1636 amatores,
2485 1572 2631 1641 capti
2669 1572 2866 1629 decore
2904 1573 3053 1643 ejus,
3083 1572 3205 1630 cum
3245 1576 3443 1645 quibus
3478 1578 3737 1633 meretri-

2155 1667 2276 1713 cata
2315 1668 2431 1726 est,
2473 1661 2675 1717 dicens.
2720 1660 2849 1718 Post
2887 1674 3147 1719 amatores
3182 1681 3323 1719 meos
3362 1666 3447 1720 ibo
3481 1668 3574 1737 qui
3600 1666 3737 1721 dant

477 1771 682 1824 came;
719 1759 763 1814 si
815 1768 995 1815 tamen
1044 1760 1118 1814 ita
1161 1772 1289 1830 agas
1326 1769 1386 1815 ιη
1424 1759 1619 1830 dignus
1656 1759 1733 1814 sis
1769 1773 1889 1813 esse
1925 1771 2053 1828 pars
2082 1764 2127 1824 Β
2156 1748 2282 1802 mihi
2308 1751 2481 1804 uinum
2509 1766 2715 1818 meum,
2744 1760 2848 1807 etc.
2894 1752 3059 1825 (Ose.
3090 1753 3170 1825 ιι)
3198 1768 3212 1807 :
3242 1754 3344 1809 hos
3380 1753 3609 1811 offendit
3646 1770 3737 1811 re-

479 1846 573 1902 Dci
592 1887 607 1913 ,
636 1856 693 1902 et
720 1847 773 1901 in
804 1846 1041 1904 funiculo
1069 1848 1399 1904 haereditatis
1421 1847 1536 1917 ejus
1562 1848 1745 1904 metiri
1777 1866 1789 1902 :
1815 1846 2053 1916 alioquin

477 1933 722 2005 exemplo
746 1935 840 1990 tibi
867 1936 976 1992 sint
999 1936 1090 2007 qui
1118 1936 1186 1991 ad
1210 1936 1316 1992 hoc
1342 1936 1518 1992 vocati
1548 1936 1765 1992 fuerant
1788 1944 1851 1991 ut
1874 1945 2056 1993 essent

479 2041 606 2095 pars
644 2026 773 2092 Dei,
802 2035 859 2084 et
890 2028 1230 2100 exigentibus
1265 2029 1501 2100 peccatis
1539 2028 1767 2099 dispersi
1805 2037 1932 2084 sunt
1959 2043 2055 2098 per

477 2130 666 2172 omnes
693 2126 909 2187 gentes,
932 2126 993 2174 et
1017 2119 1195 2176 educti
1216 2118 1282 2175 de
1319 2118 1479 2175 demo
1507 2120 1782 2175 servitutis
1801 2119 2053 2190 jam-non

480 2204 750 2277 Egyptiis
779 2207 910 2262 solis
927 2248 945 2273 ,
972 2210 1068 2264 sed
1093 2208 1348 2263 omnibus
1376 2209 1629 2279 gentibus
1653 2208 1915 2264 serviunt.
1948 2206 2071 2273 Qui'

473 2297 611 2349 enim
638 2305 851 2365 peccat,
881 2313 1056 2353 servus
1082 2307 1159 2353 est
1189 2299 1388 2368 peccati
1420 2296 1626 2370 (Joan.
1654 2313 1688 2352 v
1710 2298 1751 2370 ).

554 2386 715 2443 Vens.
744 2387 803 2441 4.
829 2418 900 2429 —-
929 2388 1055 2445 Non
1083 2390 1278 2459 facies,
1306 2402 1414 2447 etc.
1445 2390 1639 2462 (Ome.
1663 2391 1683 2463 )
1725 2391 1848 2446 Non
1889 2390 2050 2461 {acies

473 2478 569 2533 tibi
604 2480 703 2548 ipsi
738 2480 969 2547 idolum,
1004 2498 1168 2552 neque
1214 2498 1419 2537 onmem
1466 2482 1894 2549 similitudinem,
1942 2490 2048 2539 etc.

475 2569 634 2625 Aliud
663 2580 789 2627 sunt
818 2572 993 2638 idola,
1036 2574 1181 2629 aliud
1210 2575 1304 2629 dii.
1337 2575 1412 2630 De
1440 2575 1545 2631 diis
1581 2576 1725 2630 enim
1755 2575 1886 2630 dicit
1910 2575 2052 2644 Apo-

476 2658 843 2724 stolus,lCor.
875 2677 969 2716 vm
994 2680 1008 2716 :
1039 2661 1101 2718 Si
1118 2662 1325 2733 quidem
1351 2672 1471 2717 sunt
1493 2662 1573 2716 dii
1595 2662 1767 2729 multi,
1792 2672 1838 2718 et
1853 2662 2051 2717 domini

474 2752 661 2818 multi,
702 2761 807 2808 etc.
849 2752 926 2808 De
968 2752 1126 2809 idolis
1162 2768 1322 2820 veno,
1361 2755 1487 2826 quia
1528 2754 1603 2809 nil
1638 2762 1716 2809 est
1755 2752 1955 2808 idolum
1994 2753 2050 2807 in

474 2842 704 2909 mundo;
731 2842 798 2899 de
826 2843 1268 2901 similitudinibus
1298 2854 1479 2900 autem
1507 2860 1614 2900 non
1645 2843 1879 2907 addidit,
1920 2841 2048 2912 quia

474 2932 551 2988 nil
572 2940 716 2989 sunt.
748 2933 848 2991 llic
876 2942 1055 2990 autem
1084 2935 1281 2991 dicitur
1306 2951 1321 2990 :
1351 2936 1475 2991 Non
1504 2935 1662 3003 facies
1693 2934 1786 2989 tibi
1812 2933 2011 2988 idolum
2030 2974 2043 2997 ,

477 3039 641 3095 neque
676 3024 1074 3082 similitudinem
1118 3044 1342 3083 onlnem.
1376 3028 1537 3085 Aliud
1579 3035 1663 3084 est
1705 3042 1834 3098 ergo
1864 3025 2044 3083 facere

2153 1853 2310 1893 versa
2336 1838 2407 1894 ad
2434 1839 2610 1896 virum
2637 1842 2893 1912 priorem.
2945 1842 3059 1899 Nisi
3087 1858 3218 1913 ergo
3238 1851 3351 1899 tota
3380 1844 3489 1900 fide
3512 1859 3735 1915 perma-

2152 1943 2286 1985 neas
2331 1945 2453 1987 cum
2496 1933 2613 1988 viro
2641 1940 2733 1989 tuo
2753 1974 2768 2000 ,
2796 1949 2897 2004 pro
2924 1935 3220 1992 sceleribus
3257 1952 3378 2007 qua:
3404 1939 3733 1994 commisisti

2153 2025 2435 2088 suspectus
2462 2034 2559 2087 es;
2591 2036 2781 2079 omnes
2805 2032 2981 2080 motus
3013 2032 3164 2092 tuos,
3193 2033 3448 2097 aspectus
3465 2036 3522 2082 et
3550 2029 3737 2084 inces-

2153 2124 2246 2165 sus
2274 2120 2467 2178 notat;
2498 2112 2574 2167 nil
2603 2112 2739 2169 ultra
2770 2114 2823 2169 in
2857 2123 2910 2169 te
2937 2115 3197 2171 lascivum
3216 2117 3423 2184 videre,
3450 2118 3589 2173 nihil
3621 2119 3733 2175 dis-

2152 2198 2387 2255 solutum
2406 2201 2490 2256 vel
2510 2203 2792 2275 prodigum
2812 2212 3010 2275 potest.
3064 2205 3122 2261 Si
3144 2220 3277 2278 ergo
3300 2216 3577 2278 acceptam
3610 2224 3733 2278 gra-

2154 2288 2282 2344 tiam
2329 2292 2587 2364 negligis,
2633 2302 2689 2349 et
2730 2295 2975 2365 implicas
3005 2304 3057 2351 te
3083 2296 3432 2353 surcularibus
3458 2300 3731 2369 negotiis,

2151 2380 2409 2437 continuo
2440 2383 2747 2441 immundus
2784 2386 3007 2454 spiritus
3048 2386 3191 2442 redit
3230 2403 3354 2444 cum
3398 2398 3607 2459 septem
3644 2404 3731 2444 ne-

2151 2473 2430 2540 quioribus
2475 2475 2706 2547 (Matth.
2738 2477 2890 2548 sit),
2936 2492 3006 2533 ne
3046 2478 3243 2534 iterum
3280 2480 3475 2549 expelli
3520 2483 3753 2551 possit,-

2151 2573 2206 2617 et
2233 2563 2370 2621 fiunt
2400 2566 2691 2621 novissima
2727 2566 2914 2636 pejora
2952 2568 3243 2638 prioribus.
3284 2568 3441 2625 Nulla
3480 2584 3618 2642 ergo
3647 2586 3735 2626 so-

2150 2653 2319 2711 cietas
2338 2657 2537 2726 templo
2556 2657 2651 2713 Dei
2676 2673 2796 2714 cum
2822 2659 2997 2716 idolis.
3023 2659 3086 2716 Si
3108 2661 3203 2716 Dei
3226 2676 3431 2729 sumus,
3456 2662 3591 2718 tales
3606 2678 3733 2719 esse

2149 2742 2408 2801 debemus
2451 2748 2505 2802 in
2530 2749 2725 2817 quibus
2752 2751 2957 2807 habitet
2980 2760 3036 2807 et
3064 2752 3355 2810 inambulet
3380 2753 3559 2819 Deus;
3584 2755 3733 2810 unde

2148 2834 2250 2890 lsa.
2283 2851 2357 2891 ιιι
2385 2840 2415 2891 ε’
2433 2839 2537 2904 Qui
2560 2843 2780 2911 portatis
2810 2859 2932 2898 vasa
2965 2842 3214 2912 Domini,
3246 2847 3382 2901 exite
3417 2855 3465 2901 et
3493 2845 3731 2901 immune

2149 2927 2273 2981 dum
2313 2929 2472 2985 nolite
2513 2941 2750 3003 tangere,
2797 2944 2845 2989 et
2889 2952 2981 3006 ego
3024 2937 3273 3008 recipiam
3295 2955 3413 3005 vos,
3446 2946 3552 2996 etc.
3590 2939 3733 2995 Dicit

2149 3030 2279 3089 ergo
2303 3034 2319 3072 :
2356 3019 2474 3077 Non
2501 3033 2651 3077 erunt
2680 3026 2772 3079 tibi
2798 3025 2875 3081 dii
2900 3025 2996 3080 alii
3018 3036 3210 3097 prwter
3235 3043 3337 3082 me.

473 3115 698 3181 idolum,
728 3117 873 3173 aliud
901 3119 1329 3176 similitudinem.
1356 3120 1518 3177 Verbi
1542 3137 1736 3188 causa,
1768 3121 1811 3177 si
1842 3120 1964 3191 quis
1989 3119 2044 3174 in
2073 3107 2121 3169 Ο
2221 3108 2387 3164 VEBS-
2418 3111 2452 3165 5
2470 3142 2496 3153 ·-
2517 3114 2605 3168 11.
2633 3143 2705 3157 --
2730 3114 2854 3170 Νοη
2881 3116 3160 3184 adorabis,
3194 3126 3301 3174 etc.
3330 3118 3492 3175 Mitld
3516 3126 3604 3174 est
3632 3135 3730 3176 eo-

473 3224 607 3265 auro
625 3218 681 3265 et
704 3220 948 3282 argento,
972 3212 1116 3283 ligno
1139 3214 1225 3270 vel
1250 3215 1444 3285 lapide,
1472 3214 1632 3270 faciat
1650 3213 1883 3285 speciem
1904 3228 2039 3283 qua-

476 3300 752 3371 drupedis,
783 3302 869 3358 vel
898 3306 1185 3374 serpentis,
1214 3305 1298 3359 vel
1326 3306 1472 3370 avis,
1499 3312 1556 3362 et
1583 3311 1787 3360 statuat
1811 3304 2045 3358 adoran-

475 3390 625 3456 dum,
669 3407 778 3448 non
815 3392 1014 3448 idolum
1052 3394 1143 3450 sed
1185 3394 1590 3451 similitudinem
1619 3394 1766 3451 facit.
1792 3393 1892 3461 Qui
1915 3408 2045 3448 vero

476 3477 607 3534 facit
626 3482 767 3550 quod
794 3497 900 3537 non
924 3491 1038 3547 est,
1063 3486 1295 3555 speciem
1321 3485 1526 3542 scilicet
1547 3499 1709 3555 quam
1731 3484 1918 3539 oculus
1939 3499 2045 3541 non

476 3572 641 3636 vidit,
683 3573 777 3628 sed
817 3575 1030 3631 animus
1066 3577 1168 3631 sibi
1212 3577 1406 3647 lingit;
1450 3585 1511 3633 ut
1547 3578 1593 3633 si
1634 3577 1758 3647 quis
1797 3577 2048 3633 humanis

477 3664 733 3719 membris
758 3675 922 3735 caput
949 3668 1100 3723 canis
1130 3678 1224 3723 aut
1251 3670 1439 3724 arietis
1473 3670 1703 3734 formet,
1733 3669 1817 3724 vel
1851 3670 1904 3724 in
1942 3684 2049 3724 uno

478 3752 714 3809 hominis
739 3756 922 3811 habitu
953 3759 1087 3813 duas
1113 3758 1301 3826 facies,
1339 3769 1433 3815 aut
1461 3762 1699 3816 humano
1721 3760 1926 3830 pectori
1948 3776 2047 3831 po-

476 3854 710 3899 stremas
735 3856 919 3915 partes
942 3849 1063 3917 equi
1086 3858 1177 3903 aut
1200 3851 1397 3919 piscis;
1427 3851 1518 3921 qui
1543 3851 1646 3905 hoc
1670 3850 1820 3915 facit,
1851 3866 1956 3905 non
1978 3849 2051 3905 si-

477 3934 833 3990 militudinem
852 3976 868 3999 ,
901 3937 994 3991 sed
1026 3937 1222 3991 idolum
1253 3938 1377 3993 facit
1403 3954 1417 3992 :
1444 3938 1575 3994 facit
1596 3939 1741 3994 enim
1769 3939 1915 4009 quod
1943 3954 2049 3994 non

477 4031 590 4088 est,
620 4039 717 4080 nec
738 4024 899 4080 habet
920 4026 1123 4096 aliquid
1144 4028 1320 4084 simile
1341 4030 1443 4085 sui.
1468 4030 1591 4086 Ideo
1615 4030 1746 4085 dicit
1763 4030 2051 4101 Apostolus

473 4115 599 4184 quia
622 4112 819 4168 idolum
842 4115 972 4169 nihil
990 4127 1063 4170 est
1085 4117 1138 4170 in
1158 4118 1351 4172 mundo
1375 4118 1424 4189 (ι
1445 4118 1568 4175 Cor.
1593 4136 1687 4176 vin
1703 4120 1742 4192 ).
1768 4121 1883 4175 Non
1905 4121 2051 4176 enim

487 4204 671 4275 aliqua
696 4219 763 4260 ex
793 4207 953 4261 rebus
983 4207 1354 4264 constantibus
1381 4210 1673 4265 assumitur
1701 4211 1926 4280 species,
1957 4210 2050 4265 sed

474 4295 616 4364 quod
645 4310 798 4352 mens
821 4297 992 4352 otiosa
1020 4307 1077 4352 et
1101 4299 1311 4354 curiosa
1340 4301 1558 4371 reperit.
1590 4298 1894 4356 Similitudo
1922 4315 2051 4357 vero

472 4393 559 4441 est
587 4401 709 4441 cum
740 4387 943 4458 aliquid
971 4406 1037 4444 cx
1069 4389 1154 4446 his
1184 4406 1302 4459 quae
1330 4400 1456 4447 sunt
1482 4393 1563 4448 vel
1594 4392 1648 4447 in
1676 4394 1816 4449 cado
1837 4434 1852 4460 ,
1881 4393 1965 4449 vel
1996 4393 2048 4448 in

2144 3196 2285 3262 lere,
2316 3200 2460 3256 aliud
2486 3203 2736 3260 adorare.
2764 3206 2948 3262 Potest
2973 3208 3095 3278 quis
3120 3208 3324 3264 invitus
3347 3211 3609 3277 adorare,
3642 3211 3730 3266 vel

2143 3291 2406 3349 adulando
2423 3295 2636 3366 regibus
2656 3297 2967 3364 idololatria,
2990 3299 3076 3355 vel
3089 3301 3366 3357 tormentis
3386 3302 3577 3367 victus,
3600 3316 3731 3357 cum

2146 3383 2285 3437 sciat
2311 3385 2435 3454 quia
2465 3386 2664 3443 idolum
2692 3389 2770 3443 nil
2795 3398 2896 3445 est.
2923 3389 3114 3448 Colere
3138 3407 3268 3449 vero
3292 3400 3378 3448 est
3403 3400 3514 3448 toto
3538 3393 3627 3448 his
3652 3392 3730 3447 af-

2147 3475 2289 3532 fectu
2325 3487 2380 3532 et
2417 3479 2596 3535 studio
2641 3482 2959 3553 mancipari.
2995 3482 3295 3556 Utrumque
3320 3499 3450 3557 ergo
3477 3495 3727 3551 resecat,

2148 3573 2206 3619 ut
2235 3582 2335 3622 nec
2365 3567 2557 3623 affectu
2586 3569 2766 3637 colas,
2798 3588 2900 3628 nec
2932 3575 3111 3644 specie
3139 3576 3353 3631 adores.

2220 3657 2332 3729 Ego
2366 3677 2481 3715 sum
2510 3661 2782 3731 Dominus,
2819 3674 2925 3720 etc.
2972 3661 3108 3722 Vide
3145 3665 3531 3737 benignitatem
3583 3668 3723 3723 Dei:

2149 3756 2207 3802 ut
2240 3764 2339 3805 nos
2360 3751 2549 3806 doceat
2574 3761 2627 3807 et
2666 3754 2931 3823 perfectos
2956 3754 3137 3821 faciat,
3164 3754 3511 3828 fragilitatem
3530 3756 3726 3815 huma-

2150 3854 2341 3896 norum
2365 3841 2653 3899 affectuum
2681 3860 2786 3900 non
2814 3854 3060 3911 recusat;
3087 3848 3268 3902 omnia
3289 3848 3400 3919 agit
3430 3856 3488 3902 et
3514 3848 3722 3917 patitur

2149 3941 2368 4001 propter
2384 3948 2502 4000 nos,
2526 3935 2671 3991 notis
2682 3943 2737 3990 et
2753 3936 2965 3991 usitatis
2980 3937 3138 3991 nobis
3161 3936 3398 4007 loquitur
3412 3936 3718 3993 affectibus.

2225 4019 2424 4092 (01110.,
2453 4022 2544 4077 ubi
2585 4022 2791 4095 supra.)
2832 4024 3020 4080 Omnis
3054 4022 3264 4080 ~mulier
3313 4034 3409 4081 aut
3458 4025 3559 4081 sub
3602 4026 3724 4082 viro

2150 4121 2254 4178 est,
2306 4121 2360 4168 et
2382 4114 2619 4185 subjecta
2648 4123 2733 4170 est
2756 4114 2963 4186 legibus
2988 4116 3087 4171 viri
3113 4115 3273 4187 (Eph.
3300 4115 3378 4186 v),
3413 4126 3507 4170 aut
3547 4130 3724 4171 mereo

2155 4202 2257 4256 trix
2284 4211 2387 4267 est,
2418 4212 2472 4258 et
2511 4203 2680 4258 utitur
2715 4205 2964 4261 libertate
2989 4206 3265 4275 peccandi.
3295 4205 3398 4273 Qui
3419 4206 3723 4278 ingreditur

2152 4294 2221 4348 ad
2249 4296 2608 4361 meretricem,
2656 4297 2759 4352 scit
2787 4296 2930 4366 quod
2970 4297 3037 4352 ad
3067 4298 3410 4368 prostitutam
3435 4299 3720 4353 etcunctis

2150 4391 2422 4452 patentem
2471 4384 2744 4453 ingressus
2769 4395 2872 4453 est,
2926 4385 3044 4442 ideo
3070 4387 3136 4441 de
3160 4387 3280 4442 aliis
3313 4386 3583 4457 indignari
3615 4401 3720 4441 non

476 4482 655 4535 terra.
687 4476 773 4530 vel
816 4477 870 4532 in
912 4480 1068 4547 aquis
1110 4481 1373 4537 formatur
1400 4502 1413 4537 :
1445 4484 1536 4537 sed
1566 4499 1672 4539 non
1702 4485 1842 4541 sicut
1870 4486 1935 4541 de
1964 4486 2047 4542 his

2152 4480 2347 4543 potest.
2388 4472 2490 4540 Qui
2514 4472 2752 4545 legitimo
2778 4475 2949 4530 utitur
2971 4475 3337 4542 matrimonio,
3382 4491 3488 4531 non
3511 4477 3721 4546 patitur

475 4582 598 4636 quae
625 4566 680 4621 in
711 4575 853 4622 terra
883 4578 1008 4624 sunt
1036 4571 1117 4626 vel
1150 4573 1202 4626 in
1235 4574 1369 4628 mari
1398 4574 1837 4631 similitudinibus
1864 4590 2047 4647 prom-

476 4665 625 4726 ptum
653 4664 736 4711 est
758 4660 1108 4725 pronuntiare
1134 4680 1147 4715 :
1180 4663 1253 4717 ita
1279 4665 1441 4719 etiam
1471 4665 1536 4720 de
1559 4664 1907 4733 caelestibus;
1939 4667 2043 4723 nisi

473 4747 596 4816 quis
621 4747 767 4802 dicat
793 4749 859 4803 de
886 4749 1031 4815 sole,
1062 4760 1117 4806 et
1144 4754 1264 4807 luna
1286 4795 1299 4817 ,
1331 4762 1385 4809 et
1412 4755 1580 4811 stellis
1610 4757 1713 4813 hoc
1741 4772 1900 4827 posse
1928 4773 2046 4813 sen-

478 4838 598 4902 tiri,
631 4853 859 4908 quorum
894 4840 1096 4897 formas
1123 4844 1377 4912 exprimit
1401 4846 1693 4916 gentilitas.
1731 4845 1838 4902 Sed
1868 4845 2045 4904 Moses

472 4928 715 4985 eruditus
735 4931 881 4985 omni
901 4931 1163 5001 sapientia
1178 4933 1552 5005 XEgyptiorum
1576 4937 1739 4991 etiam
1759 4951 1881 5006 quae
1900 4938 2044 5007 apud

474 5017 595 5074 illos
624 5029 778 5074 erant
808 5021 860 5075 in
891 5023 1118 5079 occultis
1145 5024 1432 5094 prohibere
1459 5025 1740 5097 cupiebat,
1772 5026 1911 5082 sicut
1939 5026 2045 5081 He-

473 5116 647 5163 catem
672 5109 884 5179 aliaque
906 5112 1206 5168 daemonum
1230 5113 1451 5181 formas,
1476 5129 1596 5184 qua)
1622 5114 1912 5185 Apostolus
1936 5118 2046 5187 spi-

473 5202 690 5257 ritualia
713 5207 956 5275 nequitia:
993 5207 1048 5262 in
1089 5207 1374 5262 cmlestibus
1413 5216 1571 5263 vocat
1605 5208 1802 5279 Ephes.
1842 5225 1897 5264 vr
1928 5227 1943 5277 ;
1975 5210 2043 5267 de

470 5291 665 5359 quibus
694 5289 833 5347 forte
861 5293 1060 5349 dicitur
1086 5312 1099 5347 :
1131 5294 1429 5348 Inebriatus
1468 5306 1543 5349 est
1569 5294 1774 5366 gladius
1814 5314 1956 5352 metts
1985 5298 2039 5352 in

472 5379 597 5436 creto
618 5380 743 5453 (lsa.
772 5384 982 5453 xxxw).
1015 5382 1110 5439 His
1136 5384 1277 5438 enim
1310 5383 1497 5438 formis
1518 5394 1574 5439 et
1595 5385 2040 5443 similitudinibus

404 5485 409 5493 '
472 5472 793 5530 invocabant
816 5475 1077 5531 datnionia
1106 5475 1173 5529 ad
1202 5475 1501 5544 repellenda
1527 5476 1609 5532 vel
1639 5478 1853 5533 vitanda
1878 5479 2036 5534 mala.

473 5563 757 5621 Sciendum
800 5573 978 5621 tamen
1016 5564 1141 5635 quia
1178 5579 1300 5619 cum
1342 5565 1647 5623 decreveris
1683 5569 1786 5623 hoc
1824 5583 2040 5624 servare

471 5658 781 5711 tuandatum
801 5697 814 5722 ,
848 5664 901 5711 ct
932 5655 1130 5710 hal‘cre
1158 5670 1319 5711 unum
1351 5664 1553 5712 tantum
1584 5658 1749 5715 Deum
1780 5667 1833 5715 et
1860 5658 2038 5715 Domi-

2153 4577 2379 4618 uxorem
2406 4579 2655 4633 peccare,
2692 4565 2785 4621 sed
2811 4564 3123 4621 accenditur
3145 4565 3261 4621 zelo
3298 4566 3367 4621 ad
3393 4566 3720 4621 servandam

2149 4658 2453 4713 castitatem
2485 4660 2833 4727 matrimonii,
2883 4667 2941 4714 ut
2965 4659 3137 4730 possit
3167 4660 3437 4730 legitimus
3462 4659 3577 4715 fieri
3616 4674 3716 4733 pa-

2150 4758 2250 4805 ter.
2304 4749 2394 4807 Sic
2418 4752 2592 4806 omnis
2611 4752 2791 4807 anima
2817 4761 2910 4807 aut
2934 4752 3221 4821 prostituta
3256 4759 3341 4807 est
3367 4766 3489 4806 cum
3511 4751 3715 4806 dazmo-

2147 4840 2331 4905 nibus,
2362 4849 2418 4895 et
2445 4840 2608 4895 habet
2644 4840 2824 4902 plures
2844 4850 3114 4896 amatores
3148 4848 3208 4894 ut
3238 4840 3441 4896 intrent
3462 4840 3530 4894 ad
3561 4855 3710 4905 eam,

2147 4931 2305 4985 modo
2355 4931 2577 5000 spiritus
2621 4931 3018 4996 fornicationis,
3078 4929 3237 4986 modo
3281 4930 3531 4995 avaritia,
3596 4936 3715 4999 post

2146 5021 2289 5077 hunc
2313 5021 2492 5076 veniet
2518 5021 2739 5091 spiritus
2767 5023 3031 5093 superbia
3069 5033 3123 5078 et
3159 5022 3248 5077 alii
3288 5021 3535 5093 plurimi;
3579 5021 3713 5077 alter

2143 5120 2320 5166 tamen
2359 5110 2513 5166 alteri
2566 5127 2673 5166 non
2718 5111 2943 5179 invidet,
2996 5129 3097 5169 nec
3141 5113 3403 5184 zelotypia
3444 5120 3708 5177 movetur,

2142 5199 2237 5255 sed
2265 5214 2384 5254 sese
2413 5200 2642 5255 invicem
2673 5200 2928 5265 invitant;
2960 5203 3119 5266 unde,
3145 5202 3361 5255 adducit
3381 5218 3552 5256 secum
3581 5202 3711 5256 alios

2142 5301 2331 5361 septem
2361 5291 2574 5361 spiritus
2605 5292 2872 5362 nequiores
2900 5309 2978 5358 se,
3029 5301 3134 5347 etc.
3166 5290 3315 5363 (Luc.
3352 5292 3454 5360 ιιι.)
3483 5291 3576 5347 Sic
3598 5292 3711 5346 unl-

2144 5383 2248 5437 lam
2275 5383 2593 5455 zelotypiam
2611 5393 2912 5438 amatorum
2930 5398 3150 5438 suorum
3172 5382 3371 5455 patitur
3394 5384 3573 5437 anima
3591 5398 3710 5453 qua:

2141 5475 2474 5530 daemonibus
2507 5483 2591 5530 est
2633 5474 2958 5543 prostituta;
2992 5472 3035 5530 si
3064 5489 3192 5529 vero
3235 5472 3517 5544 conjuncta
3550 5473 3708 5526 fuerit

2142 5552 2258 5619 viro
2286 5563 2545 5632 legitimo,
2575 5562 2629 5617 id
2654 5573 2738 5618 est
2761 5562 2999 5629 Christo,
3046 5562 3255 5618 etiamsi
3284 5561 3572 5632 aliquando
3598 5562 3707 5614 fuc-

2142 5656 2212 5710 rit
2249 5655 2541 5726 peccatrix,
2592 5655 2727 5709 ultra
2779 5670 2896 5711 eam
2932 5670 3155 5727 peccare
3195 5672 3298 5711 non
3336 5656 3559 5726 patitur,
3611 5670 3703 5709 nec
