3998 6332
272 300 389 361 253

1306 304 1571 362 CLOSSA
1608 303 2009 361 0RD|NARIA.
2050 334 2118 347 α-
2157 306 2283 364 LIB.
2325 306 2510 365 EXOD

3428 310 3533 368 250

274 416 429 475 (orre
453 423 632 488 potest
650 415 922 472 utalludat
945 416 1233 484 adulteris;
1259 419 1529 474 excitatur
1548 434 1711 488 super
1733 430 1852 473 eam
1882 422 1930 479 Α
1956 418 2099 473 latur
2141 434 2241 489 pro
2270 427 2493 490 peccato
2519 435 2533 485 ;
2578 420 2758 477 omnia
2781 420 2927 476 enim
2947 421 2998 476 ei
3025 428 3303 478 servantur
3356 423 3412 480 in
3444 424 3532 480 fu-

277 511 437 567 zelus
459 508 600 579 ejus,
626 518 682 566 et
704 508 946 565 defendit
974 509 1206 580 coniugii
1241 511 1580 575 castitatem;
1610 511 1654 565 si
1680 518 1858 566 autem

274 602 483 658 viderit
510 616 632 657 eam
667 610 1019 657 tcmerantem
1053 602 1285 673 coniugii
1327 602 1473 673 iura,
1531 610 1587 658 et
1614 602 1856 657 occasio-

277 709 411 750 nem
449 707 697 764 quaerere
741 694 1020 764 peccandi,
1079 695 1173 750 dat
1214 697 1263 751 ei
1311 696 1547 751 libellum
1608 695 1855 765 repudii;

277 784 430 839 unde
456 784 561 839 lsa.
594 800 625 839 ι.
657 803 672 838 :
710 780 933 851 Propter
960 786 1259 856 iniquitates
1280 795 1477 840 vestras
1521 786 1718 840 dimisit
1746 802 1861 840 ma-

278 887 417 931 trem
448 886 706 942 vestram;
732 877 848 933 haec
877 877 970 947 qui
994 877 1234 947 loquitur
1260 886 1316 933 et
1345 877 1529 933 zelans
1548 886 1635 933 est
1657 884 1713 932 et
1739 875 1859 930 zelo

278 974 590 1022 commotus
628 966 733 1023 hoc
773 965 923 1022 dicit.
974 966 1068 1022 Est
1091 966 1255 1021 etiam
1292 981 1491 1021 novum
1537 980 1703 1037 genus
1755 967 1861 1021 hoc

276 1055 543 1111 bonitatis
578 1055 720 1126 eius,
767 1056 1018 1112 utetiam
1048 1065 1171 1126 post
1210 1056 1531 1112 adulterium
1584 1064 1859 1111 reverten-

277 1156 392 1201 tem
418 1155 474 1200 et
499 1154 609 1201 toto
623 1147 785 1203 corde
802 1148 1153 1217 pmnitentem
1174 1149 1452 1220 suscipiat.
1482 1147 1634 1203 Unde
1663 1165 1676 1201 :
1702 1146 1860 1201 Nam

273 1237 410 1308 quid
449 1237 638 1292 mulier
679 1239 725 1294 si
752 1240 933 1295 exierit
972 1256 1004 1293 a
1038 1240 1169 1306 viro,
1220 1251 1267 1294 et
1294 1240 1563 1297 dormierit
1602 1256 1719 1295 cum
1750 1239 1856 1295 alio

272 1328 418 1394 uiro,
467 1338 721 1384 revertens
748 1338 1029 1385 revertetur
1068 1331 1137 1384 ad
1184 1332 1350 1385 uirum
1388 1347 1541 1386 suum
1567 1330 1593 1384 2
1635 1338 1738 1385 etc.
1790 1329 1858 1384 Et

275 1419 414 1476 alibi
462 1438 478 1476 :
533 1421 603 1477 Et
638 1431 911 1493 postquam
955 1421 1215 1491 fornicata
1260 1439 1315 1476 es
1358 1422 1413 1477 in
1456 1422 1538 1476 Itis
1583 1420 1851 1487 omnibus,

274 1511 399 1565 dixi
422 1526 442 1567 :
472 1510 765 1577 Revertere,
794 1520 899 1567 etc.
931 1512 1064 1584 (Jer.
1094 1512 1201 1585 ιιι.)
1234 1513 1333 1568 llic
1357 1528 1486 1583 ergo
1510 1511 1653 1568 Deus
1673 1511 1856 1567 zelans

275 1601 327 1655 si
352 1602 585 1672 requirit
607 1612 663 1658 et
683 1602 956 1658 desiderat
981 1604 1214 1659 animam
1240 1613 1384 1659 tuam
1416 1603 1515 1659 sibi
1555 1604 1851 1668 adluerere,

273 1689 323 1746 si
342 1703 547 1756 servat,
572 1691 795 1760 corripit
821 1700 877 1747 et
896 1692 1222 1762 indignatur,
1258 1693 1407 1749 velut
1432 1692 1694 1764 zelotypia
1721 1708 1854 1762 qua-

1963 518 2146 564 turum
2167 550 2180 564 .
2214 510 2356 565 unde
2389 510 2579 565 Matth.
2618 509 2760 581 vm):
2797 510 2937 578 Quid
2958 514 3140 569 venisti
3182 523 3304 568 ante
3331 524 3532 586 tempus

1962 609 2200 671 torquere
2235 602 2380 657 nos.’
2434 601 2748 656 Redduntur
2808 610 2989 658 autem
3041 611 3263 674 peccata
3308 604 3361 659 in
3392 604 3534 663 ﬁlios

1961 704 2098 760 quos
2145 692 2327 762 genuit
2370 706 2467 760 per
2486 699 2791 761 peccatum,
2834 692 2925 761 qui
2953 692 3008 747 in
3038 707 3200 748 carne
3224 693 3386 764 positi
3435 693 3534 749 ila-

1961 781 2248 853 gellantnr.
2291 782 2416 837 Non
2446 781 2550 838 vult
2574 782 2712 837 Deus
2752 793 2969 838 mortem
3002 787 3312 856 peccatoris,
3351 786 3445 840 sed
3475 796 3531 840 ut

1960 873 2128 944 magis
2170 882 2503 928 convertatur
2533 882 2582 928 et
2624 876 2761 929 uiuat
2793 874 3009 946 (Ezech.
3044 878 3265 946 xum).
3320 874 3531 932 Miseri-

1960 978 2084 1019 cors
2110 980 2239 1036 ergo
2271 964 2448 1019 reddit
2470 974 2693 1034 peccata
2717 974 2931 1035 patrum
2969 967 3023 1021 in
3058 965 3221 1030 illius,
3267 965 3392 1037 quia
3420 965 3541 1022 dia-

1958 1054 2114 1111 bolus
2159 1064 2217 1110 et
2248 1055 2421 1127 angeli
2450 1056 2587 1126 eius,
2647 1057 2740 1126 qui
2766 1056 2929 1112 etiam
2968 1056 3174 1128 peccati
3200 1064 3391 1126 patres
3421 1055 3537 1111 eiii-

1959 1144 2199 1210 ciuntur,
2230 1144 2432 1216 indigni
2461 1154 2586 1200 sunt
2612 1148 2756 1215 quod
2782 1148 2833 1201 in
2860 1148 3109 1217 praesenti
3140 1147 3533 1217 corripiantur:

1959 1232 2053 1289 lilii
2078 1249 2291 1300 eorum,
2329 1243 2386 1290 et
2418 1235 2645 1306 qui-per
2682 1237 2825 1306 ipsos
2877 1239 2943 1293 ad
2974 1239 3288 1294 societatem
3327 1238 3537 1308 peccati

1960 1325 2115 1380 asciti
2152 1334 2299 1391 sunt,
2354 1327 2620 1398 recipiunt
2664 1329 2719 1383 in
2745 1331 2998 1399 praesenti
3040 1330 3182 1400 quod
3230 1337 3537 1400 gesserunt.

1959 1422 2039 1480 ut,
2088 1416 2320 1487 purgati,
2369 1417 2580 1475 diabolo
2618 1417 2672 1473 in
2700 1431 2859 1488 paena
2906 1419 3036 1475 socii
3081 1432 3189 1474 non
3214 1418 3535 1481 adiciantur.

1962 1503 2115 1561 Unde
2148 1505 2356 1577 psalmo
2397 1522 2639 1563 unum
2671 1526 2685 1562 :
2724 1507 2957 1564 Visitabo
2994 1509 3047 1565 in
3070 1511 3210 1579 uirga
3240 1512 3538 1581 iniquitates

1958 1611 2159 1661 eorum,
2193 1604 2325 1661 etc.,
2366 1597 2777 1652 misericordiam
2825 1608 2999 1654 autem
3028 1616 3195 1655 meam
3244 1617 3349 1655 non
3389 1600 3540 1670 aufe-

1960 1702 2075 1740 ram
2118 1685 2184 1740 ab
2221 1687 2317 1743 eis.
2362 1687 2505 1743 Deus
2528 1688 2673 1743 enim
2702 1688 2883 1744 zelans
2906 1698 3008 1757 est,
3038 1699 3093 1746 et
3113 1691 3348 1746 animam
3374 1706 3538 1761 quam

274 1782 409 1837 dam
441 1797 568 1852 erga
598 1792 653 1841 ιο
682 1800 832 1852 usus,
878 1800 1029 1855 spem
1069 1785 1163 1841 tibi
1188 1800 1310 1842 esse
1355 1785 1545 1842 salutis
1595 1800 1849 1856 agnosce.
1885 1770 1929 1831 Β
1957 1774 2059 1830 sibi
2111 1774 2405 1846 despondet
2451 1776 2506 1831 in
2540 1776 2645 1833 lide
2689 1794 2794 1833 non
2825 1779 2939 1834 vult
2982 1780 3036 1834 in
3080 1781 3540 1838 eontaminatione

277 1870 336 1925 Si
360 1886 496 1927 vero
518 1874 914 1943 correptionem
940 1877 1262 1942 contemnis,
1299 1876 1528 1930 discedit
1568 1892 1599 1930 a
1629 1884 1683 1931 te
1708 1874 1857 1931 zelus

271 1962 419 2032 eius,
443 1963 736 2019 secundum
766 1965 891 2020 illud
918 1984 931 2019 :
964 1964 1251 2036 Propterea
1294 1967 1513 2022 discedit
1543 1966 1686 2021 zelus
1708 1983 1853 2021 meus

271 2070 309 2106 ι
340 2063 417 2119 te,
445 2061 552 2109 etc.
594 2054 812 2125 (Ezeeh.
842 2054 983 2127 xvi.)
1019 2055 1148 2111 Vide
1188 2056 1618 2113 misericordiam
1655 2064 1710 2112 et
1739 2057 1857 2126 pie-

272 2151 449 2198 tatem
481 2144 606 2209 Dei;
632 2145 849 2215 quando
873 2146 989 2201 vult
1013 2147 1284 2213 misereri,
1332 2145 1604 2216 indignari
1638 2161 1698 2202 se
1727 2145 1861 2202 dicit

272 2248 333 2294 et
368 2239 554 2305 irasci,
601 2241 743 2296 sicut
786 2256 885 2311 per
912 2239 1205 2297 Jeremiam
1237 2242 1410 2297 dicit:
1462 2241 1660 2297 Dolore
1687 2252 1737 2297 et
1759 2243 1861 2312 [la-

272 2326 417 2398 gello
443 2330 805 2400 castigabetis,
829 2329 1184 2396 Hierusalem,
1214 2342 1269 2385 ut
1294 2348 1396 2385 non
1424 2330 1667 2386 abscedat
1681 2332 1859 2386 animo

274 2434 401 2472 mea
424 2436 461 2473 a
486 2428 536 2473 te
555 2419 691 2490 (Jer.
720 2421 817 2493 γι).
850 2419 1114 2493 Flagellat
1133 2422 1271 2476 enim
1291 2437 1500 2475 omnem
1519 2420 1690 2490 ﬁlium
1708 2438 1861 2491 quem

274 2509 465 2579 recipit
494 2509 682 2581 (Ilebr.
711 2511 834 2584 lll)’.
876 2510 990 2567 Hoc
1010 2521 1193 2567 autem
1237 2509 1496 2578 terribile,
1546 2511 1649 2567 hoc
1677 2519 1859 2567 extre-

276 2614 458 2666 mum,
505 2602 549 2658 si
586 2618 694 2657 non
720 2603 1045 2674 corripimur
1095 2617 1196 2674 pro
1223 2603 1497 2672 peccatis:
1552 2615 1677 2657 cum
1716 2600 1861 2655 enim

274 2690 504 2745 modum
535 2693 794 2763 peccandi
817 2694 1150 2759 excedimus,
1175 2691 1499 2749 auferetur'a
1518 2691 1673 2748 nobis
1697 2691 1862 2747 etiam

272 2783 437 2839 zelus
464 2784 585 2850 Dei,
640 2798 742 2840 nec
778 2784 919 2840 ultra
958 2785 1229 2841 irascitur.

368 2873 595 2930 Visitans
626 2875 972 2946 iniquitatem,
1004 2883 1113 2930 etc.
1139 2862 1341 2947 (Οιιιῡ.)
1370 2874 1620 2932 Reddens
1641 2880 1863 2945 peccata

272 2973 501 3037 patrum
532 2964 587 3020 in
620 2965 783 3032 ﬁlios,
811 2974 920 3022 etc.
957 2964 1127 3021 Aiunt
1150 2966 1389 3023 bteretici
1416 2966 1560 3037 quod
1602 2980 1710 3021 non
1734 2961 1863 3019 boni

1959 1865 2167 1938 peccati
2194 1882 2530 1937 permanere,
2582 1869 2676 1925 sed
2703 1870 2815 1926 cito
2837 1872 3077 1941 purgari.
3128 1871 3185 1927 Si
3222 1880 3404 1928 autem
3443 1887 3541 1927 no-

1959 1958 2120 2014 luerit
2138 1960 2377 2029 purgari,
2418 1961 2472 2016 in
2497 1961 2717 2018 interitu
2747 1977 2933 2018 eorum
2983 1965 3200 2028 ridebit,
3244 1965 3430 2021 dicens
3457 1966 3540 2021 eis

1960 2049 2152 2106 Matth.
2198 2067 2354 2107 xxv:
2406 2051 2667 2111 Discedite
2717 2072 2749 2109 tt
2785 2071 2886 2118 me,
2928 2053 3215 2119 maledicti,
3264 2055 3319 2108 in
3367 2055 3539 2125 igneus

1960 2155 2232 2211 teternutn,
2257 2154 2363 2201 etc.
2408 2144 2653 2201 Sciamus
2686 2161 2815 2216 ergo
2838 2161 2936 2202 nos
2965 2147 3017 2201 in
3041 2146 3291 2215 praesenti
3319 2146 3542 2216 corripi,

1961 2243 2023 2289 ut
2060 2233 2115 2289 in
2154 2233 2338 2290 futuro
2371 2234 2735 2304 quiescamus.
2781 2235 2978 2292 Unde:
3033 2233 3165 2291 Cum
3199 2235 3536 2305 castigantur,

1961 2338 1996 2377 a
2038 2321 2257 2400 Domino
2289 2323 2621 2394 corripiatur,
2688 2339 2753 2378 ne
2788 2338 2904 2377 cum
2946 2325 3042 2377 hoc
3081 2323 3278 2378 mundo
3327 2323 3541 2378 damne-

1964 2429 2107 2469 mur.

2034 2502 2157 2576 (1ο.)
2211 2503 2270 2559 in
2298 2503 2401 2560 hoc
2429 2518 2682 2560 sermone
2712 2502 2886 2560 solent
2926 2518 3024 2560 nos
3060 2502 3300 2559 haeretici
3344 2502 3542 2575 suggil—

1963 2593 2098 2660 lare,
2143 2594 2285 2665 quod
2314 2609 2421 2650 non
2444 2594 2513 2648 sit
2533 2593 2661 2649 boni
2690 2593 2783 2649 Dei
2814 2609 3013 2659 sermo,
3060 2593 3153 2663 qui
3172 2607 3270 2664 pro
3298 2593 3538 2663 peccatis

1963 2684 2187 2742 alterius
2233 2684 2395 2740 alium
2425 2683 2651 2753 iudicat.
2708 2682 2812 2741 Sed
2853 2685 2946 2755 qui
2993 2685 3159 2740 Deum
3212 2683 3347 2755 legis
3388 2697 3542 2737 inan-

1966 2776 2181 2831 dantem
2208 2774 2324 2832 bazc
2369 2772 2547 2831 dicent
2586 2790 2693 2831 non
2714 2775 2936 2840 bonum,
2988 2773 3193 2832 iustum
3242 2782 3420 2829 tamen
3466 2773 3546 2828 di-

1966 2873 2135 2920 cunt:
2165 2881 2266 2921 nec
2294 2865 2394 2936 ipsi
2430 2866 2647 2935 quidem
2695 2873 2923 2936 possunt
2946 2866 3235 2921 ostendere
3275 2864 3543 2935 quomodo

1959 2953 2185 3026 iustitia:
2209 2957 2456 3013 videatur
2482 2956 2772 3013 convenire
2793 2957 2840 3014 si
2870 2956 2977 3013 alio
2999 2963 3259 3028 peccante
3282 2955 3421 3011 alius
3447 2970 3545 3028 pu-

272 3055 382 3112 Dei
413 3070 591 3113 sermo
617 3055 708 3119 sit,
754 3055 845 3125 qui
872 3070 971 3125 pro
1004 3056 1243 3126 peccatis
1268 3055 1494 3112 alterius
1516 3055 1743 3111 alterum
1785 3052 1866 3108 di-
1903 3123 1928 3126 Α
1969 3048 2169 3103 niatur.

272 3155 378 3203 cat
406 3147 608 3218 plecti;
659 3123 829 3202 Deum
874 3123 1058 3202 tamen
1102 3146 1234 3217 legis
1272 3148 1476 3219 iustum
1512 3147 1718 3212 dicunt,
1761 3123 1937 3201 nec(1

272 3246 515 3311 possunt
551 3241 841 3295 ostendere
881 3241 1151 3310 quomodo
1195 3240 1427 3312 iniustus
1469 3241 1562 3310 sit,
1612 3240 1657 3295 si
1699 3239 1865 3295 alium

274 3331 397 3388 alio
424 3339 686 3402 peccante
729 3331 906 3403 punit.
957 3328 1065 3386 Sed
1098 3332 1326 3387 interior
1374 3332 1537 3387 homo
1558 3338 1742 3388 noster
1772 3337 1866 3386 aut

276 3422 488 3478 dicitur
524 3422 725 3478 habere
763 3422 929 3477 Deum
972 3420 1209 3486 Patrem,
1275 3422 1321 3479 si
1358 3423 1652 3480 secundum
1693 3422 1865 3478 Deum

272 3510 454 3577 vivit;
487 3520 582 3566 aut
604 3510 900 3577 diabolum,
924 3511 973 3566 si
998 3511 1329 3571 voluntatem
1356 3511 1499 3567 illius
1522 3512 1681 3577 facit;
1722 3512 1865 3566 unde

271 3600 441 3657 Joan.
470 3616 613 3657 rm:
652 3601 752 3657 Vos
794 3602 859 3657 de
896 3611 1045 3673 patre
1088 3602 1297 3657 diabolo
1324 3604 1469 3669 estis,
1517 3613 1565 3657 et
1603 3603 1865 3657 desideria

271 3693 453 3764 patris
479 3693 633 3748 vestri
682 3692 854 3763 facere
893 3692 1071 3748 vultis.
1124 3693 1277 3769 Sicut
1304 3708 1437 3764 ergo
1472 3708 1653 3750 semen
1685 3694 1777 3749 Dei
1808 3693 1863 3751 in

272 3782 445 3838 nobis
472 3790 576 3850 est,
621 3798 744 3840 cum
794 3785 1017 3840 verbum
1060 3785 1157 3841 Dei
1191 3795 1471 3842 servantes
1514 3802 1621 3841 non
1668 3801 1861 3856 pecca-

275 3889 433 3939 suus,
488 3875 784 3933 secundum
839 3874 967 3930 illud
1016 3875 1037 3931 Ι
1087 3876 1243 3932 Joan.
1274 3893 1359 3941 ιιι,
1415 3876 1518 3944 Qui
1544 3893 1609 3931 ex
1633 3876 1738 3931 Deo
1766 3886 1863 3945 est,

283 3980 397 4019 non
419 3971 617 4035 peccat,
657 3967 782 4037 quia
821 3983 994 4021 semen
1016 3966 1115 4023 Dei
1144 3977 1317 4022 manet
1352 3969 1407 4021 in
1447 3985 1543 4033 eo;
1576 3970 1648 4023 ita
1680 3984 1801 4023 cum
1833 3982 1864 4023 a

280 4054 504 4110 diabolo
527 4055 820 4110 suademur
851 4057 919 4112 ad
946 4058 1279 4127 peccandum
1301 4099 1314 4121 ,
1340 4074 1522 4113 semen
1543 4057 1660 4127 eius
1688 4059 1862 4114 susci-

276 4145 501 4217 pimus;
545 4160 667 4202 cum
697 4144 926 4203 facimus
965 4148 1108 4220 quod
1137 4148 1347 4215 suadet,
1374 4146 1483 4217 iam
1525 4148 1703 4221 genuit
1741 4162 1862 4207 nos.

278 4236 569 4293 nascimur
612 4239 756 4295 enim
802 4240 919 4309 eius
948 4239 1043 4295 lilii
1096 4256 1196 4311 per
1234 4249 1534 4310 peccatum.
1581 4240 1687 4297 Sed
1736 4240 1865 4312 quia

280 4325 404 4382 fere
437 4326 554 4381 sine
581 4326 848 4397 adiutorio
874 4343 980 4384 non
1000 4344 1286 4399 peccamus
1316 4371 1330 4395 ,
1366 4331 1507 4386 sicut
1533 4331 1860 4386 adulterium

278 4434 448 4475 nemo
497 4419 642 4476 solus
674 4420 977 4487 committit,
1022 4436 1245 4478 necesse
1280 4431 1361 4479 est
1400 4423 1693 4479 adulteram
1740 4438 1867 4478 con-

2034 3137 2206 3209 (lsm.)
2232 3137 2471 3192 Primum
2495 3137 2805 3193 mandatum
2828 3136 3076 3208 prohibet
3098 3135 3539 3207 subreptienem;

1968 3226 2284 3293 secundum,
2308 3241 2580 3293 errorem;
2628 3228 2847 3283 tertium
2881 3226 3136 3282 interﬁcit
3179 3226 3358 3282 saeculi
3393 3239 3544 3279 amo-

1967 3336 2113 3384 rem;
2146 3330 2419 3392 quartum,
2448 3322 2812 3393 impietatem;
2837 3321 3106 3391 quintum,
3132 3317 3540 3381 crudelitatem;

1967 3422 2215 3479 sextum,
2266 3412 2725 3477 fornicationem;
2785 3410 3097 3480 septimum,
3151 3408 3541 3477 rapacitatem;

1967 3509 2216 3556 octavum
2246 3501 2461 3570 perimit
2496 3500 2823 3565 falsitatem;
2852 3514 3075 3562 nouum,
3119 3497 3305 3551 mundi
3331 3494 3541 3565 cupidi-

1970 3601 2161 3658 tatem;
2195 3594 2486 3658 decimum,
2520 3591 2765 3646 adulterii
2800 3589 3200 3661 cogitationem.
3245 3587 3311 3642 Et
3344 3594 3538 3641 notan-

1967 3686 2094 3741 dum
2129 3685 2273 3756 quod
2295 3686 2435 3741 sicut
2458 3683 2644 3739 decem
2670 3682 2839 3753 plagis
2866 3680 3241 3752 percutiuntur
3278 3676 3540 3750 ASgyptii,

1968 3780 2047 3835 sic
2073 3778 2259 3835 decem
2285 3777 2563 3849 praeceptis
2588 3776 2897 3831 scribuntur
2916 3771 3126 3836 tabulae,
3153 3771 3351 3841 quibus
3371 3784 3541 3840 popu-

1968 3869 2051 3925 lus
2072 3871 2169 3926 Dei
2207 3877 2422 3941 regatur
2463 3878 2518 3923 et
2546 3868 2818 3923 daemones
2852 3864 3187 3921 occidantur.
3238 3861 3294 3916 In
3337 3860 3545 3917 duabus

1966 3962 2113 4017 enim
2141 3961 2338 4017 tabulis
2364 3958 2564 4032 scripta
2600 3968 2683 4014 est
2710 3958 2795 4013 lex
2813 3965 3032 4027 propter
3067 3955 3171 4010 duo
3197 3953 3542 4007 Testamenta

1968 4050 2316 4121 signiﬁcanda
2346 4069 2360 4105 :
2396 4049 2478 4105 vel
2507 4050 2633 4120 quia
2663 4058 2783 4102 sunt
2818 4056 3089 4118 praecepta
3118 4046 3225 4101 duo
3244 4043 3545 4099 dilectionis

1967 4140 2060 4194 Dei
2092 4149 2146 4195 et
2178 4141 2430 4211 proximi,
2478 4141 2531 4194 in
2557 4139 2740 4211 quibus
2761 4148 2867 4193 tota
2890 4138 2973 4192 (ea:
2990 4137 3174 4208 pendet
3207 4146 3253 4189 et
3283 4135 3545 4205 propheta:

1969 4230 2186 4304 (Matth.
2226 4230 2381 4303 nn).
2428 4230 2486 4286 In
2528 4247 2634 4286 una
2661 4230 2804 4285 enim
2856 4229 2957 4283 tria
2987 4235 3276 4297 praecepta,
3334 4240 3454 4295 qua:
3475 4223 3545 4278 ad

1966 4321 2307 4377 dilectionem
2340 4322 2434 4376 Dei
2478 4321 2785 4391 pertinent;
2827 4319 2881 4373 in
2922 4317 3092 4371 altera
3132 4330 3261 4371 vero
3309 4321 3540 4383 septem,

1969 4429 2090 4484 qua:
2133 4413 2202 4469 ad
2235 4413 2546 4467 societatem
2576 4410 2826 4480 proximi.
2864 4406 3113 4478 Lapides:
3151 4419 3279 4459 vero
3328 4403 3546 4458 fuerunt

279 4520 491 4568 sortem
531 4512 669 4575 fieri,
721 4522 777 4569 et
801 4514 844 4569 si
872 4529 978 4568 non
1007 4513 1209 4583 plures,
1260 4529 1480 4570 necesse
1513 4522 1595 4569 est
1631 4514 1861 4584 aliquem

1974 4506 2188 4571 tabular,
2234 4505 2359 4575 quia
2385 4519 2480 4559 cor
2508 4502 2812 4558 Judaeorum
2843 4506 2963 4555 erat
2988 4497 3256 4568 lapideum
3285 4505 3334 4550 et
3370 4496 3547 4550 insen-

282 4604 376 4659 vel
409 4603 644 4674 aliquam
682 4605 981 4660 ministerio
1008 4605 1230 4660 sceleris
1255 4605 1471 4676 adiungi
1498 4623 1512 4659 :
1544 4605 1633 4674 qui
1655 4619 1863 4664 omnes,

284 4692 438 4749 velut
462 4708 600 4748 unus
621 4709 689 4749 ex
716 4694 910 4759 altero,
969 4695 1265 4749 secundum
1302 4693 1669 4763 persuasionis
1722 4692 1868 4747 ordi-

284 4800 440 4850 nem,
481 4785 745 4855 generati,
790 4800 855 4840 ex
887 4784 1101 4841 diabolo
1128 4786 1437 4857 progeniem
1463 4785 1695 4852 ducunt;
1723 4784 1866 4839 velut

286 4875 344 4928 in
370 4874 663 4930 traditione
700 4875 909 4930 Domini
960 4876 1206 4931 diabolus
1239 4876 1455 4930 intravit
1495 4875 1548 4929 in
1568 4890 1661 4930 cor
1692 4873 1864 4939 Iudae,

283 4973 341 5019 et
372 4965 602 5035 primum
633 4965 800 5020 filium
844 4967 1051 5035 peccati
1095 4966 1300 5037 genuit,
1341 4966 1431 5036 qui
1455 4964 1612 5023 solus
1641 4964 1744 5020 hoc
1786 4963 1868 5019 fa-

284 5071 415 5111 cere
442 5071 550 5111 non
578 5059 790 5127 potuit;
823 5058 956 5113 abiit
980 5074 1109 5129 ergo
1143 5059 1211 5115 ad
1244 5058 1463 5115 Scribas
1483 5066 1538 5114 et
1568 5058 1871 5114 Pharisaros

284 5157 341 5203 et
376 5148 693 5218 pontiﬁces;
720 5151 958 5205 nascitur
980 5166 1108 5222 ergo
1129 5168 1195 5207 ex
1221 5149 1359 5207 Jnda
1385 5151 1661 5219 generatio
1686 5152 1867 5216 tertia,

286 5250 341 5297 ct
371 5251 565 5312 quarta
590 5243 820 5313 peccati.
876 5244 1167 5299 Videamus
1194 5258 1324 5316 ergo
1347 5246 1618 5315 quomodo
1647 5253 1867 5315 peccata

288 5341 507 5403 patrum
544 5334 720 5389 reddit
750 5334 890 5389 Deus
933 5335 988 5389 in
1025 5335 1163 5390 ﬁlios
1194 5335 1246 5388 in
1273 5336 1485 5389 tertiam
1534 5343 1589 5391 et
1617 5343 1865 5406 quartam

288 5425 626 5496 progeniem,
679 5434 733 5480 et
762 5442 869 5480 non
898 5427 950 5481 in
979 5425 1114 5497 ipso.
1165 5426 1241 5480 Dc
1270 5426 1510 5496 patribus
1538 5426 1682 5481 enim
1734 5424 1867 5479 nilnil

291 5514 513 5570 dicitur.
554 5513 810 5572 Diabolus
832 5530 982 5584 ergo,
1039 5517 1163 5586 quia
1191 5515 1304 5588 iam
1332 5517 1588 5586 peccandi
1644 5517 1865 5573 modum

292 5606 546 5673 excessit,
600 5614 853 5678 tanquam
894 5600 1272 5664 vestimentum
1312 5616 1622 5665 concretum
1659 5609 1711 5662 in
1742 5622 1849 5662 san-

295 5698 456 5768 guine
505 5714 610 5756 non
637 5700 741 5756 erit
780 5699 1009 5755 mundus
1057 5700 1109 5755 in
1140 5700 1241 5757 hoc
1272 5701 1502 5767 smeulo;
1542 5717 1644 5756 non
1677 5698 1829 5770 ﬂagel
1860 5710 1867 5717 ‘

1969 4598 2143 4663 sibile,
2187 4601 2380 4653 durum
2408 4607 2464 4652 et
2483 4596 2767 4661 stolidum;
2796 4594 2936 4649 unde
2958 4593 3154 4647 Ezech.
3182 4606 3343 4646 xxxvr
3372 4607 3387 4644 :
3437 4589 3547 4643 Au-

1969 4688 2134 4758 feram
2151 4705 2243 4742 cor
2267 4688 2552 4758 lapideum,
2583 4695 2629 4741 et
2656 4685 2791 4740 dabo
2816 4686 2890 4739 eis
2916 4701 3005 4739 cor
3022 4699 3288 4737 corneum.
3322 4681 3385 4735 Et
3404 4680 3548 4749 Apo—

1970 4781 2141 4837 stolus
2161 4781 2236 4835 ait
2282 4779 2365 4851 (Il
2398 4778 2520 4834 Cor.
2557 4780 2679 4849 ut):
2733 4775 2853 4832 Non
2875 4777 2929 4830 in
2952 4774 3143 4831 tabulis
3170 4772 3411 4845 lapideis,
3455 4770 3546 4826 sed

1969 4873 2025 4928 in
2051 4872 2243 4927 tabulis
2280 4870 2451 4925 cordis
2482 4868 2803 4936 carnalibus,
2842 4884 2965 4940 qua:
2992 4868 3230 4925 sentiant
3256 4865 3462 4952 scilicet
3490 4872 3548 4919 et

1978 4964 2301 5019 ititelliaant.

2046 4978 2301 5034 temgant.

2046 5056 2210 5110 Vitas.
2242 5054 2326 5108 12.
2350 5082 2420 5094 --
2446 5051 2662 5108 Honora
2686 5060 2906 5123 patrem,
2935 5059 3039 5106 etc.
3065 5049 3180 5105 lloc
3200 5057 3285 5103 est
3312 5048 3544 5118 primum

1976 5160 2179 5219 septem
2234 5146 2608 5202 mandatorum
2646 5160 2765 5215 qua:
2802 5143 3077 5215 pertinent
3112 5141 3179 5197 ad
3216 5141 3545 5212 proximum.

1976 5241 2117 5296 Bene
2147 5249 2326 5295 autem
2349 5246 2555 5310 septem
2575 5246 2719 5294 sunt.
2754 5236 3103 5307 Septenarius
3140 5235 3283 5290 enim
3323 5248 3388 5288 ex
3438 5241 3550 5285 tor-

1976 5332 2128 5387 nario
2162 5340 2373 5387 constat
2399 5340 2453 5387 et
2477 5329 2840 5402 quaternario.
2873 5328 3166 5385 Ternarius
3196 5342 3323 5381 vero
3353 5325 3546 5379 anima:

1971 5425 2238 5496 congruit,
2263 5440 2384 5495 qua:
2410 5433 2492 5479 est
2517 5422 2824 5489 irascibilis,
2849 5419 3280 5493 concupiscibilis
3306 5424 3362 5473 et
3381 5416 3546 5470 ratio-

1971 5516 2129 5571 nalis.
2158 5515 2547 5583 Quaternarius
2571 5513 2811 5585 corpori.

2040 5608 2184 5661 Vens
2216 5608 2299 5663 15.
2330 5636 2397 5647 —
2423 5605 2544 5661 Non
2570 5605 2790 5670 occides,
2816 5611 2918 5659 etc.
2955 5602 3135 5673 (Ana,
3164 5606 3349 5671 quiest.
3398 5596 3457 5652 6|
3491 5596 3546 5648 in
3609 5597 3621 5607 '

1974 5699 2169 5771 Exod.)
2207 5698 2267 5753 Et
2300 5697 2440 5769 quod
2471 5697 2667 5751 dictum
2702 5703 2781 5750 est
2810 5712 2820 5748 :
2856 5710 2956 5748 non
2980 5692 3201 5753 occides.
3230 5704 3334 5746 non
3361 5694 3544 5759 putan-
