3998 6332
184 412 290 472 1'57

778 544 1005 617 carni
1043 542 1181 600 χχι.

256 707 425 762 Vens.
461 705 513 759 l.
542 704 595 760 ϐ.
630 732 691 745 -—
721 702 852 758 Hac
874 712 996 757 sunt
1034 701 1265 773 judicia,
1312 709 1419 758 etc.
1467 700 1649 772 (Aue.,
1674 700 1774 755 Ioc.

185 800 249 857 9i
282 799 342 854 in
368 795 567 866 Exod.)
607 794 924 851 Distinctius
969 794 1162 849 amodo
1188 793 1528 863 explicantur
1555 808 1618 849 ea
1659 808 1779 863 quae

186 893 255 948 ad
276 891 586 964 proximum
610 896 884 959 pertinent
908 903 923 951 ;
954 884 1188 941 notanda
1212 885 1411 941 locutio
1431 900 1553 940 cum
1575 884 1775 940 dictum

186 985 259 1041 sit
280 981 453 1055 Moysi
475 999 487 1035 :
512 979 643 1036 llwc
662 988 785 1034 sunt
806 977 1013 1049 judicia
1036 992 1154 1049 qua:
1175 992 1431 1048 prapones
1451 976 1558 1041 eis;
1581 982 1776 1031 caetera

186 1076 255 1131 ad
278 1073 541 1146 populum
571 1071 849 1127 dicuntur.

258 1165 324 1223 Si
347 1166 533 1221 emeris
562 1177 769 1219 servum
805 1160 1107 1225 Hebra'um,
1142 1167 1248 1215 etc.
1282 1157 1462 1232 (Auc.,
1492 1169 1676 1230 quast.
1710 1156 1776 1213 77

186 1259 244 1313 in
270 1254 478 1327 Exod.)
530 1253 609 1310 Ne
660 1249 954 1309 Christiani
1006 1251 1095 1307 hic
1138 1250 1498 1322 llagitarenta
1545 1248 1779 1304 dominis

187 1350 327 1415 suis,
356 1348 630 1420 apostolus
649 1344 806 1415 jubet
857 1345 1092 1402 dominis
1137 1359 1324 1400 servos
1370 1358 1489 1399 esse
1536 1342 1779 1398 subditos

188 1441 242 1514 (Ι
274 1436 539 1509 Pen-.11),
584 1454 652 1494 ne
696 1450 893 1493 nomen
927 1436 1136 1515 Domini
1168 1444 1222 1492 et
1250 1435 1493 1491 doctrina
1529 1434 1779 1503 blasphe-

188 1540 407 1587 metur:
456 1527 586 1584 illud
634 1528 779 1582 enim
830 1526 955 1582 inde
1006 1534 1219 1582 constat
1259 1525 1314 1580 in
1367 1524 1629 1597 mysterio
1658 1536 1779 1579 esse

186 1630 546 1694 praeceptum,
594 1620 720 1689 quia
771 1618 1021 1689 pcrtundi
1079 1617 1271 1673 subula
1323 1616 1442 1687 ejus
1482 1630 1671 1670 aurem
1711 1613 1780 1669 ad

187 1721 405 1783 post
442 1711 700 1783 praecepit
723 1710 887 1774 Deus,
917 1708 1009 1779 qui
1040 1708 1346 1764 libertatem
1377 1714 1705 1763 recusasset.

259 1802 485 1879 (61186.,
509 1805 649 1857 hom.
675 1802 710 1857 '5
737 1802 793 1856 in
812 1799 1035 1866 Esceh.,
1064 1809 1196 1854 tom.
1225 1794 1313 1871 ll.)
1343 1797 1634 1855 Sciendum
1654 1797 1781 1867 quia

1231 405 1498 465 GLOSSA
1536 404 1930 463 ORNNARIA.
1975 436 2041 446 —
2082 404 2210 461 LIB.
2253 400 2460 462 EXOD.

1804 522 1851 581 Α
1880 518 2008 573 tiam
2046 512 2328 583 restituat,
2358 514 2656 572 secundum
2678 512 2952 587 Evangelii
2984 514 3347 573 ministerium
3370 534 3468 576 ne-

3356 403 3463 462 258

1879 623 2032 665 cesso
2074 607 2316 664 habebit.
2360 606 2417 663 Si
2454 614 2636 661 autem
2687 605 2804 675 ipsa
2851 605 3032 660 anima
3073 621 3171 677 per
3219 623 3465 665 errorem

1878 709 2090 763 necata.
2120 709 2244 771 post
2280 700 2547 770 prolatum
2580 698 2909 764 abortivum,
2942 699 3044 754 hoc
3067 708 3152 755 est
3169 715 3304 771 opus
3323 717 3469 757 mor-

1880 790 2121 859 tiferum,
2149 793 2202 847 in
2232 791 2552 848 infidelitate
2573 782 3171 863 perseveraverit,‘sine
3191 793 3351 848 dubio
3375 808 3466 850 se-

1880 884 2071 940 ductor
2100 883 2274 949 illius,
2302 884 2459 954 quasi
2498 897 2663 939 verus
2701 882 3008 951 homicida,
3049 891 3251 940 :etcrna
3293 894 3468 940 morte

1880 991 2007 1032 reus
2031 977 2166 1059 erit.

1950 1068 2132 1141 (Aura,
2172 1079 2359 1141 quiest.
2409 1070 2479 1125 80
2520 1070 2573 1125 in
2617 1069 2817 1141 Exod.)
2857 1070 3010 1137 Quod
3040 1086 3147 1126 non
3178 1069 3467 1125 formatum

1878 1160 2230 1232 puerperium
2279 1160 2454 1215 noluit
2484 1162 2552 1216 ad
2599 1162 2948 1217 homicidium
2989 1164 3299 1234 pertinere,
3338 1170 3470 1229 etc.,

1877 1268 2042 1324 usque
2063 1252 2132 1306 ad
2159 1261 2212 1307 et
2242 1252 2362 1307 idco
2392 1252 2626 1308 nondum
2655 1253 2907 1308 sensibus
2932 1254 3176 1324 prmdita.

1951 1341 2153 1412 (Onte.,
2187 1344 2330 1397 hom.
2362 1342 2426 1397 10
2454 1344 2508 1397 in
2538 1343 2742 1415 Exod.)
2770 1341 2924 1409 Quod
2964 1345 3009 1399 si
3039 1345 3316 1416 litigabunt
3360 1347 3470 1400 duo

1872 1434 1998 1500 riri,
2029 1443 2077 1488 et
2115 1434 2465 1504 percusserint
2492 1434 3178 1511 mulierem‘prregnantem,
3203 1448 3250 1491 et
3287 1438 3471 1491 exierit

1878 1525 2057 1597 infans
2084 1525 2199 1597 ejus
2228 1526 2460 1579 nondum
2503 1525 2784 1595 formatus,
2821 1525 3186 1580 detrimentum
3222 1528 3472 1597 patietur,

1878 1626 2134 1689 quantum
2180 1614 2431 1669 indixerit
2461 1617 2541 1669 vir
2580 1615 2854 1681 mulieris,
2887 1626 2936 1671 et
2978 1617 3122 1671 dabit
3159 1635 3255 1689 pro
3294 1619 3474 1672 anima

1879 1724 1995 1762 sua.
2032 1705 2186 1773 Quod
2206 1707 2252 1761 si
2280 1707 2543 1777 formatus
2567 1707 2760 1777 fuerit,
2787 1708 2932 1762 dabit
2964 1712 3197 1763 animam
3229 1727 3324 1781 pro
3352 1692 3472 1763 ani-

1880 1814 1989 1863 ma,
2023 1797 2233 1852 oculum
2259 1813 2354 1868 pro
2383 1796 2557 1863 oculo,
2587 1807 2693 1879 etc.
2736 1796 2975 1852 Primum
3008 1798 3288 1853 videamus
3311 1799 3380 1854 de
3409 1813 3476 1853 co

188 1878 315 1952 cum
341 1895 520 1950 activa
546 1902 603 1948 et
638 1891 1056 1963 contemplativa
1087 1892 1197 1946 vita
1221 1905 1289 1946 ex
1316 1891 1412 1946 Dei
1444 1890 1612 1962 gratia
1650 1890 1775 1954 sint,
1808 1878 1856 1938 B
1886 1892 1977 1964 qui
2028 1891 2268 1946 nondum
2313 1889 2581 1948 formatus
2642 1891 2877 1958 exierit,
2927 1891 3200 1960 quomodo
3255 1889 3479 1961 jubctur

187 1996 327 2051 etc.,
356 2001 521 2060 usque
557 1984 627 2039 ad
656 1984 783 2055 quia
824 1983 913 2038 illa
959 1982 1114 2053 quies
1160 1982 1348 2037 intima
1391 1981 1448 2036 in
1499 1981 1785 2054 aenigmate

185 2080 429 2136 videtur.
564 2142 576 2153 ν

260 2171 375 2228 Sea:
422 2172 598 2226 annis.
650 2168 823 2243 (lsm.)
870 2170 926 2225 lu
972 2184 1068 2225 sex
1117 2168 1368 2224 aetatibus
1410 2165 1571 2237 hujus
1601 2166 1783 2223 seaculi

186 2262 514 2326 servientes,
545 2262 776 2333 septimo
804 2260 913 2326 die,
940 2259 993 2315 id
1033 2269 1118 2315 est
1141 2267 1348 2314 aeterno
1373 2257 1620 2324 sabbato,
1647 2257 1782 2315 libe-

188 2353 465 2420 rabimur,
496 2353 543 2408 si
589 2362 770 2418 tamen
808 2351 1140 2407 voluerimus
1184 2364 1307 2407 esse
1351 2349 1507 2406 liberi
1553 2350 1679 2406 dum
1727 2349 1783 2404 in

188 2446 299 2501 hoc
326 2443 530 2502 smeulo
557 2444 825 2501 servimus
855 2450 1100 2515 peccato.
1134 2440 1192 2497 Si
1219 2452 1399 2499 autem
1428 2439 1781 2507 uoluerimus,

186 2532 563 2607 perforabitur
587 2533 830 2589 auricula
858 2533 912 2587 in
959 2532 1332 2588 testimonium
1375 2530 1782 2596 inobedientiae,

186 2633 248 2681 et
263 2639 394 2680 cum
416 2639 587 2679 uxore
610 2634 665 2679 et
693 2614 821 2679 filiis
842 2621 1064 2688 nostris,
1096 2636 1234 2692 quos
1258 2620 1599 2692 praetulimus
1623 2619 1786 2676 liber-

188 2716 315 2783 tati,
340 2716 397 2772 id
424 2722 512 2772 est
530 2731 655 2772 cum
676 2729 842 2774 eme
865 2722 920 2771 et
964 2714 1219 2786 operibus
1246 2714 1386 2786 ejus,
1414 2722 1638 2786 peccato
1664 2727 1785 2769 ser-

187 2808 406 2866 viemus
430 2809 487 2865 in
513 2818 800 2865 aeternum.

260 2900 435 2958 Vens.
482 2902 675 2958 7-12.
703 2933 777 2942 —
817 2900 878 2958 Si
924 2899 1041 2973 quis
1089 2899 1380 2956 vendiderit
1424 2898 1629 2969 ﬁliam,
1674 2906 1781 2954 etc.

188 2992 383 3065 (Ana,
410 3000 598 3065 qua'st.
627 2992 697 3049 78
716 2994 771 3047 in
794 2990 993 3063 Exod.)
1023 2990 1144 3046 Non
1176 2990 1337 3045 abibit
1367 2990 1439 3045 ita
1467 3000 1519 3044 ut
1543 2987 1786 3043 recedunt

188 3084 430 3151 ancilla,
474 3097 603 3151 etc.,
631 3101 794 3156 usque
823 3084 893 3137 ad
921 3083 1236 3154 intelligitur
1259 3081 1401 3152 quod
1427 3097 1549 3138 cum
1575 3096 1641 3137 eo
1664 3095 1788 3153 gra-

187 3178 265 3235 tis
289 3176 483 3244 exibit,
513 3193 620 3232 non
650 3192 682 3232 a
708 3178 903 3232 marito
943 3183 1214 3246 separata.

260 3268 435 3325 Vens.
470 3238 670 3325 iiIi-i7.
696 3298 767 3309 ——
795 3266 899 3334 Qui
920 3238 1094 3321 aut-ent
1117 3282 1221 3320 non
1242 3276 1319 3321 est
1344 3263 1642 3327 insidiatus,
1674 3271 1779 3319 etc.
1811 3238 1857 3301 (ἶ

186 3362 383 3429 (8am,
413 3362 473 3418 in
501 3361 702 3426 Exod.,
727 3368 859 3416 tom.
884 3359 929 3414 ll
955 3360 974 3431 )
999 3358 1294 3415 llomicidis
1323 3374 1429 3415 non
1452 3357 1817 3440 spontaneis“

184 3464 328 3521 etc.,
361 3471 525 3525 usque
551 3454 621 3508 ad
667 3453 871 3510 Christi
902 3453 1165 3523 posuerit,
1190 3451 1374 3508 salvus
1401 3451 1527 3507 erit.

261 3544 457 3618 (Auc.,
488 3554 675 3616 quast.
708 3543 777 3600 79
806 3544 862 3598 in
890 3541 1093 3615 Exod.)
1140 3540 1202 3597 Si
1244 3552 1419 3598 autem
1468 3540 1669 3605 nolens,
1695 3541 1788 3595 sed

182 3635 344 3692 Deus
366 3633 649 3689 tradiderit
684 3636 738 3689 in
766 3650 955 3689 manus
978 3634 1116 3705 ejus,
1165 3642 1272 3689 etc.
1318 3632 1396 3688 Ita
1438 3632 1541 3689 hoc
1568 3631 1784 3698 dicitur,

183 3739 330 3791 etc.,
354 3741 521 3797 usque
545 3724 615 3779 ad
637 3734 694 3781 et
715 3722 884 3781 ludas
914 3725 1038 3780 ideo
1064 3721 1213 3793 iuste
1237 3722 1478 3778 tradidit.

261 3817 436 3873 Vens.
471 3816 558 3873 18.
582 3846 655 3856 -
680 3815 742 3872 Si
772 3815 934 3870 τεπαιὶ
983 3814 1200 3885 fuerint,
1253 3823 1358 3869 etc.
1409 3812 1593 3885 (Rm)
1641 3812 1788 3868 Idem

184 3916 302 3972 est,
328 3906 377 3962 si
409 3903 531 3976 quis
555 3921 679 3961 cum
710 3892 959 3977 proximo
981 3903 1316 3960 contendens
1341 3903 1540 3960 duritia
1568 3903 1787 3974 mentis,

182 4002 280 4059 vel
308 4002 602 4073 parcitate,
630 4000 937 4073 spernendo
960 3997 1170 4054 scilicet
1194 3997 1279 4054 vel
1308 4014 1417 4054 non
1438 3997 1787 4064 consulendo,

182 4091 592 4164 exasperavit;
644 4097 703 4145 et
750 4089 840 4145 ille
888 4088 1194 4145 infirmatus
1228 4088 1469 4155 tristitia,
1519 4103 1549 4143 a
1578 4086 1791 4145 fervore

183 4183 509 4241 dilectionis
528 4182 818 4255 languerit,
851 4196 979 4238 rcus
999 4196 1098 4253 per
1119 4179 1541 4247 confessionem,
1565 4196 1789 4252 operam

181 4276 534 4350 pcenitentia:
556 4284 613 4332 et
637 4277 938 4348 impensam
981 4275 1264 4348 promissas
1300 4269 1693 4331 emendationis
1734 4272 1790 4328 in

184 4367 460 4434 medicos,
522 4365 579 4422 id
605 4375 690 4424 est
733 4368 1004 4432 doctores,
1042 4364 1336 4437 impendat,
1385 4365 1476 4435 qui
1515 4362 1791 4420 infirmum

181 4458 394 4517 baculo
422 4456 816 4514 consolationis
841 4457 1094 4528 erigant,
1134 4465 1191 4512 et
1238 4454 1493 4513 fomentis
1533 4456 1792 4529 praedica-

1886 1988 2086 2043 damno
2131 1986 2373 2056 pecunia:
2402 1984 2611 2055 percuti
2654 2000 2797 2040 unus
2838 2000 2904 2039 ex
2950 1982 3315 2055 litigantibus,
3352 1998 3474 2039 cum

1885 2062 1993 2131 duo
2020 2076 2289 2131 dicantur.
2318 2073 2457 2142 Quid
2486 2074 2650 2129 etiam
2679 2074 2783 2129 hoc.
2812 2073 2958 2144 quod
2994 2073 3076 2127 vir
3103 2072 3343 2128 mulieris
3369 2072 3474 2127 im-

1885 2167 2035 2238 ponit
2061 2166 2135 2231 ei,
2165 2175 2219 2222 ct
2245 2180 2352 2221 non
2383 2165 2464 2220 eis
2489 2181 2503 2231 ;
2540 2174 2595 2220 ct
2632 2164 2801 2231 dabit,
2826 2172 2880 2219 et
2905 2177 3011 2219 non
3041 2163 3221 2233 potius
3249 2164 3474 2219 dabunt.

1886 2256 2039 2327 Quod
2070 2257 2117 2313 si
2142 2257 2326 2313 infans
2347 2256 2462 2327 jam
2495 2257 2762 2312 formatus
2805 2255 3033 2314 exierit.
3076 2256 3318 2310 animam
3346 2254 3477 2311 dare

1884 2369 1985 2424 pro
2032 2352 2211 2429 anima
2262 2350 2422 2407 facile
2461 2348 2854 2420 intelligimus:
2887 2357 3061 2403 morte
3114 2347 3323 2403 scilicet
3359 2348 3478 2403 vin-

1887 2442 2101 2498 dicetur
2146 2449 2456 2512 pcccatum.
2505 2439 2636 2506 Quae
2682 2447 2861 2495 autem
2911 2447 3250 2510 sequuntur,
3295 2454 3476 2510 operte

1884 2535 2121 2606 pretium
2175 2543 2259 2591 est
2310 2532 2604 2605 explicare.
2658 2532 2768 2587 Nec
2829 2530 2975 2587 enim
3027 2532 3247 2587 videtur
3308 2531 3475 2586 etiam

1886 2623 2063 2680 infans
2104 2623 2369 2680 formatus
2399 2621 2550 2679 calce
2595 2621 2860 2694 litigantis
2902 2636 3227 2692 percussus,
3258 2622 3483 2678 oculum‘

1886 2717 1941 2772 in
1969 2724 2160 2773 ventre
2202 2713 2538 2788 perdidisse,
2586 2713 2776 2770 dentes
2808 2728 2940 2770 vero
2971 2714 3192 2770 omnino
3234 2731 3342 2770 non
3383 2715 3481 2771 ha-

1888 2810 2024 2867 buit.
2056 2808 2114 2865 Si
2142 2810 2286 2865 enim
2317 2810 2423 2865 hoc
2470 2809 2539 2864 ad
2581 2816 2811 2864 matrem
2846 2808 3180 2874 referamus,
3209 2811 3479 2879 quomodo

1887 2903 2164 2959 abortiens
2210 2900 2406 2957 mulier
2450 2899 2665 2956 oculum
2708 2899 2919 2972 perdit,
2963 2907 3057 2955 aut
3087 2899 3277 2955 dentes
3300 2899 3480 2961 dolet?

1891 2994 2000 3052 Sed
2030 3004 2149 3052 esto
2177 3003 2271 3050 aut
2296 2995 2349 3050 in
2380 2993 2541 3051 oculo
2568 3000 2664 3048 aut
2705 2993 2758 3048 in
2791 2993 2952 3049 dente
2984 3008 3243 3065 percussa
3273 2993 3479 3049 aborti-

1887 3088 1998 3153 vit,
2034 3087 2260 3143 livorem
2298 3085 2381 3143 vel
2413 3085 2610 3142 vulnus
2635 3084 2882 3155 accepit,
2913 3083 3042 3154 quid
3065 3084 3231 3138 etiam
3255 3083 3480 3139 combu-

1889 3187 2099 3236 sturam
2135 3179 2368 3235 dicimus
2394 3193 2495 3250 pro
2522 3176 2906 3233 combustura?
2932 3174 3184 3247 Nunquid
3220 3175 3480 3247 litiganti-

1888 3274 1990 3329 bus
2018 3271 2151 3327 viris
2174 3271 2442 3327 assistens
2481 3267 2679 3325 mulier
2715 3266 2964 3324 comburi
2996 3268 3204 3338 potuit,
3233 3275 3291 3322 ut
3326 3281 3478 3322 com-

1887 3350 2249 3435 bustura'pro
2277 3362 2622 3419 combustum
2656 3359 2937 3416 solvatur?
2965 3358 3024 3415 lu
3061 3357 3482 3414 Dcuterononiio

1889 3472 2107 3528 quoque
2133 3455 2251 3510 hzee
2276 3453 2436 3511 facile
2461 3451 2723 3524 explicari
2746 3467 2854 3506 non
2885 3457 3111 3520 queunt.
3138 3449 3199 3503 lu
3236 3446 3484 3519 Scriptu-

1889 3547 1968 3603 ris
1991 3558 2170 3602 tamen
2194 3544 2386 3601 iisdem
2415 3539 2691 3599 vocabulis
2721 3547 2777 3595 et
2801 3537 2994 3595 officiis
3019 3538 3264 3593 membra
3285 3535 3480 3591 animae

1888 3636 2261 3700 nominantur,
2285 3633 2483 3703 quibus
2506 3637 2736 3686 utuntur
2759 3627 2843 3684 vel
2871 3627 3209 3703 appellantur
3233 3626 3477 3681 membra

1890 3727 2155 3798 corporis.
2186 3725 2340 3782 Unde
2372 3723 2563 3779 Matth.
2586 3738 2664 3778 vn
2698 3740 2712 3777 :
2744 3720 2898 3776 Vides
2938 3720 3195 3791 festucam
3227 3720 3283 3772 in
3328 3715 3481 3771 oculo

1892 3819 2076 3891 fratris
2107 3819 2206 3885 tui,
2228 3826 2278 3873 et
2307 3816 2506 3871 trabem
2528 3832 2647 3886 qua:
2672 3816 2730 3870 in
2759 3812 2913 3869 oculo
2946 3824 3036 3869 tuo
3081 3821 3156 3867 est
3188 3828 3289 3866 non
3320 3810 3480 3865 rides.

1890 3910 1960 3969 Et
1992 3910 2184 3965 Matth.
2221 3925 2322 3980 xiii
2348 3927 2361 3963 :
2388 3906 2492 3975 Qui
2528 3905 2681 3963 habet
2710 3922 2867 3961 aures
2898 3904 3149 3961 audiendi
3187 3903 3392 3957 audiat.
3415 3901 3486 3955 Et

1892 4004 2051 4059 Rom.
2076 4018 2109 4057 x
2127 4015 2143 4057 :
2163 4001 2336 4069 Quam
2354 3997 2574 4072 speciosi
2591 3997 2747 4070 pedes
2768 3994 3237 4069 euangelizandum
3262 4009 3442 4065 pacem
3462 3992 3484 4047 .'

1891 4098 1971 4156 Ne
1998 4114 2097 4155 nos
2116 4094 2659 4168 ergovocabulorum
2679 4092 2980 4151 similitudo
2999 4093 3311 4149 conturbet.
3335 4090 3478 4146 Sunt

1891 4207 2021 4264 ergo
2045 4192 2151 4248 duo
2178 4190 2475 4261 litigantes,
2517 4188 2625 4244 duo
2655 4186 3000 4257 disputantes
3044 4193 3101 4241 et
3140 4183 3485 4254 dogmatibus

1892 4288 1976 4343 vel
2004 4285 2394 4357 quaestionibus
2433 4282 2601 4355 legis,
2641 4290 2697 4336 et
2741 4280 2982 4335 rixantes
3009 4277 3483 4333 circa-verterunt

1893 4393 2129 4450 pugnas;
2162 4376 2304 4432 unde
2323 4374 2632 4444 Aposwlus,
2678 4370 2722 4426 ll
2763 4369 2904 4425 Tim.
2944 4384 2983 4423 ιι
3012 4383 3028 4422 :
3060 4365 3240 4422 Nolite
3269 4375 3482 4420 conten-

1893 4474 2017 4529 dere
2036 4472 2222 4534 verbis,
2254 4479 2360 4527 etc.
2392 4469 2461 4525 Et
2487 4467 2688 4524 ibidem
2716 4481 2732 4520 :
2758 4462 3089 4529 Qutcstiones
3117 4458 3247 4532 legis
3276 4459 3447 4514 devita
3466 4499 3482 4524 ,

186 4552 418 4609 tionum
457 4549 515 4605 in
554 4548 846 4620 pristinum
887 4547 1195 4605 dilectionis
1232 4556 1437 4605 statum
1480 4546 1786 4602 restituant.

1895 4564 2064 4619 sciens
2095 4560 2236 4633 quod
2259 4566 2507 4630 generant
2539 4556 2674 4610 lites.
2705 4552 2809 4623 Qui
2839 4566 2970 4623 ergo
3000 4551 3118 4608 istis
3144 4551 3200 4606 in
3226 4550 3482 4622 quatstio-

183 4644 252 4700 In
283 4641 632 4699 correctione
653 4639 964 4696 necessaria
994 4646 1079 4695 est
1100 4640 1380 4705 discretio,
1411 4654 1479 4694 ne
1501 4638 1594 4710 qui
1621 4638 1790 4694 corrio

183 4750 328 4805 gere
362 4733 541 4800 debet,
571 4731 806 4798 occidat,
838 4730 921 4788 vel
948 4730 1005 4785 in
1038 4731 1471 4801 desperationem
1502 4727 1587 4785 vel
1605 4728 1789 4783 odium

184 4826 401 4882 mittat.

262 4916 439 4974 Vens.
462 4916 657 4973 ’ξε-28.
681 4914 832 4973 —Si
856 4915 1019 4971 rimati
1039 4914 1256 4985 fuerint.
1287 4911 1410 4987 (10.)
1442 4912 1501 4969 Si
1535 4912 1657 4984 quis
1690 4910 1791 4965 ali-

183 5009 358 5080 cujus
377 5010 655 5075 animam,
686 5015 809 5079 post
828 5016 1149 5076 conceptum
1180 5003 1363 5070 verbi,
1393 5018 1490 5075 per
1526 5003 1787 5058 incuriam

183 5103 280 5159 vel
308 5100 558 5157 fraudem
588 5099 810 5166 laeserit,
836 5107 896 5153 ut
920 5098 1082 5153 vitale
1100 5112 1322 5169 germen
1351 5096 1475 5154 boni
1501 5095 1683 5167 operis
1704 5110 1791 5150 sa-

186 5208 331 5250 num
352 5192 601 5265 proferre
627 5207 736 5247 non
764 5190 937 5261 possit
966 5208 980 5245 :
1013 5190 1180 5245 etiam
1210 5190 1257 5244 si
1277 5190 1393 5259 ipsa
1415 5187 1591 5243 adhuc
1607 5187 1660 5243 in
1686 5186 1789 5243 fide

187 5285 391 5342 vivens
420 5283 762 5356 perstiterit,
796 5292 854 5338 ut
880 5282 1138 5337 damnum
1166 5282 1376 5337 illatum
1400 5297 1498 5354 per
1520 5282 1789 5355 pteniten-

190 5439 328 5496 Non
353 5440 688 5512 concupisces
715 5439 929 5494 domum
953 5440 1178 5512 proximi
1204 5440 1299 5503 tui,
1333 5457 1427 5497 nec
1467 5440 1790 5496 desiderabis

188 5526 421 5566 uxorem
451 5509 586 5582 ejus,
624 5527 809 5581 neque,
839 5509 961 5566 etc.
991 5509 1328 5582 Augustinus
1366 5522 1547 5567 autem
1596 5527 1692 5567 eas
1736 5512 1789 5566 in

146 5592 157 5599 '
187 5582 311 5636 duo
334 5581 605 5653 praeoptat
633 5582 836 5653 divisit,
881 5581 1033 5653 quia,
1064 5591 1124 5637 ut
1169 5581 1304 5645 dixi,
1355 5592 1684 5652 prmecptum
1726 5587 1794 5637 de

189 5648 374 5707 uxore
398 5648 531 5706 non'
552 5648 985 5709 concupiscenda
1027 5668 1133 5707 non
1177 5648 1568 5709 subordinatur
1592 5653 1794 5707 divitiis

192 5738 311 5777 non
338 5722 808 5794 concupiscendis,
867 5723 1004 5779 sicut
1055 5738 1156 5794 nec
1200 5723 1313 5793 ipsa
1359 5722 1793 5793 concupiscentia

196 5793 380 5865 vctine
409 5792 700 5865 voluptatis
729 5794 1014 5848 ordinatur
1055 5792 1122 5846 ad
1150 5792 1643 5865 concupiscentiam
1669 5810 1796 5864 pos-

193 5864 658 5932 sessionum,’scd
682 5865 876 5921 diversi
904 5864 1116 5935 generis
1157 5864 1287 5919 sitia
1324 5874 1632 5938 procreant,
1674 5881 1793 5936 qua:

1894 4656 2057 4712 nibus
2080 4652 2296 4724 litigant
2337 4650 2405 4705 ad
2450 4645 2860 4704 subversionem
2895 4640 3264 4707 audientium,
3296 4656 3487 4712 percu-

1894 4746 2036 4801 tiunt
2076 4742 2361 4800 mulierem
2405 4732 2807 4810 praegnantem,
2857 4742 2915 4790 et
2959 4732 3183 4803 cjiciunt
3222 4731 3481 4789 infantem

1892 4835 2185 4892 formatum
2216 4831 2300 4887 vel
2329 4830 2505 4886 adhuc
2532 4827 2839 4883 informem.
2872 4823 3066 4881 Mulier
3091 4840 3378 4896 praegnans
3407 4825 3484 4879 di-

1892 4929 2036 4986 citur
2068 4927 2270 4990 anima,
2295 4939 2418 4995 quae
2448 4937 2619 4994 nuper
2635 4920 2886 4992 concepit
2902 4919 3127 4977 verbum
3144 4919 3274 4984 Dei;
3304 4918 3476 4973 unde:

1893 5019 1936 5075 Α
1970 5019 2156 5073 timore
2184 5026 2309 5080 tuo,
2332 5013 2555 5069 Domine
2573 5052 2589 5077 ,
2619 5012 2675 5066 in
2706 5021 2853 5066 utero
2892 5010 3223 5089 concepimus
3247 5018 3295 5063 et
3328 5024 3480 5077 μεμε--

1898 5111 2065 5166 rimus
2110 5108 2246 5183 (lsa.
2287 5107 2459 5173 xxvi).
2501 5104 2603 5173 Qui
2640 5118 2772 5172 ergo
2819 5102 3159 5172 concipiunt,
3202 5110 3259 5155 et
3299 5100 3480 5155 statim

1897 5203 2139 5274 pariunt,
2166 5218 2271 5257 non
2295 5199 2551 5255 mulieres
2573 5195 2950 5254 existimanda:
2994 5206 3149 5259 sunt,
3178 5197 3272 5250 sed
3302 5194 3404 5249 viri
3430 5202 3486 5248 et

1898 5292 2159 5365 perfecti;
2188 5293 2331 5349 unde
2358 5290 2487 5346 alibi
2517 5307 2531 5345 :
2567 5288 2627 5345 Si
2663 5288 2859 5360 peperit
2898 5296 3039 5341 terra
3066 5285 3122 5341 in
3153 5302 3258 5340 una
3288 5286 3403 5350 die,
3434 5295 3481 5340 et

1898 5442 2124 5574 Proinde
2147 5447 2377 5504 diversis
2430 5446 2641 5517 legibus
2686 5444 3095 5517 prohibeantur.
3156 5442 3335 5511 Quare
3371 5447 3484 5497 tota

1918 5535 2014 5574 nec
2041 5519 2331 5574 diversitas
2356 5518 2409 5573 in
2446 5533 2503 5573 re
2553 5519 2666 5574 insa
2706 5517 3013 5571 consentit:
3066 5515 3177 5570 sive
3206 5513 3349 5567 enim
3377 5523 3482 5563 una

1918 5535 2014 5574 nec
2041 5519 2331 5574 diversitas
2356 5518 2409 5573 in
2446 5513 2512 5573 re
2553 5519 2666 5588 ipsa
2688 5513 3017 5588 ’consentit;
3066 5515 3177 5570 sive
3206 5513 3349 5588 enim
3377 5523 3482 5563 una

1898 5589 2035 5662 lege,
2086 5590 2201 5645 sive
2252 5591 2464 5662 duabus
2514 5581 2790 5662 distinctis
2848 5586 3238 5662 prohibeantur
3281 5581 3480 5662 aliqua,

1899 5657 2038 5717 idem
2066 5669 2146 5716 est
2178 5661 2342 5717 modo
2385 5660 2609 5715 fatearis
2656 5657 2847 5712 iisdem
2897 5657 3078 5711 verbis
3131 5668 3250 5709 esse
3292 5657 3481 5707 eadem

1897 5732 2191 5802 prohibita,
2222 5732 2349 5788 licet
2385 5731 2626 5803 ambigas
2672 5728 2871 5783 faciant
2909 5742 2974 5782 ne
3005 5724 3167 5781 verba
3200 5723 3289 5778 illa
3322 5738 3483 5777 unam

1897 5820 1964 5858 an
1988 5804 2123 5860 duas
2148 5803 2312 5877 leges.
