3998 6332
539 379 648 436 259
752 414 755 417 ‹

1031 372 1425 431 WALAFRIDI
1463 370 1708 430 STRABl
1744 367 1948 426 FULD.
1989 366 2153 423 MON.
2191 365 2340 423 OPP.
2380 364 2560 423 PARS
2592 363 2634 418 1.
2673 394 2742 405 --
2779 359 3211 420 THEOLOGICA

3669 364 3769 425 260

540 499 665 546 nata
691 496 765 543 est
785 501 907 557 gens
930 485 1015 539 die
1040 500 1147 539 una
1172 481 1330 537 simul
1365 480 1498 554 (Isa.
1530 480 1695 552 vat).
1731 479 1840 535 lsta
1869 487 1954 534 est
1981 492 2109 550 ergo
2135 481 2189 543 Α
2211 477 2359 532 verbi
2382 476 2700 532 comminuit
2716 484 2774 531 et
2793 476 2998 532 dividit.
3016 475 3242 549 Propter
3260 477 3365 533 hoc
3388 477 3533 534 enim
3553 476 3775 538 fortasse

540 579 816 650 generatio
842 574 1224 646 perfecturum,
1251 588 1371 643 qua:
1400 574 1453 627 in
1480 572 1568 627 die
1598 571 1786 627 eadem
1815 570 2115 639 concipitur

543 681 598 728 et
627 670 886 726 nascitur.
916 666 1139 721 Pariunt
1164 673 1345 719 autem
1374 663 1476 719 viri
1501 663 1797 718 secundum
1837 661 1967 716 illud
1990 659 2109 715 Gal.

543 779 597 817 tv
623 780 635 816 :
666 758 849 813 Filioli
877 758 998 822 mei,
1028 772 1157 827 quos
1179 755 1365 809 iterum
1395 755 1651 825 parturio,
1680 752 1842 806 donec
1864 752 2115 821 formetur

543 854 602 907 in
623 851 766 906 vobis
794 848 1051 926 Cltt‘istus.
1078 845 1307 900 Perfecti
1326 859 1455 914 ergo
1469 851 1523 897 et
1545 842 1647 897 viri
1675 842 1854 895 statim
1875 840 2113 910 pariunt,

545 943 601 997 id
622 950 726 1005 est,
759 946 1079 1008 conceptum
1105 935 1227 991 fidei
1255 936 1477 990 verbum
1507 934 1561 987 in
1584 947 1746 1003 opera
1774 930 2074 1001 perducunt
2099 947 2111 984 :

547 1034 729 1089 anima
756 1040 935 1087 autem
972 1045 1093 1101 qua:
1126 1027 1392 1098 concipit,
1419 1034 1473 1080 et
1514 1025 1568 1080 in
1600 1032 1790 1079 ventre
1831 1021 2030 1076 retinet
2063 1029 2119 1076 ct

549 1140 655 1180 non
682 1124 846 1194 parit,
875 1121 1070 1178 mulier
1096 1119 1310 1174 dicitur.
1343 1116 1493 1171 Unde
1514 1114 1618 1169 lsa.
1649 1128 1834 1167 xxxv"
1859 1130 1871 1164 :
1899 1109 2116 1165 Dolores

547 1226 730 1287 partus
754 1213 1069 1268 advenerunt
1093 1210 1141 1263 ei
1163 1222 1181 1260 :
1204 1217 1253 1263 et
1276 1209 1439 1262 rirtus
1463 1203 1702 1277 pariendi
1732 1219 1835 1258 non
1859 1212 1933 1257 est
1958 1203 2013 1256 in
2033 1218 2113 1256 ea.

550 1304 676 1360 llzec
704 1318 867 1372 ergo,
898 1302 1039 1356 inter
1073 1314 1132 1355 se
1174 1300 1381 1353 duobus
1410 1296 1743 1367 litigantibus
1783 1302 1840 1350 et
1868 1293 2118 1350 scandala

547 1394 966 1466 proferentibus,
983 1389 1284 1463 percutitur
1297 1396 1352 1443 et
1369 1385 1760 1443 scandalizatur
1783 1401 1797 1439 :
1822 1393 1882 1438 ut
1898 1383 2118 1438 verbum

549 1484 671 1539 ﬁdei
693 1482 836 1553 quod
859 1481 1091 1535 tenuiter
1116 1482 1436 1546 conceperat
1458 1474 1696 1529 nondum
1718 1470 2005 1526 formatum
2024 1471 2120 1526 ab-

543 1573 717 1643 jiciat.
749 1573 844 1627 Est
873 1571 1021 1626 enim
1066 1569 1121 1622 in
1163 1566 1433 1636 aliquibus
1470 1562 1759 1619 formatum
1788 1560 2035 1625 verbum,
2064 1560 2118 1615 in

549 1663 814 1732 aliquibus
833 1676 936 1716 non
964 1658 1282 1721 formatum;
1301 1654 1441 1709 unde
1465 1671 1479 1707 :
1503 1652 1675 1708 Donec
1697 1649 2017 1720 formeturiu
2036 1664 2120 1703 vo-

549 1755 626 1808 bis
649 1752 886 1806 Christus
905 1748 1047 1821 (Cal.
1074 1748 1181 1820 tv);
1210 1745 1458 1801 Christus
1480 1744 1622 1800 enim
1639 1750 1721 1797 est
1737 1741 1975 1796 Verbum
2002 1739 2115 1795 Dei.

2215 569 2283 624 de
2324 566 2552 622 Domino
2600 566 2797 622 dicitur
2820 583 2838 620 :
2865 565 3055 622 Dentes
3112 577 3442 638 peccatorum
3494 571 3776 625 contrivisti

2216 657 2354 730 (Psl.
2378 656 2482 730 ιιι).
2512 657 2579 712 Ει
2603 656 2731 713 alibi
2765 675 2781 715 :
2809 656 2982 712 Malas
3018 656 3229 712 leonum
3265 657 3557 728 confringet
3600 656 3776 713 Domi-

2216 765 2313 803 nus
2360 746 2532 819 (Psal.
2556 747 2709 819 Lvu).
2741 746 2835 802 Sic
2864 761 2992 819 ergo
3016 761 3114 818 per
3156 747 3395 803 membra
3439 747 3638 803 dicitur
3663 746 3777 803 laedi

2216 837 2399 892 anima
2410 846 2465 892 et
2489 837 2721 908 percuti.
2737 835 2951 891 Manum
2972 851 3185 907 quoque
3202 851 3302 908 pro
3320 851 3502 903 manu,
3516 845 3573 892 et
3590 836 3776 908 pedem

2214 942 2313 997 pro
2333 927 2470 999 pede
2489 927 2751 997 deposcit.
2786 926 2977 982 Manus
3002 926 3197 983 animae
3213 965 3228 993 ,
3259 927 3432 983 virtus
3460 943 3569 998 qua
3593 937 3778 985 tenere

2217 1018 2418 1088 aliquid
2446 1026 2503 1073 et
2530 1032 2627 1073 cor
2654 1018 2918 1088 stringere
2940 1026 3153 1088 potest,
3183 1026 3244 1075 ut
3269 1028 3424 1076 actus
3450 1018 3568 1089 ejus
3588 1029 3647 1077 et
3679 1020 3782 1078 for-

2219 1110 2418 1176 titudo;
2449 1118 2504 1165 et
2528 1124 2625 1180 pes
2646 1124 2753 1181 quo
2779 1107 2982 1167 incedit
3005 1109 3074 1165 ad
3094 1109 3232 1166 bona
3254 1110 3341 1167 vel
3360 1111 3430 1167 ad
3459 1112 3621 1168 mala.
3649 1112 3777 1181 Quia

2215 1216 2344 1272 ergo
2372 1200 2733 1257 scandalizata
2758 1201 2938 1257 anima
2965 1216 3071 1258 non
3095 1201 3266 1259 solum
3287 1203 3343 1259 in
3369 1202 3473 1259 fide
3498 1205 3595 1259 sed
3622 1205 3779 1260 etiam

2218 1292 2271 1347 in
2319 1292 2530 1347 actibus
2577 1291 2846 1363 dejicitur,
2888 1292 2981 1362 qui
3027 1307 3125 1363 per
3167 1308 3359 1350 manus
3395 1292 3777 1365 significantur,

2217 1397 2411 1437 manus
2438 1381 2757 1438 auferuntur
2783 1382 2954 1450 illius,
2982 1385 3179 1455 quibus
3208 1400 3315 1442 non
3337 1386 3475 1442 bene
3508 1395 3780 1459 operatur,

2216 1482 2274 1529 et
2316 1474 2511 1544 pedes,
2545 1474 2741 1545 quibus
2782 1490 2890 1530 non
2934 1475 3072 1530 bene
3096 1475 3313 1531 incedit.
3344 1475 3590 1546 Recipiet
3628 1477 3780 1532 etiam

2217 1563 2650 1629 combusturam,
2697 1563 2822 1633 quia
2871 1564 3166 1621 combussit
3190 1573 3244 1620 et
3268 1565 3527 1634 gehennae
3569 1565 3783 1620 tradidit

2220 1654 2478 1709 animam.
2515 1653 2619 1710 Per
2648 1653 2857 1725 singula
2882 1654 2997 1709 haec
3032 1654 3359 1721 ostenditur,
3393 1662 3455 1709 ut
3481 1669 3783 1725 percussor,

2222 1744 2483 1801 truncatis
2497 1744 2749 1801 omnibus
2773 1743 3050 1810 membris,
3072 1761 3100 1801 a
3116 1759 3346 1816 corpore
3367 1745 3625 1802 Ecclesiae
3650 1747 3787 1803 exci-

550 1842 814 1897 Damnum
837 1855 964 1909 ergo
992 1838 1246 1908 patietur,
1270 1836 1360 1906 qui
1382 1833 1639 1891 excussit.
1654 1834 1729 1888 De
1743 1830 1954 1887 damnis
1994 1844 2123 1903 ergo
2150 1827 2198 1888 Β
2224 1833 2401 1900 datur,
2431 1844 2490 1889 ut
2517 1835 2701 1891 ueteri
2728 1835 2973 1891 videntes
2998 1835 3250 1892 timorem
3290 1836 3553 1903 habeant,
3592 1846 3655 1893 et
3689 1854 3789 1893 non

549 1932 823 1985 doctorem
852 1929 980 1984 dicit
998 1926 1287 1998 Apostolus
1314 1925 1333 1979 l
1360 1924 1484 1980 Cor.
1514 1940 1573 1978 ιιι
1593 1941 1606 1977 :
1627 1922 1685 1977 Si
1706 1923 1859 1992 cujus
1882 1936 2011 1992 opus
2035 1935 2122 1973 ar-

547 2023 672 2076 serit
698 2021 946 2074 damnum
967 2019 1213 2089 patietur,
1237 2024 1342 2071 etc.
1373 2016 1437 2070 Et
1462 2015 1577 2085 ipse
1600 2013 1858 2069 Dominus
1880 2012 1933 2066 in
1953 2010 2123 2066 Evan-

547 2112 707 2183 gelio,
740 2112 929 2166 Matth.
959 2125 1049 2164 va
1077 2123 1092 2162 :
1123 2108 1262 2175 Quid
1281 2106 1489 2179 prodest
1516 2105 1714 2160 homini
1748 2105 1793 2158 si
1826 2104 2121 2157 universum

546 2204 799 2257 mundum
820 2202 1069 2266 lucretur,
1094 2200 1323 2253 animum
1348 2207 1519 2251 autem
1548 2212 1700 2251 suam
1729 2194 1952 2264 perdat?
1972 2193 2123 2250 Unde

548 2293 761 2347 videtur
790 2291 1003 2348 ostendi
1037 2288 1181 2360 quod
1222 2288 1468 2359 quaedam
1501 2293 1720 2356 peccata
1760 2283 1829 2338 ad
1864 2283 2120 2338 damnum

546 2382 837 2452 pertinent,
866 2394 971 2436 non
1017 2387 1196 2432 tamen
1229 2376 1296 2430 ad
1338 2375 1646 2439 interitum,
1694 2375 1818 2444 quia
1857 2373 1950 2443 qui
1976 2373 2123 2427 dam-

545 2489 670 2528 num
697 2486 889 2543 passus
916 2469 1102 2533 fuerit,
1133 2466 1331 2521 salvari
1358 2465 1576 2529 dicitur,
1606 2464 1733 2518 licet
1764 2478 1865 2532 per
1902 2463 2117 2533 ignem:

544 2562 686 2616 unde
717 2560 945 2614 Joannes
977 2558 1108 2613 dicit
1131 2555 1374 2626 quaedam
1397 2561 1617 2623 peccata
1641 2567 1759 2608 esse
1779 2551 1845 2606 ad
1867 2561 2117 2618 mortem,

546 2650 790 2720 qumdam
812 2663 917 2701 non
939 2645 991 2717 (I
1011 2645 1172 2699 Joan.
1196 2642 1417 2715 v).Quae
1435 2651 1616 2697 autem
1640 2642 1747 2696 sint
1768 2641 1835 2694 ad
1869 2648 2116 2704 mortem,

548 2755 655 2795 non
687 2738 844 2794 facile
870 2736 1101 2792 discerni
1127 2742 1343 2805 potest,
1373 2733 1573 2788 Delicta
1617 2733 1754 2786 enim
1781 2731 1896 2803 quis
1933 2730 2123 2786 intelli-

545 2834 616 2902 git
637 2833 662 2885 ?
683 2829 855 2899 (Psal.
881 2827 1055 2899 xvm.)
1076 2827 1182 2882 Sed
1212 2841 1335 2881 cum
1362 2824 1664 2879 referuntur
1703 2837 1864 2893 super
1889 2823 2123 2892 quinque

549 2938 702 2978 muas
736 2920 1010 2990 acquisita}
1052 2918 1171 2973 alia:
1204 2916 1478 2988 quinque,
1517 2920 1572 2969 et
1616 2927 1778 2983 super
1819 2913 1951 2967 duas
2003 2911 2121 2966 duae

547 3012 696 3085 (Luc.
723 3012 855 3081 xu),
886 3010 978 3081 qui
1006 3008 1307 3064 mercedem
1336 3005 1493 3075 huius
1516 3004 1887 3075 acquisitiouis
1914 3003 2117 3076 perdit,

546 3103 742 3158 damno
765 3101 962 3157 dicitur
981 3098 1210 3172 percuti,
1232 3098 1373 3154 sicut
1397 3097 1490 3167 qui
1525 3112 1743 3152 causam
1770 3094 2006 3151 scandali
2037 3094 2119 3149 iu-

545 3191 772 3246 firmiori
810 3199 861 3244 et
915 3166 1686 3256 muliebri'animmiprmbuit.
1732 3183 1890 3239 Dabit
1935 3193 2113 3237 autem
2141 3166 2189 3231 C

546 3280 839 3337 secundum
860 3278 1002 3351 quod
1033 3276 1286 3332 indixerit
1312 3276 1398 3330 vir
1437 3273 1555 3343 ejus
1574 3314 1590 3342 ,
1618 3281 1673 3328 et
1700 3273 1849 3329 dabit
1878 3288 2000 3328 cum
2027 3271 2121 3327 ho-

546 3384 676 3426 nore
708 3370 902 3425 anima:
929 3366 1206 3424 discentis.
1235 3365 1332 3421 Vir
1358 3365 1617 3435 magister
1643 3371 1725 3418 est
1743 3361 2012 3427 Christus,
2035 3360 2118 3416 vel

545 3480 636 3533 qui
662 3479 758 3534 pro
785 3460 1003 3517 Christo
1024 3459 1329 3516 animarum
1359 3457 1548 3513 doctor
1573 3464 1674 3509 est.
1712 3452 1954 3509 Patietur
1987 3466 2120 3523 ergo

544 3559 798 3611 damnum
827 3554 918 3623 qui
945 3550 1219 3608 contendit
1242 3550 1310 3604 ad
1337 3547 1741 3604 subversionem
1763 3543 2117 3607 audientium,

543 3662 644 3716 pro
673 3645 850 3700 anima
878 3658 998 3714 quas
1023 3643 1261 3697 nondum
1285 3638 1474 3695 habuit
1498 3639 1753 3694 infantem
1788 3636 2075 3692 formatum
2101 3652 2114 3688 :

545 3737 689 3806 quod
717 3744 891 3806 potest
915 3735 980 3790 de
1017 3732 1271 3788 scandan
1307 3729 1680 3786 catechumeni
1718 3728 1911 3798 accipi.
1936 3727 2122 3782 Potest

545 3827 708 3882 etiam
753 3824 869 3880 fieri
894 3832 951 3878 ut
983 3824 1076 3893 qui
1104 3821 1287 3899 laesit,
1319 3819 1556 3876 instruat
1592 3827 1647 3875 et
1678 3828 1893 3888 reparet
1926 3816 2121 3871 aniuiae

548 3914 666 3988 quae
692 3914 945 3985 perdidit,
974 3922 1028 3969 et
1052 3926 1173 3967 cum
1200 3912 1423 3973 honore,
1455 3924 1575 3965 cum
1613 3909 1871 3965 modestia
1893 3906 2116 3972 scilicet,

547 4020 670 4060 cum
706 4000 1135 4065 mansuetudine,
1157 4014 1265 4055 non
1291 4012 1413 4053 cum
1444 3998 1561 4063 lite,
1588 3998 1728 4052 sicut
1752 4012 1877 4051 cum
1901 3997 2122 4052 scandi»

546 4096 657 4150 lum
686 4093 884 4149 intulit.
916 4091 1023 4149 Sed
1052 4106 1174 4146 cum
1206 4088 1471 4145 formatus
1510 4087 1691 4144 infans
1742 4087 1934 4154 fuerit,
1970 4089 2121 4145 dabit

547 4188 781 4241 animam
826 4199 925 4254 pro
966 4182 1165 4237 anima.
1196 4180 1485 4236 Formatus
1528 4180 1704 4234 infans
1730 4189 1908 4249 potest
1949 4180 2118 4234 videri

546 4292 724 4331 sermo
752 4275 845 4330 Dei
876 4275 928 4328 in
957 4272 1120 4329 corde
1149 4271 1341 4326 animae
1363 4286 1483 4341 quae
1509 4271 1752 4341 suscepit
1773 4271 2001 4340 gratiam
2032 4270 2120 4325 ha-

548 4367 835 4439 plismatis,
864 4364 949 4419 vel
988 4363 1080 4433 qui
1106 4362 1408 4419 evidentius
1450 4370 1506 4415 et
1545 4361 1743 4418 clarius
1778 4361 1997 4418 verbum
2024 4361 2118 4417 Dei

547 4460 804 4529 suscepit.
848 4458 1057 4512 Reddet
1089 4470 1217 4526 ergo
1257 4453 1349 4524 qui
1387 4454 1717 4525 percussit,.
1744 4454 1981 4508 animam
2019 4468 2119 4523 pro

547 4550 725 4604 anima
756 4548 808 4602 in
839 4548 923 4602 die
943 4545 1153 4613 iudicii,
1181 4544 1390 4601 scilicet
1429 4544 1570 4615 apud
1606 4560 1730 4601 eum
1760 4545 2000 4615 judicem
2027 4544 2119 4614 qui

548 4646 725 4709 potest
748 4637 982 4690 animam
1006 4643 1061 4691 et
1084 4650 1282 4706 corpus
1314 4636 1542 4705 perdere
1580 4636 1634 4690 in
1669 4637 1993 4707 gehennam.
2022 4635 2120 4691 Vel

549 4740 608 4786 ut
633 4730 724 4800 qui
755 4729 856 4785 sibi
883 4728 1134 4784 conscius
1160 4728 1322 4784 fuerit
1348 4729 1483 4784 tanti
1520 4716 1787 4795 scandali,
1814 4738 1979 4800 ponat
2006 4729 2122 4784 ani-

550 4839 692 4878 mam
714 4836 865 4876 suam
895 4836 993 4891 pro
1013 4821 1192 4876 anima
1214 4822 1585 4889 scandalizati,
1612 4830 1668 4877 et
1693 4836 1862 4892 usque
1886 4824 1955 4879 ad
1980 4836 2123 4878 mor-

554 4926 662 4970 tem
685 4915 774 4969 det
804 4928 1024 4984 operam
1056 4914 1326 4984 quomodo
1355 4915 1423 4969 ad
1457 4914 1617 4970 fidem
1651 4914 1987 4969 restituatur.
2025 4914 2122 4969 Po.

554 5016 649 5062 nat
689 5007 901 5063 oculum
947 5021 1047 5076 pro
1085 5006 1242 5061 oculo
1268 5024 1281 5059 :
1305 5005 1349 5061 si
1378 5006 1592 5061 oculum
1627 5005 1822 5060 animae
1862 5004 2028 5069 laesit.
2069 5005 2123 5059 id

553 5106 657 5164 cst,
688 5090 1164 5167 intellectum‘ejus
1189 5097 1460 5162 turbavit,
1497 5094 1772 5151 auferatur
1796 5096 1983 5152 oculus
2008 5094 2125 5165 ejus

552 5189 622 5244 ab
651 5203 714 5243 eo
743 5189 833 5258 qui
870 5199 1066 5258 praeest
1090 5187 1364 5254 Ecclesiae,
1386 5188 1443 5243 id
1462 5194 1545 5242 est
1570 5188 1890 5244 intellectus.
1915 5187 1973 5243 Si
1996 5190 2126 5243 dcu-

554 5286 660 5331 tem
701 5276 840 5332 laesit
860 5318 875 5343 ,
907 5277 999 5348 qui
1033 5277 1332 5347 suscipiens
1369 5276 1547 5332 cibum
1587 5278 1737 5332 verbi
1770 5277 1862 5332 Dei
1894 5278 2121 5334 commi-

553 5382 718 5423 nuere
756 5368 839 5423 vel
877 5367 1174 5423 molaribus
1218 5375 1395 5421 terere
1424 5366 1658 5433 solebat,
1692 5379 1751 5422 ut
1777 5368 2026 5423 subtilem
2056 5367 2123 5422 ad

553 5468 793 5515 ventrem
822 5460 1014 5515 animae
1044 5459 1432 5514 transmitteret
1461 5474 1676 5516 sensum
1705 5479 1719 5515 :
1753 5461 1797 5516 si
1828 5462 1971 5517 hunc
1991 5461 2123 5517 den-

554 5559 665 5607 tem
707 5552 794 5608 ille
823 5552 1103 5608 vexaverit
1140 5558 1196 5606 et
1240 5551 1498 5607 evulserit
1518 5594 1535 5617 ,
1566 5563 1626 5609 ut
1657 5555 1981 5611 contritione
2011 5556 2127 5626 ejus

555 5660 658 5700 non
683 5647 853 5717 possit
881 5647 1059 5701 anima
1088 5645 1360 5701 subtiliter
1385 5654 1440 5701 et
1465 5647 1816 5717 spiritualiter
1849 5649 2126 5718 suscipere

555 5735 774 5792 verbum
804 5737 919 5803 Dei,
946 5736 1221 5792 auferetur
1242 5736 1372 5793 deus
1400 5738 1538 5809 ejus,
1566 5738 1656 5807 qui
1680 5752 1785 5793 non
1809 5738 1946 5793 bene
1974 5740 2123 5793 cibos

2218 1923 2468 1980 similiter
2503 1923 2724 1981 faciant.
2758 1923 2886 1981 Ideo
2922 1925 3209 1994 Apostolus
3249 1940 3372 1981 cum
3400 1925 3680 1982 doctorem
3707 1927 3789 1982 de-

2218 2016 2702 2082 scribitEcclesim,
2732 2017 2874 2072 inter
2903 2026 3098 2072 caetera
3129 2018 3406 2088 praecipit,
3446 2035 3551 2074 non
3587 2036 3790 2091 percus-

2217 2118 2385 2159 sorem
2412 2103 2465 2176 (1
2494 2104 2629 2159 Tim.
2652 2106 2737 2176 ιιι)
2767 2122 2780 2159 :
2811 2119 2880 2160 ne
2903 2106 3211 2174 percutiens
3233 2116 3574 2178 praegnantes
3610 2108 3790 2163 mulie-

2221 2209 2324 2259 res,
2358 2195 2520 2253 idest
2559 2195 2770 2250 animas
2814 2195 3161 2266 insipientes,
3196 2204 3368 2267 ponat
3417 2197 3658 2252 animam
3702 2213 3790 2268 pro

2219 2286 2433 2352 anima,
2478 2284 2693 2341 oculum
2735 2300 2834 2355 pro
2872 2286 3055 2352 oculo,
3102 2288 3316 2344 dentem
3344 2302 3444 2358 pro
3469 2288 3660 2357 dente,
3688 2299 3786 2346 etc.

2222 2379 2295 2433 De
2317 2376 2566 2448 qualibus
2592 2376 2789 2432 dicitur
2812 2376 3000 2434 Matth.
3024 2394 3152 2433 xxxv
3176 2398 3190 2433 :
3227 2377 3317 2435 Vw
3334 2381 3731 2451 prtegnantibus
3748 2390 3790 2436 et

2220 2467 2566 2521 nutrientibus
2594 2467 2649 2520 in
2674 2465 2779 2523 illis
2813 2466 3018 2535 diebus,
3049 2469 3105 2524 in
3132 2467 3317 2545 quibus
3340 2468 3788 2531 scandalizabun-

2220 2566 2328 2624 tur,
2350 2559 2396 2613 si
2420 2558 2538 2629 ﬁeri
2558 2568 2743 2629 potest,
2770 2559 2926 2613 etiam
2944 2558 3112 2614 electi.
3135 2559 3425 2616 Sciendum
3446 2569 3633 2618 tamen
3661 2562 3791 2632 quod

2220 2665 2327 2705 non
2352 2659 2436 2706 est
2453 2648 2817 2722 perfectorem
2848 2650 3202 2711 scandalizari
3222 2691 3241 2721 ,
3267 2653 3362 2710 sed
3388 2652 3682 2709 mulierum
3709 2661 3795 2708 aut

2220 2741 2607 2810 parvulorum;
2632 2742 2774 2797 unde
2796 2741 2986 2799 Matth.
3015 2758 3149 2799 xvm
3180 2761 3195 2798 :
3224 2742 3290 2801 Si
3317 2745 3434 2817 quis
3459 2744 3793 2800 scandaliza-

2221 2831 2349 2886 verit
2372 2847 2536 2885 unum
2556 2831 2620 2886 de
2644 2832 2851 2902 pusillis
2886 2833 3023 2900 istis,
3050 2842 3157 2889 etc.

2291 2919 2454 2976 Vens.
2482 2919 2753 2977 29-56.-
2773 2921 2926 2989 Quod
2949 2924 2994 2978 si
3022 2924 3112 2980 bos
3134 2935 3438 2997 coruupeta,
3471 2933 3579 2983 etc.
3611 2925 3792 2999 (Rm)

2221 3007 2334 3065 Hoc
2362 3019 2464 3077 est,
2494 3011 2538 3066 si
2569 3012 2856 3081 superbum
2879 3022 3088 3069 motum
3131 3014 3297 3070 animi
3331 3014 3604 3082 dominus,
3636 3017 3697 3072 id
3721 3024 3796 3072 est

2220 3101 2459 3170 spiritus,
2482 3117 2590 3157 non
2618 3102 2956 3174 constringit,
2987 3112 3042 3160 et
3066 3104 3350 3161 animabus
3380 3105 3690 3171 interitum,
3718 3104 3795 3160 vel

2218 3194 2536 3264 corporibus
2565 3194 2762 3265 ingerit
2787 3194 3210 3262 incommodum,
3233 3204 3413 3253 reatus
3439 3197 3715 3253 redundat
3748 3198 3795 3252 in

2217 3282 2513 3339 custodem.
2548 3282 2701 3338 Unde
2732 3282 3154 3340 Proverbiorum
3192 3284 3404 3342 decimo
3451 3295 3605 3342 sexto
3656 3287 3795 3358 capi-

2221 3374 2334 3428 tulo
2359 3393 2372 3428 :
2405 3370 2510 3429 Cor
2532 3375 2758 3429 hominis
2779 3374 2977 3430 erudiet
3005 3391 3063 3430 os
3088 3376 3224 3446 ejus,
3250 3386 3299 3432 et
3328 3377 3482 3432 labiis
3518 3376 3676 3433 illius
3709 3376 3797 3432 ad-

2218 3463 2303 3519 det
2331 3466 2576 3535 gratiam.

2295 3555 2534 3626 Triginta
2571 3555 2745 3611 siclos.
2779 3554 2893 3613 Hoc
2922 3564 3006 3613 est
3035 3557 3327 3615 secandum
3356 3556 3492 3630 legis
3516 3557 3793 3624 mandata,

2218 3662 2316 3717 per
2344 3646 2505 3702 ﬁdem
2532 3654 2585 3702 et
2613 3661 2761 3717 spem
2784 3655 2839 3702 et
2864 3647 3185 3702 charitatem
3206 3645 3532 3702 emendabit.

2290 3739 2522 3810 Argenti.
2553 3737 2791 3795 Nitorem
2822 3738 2988 3794 divini
3012 3737 3184 3806 verbi,
3210 3754 3316 3810 quo
3346 3738 3400 3793 in
3431 3738 3536 3793 ﬁde
3563 3736 3796 3793 Trinita-

2220 3828 2291 3885 tis
2318 3838 2373 3885 et
2417 3830 2644 3885 scientia
2685 3829 2923 3901 decalogi
2965 3830 3214 3886 instructi
3256 3838 3433 3897 erant,
3471 3844 3795 3902 compensa-

2222 3921 2318 3976 bit.
2931 3926 2934 3931 ’

2291 4009 2349 4067 Si
2394 4011 2509 4080 quis
2565 4012 2850 4083 aperuerit,
2878 4018 2985 4067 etc.
3019 4009 3235 4083 (Gaza,
3273 4010 3367 4066 lib.
3414 4026 3527 4066 xvu
3577 4009 3795 4074 Horat,

2219 4116 2338 4173 cap.
2358 4102 2470 4174 l5.)
2507 4101 2808 4158 Cisternam
2831 4102 3045 4173 aperire
3068 4112 3152 4157 est
3171 4100 3348 4158 valido
3368 4099 3643 4157 intellectu
3664 4098 3799 4155 Scri

2220 4200 2392 4268 ptume
2431 4209 2598 4251 sacrae
2641 4209 2841 4250 arcana
2874 4203 3184 4267 penetrare,
3212 4203 3346 4261 etc.,
3380 4211 3539 4265 usque
3569 4194 3640 4247 ad
3681 4192 3799 4249 inde

2221 4289 2505 4345 inﬁrmitas
2538 4289 2845 4345 auditorum
2874 4288 2941 4344 ad
2970 4289 3077 4343 ima
3104 4288 3391 4344 dilabatur.

2292 4378 2350 4435 Si
2393 4379 2481 4434 bos
2519 4379 2752 4445 alienus,
2781 4387 2886 4435 etc.
2918 4376 3100 4451 (Auc.)
3147 4376 3266 4433 Non
3310 4378 3414 4433 hoc
3440 4376 3495 4432 in
3521 4375 3641 4433 solo
3666 4378 3800 4433 bove

2223 4469 2543 4527 servandum
2591 4477 2695 4535 est,
2727 4469 2821 4524 sed
2866 4468 2923 4522 in
2966 4467 3111 4522 omni
3154 4480 3378 4539 pecore;
3414 4481 3444 4521 a
3473 4474 3631 4538 parte
3658 4466 3796 4522 enim

2225 4570 2398 4616 totum
2429 4559 2764 4630 intelligitur.
2811 4557 2919 4613 Sed
2945 4558 3050 4613 hoc
3076 4558 3140 4613 de
3166 4557 3419 4613 carnibus
3449 4556 3617 4614 occisi
3638 4570 3797 4628 peco-

2224 4653 2300 4708 ris
2331 4650 2447 4707 tieri
2474 4666 2580 4707 non
2608 4657 2802 4720 potest,
2834 4664 2940 4720 quo
2967 4664 3073 4704 non
3102 4656 3411 4706 vescuntur.

2794 4744 3027 4841 CAPUT
3058 4784 3217 4840 χχιι.

2294 4922 2461 4978 Vens.
2495 4920 2547 4976 ί.
2570 4949 2638 4961 --
2678 4916 2741 4975 Si
2786 4917 2902 4989 quis
2948 4917 3156 4987 furatus
3203 4918 3382 4988 fuerit,
3410 4926 3518 4973 etc.
3551 4916 3797 4988 (Suum)

2229 5013 2537 5070 Secundum
2574 5012 2812 5068 litteram
2837 5012 3075 5082 quinque
3109 5010 3274 5068 boves
3300 5027 3398 5081 pro
3428 5026 3536 5066 uno
3563 5011 3722 5069 bove.
3748 5019 3803 5064 et

2230 5114 2461 5173 quatuor
2503 5118 2631 5158 oves
2676 5116 2776 5171 pro
2812 5116 2923 5157 uno
2966 5102 3105 5156 bove
3153 5099 3452 5156 redduntur
3484 5119 3499 5154 :
3526 5101 3653 5171 quia
3704 5099 3800 5153 bos

2230 5194 2466 5264 quinque
2494 5192 2757 5246 utilitates
2782 5188 2962 5255 habet,
2989 5190 3106 5245 ovis
3131 5199 3380 5260 quatuor.
3403 5189 3510 5246 Bos
3537 5190 3680 5244 enim
3704 5189 3802 5242 im-

2230 5281 2483 5348 molatur,
2511 5290 2652 5347 arat,
2680 5281 2873 5352 pascit,
2904 5280 3085 5344 lactat.
3118 5289 3170 5335 et
3199 5282 3407 5337 corium
3430 5280 3657 5338 diversis
3684 5278 3799 5333 usi-

2229 5372 2331 5429 bus
2378 5373 2675 5439 ministrat;
2719 5372 2837 5427 ovis
2873 5386 3002 5426 vero
3051 5371 3382 5436 immolatur,
3416 5381 3472 5426 et
3500 5370 3690 5442 pascit,
3720 5368 3803 5423 lac

2226 5479 2283 5526 et
2311 5469 2486 5525 lanam
2517 5468 2724 5523 tribuit.
2761 5466 3059 5538 Allegorice
3091 5481 3221 5522 vero
3248 5482 3345 5538 per
3367 5466 3561 5522 bovem
3587 5464 3805 5521 Iudaeus

2227 5560 2452 5630 quilibet
2476 5559 2811 5629 intelligitur,
2838 5572 2998 5625 quem
3026 5557 3075 5613 si
3099 5557 3221 5626 quis
3239 5556 3455 5613 Iudaeus
3478 5553 3803 5619 vendiderit,

2227 5665 2401 5720 paenae
2442 5650 2575 5721 legis
2618 5646 2932 5716 subiacebit,
2969 5662 3089 5715 qua:
3123 5648 3428 5703 continetur
3466 5647 3519 5701 in
3567 5646 3805 5723 quinque

2230 5739 2380 5793 libris
2422 5740 2608 5810 Moysi.
2661 5738 2763 5792 Per
2802 5750 2955 5793 ovem
3000 5737 3367 5803 Christianus,
3402 5737 3496 5812 qui
3530 5736 3801 5797 Christum
