3998 6332
256 368 360 427 Ξῦί

1243 377 1504 434 GLOSSA
1546 379 1942 439 ORDINARIA.
1985 416 2054 425 —-
2090 385 2227 459 LIB.‘
2259 387 2464 444 EXOD.

3382 402 3490 459 263

255 485 522 553 imitatur,
547 486 613 543 de
659 501 766 557 quo
810 488 1003 544 dicitur
1032 507 1044 544 :
1072 489 1217 546 Sicut
1260 494 1368 546 ovis
1414 494 1483 547 ad
1514 496 1819 551 occisionem
1847 503 1890 562 Α
1923 500 2192 557 dicatores
2225 504 2498 576 Evangelii
2538 516 2717 565 mouet
2747 522 2814 564 nc
2852 514 3269 582 superﬂuitatem
3319 536 3486 593 appe-

250 577 444 631 ductus
482 587 557 631 est
599 576 732 649 (lsa.
766 579 905 650 Lm).
937 579 993 635 Si
1035 582 1155 650 quis
1178 583 1319 637 hanc
1345 585 1663 650 vendiderit,
1686 602 1818 655 qua-

251 674 382 721 tuor
424 679 555 722 oves
601 666 808 732 reddat,
856 667 912 722 id
956 676 1042 723 est
1092 671 1383 726 secundum
1431 672 1815 731 institutionem

248 766 488 827 quatuor
512 758 925 827 Evangeliorum
950 761 1322 829 paenitentiam
1345 771 1487 834 agat.

324 845 491 902 Vens.
518 847 643 902 2-5.
674 876 746 889 η--
790 847 852 905 Si
886 850 1165 919 e/fringens
1195 852 1285 921 fur
1302 853 1530 918 domum,
1580 857 1686 911 sive
1712 858 1819 927 suf-

246 936 477 1005 fodiens,
504 946 608 994 etc.
635 939 817 1008 (Auc.,
837 948 1019 1009 quiest.
1042 940 1111 995 84
1132 942 1187 995 in
1211 940 1406 1015 Exod.)
1435 944 1491 998 Si
1513 944 1817 1013 perfodiens

246 1026 503 1082 inventus
530 1028 689 1084 fuerit
708 1028 796 1082 fur
822 1038 877 1084 et
898 1044 1184 1099 percussus
1208 1042 1453 1088 mortuus
1477 1032 1656 1101 fuerit,
1682 1047 1811 1099 etc.,

244 1133 412 1189 usque
436 1120 505 1173 ad
522 1118 632 1186 jam
658 1119 800 1173 enim
834 1119 953 1189 plus
982 1128 1067 1175 est
1093 1136 1256 1190 quam
1281 1122 1383 1178 fur.

313 1208 482 1265 Vens.
505 1210 652 1264 6-15.
671 1238 742 1249 —-
764 1209 824 1265 Si
847 1227 1081 1280 egressus
1104 1212 1258 1282 ignis,
1285 1223 1390 1270 etc.
1422 1214 1602 1288 (ΒΑΕ.)
1631 1218 1810 1287 ignem

238 1301 643 1366 succendimus,
679 1315 802 1357 cum
841 1302 1228 1358 correctionem
1278 1304 1506 1360 subditis
1544 1321 1813 1376 praepara-

236 1408 386 1457 mus,
406 1399 467 1447 ut
494 1393 678 1462 spinas
694 1393 944 1448 vitiorum
964 1408 1364 1451 consumamus.
1395 1395 1501 1453 Sed
1524 1398 1810 1454 videndum

235 1492 326 1538 est
355 1500 425 1539 ne
450 1498 572 1538 cum
601 1483 730 1538 vitia
766 1484 1172 1554 persequimur,
1192 1486 1421 1542 virtutes
1448 1487 1727 1554 laudamus,
1755 1498 1810 1544 et

232 1574 318 1628 eis
341 1574 435 1643 qui
462 1572 693 1628 fructum
712 1574 975 1629 bonorum
1001 1589 1223 1645 operum
1244 1576 1487 1647 proferre
1508 1586 1804 1647 coeperant,

232 1672 367 1720 ante
402 1663 767 1719 maturitatem
798 1678 1108 1721 noceamus.
1144 1665 1246 1734 Qui
1284 1666 1387 1725 hoc
1422 1682 1557 1738 ergo
1583 1668 1807 1723 commi—

230 1756 392 1819 serit,
417 1755 631 1827 dignam
670 1756 1042 1824 paenitentiam
1081 1766 1255 1829 gerat,
1285 1767 1341 1814 et
1379 1760 1523 1830 quod
1542 1775 1641 1831 per
1663 1761 1806 1817 iner-

231 1845 366 1899 tiam
393 1845 552 1910 laesit,
581 1847 819 1901 studiose
849 1847 1114 1903 restituat.

299 1934 509 2005 Spicas.
532 1937 769 1992 Teucros
793 1937 1064 1995 auditores
1087 1939 1322 1996 nondum
1348 1941 1416 1996 ad
1436 1942 1799 2000 maturitatem

225 2023 441 2081 fructus
484 2028 1144 2097 pertingenteszquorum
1192 2031 1325 2085 vitia
1375 2032 1467 2102 qui
1513 2035 1708 2089 acerbe
1747 2043 1802 2090 et

222 2120 523 2176 indiscrete
569 2122 934 2191 reprehendit,
973 2123 1128 2194 quasi
1181 2124 1360 2195 ignem
1390 2125 1444 2179 in
1476 2140 1654 2196 spicas
1701 2127 1799 2182 im-

220 2211 412 2278 mittit,
442 2228 542 2269 nec
568 2215 635 2269 ad
663 2215 1029 2270 maturitatem
1057 2217 1344 2286 pervenire
1376 2218 1525 2274 sinit.
1620 2258 1627 2265 .

287 2301 465 2360 Vens.
512 2306 788 2361 M—iﬁ.-—
824 2306 929 2376 Qui
956 2325 991 2362 α
1028 2308 1285 2378 proximo,
1326 2317 1433 2365 etc.
1480 2307 1526 2364 Α
1552 2310 1799 2380 proximo

218 2401 473 2449 mutuum
495 2395 851 2466 postulamus,
872 2412 993 2452 cum
1017 2410 1115 2466 pro
1134 2405 1335 2452 aeterna
1364 2399 1818 2464 remuneratione,

220 2499 415 2540 curam
445 2486 703 2542 Dominici
729 2486 907 2559 gregis
948 2487 1287 2557 suscipimus.
1332 2489 1438 2544 Sed
1467 2489 1512 2545 si
1549 2490 1793 2545 timorem

218 2577 335 2639 Dei,
369 2579 521 2648 quasi
563 2580 843 2648 pecuniam
883 2580 1167 2650 exigentis,
1192 2596 1407 2652 semper
1446 2590 1572 2637 ante
1612 2582 1796 2639 oculos

218 2668 404 2723 cordis
448 2669 718 2739 ponimus,
744 2671 898 2739 quasi
925 2670 978 2724 in
1008 2672 1295 2740 praesentia
1324 2672 1441 2742 ejus
1464 2685 1676 2742 semper
1704 2686 1795 2726 su—

218 2772 363 2812 mus.
392 2759 546 2815 Unde
575 2759 615 2814 ll
643 2763 766 2815 Cor.
795 2776 866 2814 γε
894 2758 1122 2816 Scientes
1164 2764 1403 2817 timorem
1440 2762 1673 2829 Domini,
1701 2763 1795 2817 Ito-

214 2849 449 2903 minibus
471 2853 773 2907 suademus.
804 2852 870 2906 Et
897 2852 1044 2918 alibi,
1070 2853 1113 2909 ll
1139 2853 1263 2909 Cor.
1293 2869 1366 2909 xu
1391 2871 1404 2907 :
1430 2852 1596 2920 Quasi
1615 2871 1792 2910 coram

214 2938 352 3006 Deo,
378 2943 433 2996 in
475 2942 680 2999 Christo
718 2946 996 3016 loquimur.
1042 2944 1183 3003 Mors
1228 2962 1358 3020 ergo
1405 2956 1500 3003 aut
1545 2949 1792 3007 debilitas

211 3033 432 3098 pecoris
478 3035 677 3103 pastori
717 3051 822 3089 non
864 3036 1183 3106 imputatur,
1211 3038 1258 3093 si
1294 3036 1410 3106 ejus
1433 3052 1619 3094 curam
1654 3048 1790 3096 stre-

210 3135 315 3176 nue
366 3124 549 3192 gessit,
575 3135 630 3180 et
677 3127 831 3196 quasi
868 3128 977 3183 Deo
1012 3138 1306 3198 praesente;
1338 3130 1493 3185 aliter
1533 3132 1787 3187 damnum

210 3212 443 3268 reddere
467 3216 823 3286 compellitur.
855 3217 1004 3273 Unde
1024 3219 1211 3274 Matth.
1234 3236 1268 3274 ν
1288 3239 1301 3273 :
1320 3219 1441 3276 Non
1463 3222 1621 3278 exibit
1643 3223 1786 3289 inde,

209 3299 376 3355 donec
405 3303 587 3357 reddat
610 3307 946 3360 novissimum
970 3308 1332 3378 quadrantem.

274 3392 448 3448 Vens.
478 3394 563 3450 i7.
586 3426 655 3436 --
676 3394 736 3451 Si
766 3408 914 3467 pater
942 3402 1178 3472 virginis,
1204 3411 1313 3459 etc.
1350 3403 1530 3477 (Βη.)
1583 3404 1788 3464 Sensus

207 3484 498 3540 sententia:
527 3486 842 3556 historicus,
858 3491 925 3546 de
949 3506 1053 3562 qua
1078 3495 1317 3550 nascitur
1342 3497 1539 3552 oratio.
1572 3498 1630 3554 Si
1656 3514 1786 3572 ergo

205 3572 502 3631 historicus
527 3591 717 3634 sensus
744 3594 965 3650 regnum
991 3584 1275 3640 charitatis
1295 3586 1546 3652 aediﬁcat,
1578 3589 1784 3658 cupidi-

204 3663 336 3719 tatis
364 3664 612 3735 dissipat,
638 3682 742 3723 non
771 3678 855 3725 est
881 3686 1102 3728 necesse
1127 3673 1413 3743 allegorice
1437 3678 1652 3746 exponi.
1685 3677 1784 3733 Lc-

204 3758 323 3807 ctor
344 3760 529 3810 tamen
542 3758 864 3813 sententiam
887 3761 1010 3817 dote
1024 3770 1185 3818 rectae
1200 3762 1320 3818 ﬁdei
1342 3764 1606 3820 honorare
1624 3766 1786 3824 debet

200 3850 256 3896 et
276 3844 543 3900 intactam
571 3862 669 3903 sua
695 3849 1028 3919 expositione
1052 3852 1378 3923 relinquere.

267 3935 443 3990 Vens.
474 3936 657 3995 18-20.
683 3968 750 3979 —
773 3937 1040 4009 Maleﬁcos
1080 3957 1182 3997 non
1208 3945 1423 4014 patieris
1449 3945 1633 4022 vivere.
1677 3947 1779 4015 Qui

198 4026 494 4097 prscstigiis
521 4030 741 4099 magica:
760 4031 893 4087 artis
912 4041 969 4087 et
993 4033 1271 4090 diabolicis
1299 4036 1569 4107 ﬁgmentis
1591 4049 1776 4110 agunt,

201 4117 487 4174 lucreticos
514 4121 773 4193 intelligo,
801 4124 892 4194 qui
917 4141 949 4180 a
976 4128 1250 4183 consortio
1279 4128 1513 4184 ﬁdelium
1539 4132 1630 4200 qui
1650 4147 1779 4188 vere

198 4209 413 4275 vivunt,
441 4214 938 4271 excommunicandi
977 4210 1118 4284 sunt,
1149 4220 1319 4277 donec
1346 4220 1670 4279 maleficium
1686 4240 1779 4279 er-

196 4302 338 4356 roris
372 4301 429 4356 in
452 4304 531 4357 eis
558 4306 826 4361 moriatur

264 4389 437 4445 Vens.
469 4392 558 4447 21.
582 4419 656 4436 -—
674 4395 937 4452 Adranam
965 4415 1067 4455 non
1089 4403 1442 4459 contristabis.
1473 4404 1653 4477 (3η.)
1681 4406 1773 4461 Di—

197 4479 485 4537 lectionem
532 4484 765 4553 proximi
792 4503 891 4556 per
914 4489 1298 4548 misericordiae
1343 4495 1773 4564 compassionem

196 4576 562 4640 commendat,
597 4593 668 4633 ne
713 4577 910 4636 furoris
950 4591 1045 4637 aut
1088 4584 1330 4641 avaritiae
1371 4586 1589 4642 stimulo
1627 4601 1776 4645 com-

194 4662 458 4732 moti,jus
500 4676 709 4723 natura:
733 4671 1087 4744 negligamus.
1140 4674 1247 4731 Sed
1280 4692 1402 4746 quae
1448 4679 1693 4735 volumus
1718 4687 1779 4733 ut

192 4754 399 4811 faciant
421 4760 578 4814 nobis
602 4760 849 4818 homines
886 4765 1078 4820 eadem
1110 4766 1220 4822 illis
1264 4768 1550 4837 faciamus,
1577 4779 1631 4826 et
1655 4785 1775 4840 quae

192 4846 449 4903 nolumus
480 4849 620 4915 fieri,
648 4867 752 4906 non
784 4854 1063 4911 faciamus.

262 4937 431 4994 Vens.
483 4939 676 4995 εει-ΞΑ.
700 4973 771 4983 —-
806 4942 988 5000 Vidua:
1033 4957 1081 5000 et
1121 4948 1318 5018 pupillo
1360 4967 1464 5005 non
1505 4952 1770 5006 nocebitis.

192 5026 377 5099 (Rara)
406 5029 464 5085 In
494 5031 683 5099 vidua,
714 5042 898 5090 sancta
927 5037 1198 5101 Ecclesia,
1224 5056 1346 5109 «pta:
1384 5042 1438 5096 in
1469 5043 1554 5097 die
1579 5042 1773 5112 judicii

191 5130 471 5189 exspectat
493 5122 790 5190 Christum,
821 5142 979 5197 quem
1023 5131 1180 5185 modo
1208 5146 1315 5186 non
1343 5133 1506 5189 habet
1533 5148 1772 5203 praesen-

192 5216 299 5263 tem
331 5209 387 5265 in
410 5213 634 5283 pupillo,
662 5214 1002 5273 Christianus
1029 5220 1277 5289 populus,
1305 5221 1391 5276 cui
1420 5230 1667 5279 mortuus
1690 5230 1776 5277 est

194 5301 425 5356 mundus
464 5312 643 5372 pater,
672 5313 729 5359 et
771 5305 1061 5377 Babylonia
1106 5318 1312 5372 mater,
1342 5311 1513 5382 accipi
1556 5321 1768 5382 potest:

193 5402 353 5457 quam
378 5393 630 5461 prohibet
657 5398 968 5453 contristari
997 5413 1093 5468 per
1117 5403 1547 5471 persecutionem
1584 5405 1666 5460 vel
1691 5405 1769 5459 fa-

191 5484 335 5534 stum
368 5483 722 5550 mundanum,
747 5500 815 5540 ne
852 5485 990 5543 forte
1024 5488 1143 5543 talis
1178 5488 1461 5547 insectatio
1486 5493 1553 5544 ad
1581 5491 1767 5560 perni-

193 5568 330 5625 cicm
369 5586 557 5629 eorum
601 5576 932 5646 spiritualem
974 5580 1253 5649 perveniat
1298 5582 1390 5652 qui
1437 5596 1530 5637 cos
1564 5582 1766 5638 frustra

192 5661 328 5718 odiis
353 5672 410 5719 et
435 5667 778 5723 contumeliis
805 5669 1111 5725 molestant.

264 5749 423 5809 Vsus.
450 5755 542 5811 25.
564 5786 635 5797 ——
656 5754 717 5811 Si
736 5760 956 5827 pecunia
985 5770 1245 5828 mutuam,
1270 5770 1373 5818 etc.
1407 5761 1587 5834 (ΗΑΒ.)
1618 5763 1761 5819 Prte-

1926 599 2060 657 tant,
2084 592 2178 647 sed
2223 594 2480 651 habentes
2520 597 2717 653 victum
2745 610 2799 655 et
2833 604 3106 673 vestitum,
3140 609 3222 665 bis
3250 592 3487 670 contenti

1919 688 2045 754 sint,
2071 693 2361 747 secundum
2383 694 2511 751 illud
2538 695 2724 752 Matth.
2753 714 2787 754 ι
2813 717 2826 753 :
2853 698 3029 757 Gratis
3056 707 3338 776 accepistis,
3364 725 3487 780 gra-

1919 781 1984 834 tis
2006 782 2146 837 date.

1988 870 2151 926 Vsus.
2180 872 2270 937 26,
2299 874 2388 929 27.
2410 907 2480 916 —
2500 875 2562 932 Si
2604 878 2810 949 pignus,
2838 889 2942 937 etc.
2985 883 3164 957 (AUG.,
3219 887 3318 944 Ioc.
3368 890 3483 963 99.)

1917 959 2097 1017 Genus
2124 979 2222 1033 pro
2250 965 2428 1035 specie
2466 969 2677 1036 posuit:
2704 970 2782 1026 sic
2811 973 2951 1027 enim
2989 975 3190 1031 dictum
3220 987 3303 1034 est
3343 994 3408 1036 ac
3435 959 3481 1038 si

1916 1053 1982 1107 de
2003 1055 2147 1108 omni
2174 1063 2322 1110 veste
2350 1057 2541 1129 pignus
2575 1060 2800 1127 dederit,
2831 1078 2953 1118 cum
2983 1065 3049 1121 de
3071 1066 3164 1121 illo
3187 1082 3246 1124 se
3274 1072 3482 1140 specia-

1914 1141 2036 1198 liter
2076 1144 2256 1200 dicere
2303 1161 2367 1225 ex
2415 1152 2864 1220 consequentibus
2902 1152 3187 1225 Scriptura
3228 1167 3480 1228 testatur,

1914 1234 2003 1302 qui
2034 1249 2139 1289 non
2179 1236 2342 1292 habet
2368 1238 2470 1293 nisi
2495 1254 2612 1293 eant
2654 1249 2861 1298 vestem
2891 1245 3033 1300 unde
3074 1254 3232 1302 nocte
3268 1250 3481 1318 operia-

1915 1328 2022 1379 tur.

1981 1409 2194 1482 (GBEG.,
2231 1412 2324 1469 lib.
2353 1430 2440 1469 xv:
2469 1415 2685 1483 Moral.,
2724 1435 2844 1490 cap.
2888 1420 2968 1494 2.)
3014 1422 3240 1495 Pignus,
3267 1429 3477 1497 peccati

1909 1502 2194 1560 confessio.
2209 1502 2491 1563 Proximus
2505 1508 2648 1563 enim
2661 1510 2872 1566 debitor
2891 1521 3074 1569 noster
3085 1514 3332 1582 eﬂicitur,
3346 1527 3474 1582 etc.,

1908 1609 2069 1663 usque
2098 1594 2167 1648 ad
2192 1609 2221 1649 a
2252 1596 2406 1652 nobis
2449 1613 2574 1654 mox
2621 1600 2918 1658 relaxatum
2945 1606 3144 1662 sentiat
3171 1610 3315 1677 quod
3339 1609 3473 1665 deli-

1982 1769 2139 1826 Vsns.
2168 1771 2260 1829 28.
2280 1802 2351 1815 —
2370 1773 2484 1830 Diis
2515 1793 2617 1831 non
2642 1779 2879 1836 detrahes
2903 1820 2920 1848 ,
2943 1791 3048 1840 etc.
3077 1783 3255 1855 (Auc.,
3284 1797 3473 1857 quiest,

1833 1843 1878 1903 Β
1904 1850 1974 1914 86
2001 1860 2053 1914 in
2082 1860 2274 1936 Exod.)
2301 1863 2567 1933 Quaeritur
2593 1883 2728 1938 quos
2757 1843 2952 1927 dixerit
2978 1843 3124 1940 deos,
3148 1843 3279 1943 etc.,

1901 1951 1971 2004 ad
2000 1951 2080 2006 vel
2106 1952 2277 2008 latrim
2299 1955 2571 2028 obsequiis
2598 1959 2874 2018 honorari.

1976 2042 2134 2099 Vens.
2167 2043 2356 2101 29-51.
2384 2049 2711 2106 --Decimas
2744 2062 2883 2120 tuas,
2915 2062 3019 2112 etc.
3057 2057 3204 2130 (iatn.
3229 2061 3287 2115 in
3318 2059 3472 2130 Gem,

1900 2142 2033 2186 tom.
2070 2133 2162 2204 γ.)
2199 2134 2304 2190 Per
2334 2137 2603 2207 primitias
2640 2140 2852 2213 frugum
2882 2144 2965 2200 vel
2994 2148 3471 2220 primogenitorum

1898 2223 2170 2292 primitiva
2197 2224 2463 2282 bonorum
2490 2243 2715 2299 operum
2752 2236 3129 2305 ostenduntur,
3157 2247 3288 2305 etc.,
3313 2254 3474 2310 usque

1897 2315 1968 2368 ad
1994 2323 2048 2371 et
2076 2316 2422 2387 perfectionis
2455 2320 2686 2377 donatur
2711 2322 2954 2381 effectus.

2458 2451 2685 2512 CAPUT
2724 2442 2909 2514 XXIII.

1964 2575 2126 2634 Vens.
2158 2577 2213 2633 5.
2253 2608 2324 2621 --
2362 2578 2619 2654 Pauperis
2661 2604 2864 2660 quoque
2911 2606 3015 2645 non
3053 2593 3375 2651 misereberis
3414 2600 3470 2653 in

1885 2663 2110 2756 judicio.
2142 2666 2326 2741 (Auc.)
2364 2670 2441 2726 Ne
2466 2672 2673 2729 scilicet
2716 2687 2901 2732 contra
2936 2677 3202 2748 justitiam
3245 2688 3469 2756 pauperi

1893 2755 2078 2813 faveas
2119 2774 2280 2816 causa
2322 2760 2722 2821 misericordias.
2776 2766 2922 2824 Bona
2956 2779 3039 2829 est
3076 2755 3467 2843 misericordia,

1892 2848 1985 2903 sed
2015 2863 2118 2903 non
2142 2850 2301 2905 debet
2324 2866 2445 2907 esse
2473 2862 2662 2909 contra
2684 2854 2969 2924 judicium.
2998 2858 3265 2916 Judicium
3288 2874 3469 2921 autem

1892 2937 2022 2995 dicit
2051 2938 2349 3010 Scriptura,
2370 2945 2510 3013 quod
2529 2943 2733 3012 justum
2761 2956 2862 3003 est.
2888 2946 2964 3004 Ne
2991 2950 3115 3020 quis
3134 2960 3313 3009 autem
3338 2969 3466 3024 pro—

1889 3036 2009 3099 pter
2032 3031 2171 3087 hanc
2200 3034 2525 3089 sententiam
2562 3036 2732 3092 Deum
2761 3047 2911 3109 putet
2936 3042 3225 3112 prohibere
3259 3047 3469 3103 miseri-

1890 3116 2129 3175 cordiam
2145 3161 2160 3187 ,
2187 3130 2487 3192 opportune
2510 3126 2758 3197 sequitur
2781 3146 2794 3182 :

1962 3212 2123 3269 Vens.
2167 3214 2308 3272 4.-6.
2329 3244 2402 3258 -ι-
2423 3215 2481 3273 Si
2511 3223 2799 3277 occurreris
2840 3224 2953 3280 bovi
2986 3226 3186 3283 inimici
3230 3232 3328 3297 tui,
3356 3242 3461 3289 etc.

1886 3301 2053 3370 Quasi
2087 3302 2174 3361 fac
2207 3305 2633 3365 misericordiam
2667 3312 2830 3368 etiam
2871 3329 3001 3385 erga
3038 3317 3288 3376 inimicos
3324 3329 3460 3386 tuos.

1888 3408 2011 3449 cum
2031 3402 2270 3465 potestas
2294 3405 2379 3454 est
2403 3415 2430 3452 a
2457 3398 2754 3469 iudicando
2789 3403 2988 3472 libera;
3016 3422 3125 3463 non
3160 3410 3303 3464 enim
3338 3426 3459 3466 cum

1885 3483 2101 3541 reducis
2126 3496 2399 3543 errantem
2425 3489 2614 3547 bovem
2645 3491 2848 3550 inimici
2877 3504 2932 3550 et
2960 3496 3161 3558 reddis.
3188 3498 3331 3555 inter
3356 3501 3461 3557 ali-

1885 3590 2022 3646 quos
2036 3575 2201 3645 iudex
2229 3579 2453 3635 resides.

1930 3736 1933 3745 ι
1959 3669 2122 3725 Vens.
2153 3670 2272 3727 7-9.
2294 3702 2362 3711 —
2384 3672 2711 3728 Mendacium
2736 3674 2921 3747 fugies.
2954 3675 3135 3751 (ΗΑΒ.)
3162 3679 3457 3737 Veritatem

1880 3769 1938 3817 et
1960 3759 2224 3830 judicium
2251 3770 2395 3818 amat
2424 3763 2795 3823 Dominus:et
2838 3769 2906 3824 ad
2952 3769 3068 3826 haec
3111 3775 3453 3843 exsequenda

1882 3855 2135 3927 populum
2162 3872 2317 3913 suum
2360 3857 2638 3926 hortatur,
2665 3860 2792 3930 quia
2823 3876 2930 3916 non
2979 3870 3063 3919 est
3100 3878 3455 3933 personarum

1883 3955 2154 4017 acceptor.
2737 3969 2741 3977 -

1954 4040 2116 4096 Vens.
2159 4040 2341 4097 10-12.
2362 4071 2431 4083 —
2454 4041 2557 4098 Sea:
2582 4045 2735 4098 annis
2761 4043 3039 4099 seminabis
3068 4054 3260 4101 (errant
3286 4056 3453 4102 luant.

1882 4130 2064 4204 (Anc.)
2086 4131 2358 4200 Quaeritur
2376 4134 2503 4204 quid
2520 4134 2770 4205 colligant
2784 4150 3068 4205 pauperes,
3085 4136 3130 4190 si
3151 4136 3207 4190 in
3228 4137 3455 4207 septiino

1881 4239 2024 4280 anno
2069 4224 2144 4280 ita
2188 4226 2426 4296 parcitur
2469 4235 2628 4280 terrae
2650 4267 2663 4292 ,
2689 4234 2818 4291 etc.,
2843 4242 3003 4297 usque
3040 4227 3110 4280 ad
3142 4241 3241 4282 sex
3284 4241 3456 4283 annos

1776 4326 1780 4331 ‘
1882 4318 2002 4371 cum
2028 4317 2351 4388 colliguntur
2370 4333 2493 4388 quae
2516 4318 2870 4373 seminantur.
2894 4376 2913 4389 ι

1856 4426 1876 4471 ,ι
1950 4408 2133 4480 (ΚΑΒ.)
2161 4411 2218 4464 In
2248 4410 2461 4465 senario
2490 4408 2748 4479 perfectio
2775 4422 3023 4477 operum,
3045 4415 3179 4473 etc.,
3199 4424 3359 4479 usque
3382 4410 3452 4463 ad

1844 4490 1968 4572 ςᾳυὶ
2008 4500 2227 4555 seminat
2265 4500 2317 4553 in
2348 4498 2810 4562 benedictionibus,
2838 4497 2895 4552 in
2934 4496 3371 4551 benedictionibus
3402 4506 3450 4551 et

1879 4598 2049 4645 metet.

1949 4681 2115 4736 Vsus.
2149 4676 2234 4733 l3.
2250 4708 2317 4718 -ο
2330 4675 2398 4731 Et
2415 4694 2509 4748 per
2528 4694 2712 4731 nomen
2732 4686 3063 4732 externorum
3081 4678 3316 4744 deorum,
3340 4687 3445 4734 etc.

1876 4770 1981 4828 Per
2016 4786 2209 4827 nomen
2237 4785 2391 4825 suum
2410 4767 2593 4838 iurare
2616 4768 2897 4838 permittit,
2930 4783 3037 4824 non
3068 4768 3212 4839 quod
3244 4768 3444 4827 bonum

1876 4863 1946 4918 sit
1964 4861 2180 4930 iurare;
2215 4861 2309 4916 sed
2346 4861 2471 4930 quia
2498 4858 2704 4914 sciebat
2745 4858 2990 4915 homines
3028 4873 3231 4929 pronos
3272 4858 3339 4913 ad
3362 4859 3450 4929 ju-

1876 4954 2105 5009 randum
2125 4966 2268 5018 esse,
2297 4966 2400 5006 non
2432 4949 2546 5004 vult
2573 4947 2830 5018 utjurent
2856 4964 2951 5019 per
2978 4949 3194 5004 nomina
3220 4949 3451 5004 exterio-

1876 5059 1995 5099 rum
2027 5044 2269 5106 deorum,
2300 5057 2370 5097 ne
2403 5040 2671 5110 frequenti
2700 5040 3010 5111 iuramento
3037 5039 3358 5094 inducantur
3380 5040 3445 5093 ad

1875 5133 2079 5188 cultum
2126 5148 2334 5189 eorum.
2384 5130 2476 5186 Sic
2520 5138 2576 5186 et
2616 5131 2821 5187 hostias
2862 5145 2968 5185 non
2998 5130 3257 5200 approbat
3284 5131 3442 5194 Deus,

1874 5221 2079 5276 mavult
2113 5229 2296 5276 tamen
2322 5219 2616 5277 sacriﬁcari
2653 5221 2753 5275 sibi
2790 5235 2952 5290 quam
2984 5218 3159 5274 idolis.

1945 5310 2109 5367 Vens.
2142 5310 2324 5365 14-18.
2345 5340 2416 5349 -
2438 5309 2623 5364 Tribus
2646 5310 2844 5365 vicibus
2870 5326 2962 5380 per
2987 5309 3220 5381 singulos
3256 5327 3286 5364 α
3309 5325 3443 5375 mos,

1872 5408 1979 5473 etc.
2012 5399 2199 5457 Fidem
2224 5401 2432 5457 scilicet
2451 5409 2650 5456 sanctae
2673 5400 2953 5455 Trinitatis
2975 5399 3065 5454 hic
3084 5399 3251 5470 exigit
3272 5397 3440 5451 Deus:
3482 5468 3489 5475 ‘

1874 5466 1928 5545 in
1946 5490 2154 5547 Pascha
2175 5491 2316 5546 enim
2342 5489 2648 5546 immolatur
2664 5489 2854 5553 Filius,
2870 5489 2921 5543 in
2944 5489 3262 5544 Pentecoste
3288 5486 3350 5538 da
3360 5494 3447 5538 tur

1874 5578 2108 5650 Spiritus
2151 5588 2390 5645 sanctus,
2423 5581 2478 5635 in
2507 5579 2836 5650 Scenopegia
2881 5587 3118 5651 paternae
3147 5575 3444 5646 majestatis

1872 5674 2108 5742 potentia
2139 5673 2457 5728 declaratur.

1945 5763 2133 5818 Tribus
2164 5764 2355 5818 ricibus
2382 5780 2471 5835 per
2491 5763 2722 5836 singulos
2753 5778 2946 5830 annos,
2972 5772 3076 5819 etc.
3113 5762 3296 5837 (Βλιι.)
3329 5762 3441 5821 Hoc

3971 4984 3973 5063 4

3971 5150 3973 5219 i

3971 5226 3973 5301 i

3971 5334 3973 5405 i
