3998 6332
514 366 622 422 965

919 411 924 414 .
1020 359 1405 417 WALAFRlDl
1446 357 1693 414 STRABI
1732 356 1933 413 FULD.
1975 353 2140 410 MON.
2183 351 2332 409 OPP.
2375 348 2555 406 PAliS
2593 349 2632 403 l.
2676 379 2744 388 —-—
2783 345 3240 404 THEOLOGICA.

3671 345 3773 402 264

517 491 600 538 est
627 478 775 536 omni
807 485 1048 545 tempore
1077 475 1357 544 prtesentis
1387 475 1508 529 vitae
1533 482 1588 528 et
1611 475 1664 528 in
1689 480 1891 529 sanctae
1922 470 2100 526 Trini-
2125 475 2174 534 Α
2203 482 2365 539 quam
2387 465 2489 521 sibi
2519 464 2819 528 vindicans,
2868 462 2922 518 in
2971 462 3164 516 animae
3197 469 3393 528 nostra:
3434 474 3654 516 recessu
3678 475 3775 517 ex-

519 575 646 630 tatis
689 569 1052 632 confessione,
1082 584 1182 638 per
1213 567 1371 622 ﬁdem
1409 575 1462 622 et
1492 582 1640 636 spem
1681 575 1735 621 et
1773 565 2096 621 charitatem

519 669 782 721 honorum
808 678 1030 734 operum
1058 662 1314 730 obsequia
1342 662 1452 714 Deo
1479 659 1710 714 creatori
1739 665 1921 714 vestro
1945 657 2096 712 exhi-

520 757 732 813 bebitis.
768 755 972 810 Pascha
1015 755 1158 810 enim
1197 753 1536 808 celebramus
1579 767 1765 806 mense
1810 767 2094 814 novorum,

519 864 640 903 cum
687 862 783 916 per
823 847 1138 916 sanguinem
1181 845 1319 914 Agni
1366 841 1693 897 immaculati
1729 843 1798 897 ab
1842 841 2096 913 Egyptia

523 941 778 994 servitute
807 938 1038 1002 liberati,
1064 952 1159 1007 per
1179 934 1489 1007 spirituales
1516 948 1684 1002 aquas
1708 933 1774 988 de
1801 932 1970 986 veteri
2000 933 2097 986 ho-

519 1032 666 1087 mine
701 1032 752 1086 in
787 1047 983 1084 novum
1018 1029 1339 1092 transimus,
1369 1043 1473 1082 non
1506 1026 1558 1080 in
1585 1033 1850 1080 vetustate
1881 1023 2093 1087 litterzc,

517 1123 614 1178 sed
642 1124 696 1177 in
721 1123 962 1176 novitate
995 1121 1240 1191 spiritus,
1274 1135 1380 1190 quo
1408 1118 1462 1174 in
1494 1126 1694 1172 terram
1724 1115 2098 1186 promissionis

517 1233 614 1287 per
634 1198 870 1286 gratiam
895 1215 1095 1270 Christi
1131 1214 1494 1284 pervenimus.
1534 1199 1942 1266 Solemnitatem
1968 1221 2100 1262 vero

517 1309 719 1362 mensis
760 1307 1154 1377 primitivorum
1195 1304 1556 1368 celebramus,
1583 1317 1704 1356 cum
1747 1315 1970 1370 operum
2001 1314 2097 1354 no-

517 1405 777 1461 strorum,
801 1395 1163 1460 voluntatum,
1179 1406 1554 1450 etscrmonum
1580 1391 1848 1462 primitias
1870 1389 2099 1446 Domino

517 1501 929 1551 consecramus;
970 1485 1368 1540 solemnitatem
1397 1497 1610 1552 quoque
1659 1481 1713 1536 in
1755 1481 1900 1535 exitu
1949 1479 2096 1545 anni,

517 1577 734 1644 quando
755 1574 1098 1646 congregatis
1128 1573 1389 1645 frugibus,
1429 1573 1482 1628 id
1505 1580 1589 1628 est
1621 1572 1878 1626 virtutum
1908 1556 2100 1625 fructi-

516 1665 635 1728 bus,
664 1664 731 1719 ad
774 1664 933 1718 ﬁnem
961 1665 1086 1719 vita:
1127 1675 1182 1718 et
1213 1665 1490 1719 introitum
1524 1662 1674 1731 regni
1699 1661 1938 1717 caelestis
1977 1675 2101 1731 pcr-

514 1754 700 1810 venire
729 1756 1135 1821 contendimus;
1169 1755 1222 1810 in
1269 1753 1631 1810 tabernaculis
1676 1760 1882 1822 septem
1909 1751 2099 1808 diebus

2201 559 2454 615 terminat
2505 557 2780 622 Israelem,
2834 557 2888 610 id
2917 565 3002 611 est
3046 571 3229 610 rerum
3270 571 3608 610 summarum
3655 573 3779 612 con-

2200 652 2624 722 templationem,
2652 658 2708 707 et
2746 651 3021 706 adversari
3068 666 3175 704 non
3217 649 3451 705 desinit:
3485 665 3593 704 non
3636 652 3778 707 enim

2199 751 2426 814 possunt
2447 743 2675 797 virtutes
2695 757 2819 796 cum
2844 741 2990 796 vitiis
3015 741 3236 795 morari.
3255 740 3360 796 Sed
3387 756 3509 796 cum
3525 742 3593 796 ab
3617 741 3778 797 Israe-

2198 835 2329 902 litis,
2354 835 2407 890 id
2427 842 2512 890 est
2534 849 2563 888 a
2591 834 2897 899 virtutibus,
2927 832 3125 888 fuerint
3145 833 3274 888 vitia
3297 843 3572 905 superata,
3602 833 3777 891 locum

2199 943 2360 996 quem
2389 926 2846 997 concupiscentia:
2864 925 2948 982 vel
2974 925 3344 983 fornicationis
3366 927 3592 997 spiritus
3611 928 3782 998 possi-

2199 1022 2378 1083 debat,
2403 1020 2626 1075 castilas
2648 1018 2914 1074 obtinebit
2937 1037 2949 1072 :
2969 1033 3131 1090 quem
3146 1018 3300 1076 furor
3322 1029 3562 1089 ceperat,
3582 1021 3783 1091 patien-

2201 1114 2275 1168 tia
2296 1113 2618 1180 vindicabit;
2643 1128 2804 1183 quem
2827 1112 3044 1168 tristitia
3058 1121 3286 1169 mortem
3299 1128 3532 1183 operans
3554 1129 3785 1184 occupa-

2200 1213 2370 1270 verat,
2386 1203 2639 1259 salutaris
2654 1212 2707 1259 et
2721 1203 2874 1274 plena
2889 1203 3082 1274 gaudio
3093 1202 3274 1258 lmtitia
3295 1204 3786 1275 possidebit;quem

2200 1295 2386 1350 acedia
2401 1293 2656 1358 vastavit,
2673 1291 2884 1348 excolet
2897 1291 3156 1347 fortitudo
3175 1309 3189 1358 ;
3215 1307 3376 1363 quem
3394 1294 3647 1365 superbia
3664 1311 3784 1350 con-

2199 1386 2476 1452 culcabat,
2505 1385 2782 1441 humilitas
2807 1385 3136 1444 honestabit.
3170 1386 3357 1456 Itaque
3384 1387 3614 1457 singulis
3639 1389 3785 1446 vitiis

2200 1477 2459 1548 expulsis,
2471 1490 2656 1532 eorum
2674 1477 2788 1534 loca
2799 1517 2814 1542 ,
2831 1478 2882 1532 id
2895 1484 2978 1532 est
2991 1477 3235 1542 affectus,
3257 1476 3482 1533 virtutes
3498 1480 3784 1534 contraria:

2200 1569 2590 1640 possidebunt:
2621 1585 2743 1640 quae
2769 1569 2864 1624 ﬁlii
2908 1568 3143 1634 lsraelis,
3174 1568 3231 1624 id
3274 1575 3357 1624 est
3387 1569 3582 1624 anima:
3615 1570 3783 1624 Deum

2200 1660 2435 1716 videntis
2479 1672 2905 1733 nuncupantur:
2959 1663 3049 1734 qui
3098 1679 3221 1718 cum
3271 1665 3557 1720 universas
3604 1666 3788 1722 cordis

2201 1749 2508 1820 expulerint
2547 1752 2848 1822 passiones,
2888 1767 2994 1808 non
3027 1760 3134 1807 tam
3179 1753 3384 1809 alienas
3414 1755 3789 1824 possessiones

516 1854 1025 1911 commemorantes,
1053 1847 1178 1916 quia
1216 1861 1316 1916 per
1341 1859 1502 1899 omne
1534 1851 1744 1912 tempus
1788 1842 1914 1896 vitae
1962 1857 2100 1912 prm-
2127 1829 2173 1889 Β
2201 1839 2448 1910 rapuisse
2467 1857 2629 1911 quam
2659 1842 2908 1912 proprias
2946 1857 3293 1912 recuperasse
3323 1845 3578 1900 credendi
3619 1854 3786 1912 sunt;

516 1941 685 1994 sentis
708 1940 1024 2009 peregrinos
1053 1953 1148 1994 nos
1175 1953 1295 1993 esse
1324 1937 1690 2005 agnoscimus,
1718 1949 1821 1991 nec
1853 1933 2096 2003 requiem

515 2027 623 2094 hic,
659 2027 751 2082 sed
787 2029 840 2081 in
870 2026 1051 2081 futuro
1083 2027 1430 2097 requirimus,
1455 2023 1642 2079 sedqu
1667 2029 1924 2079 curantes
1951 2035 2018 2076 ne
2043 2019 2098 2076 in

519 2128 809 2189 conspectu
841 2118 937 2173 Dei
973 2119 1126 2174 vacui
1153 2132 1530 2188 appareamus.

2198 1931 2326 2000 quia
2360 1932 2656 1988 secundum
2699 1940 2937 1988 veterem
2989 1934 3352 1999 traditionem,
3402 1943 3606 1992 terram
3648 1937 3791 1993 Cha-

2199 2037 2510 2076 nanazorum
2552 2021 2648 2076 ﬁlii
2679 2021 2807 2078 Sem
2854 2023 2908 2078 iu
2937 2021 3207 2079 divisione
3246 2024 3394 2080 orbis
3428 2027 3610 2080 sortiti
3639 2037 3789 2090 sunt,

2201 2126 2362 2180 quam
2401 2109 2690 2166 Chananaai
2720 2111 2984 2168 violenter
3011 2113 3402 2184 possederunt:
3436 2116 3579 2171 unde
3616 2115 3788 2184 justo,

585 2210 978 2266 Solemuitatem
1007 2225 1229 2280 quoque,
1261 2218 1365 2263 etc.
1398 2204 1580 2279 (nam)
1608 2205 1833 2261 Maturis
1861 2204 2096 2268 scilicet,
2192 2202 2398 2274 judicio
2424 2203 2521 2258 Dei
2569 2204 2776 2273 expulsi
2822 2213 2968 2259 sunt.
3001 2205 3265 2262 Voluntas
3302 2221 3519 2276 quoque
3568 2207 3790 2262 Domini

512 2302 778 2373 frugibus,
826 2302 1040 2371 quando
1089 2300 1296 2356 fructus
1337 2300 1500 2354 totius
1543 2297 1669 2352 anni
1699 2296 1913 2352 collecti
1952 2286 2097 2358 sunt,

513 2396 569 2447 in
601 2392 892 2462 septembri
929 2391 1138 2446 scilicet
1163 2407 1324 2461 quem
1365 2388 1577 2445 Hebraei
1615 2387 1910 2444 Chaldaico
1938 2400 2099 2441 voca-

512 2483 640 2538 bulo
665 2482 844 2546 thisri,
883 2489 1041 2539 hum
1081 2480 1402 2536 Macedones
1426 2479 1770 2554 ὐπερϐεραῑον
1795 2483 2009 2532 vocant.
2040 2475 2099 2529 in

513 2572 670 2642 cujus
692 2573 960 2644 principio
980 2571 1150 2627 Judaei
1181 2571 1440 2625 feriantes
1480 2569 1712 2640 amplius
1741 2569 1866 2623 tuba
1898 2572 2102 2622 canunt

515 2682 676 2736 quam
705 2668 756 2720 in
787 2665 998 2720 cmteris
1026 2663 1324 2727 mensibus,
1354 2670 1409 2716 et
1433 2661 1586 2732 plura
1619 2660 1876 2728 oﬂ'erunt,
1903 2659 1957 2713 in
1990 2671 2099 2728 quo

512 2757 632 2812 dies
652 2755 1038 2824 expiationum,
1065 2761 1120 2808 et
1152 2753 1268 2808 dies
1291 2752 1626 2823 scenopegiaa
1667 2751 1859 2822 quinto
1887 2749 2100 2806 decimo

513 2845 627 2909 die.
654 2845 746 2914 qui
771 2853 853 2898 est
883 2842 1198 2898 solemnitas
1221 2842 1736 2898 'l‘abernaculorum.

587 2934 754 2991 Vsus.
805 2933 891 2989 19.
942 2964 1013 2974 --
1065 2931 1188 2988 Non
1242 2950 1427 3004 coques
1480 2933 1711 2998 haedum,
1759 2941 1867 2988 etc.
1915 2931 2096 3003 (Auc.,

516 3036 704 3097 quam.
738 3025 808 3080 90
847 3025 902 3078 in
933 3023 1134 3096 Exod.)
1166 3023 1448 3090 Quomodo
1491 3023 1841 3095 intelligatur,
1874 3027 1943 3079 ad
1979 3038 2102 3078 ver-

517 3119 706 3173 borum
741 3117 1129 3188 proprietatcm
1175 3117 1358 3171 nescio
1403 3122 1586 3170 utrum
1629 3115 1804 3185 possit
1849 3114 2096 3184 reperiri,

2197 2297 2593 2366 possessionem
2621 2297 2801 2353 cordis
2844 2298 3015 2352 nostri
3053 2313 3160 2352 non
3191 2297 3337 2354 vitiis
3375 2299 3468 2354 sed
3496 2298 3795 2354 virtutibus

2201 2389 2494 2458 deputavit,
2542 2403 2664 2458 qua:
2707 2397 2830 2460 post
2869 2389 3374 2459 prawaricationem
3411 2388 3544 2444 Adae
3589 2389 3796 2445 insole-

2201 2481 2476 2536 scentibus
2507 2480 2679 2547 vitiis,
2706 2481 2862 2552 quasi
2894 2481 3234 2547 Cbananaeis,
3258 2497 3288 2535 a
3318 2481 3538 2551 propria
3569 2482 3796 2552 regione

2201 2571 2437 2642 depulsa:
2473 2583 2617 2628 sunt.
2663 2572 2800 2628 Cum
2829 2587 2957 2627 vero
2993 2589 3091 2643 per
3116 2573 3213 2628 Dei
3239 2573 3469 2644 gratiam
3505 2572 3796 2644 diligentia

2200 2671 2388 2718 nostra
2429 2671 2485 2719 et
2520 2663 2708 2720 labore
2738 2672 2928 2720 nostro
2953 2663 3336 2728 restituuntur,
3379 2679 3487 2718 non
3521 2673 3634 2718 tam
3661 2663 3798 2720 alie-

2201 2769 2328 2808 nam
2359 2762 2559 2809 terram
2585 2761 2853 2824 occupant
2890 2769 3054 2823 quam
3084 2753 3354 2824 recipiunt
3381 2755 3682 2824 propriam.

2271 2842 2436 2900 Vens.
2493 2844 2689 2900 25-27.
2733 2874 2808 2884 —
2854 2843 3171 2898 Benedicam
3225 2844 3447 2915 panibus
3506 2845 3634 2909 tuis,
3681 2853 3797 2900 etc.

2203 2934 2386 3007 (Auc.)
2442 2934 2560 2990 Alia
2616 2934 2836 2990 littera:
2891 2933 3209 2988 Benedicam
3265 2949 3456 3004 panem
3503 2942 3555 2987 et
3610 2934 3796 2987 uinum

2200 3037 2370 3092 tuum,
2395 3034 2501 3082 etc.
2531 3024 2788 3093 Quamvis
2820 3025 2904 3080 hie
2931 3023 3321 3094 promissiones
3357 3024 3569 3095 possint
3594 3032 3655 3077 et
3683 3024 3797 3093 spi-

2204 3117 2470 3173 ritualiter
2495 3115 2741 3187 intelligi,
2783 3125 2912 3183 etc.,
2943 3132 3103 3186 usque
3130 3113 3200 3170 ad
3237 3129 3358 3185 quae
3386 3113 3538 3186 impii
3564 3129 3681 3169 non
3710 3129 3797 3170 ac-

515 3221 648 3277 etc.,
677 3227 840 3280 usque
886 3209 954 3263 ad
1001 3217 1188 3279 postea
1226 3223 1358 3263 vero
1392 3206 1540 3278 passi
1578 3214 1707 3262 sunt
1753 3221 1862 3261 non
1891 3206 2016 3277 agni
2044 3205 2099 3260 in
2128 3193 2172 3256 C
2204 3208 2426 3279 cipient.

515 3301 675 3366 lacte,
708 3302 802 3357 sed
839 3301 1040 3355 arietes
1072 3299 1125 3354 in
1163 3313 1348 3370 grege.

587 3390 868 3464 (Sui/tn.)
943 3389 1236 3446 Moratiter.
1301 3388 1533 3454 Haedus,
1586 3387 1640 3443 id
1685 3397 1770 3443 est
1827 3396 2104 3459 peccator,

515 3493 732 3542 nonest
767 3485 822 3540 in
851 3484 993 3539 lacte
1027 3484 1220 3539 matris
1256 3483 1590 3553 coquendus.
1625 3483 1680 3538 id
1711 3492 1790 3539 est
1829 3484 2107 3540 blanditiis

517 3574 890 3631 dissolvendus
924 3615 940 3641 ,
1005 3575 1098 3630 sed
1147 3589 1339 3644 aspere
1381 3575 1741 3645 increpandus
1803 3584 1858 3631 et
1923 3577 2106 3632 redar-

519 3668 784 3738 guendus.

587 3759 753 3814 Vsus.
781 3758 872 3825 ΞΟ,
899 3759 990 3813 21.
1035 3789 1108 3799 -
1141 3757 1276 3812 Ecce
1304 3775 1396 3828 ego
1438 3759 1643 3812 mittam
1688 3759 1954 3830 angelum,
1997 3770 2102 3815 etc.

519 3848 706 3920 (11η.)
747 3849 910 3904 Josue
953 3849 1221 3918 signiﬁcat
1252 3850 1442 3904 ducem
1476 3849 1679 3919 populi,
1733 3851 1822 3920 qui
1856 3851 1980 3906 ideo
2010 3867 2107 3905 an-

524 3938 678 4010 gelus
728 3940 946 4004 dicitur,
995 3941 1124 4010 quia
1167 3940 1234 3995 ad
1265 3941 1595 3996 voluntatem
1641 3941 1854 3998 Domini
1892 3959 2105 3998 annun—

519 4031 760 4088 tiandam
784 4034 1049 4100 mittitur;
1082 4032 1295 4110 ἄγγελος
1328 4035 1470 4090 enim
1511 4035 1717 4101 Graece,
1765 4038 1980 4092 nuntius
2021 4038 2105 4092 di-

516 4124 678 4184 citur.

590 4213 752 4270 Vens.
785 4214 876 4271 22.
925 4245 995 4258 —
1039 4217 1294 4274 Inimicus
1339 4236 1449 4284 ero,
1508 4230 1612 4276 etc.
1659 4220 1878 4294 (GREG.)
1934 4222 2107 4278 Radix

516 4309 700 4364 cuncti
727 4308 853 4364 mali
887 4309 1139 4380 superbia
1175 4320 1280 4378 est,
1310 4311 1377 4369 de
1417 4326 1524 4384 qua
1570 4311 1770 4370 dicitur
1814 4313 1958 4372 Eccli
2021 4333 2056 4372 λ
2090 4338 2102 4374 :

2227 3337 2236 3342 -
2276 3303 2440 3358 Vens.
2481 3301 2572 3356 28.
2599 3330 2671 3340 —
2713 3299 2971 3356 Emittam
3019 3299 3320 3354 crabrones.
3366 3298 3550 3370 (Aua.,
3599 3309 3796 3369 qua’st.

2204 3391 2319 3466 95.)
2349 3393 2607 3448 Emittam
2636 3384 2848 3462 vespas,
2876 3399 2981 3447 etc.
3013 3388 3128 3446 Hoc
3161 3389 3433 3461 promittit
3472 3390 3640 3458 Deus,
3663 3400 3795 3454 etc.,

2205 3500 2368 3555 usque
2395 3484 2464 3536 ad
2490 3483 2535 3538 si
2565 3481 2768 3552 aliquid
2808 3498 2840 3536 a
2866 3481 3084 3538 Christo
3107 3482 3324 3537 dicitur.

2274 3574 2394 3628 Alia
2440 3574 2642 3629 littera.
2693 3571 2946 3627 Emittam
3011 3589 3190 3643 vespas
3241 3582 3361 3626 ante
3402 3581 3473 3634 te.
3522 3582 3574 3627 et
3618 3571 3798 3643 ejiciet

2207 3665 2558 3729 Amat-rimas,
2594 3673 2700 3720 etc.
2742 3665 2785 3718 A
2822 3663 3016 3735 plurali
3041 3663 3108 3718 ad
3149 3662 3478 3732 singularem
3505 3678 3797 3718 numerum

2207 3773 2266 3813 se
2313 3758 2600 3813 convertit.
2648 3756 2968 3828 [intelligitur
3008 3763 3190 3812 autem
3235 3755 3795 3827 ejicietAmorrhaeos,

2209 3866 2396 3920 vespa,
2432 3849 2636 3904 scilicet
2678 3849 2820 3904 sicut
2866 3847 3092 3915 locusta,
3135 3849 3275 3904 sicut
3311 3863 3466 3914 rana,
3497 3863 3608 3904 non
3650 3850 3800 3919 quod

2209 3957 2314 3997 una
2343 3943 2434 4008 sit,
2477 3941 2571 3996 sed
2600 3955 2695 4012 per
2721 3940 3046 4012 singularem
3085 3940 3405 4012 intelligitur
3431 3939 3685 4010 pluralis.

2280 4035 2443 4089 Vens.
2505 4033 2788 4088 29-35.—-
2841 4032 2965 4087 Non
3016 4033 3223 4102 ejiciam
3275 4048 3361 4100 eos
3410 4049 3443 4086 a
3489 4031 3648 4101 facie,
3686 4042 3796 4091 etc.

2209 4127 2461 4200 (Sanam)
2507 4126 2706 4181 Gentes
2747 4126 2864 4181 istae
2896 4125 3026 4180 vitia
3055 4123 3380 4196 signiﬁcant,
3417 4139 3540 4197 qtae
3589 4142 3697 4183 nec
3726 4127 3798 4182 si-
3883 4193 3898 4206 ε

2209 4221 2342 4290 mul,
2374 4236 2473 4277 nec
2505 4235 2611 4278 uno
2637 4228 2878 4293 tempore
2902 4219 2960 4277 in
3000 4222 3202 4278 sanctis
3235 4221 3680 4290 exstinguuntur,
3730 4237 3800 4276 ne

2208 4326 2448 4373 inonstra
2475 4325 2631 4371 terrae
2658 4314 3100 4384 multiplicantur,
3127 4313 3180 4368 id
3200 4320 3285 4368 est
3304 4327 3372 4367 ne
3394 4311 3451 4366 in
3479 4311 3799 4382 superbiam

517 4396 739 4451 Initium
797 4401 964 4454 omnis
1015 4404 1212 4472 peccati
1255 4407 1520 4475 superbia.
1570 4407 1710 4460 Sunt
1755 4417 1936 4462 autem
1989 4401 2109 4478 ejus
2208 4409 2486 4480 erigantur
2511 4415 2566 4463 et
2591 4421 2785 4462 vanam
2807 4405 3032 4476 gloriam
3060 4413 3114 4460 et
3135 4402 3462 4471 huiusmodi.
3503 4400 3645 4456 Nam
3669 4417 3798 4456 cum

519 4487 734 4543 soboles
762 4498 968 4560 septem
999 4492 1319 4563 principalia
1351 4494 1502 4559 vitia,
1547 4495 1726 4551 inanis
1750 4497 1942 4567 gloria,
1968 4499 2108 4554 invi-
2131 4555 2178 4567 ,,
2209 4500 2382 4557 sancti
2409 4509 2599 4556 contra
2624 4494 2829 4565 majora
2854 4495 2986 4549 vitia
3008 4501 3248 4566 pugnant
3267 4501 3325 4549 et
3347 4492 3596 4558 vincunt,
3628 4492 3802 4546 relin-

520 4575 632 4666 dia,
660 4576 761 4643 ira,
785 4579 1028 4647 tristitia,
1053 4585 1299 4649 avaritia,
1326 4586 1532 4642 ventris
1558 4585 1841 4657 ingluvies,
1868 4589 2102 4646 luxuria.
2131 4575 2183 4614 υ
2210 4603 2382 4666 qnunt
2419 4593 2724 4656 minora,et
2742 4585 3428 4660 permittunturdominari,
3453 4601 3523 4640 ne
3548 4599 3652 4654 per
3681 4583 3802 4640 ela-

521 4665 590 4748 Et
613 4667 740 4738 quia
767 4669 852 4724 bis
878 4680 1081 4742 septem
1124 4677 1391 4744 superbiae
1415 4678 1562 4733 vitiis
1605 4693 1703 4733 nos
1730 4689 1916 4749 captus
1938 4681 2110 4736 doluit
2209 4665 2410 4740 tionem
2437 4681 2655 4754 gravius
2685 4686 2964 4735 corruant.
3010 4677 3161 4751 Unde
3185 4675 3354 4731 Paulo
3393 4677 3552 4731 datus
3575 4683 3661 4730 est
3700 4675 3802 4730 sti-

520 4755 852 4826 Redemptor
896 4771 1102 4828 noster,
1151 4764 1217 4818 ad
1260 4766 1541 4837 spirituale
1579 4768 1917 4826 liberationis
1964 4787 2109 4843 prte-

520 4847 655 4904 lium
684 4849 886 4922 Spiritu
917 4855 1248 4924 scptiformis
1275 4859 1461 4930 gratia:
1487 4859 1680 4930 plenus
1702 4863 1869 4917 venit.

594 4935 759 5016 Vens.
799 4941 890 5008 25,
933 4943 1024 4998 24.
1049 4976 1119 4985 —-
1148 4944 1517 5018 Pra'cedetque
1561 4959 1610 5003 te
1649 4951 1884 5022 angelus.
1923 4954 2106 5028 (ΗΑΒ.)

521 5030 688 5090 Iosue
721 5036 976 5106 pepulum
1008 5037 1359 5094 Israeliticum
1405 5041 1456 5094 in
1496 5051 1701 5098 terram
1729 5047 2106 5114 promissionis

525 5124 760 5194 induxit,
807 5141 1014 5199 septem
1067 5142 1255 5201 gentes
1297 5133 1540 5202 ejiciens,
1591 5136 1840 5207 idolaque
1881 5147 1938 5193 et
1984 5156 2108 5197 aras

525 5234 711 5305 eorum
761 5223 1064 5280 destruens.
1105 5225 1327 5296 Mystice
1366 5241 1526 5282 verus
1571 5227 1728 5286 Jesus
1779 5233 1876 5287 has
1920 5244 2109 5304 gentes

525 5326 648 5366 cum
676 5313 982 5370 simulacris
1018 5317 1130 5370 suis
1156 5318 1504 5383 exterminat,
1533 5335 1654 5374 cum
1677 5330 1882 5391 septem
1901 5325 2107 5394 princi-

523 5402 665 5474 palia
695 5405 824 5460 vitia
863 5415 918 5459 et
947 5421 1106 5460 omne
1153 5407 1353 5461 idolum
1385 5408 1588 5464 inimici
1617 5409 1683 5465 de
1715 5413 1969 5469 cordibus
2007 5431 2106 5469 uo-

523 5494 652 5548 stris
681 5496 920 5566 expcllit,
953 5505 1010 5549 ut
1054 5504 1262 5551 natura:
1292 5506 1490 5553 nostra:
1528 5508 1726 5556 terram
1757 5517 1947 5559 secure
1983 5521 2108 5574 pos-

523 5586 820 5641 sideatttus.

597 5679 738 5743 Quos
762 5697 853 5751 ego
884 5691 1169 5736 conteram.
1201 5684 1546 5754 (Cunvsosr.)
1580 5685 1750 5742 Habet
1775 5690 2110 5760 unumquod-

523 5788 626 5840 que
665 5776 847 5830 vitium
898 5778 950 5831 in
987 5779 1148 5836 corde
1199 5791 1384 5836 nostro
1432 5783 1702 5852 propriam
1753 5783 2105 5849 mansionem,

2211 4773 2389 4830 mulus
2409 4773 2590 4829 carnis
2618 4771 2686 4828 ad
2711 4769 3015 4827 custodiam
3046 4766 3372 4854 humilitatis
3400 4765 3454 4838 (Ι
3477 4763 3604 4822 Cor.
3633 4765 3798 4839 nn).

2777 4912 3006 4971 CAPUT
3039 4913 3230 4970 XXIV.

2281 5052 2445 5107 Vens.
2488 5052 2539 5106 1.
2568 5081 2637 5092 -
2665 5049 2836 5121 Moysi
2859 5067 3061 5122 quoque
3100 5051 3276 5106 dixit:
3317 5050 3552 5106 Ascende
3595 5051 3666 5106 ad
3694 5050 3803 5105 Do-

2209 5144 2430 5207 minum,
2454 5154 2511 5198 tu
2539 5152 2587 5197 et
2625 5144 2824 5209 Aaron,
2849 5151 2955 5198 etc.
2983 5144 3165 5216 (Auo.,
3186 5154 3372 5216 quiest.
3397 5144 3467 5199 85
3501 5146 3556 5198 in
3587 5143 3761 5198 Exod.
3783 5183 3799 5206 ,

2212 5243 2342 5288 tom.
2367 5232 2478 5302 Ill.)
2512 5232 2695 5302 Usque
2720 5234 2788 5287 ad
2824 5233 2970 5288 hunc
2993 5231 3167 5287 locum
3213 5233 3510 5302 Scriptura:
3529 5231 3802 5302 jnstiﬁca-

2213 5323 2384 5378 tiones
2431 5322 2820 5393 intelliguntur,
2870 5332 3002 5389 etc.,
3056 5340 3215 5395 usque
3265 5324 3335 5378 ad
3378 5323 3800 5392 justiﬁcationes

2211 5432 2342 5472 vero
2368 5415 2546 5472 Latini
2577 5432 2671 5473 cas
2721 5432 2840 5473 esse
2867 5417 3052 5472 dicunt
3099 5433 3216 5488 quae
3259 5416 3433 5474 Gneci
3473 5417 3798 5490 δικαιώματα

2208 5509 2414 5562 dicunt.
3189 5511 3196 5516 '

2282 5599 2359 5653 Tu
2401 5610 2446 5654 et
2493 5601 2692 5665 Aaron,
2725 5609 2832 5656 etc.
2865 5601 3115 5674 (Suum)
3163 5601 3372 5673 Moyses
3409 5607 3463 5655 et
3511 5600 3690 5656 Aaron
3741 5609 3801 5653 et

2211 5689 2394 5746 Nadab
2419 5701 2473 5746 et
2500 5693 2659 5748 Abiu.
2704 5692 2807 5746 Per
2847 5694 2946 5748 hos
2987 5704 3218 5762 quatuor
3258 5693 3358 5747 viri
3387 5693 3681 5762 evangelici
3720 5691 3798 5745 si-

2210 5783 2554 5855 gniﬁcantur,
2574 5786 2662 5854 qui
2691 5785 2894 5839 scilicet
2923 5786 3230 5858 evangelica
3257 5793 3522 5855 praecepta
3551 5800 3798 5855 sequun—
