3998 6332
181 387 297 444 265

1178 386 1443 443 GLOSSA
1481 387 1872 444 OlilllNAlllA.
1914 419 1982 426 ν-
2017 387 2142 442 LIB.
2183 389 2386 448 ΕΧΟΙ).

3337 390 3440 445 266

179 508 296 555 tur.
321 496 432 555 Per
468 495 803 567 septuaginta
829 510 960 552 vero
995 495 1107 566 (qui
1138 505 1353 552 constat
1373 512 1439 552 ex
1463 499 1766 567 septenario
1794 499 1842 558 A
1869 495 1939 550 ad
1959 498 2102 566 quod
2133 501 2290 555 modo
2319 511 2652 556 memoratur
2671 502 2912 560 nondum
2943 505 3234 561 vocabatur
3259 503 3442 576 Jesus,

178 589 371 644 decies
393 587 605 643 scilicet
631 585 810 652 ducto,
841 585 927 642 vel
953 601 1018 641 ex
1045 587 1267 642 denario
1291 590 1488 658 septies
1509 589 1765 660 multipli-

176 679 331 751 cato)
363 677 733 749 signiﬁcantur
756 676 832 732 illi
873 677 964 748 qui
1009 676 1246 748 Spiritus
1275 678 1448 733 sancti
1473 679 1646 750 gratia
1672 680 1766 735 ad-

163 772 303 844 juti,
357 769 710 842 adimplentes
756 769 1034 824 denarium
1081 769 1234 842 legis,
1279 771 1506 826 tendunt
1543 773 1610 828 ad
1639 787 1762 828 con-

174 864 588 937 templationem
613 862 941 919 Conditoris.
971 863 1071 919 Vel
1099 863 1166 918 ad
1204 862 1437 919 litteram
1467 865 1533 920 de
1567 854 1764 936 quibus

170 957 381 1012 dicitur
407 955 568 1011 Num.
600 969 655 1009 xl
681 972 694 1008 :
726 955 947 1009 Assume
978 952 1070 1007 tibi
1093 955 1422 1024 septuaginta
1445 955 1604 1023 viros,
1630 963 1756 1021 etc.,

169 1049 246 1104 de
277 1048 476 1118 quibus
512 1044 718 1102 Heldad
745 1053 800 1099 et
827 1043 1034 1100 Meldad
1065 1041 1303 1098 fuerunt.

245 1140 416 1196 Vens.
446 1137 511 1192 '2.
538 1169 609 1178 —
646 1134 904 1208 Solusque
953 1133 1160 1206 Moyses
1201 1135 1438 1190 ascendet
1483 1135 1553 1190 ad
1581 1135 1764 1190 Domi-

169 1247 324 1286 num.
355 1227 538 1301 (ΗΑΒ.)
574 1227 734 1282 Prius
773 1226 1087 1298 praecipitur
1130 1233 1189 1279 ut
1231 1224 1443 1296 Moyses
1473 1233 1530 1280 et
1557 1226 1758 1304 Aaron,

167 1321 366 1377 Nadab
385 1329 438 1376 et
456 1320 613 1386 Abiu,
639 1327 695 1375 et
715 1318 1053 1391 septuaginta
1085 1318 1349 1383 seniores,
1380 1321 1673 1375 ascendant
1694 1319 1762 1374 ad

167 1413 489 1468 Dominum.
513 1413 580 1467 Et
607 1412 788 1467 statim
821 1410 1161 1482 subiungitur
1186 1411 1331 1480 quod
1364 1410 1510 1466 solus
1551 1410 1763 1482 Moyses

167 1503 437 1560 ascendat
455 1502 521 1558 ad
541 1503 847 1565 Dominum,
870 1501 1051 1558 caeteri
1080 1516 1184 1556 non
1201 1501 1649 1573 appropinquent,
1666 1501 1760 1557 sed

168 1593 620 1664 adorentprocul.
638 1592 739 1648 Ubi
755 1593 1030 1648 moraliter
1043 1593 1361 1648 instruimur
1379 1592 1524 1649 vires
1547 1601 1763 1649 nostras

164 1686 530 1758 perpendere,
584 1701 687 1741 nec
727 1685 862 1740 ultra
908 1700 1065 1755 posse
1110 1693 1356 1741 nostrum
1408 1701 1590 1740 arcem
1639 1701 1764 1740 con-

165 1775 854 1847 templationis'attingere,
883 1775 976 1830 sed
1009 1782 1269 1845 quantum
1307 1775 1492 1830 divina
1519 1774 1760 1831 clemen-

165 1867 242 1921 tia
274 1875 459 1932 vocat,
498 1875 553 1922 et
585 1865 770 1938 regula
800 1863 1096 1934 Scriptum
1118 1873 1397 1934 provocat.

238 1955 464 2026 (Gnec.)
500 1955 711 2028 Moyses
731 1963 792 2010 ut
835 1955 1085 2010 sublimia
1129 1954 1225 2010 Dei
1267 1963 1535 2027 pmcepta
1577 1955 1752 2028 perci-

161 2056 342 2117 peret,
381 2046 486 2102 alta
513 2047 855 2112 conscendit;
904 2053 961 2100 et
1007 2055 1067 2100 ut
1113 2045 1330 2102 interna
1367 2055 1636 2118 penetret,
1682 2049 1750 2104 ab

162 2140 414 2195 externis
463 2140 779 2196 tumultibus
847 2139 1192 2196 occultatur:
1244 2141 1371 2210 quia
1418 2139 1524 2195 viri
1575 2139 1748 2196 sancti

162 2234 259 2304 qui
297 2234 662 2289 exterioribus
695 2231 882 2289 oﬁiciis
907 2233 1182 2289 deservire
1202 2233 1528 2289 necessitate
1551 2248 1751 2304 cogun-

162 2332 274 2388 tur,
305 2324 549 2380 studiose
589 2338 800 2394 semper
835 2325 902 2378 ad
931 2323 1110 2380 cordis
1149 2331 1364 2380 secreta
1407 2323 1748 2394 confugiunt,

163 2418 356 2488 ibique
401 2417 746 2489 cogitationis
787 2417 990 2472 intima:
1018 2431 1277 2473 cacumen
1329 2417 1648 2483 ascendunt,
1695 2424 1751 2472 et

159 2508 340 2581 legem
382 2509 537 2578 quasi
582 2508 638 2562 in
679 2517 863 2564 monte
904 2509 1234 2578 percipiunt,
1261 2508 1409 2575 dum,
1438 2506 1751 2579 postpositis

162 2601 491 2656 tumultibus
537 2601 814 2656 actionum
867 2601 1267 2672 temporalium,
1317 2601 1374 2656 in
1422 2598 1752 2671 contempla-

159 2691 329 2748 tionis
377 2706 489 2748 suae
537 2691 742 2748 vertice
793 2705 1041 2762 supernae
1084 2689 1380 2747 voluntatis
1425 2689 1752 2746 sententiam

157 2791 605 2856 perscrutantnr.
785 2789 796 2796 '

227 2874 402 2928 Vens.
439 2873 562 2929 3-5.
591 2902 664 2914 —
692 2871 972 2930 Faciemus
1017 2872 1200 2945 (Auc.,
1238 2879 1426 2944 quwst.
1481 2871 1596 2945 95.)
1647 2871 1754 2928 No-

155 2969 391 3024 tandum
418 2968 564 3040 quod
593 2967 790 3024 iterum
820 2967 1069 3039 populus,
1110 2975 1246 3034 etc.,
1277 2983 1443 3038 usque
1475 2966 1544 3020 ad
1567 2979 1754 3036 appre-

158 3060 480 3116 benderunt
497 3059 791 3129 justitiam.
996 3109 1002 3116 .

225 3149 400 3207 Vens.
438 3150 557 3207 6-9.
588 3180 660 3192 —
699 3148 839 3205 Tulit
876 3151 1070 3222 itaque,
1111 3158 1216 3207 etc.
1247 3139 1371 3223 [ln.,
1407 3157 1590 3220 quaest.
1636 3144 1750 3220 98.]

153 3349 325 3405 usque
362 3334 432 3387 ad
474 3347 601 3388 nam
649 3333 962 3406 decalogum
1004 3331 1060 3388 in
1110 3332 1305 3389 tabulis
1330 3331 1557 3402 lapideis
1585 3329 1752 3387 fuisse

152 3425 428 3493 scriptum
449 3432 636 3494 postea
681 3432 850 3496 patet.

221 3515 500 3571 Crateras.
539 3513 786 3581 Cratera,
843 3517 960 3572 sive
1012 3523 1212 3584 crater,
1263 3516 1462 3572 dicitur
1506 3517 1610 3573 ἀπὸ
1657 3521 1748 3572 τοῦ

149 3616 392 3684 κρατεῖν,
422 3607 566 3679 quod
596 3614 678 3663 est
719 3625 919 3678 capere,
953 3622 1020 3664 eo
1045 3609 1190 3678 quod
1233 3609 1306 3665 sit
1335 3607 1494 3663 multi
1517 3608 1630 3663 vini
1658 3621 1751 3663 ca-

150 3712 287 3767 pax.

221 3785 400 3842 Vens.
438 3785 526 3852 10,
568 3787 656 3841 11.
710 3817 780 3828 -
835 3785 946 3843 Sub
995 3787 1232 3859 pedibus.
1281 3787 1424 3844 Deus
1472 3803 1579 3844 non
1630 3788 1750 3844 loco

149 3879 494 3946 continetur,
526 3894 629 3935 nec
660 3880 764 3935 situ
811 3879 1056 3950 corporis
1101 3878 1347 3935 membra
1388 3878 1560 3948 ponit,
1611 3879 1751 3934 sicut

147 3981 236 4027 est
259 3971 443 4026 nostri
471 3971 717 4042 corporis
742 3971 955 4038 sedere,
985 3979 1040 4026 et
1056 3971 1264 4042 jacere,
1281 3978 1448 4036 stare,
1478 3978 1534 4025 et
1560 3969 1749 4039 hujus-

149 4065 331 4132 modi,
361 4079 482 4136 quae
511 4073 721 4121 tantum
755 4065 999 4136 corporis
1028 4075 1172 4122 sunt.
1207 4065 1348 4122 Deus
1379 4074 1558 4121 autem
1588 4065 1750 4136 spiri-

77 4189 82 4196 -
152 4166 247 4212 tus
285 4164 394 4212 est.
439 4155 592 4224 Quod
619 4172 748 4228 ergo
774 4172 832 4212 se
869 4158 1104 4213 ostendit
1131 4157 1310 4228 specie
1345 4157 1634 4228 corporali,
1662 4155 1750 4212 vel

149 4248 333 4321 signis
383 4249 742 4320 corporaliter
787 4250 1080 4320 expressis,
1126 4265 1234 4306 non
1283 4249 1586 4306 substantia
1631 4249 1750 4319 ejus

149 4347 408 4411 apparet,
453 4355 573 4411 quae
598 4349 678 4397 est
707 4341 852 4412 quod
899 4342 1015 4412 ipse
1051 4350 1156 4409 est,
1189 4343 1284 4398 sed
1309 4342 1605 4413 assumptio
1635 4340 1750 4397 for-

147 4445 374 4484 marum
403 4429 692 4492 visibilium
717 4429 836 4500 ejus
864 4431 1013 4488 omni
1035 4433 1292 4503 potentiae
1314 4431 1577 4501 subiacet.

219 4522 397 4578 Vens.
428 4521 515 4577 12.
543 4552 613 4564 -
640 4522 874 4578 Ascende
899 4523 968 4578 ad
1013 4541 1117 4590 me,
1159 4531 1265 4580 etc.
1298 4522 1478 4596 (Bt-20.,
1510 4524 1605 4580 lib.
1636 4539 1654 4578 ι
1680 4525 1747 4580 de

153 4609 485 4678 Tabarnac.,
527 4627 646 4683 cap.
699 4613 788 4680 11,
833 4621 964 4669 ιοω.
1008 4611 1098 4684 Π.)
1149 4613 1407 4670 Locuturi
1449 4614 1520 4671 de
1569 4613 1740 4687 ﬁgura

151 4703 518 4770 tabernaculi,
543 4711 676 4772 etc.,
700 4722 864 4778 usque
905 4705 976 4760 ad
1024 4714 1086 4761 ut
1123 4706 1364 4762 Ecclesia
1409 4723 1508 4778 per
1553 4709 1742 4764 orbem

145 4799 480 4846 cunctarum
507 4792 746 4861 gentium
773 4794 972 4866 linguis
995 4793 1243 4852 locutura
1277 4797 1668 4869 designaretur.

217 4880 484 4956 Daboque
501 4882 617 4936 tibi.
643 4882 767 4956 (ln.)
792 4882 932 4940 Huic
961 4884 1136 4941 simile
1163 4895 1248 4941 est
1280 4885 1411 4942 illud
1437 4903 1450 4940 :
1491 4885 1744 4943 Docentes

145 4987 236 5026 eos
259 4986 474 5026 seruare
497 4972 671 5026 omnia
703 4989 1024 5045 quaecunque
1065 4973 1310 5029 mandavi
1347 4975 1488 5031 vobis
1527 4975 1742 5047 (Matth.

149 5063 373 5135 xxvm).
401 5063 520 5121 Non
547 5081 678 5136 ergo
707 5065 938 5139 Moyses,
966 5082 1073 5122 non
1097 5066 1345 5138 apostoli,
1370 5067 1456 5122 vel
1487 5067 1734 5138 quilibet,

150 5155 257 5210 alia
313 5155 476 5210 debet
521 5156 717 5212 docere
767 5172 932 5228 quam
977 5172 1098 5228 qua:
1137 5157 1398 5214 Dominus
1443 5158 1647 5226 docuit,
1682 5167 1740 5214 et

149 5244 370 5300 consilii
413 5244 632 5301 decreto
677 5246 1013 5303 observanda
1056 5249 1409 5320 praescripsit,
1441 5249 1496 5304 in
1543 5251 1737 5320 quibus

149 5334 323 5389 vitam
345 5341 608 5390 aeternam
648 5351 749 5391 nos
777 5337 978 5394 habere
1005 5339 1196 5405 voluit,
1223 5339 1365 5395 sicut
1392 5323 1460 5396 de
1486 5341 1572 5396 his
1594 5357 1736 5412 prte-

150 5423 312 5479 teriri
337 5423 630 5493 quidquam
658 5440 768 5480 non
797 5436 1012 5496 oportet
1037 5447 1050 5482 ε
1087 5429 1182 5484 sed
1227 5431 1410 5485 omnia
1441 5447 1562 5501 qua:
1590 5447 1740 5487 man-

150 5515 331 5580 davit,
364 5517 703 5574 auditoribus
728 5521 1062 5578 committere
1090 5537 1310 5580 necesse
1348 5532 1452 5581 est.

225 5607 394 5663 Vens.
428 5607 517 5662 15.
545 5637 617 5648 -
653 5607 1004 5664 Surrexerunt
1043 5611 1251 5684 Moyses
1277 5623 1325 5668 et
1346 5613 1531 5669 Iosue.
1556 5614 1735 5687 (Aus.,

147 5707 343 5770 quiest.
392 5698 496 5756 10⁵5
543 5700 599 5754 in
637 5697 836 5773 Exod.)
877 5700 1040 5757 Josue
1068 5720 1173 5760 non
1203 5713 1654 5762 commemoratus
1684 5707 1736 5761 in

156 5788 267 5847 illis
295 5799 528 5860 quatuor
551 5791 732 5847 subito
769 5807 892 5846 cum
934 5792 1116 5864 Moyse
1146 5804 1384 5866 apparet,
1417 5805 1544 5876 etc.,
1581 5814 1740 5866 usque

559 5886 834 5949 Paeon.
875 5885 1095 5951 CXIII.

1871 591 1964 642 sed
1986 590 2203 658 quando
2227 591 2488 662 scriptum
2523 602 2624 648 est.

1941 681 2116 752 (Βευ.)
2157 680 2320 738 Josue
2363 683 2639 740 Christum
2663 687 2880 743 nomine
2909 695 2965 742 et
3001 688 3216 745 actione
3243 691 3444 764 signiﬁ-

1867 780 1986 837 cat;
2017 773 2109 842 qui
2149 773 2398 829 minister
2426 773 2592 846 Moysi
2632 777 2852 843 dicitur,
2888 779 3015 849 quia
3046 778 3296 836 Christus
3335 799 3442 838 non

1865 864 1999 918 venit
2020 863 2180 936 legem
2205 865 2420 934 saluere,
2460 869 2550 923 sed
2579 869 2866 942 adimplere
2910 871 3125 942 (Matth.
3161 871 3239 944 v).
3270 871 3441 946 Moysi

1864 955 2089 1028 vestigia
2119 957 2173 1011 in
2212 958 2464 1014 omnibus
2508 961 2770 1030 sequitur,
2815 962 2941 1032 quia
2973 962 3027 1017 in
3069 964 3280 1020 cunctis
3322 981 3443 1035 quae

1865 1047 2345 1120 scripsit'Moyses,
2377 1050 2554 1120 typice
2587 1051 2922 1124 designatur,
2951 1055 3104 1124 quasi
3138 1071 3322 1112 comes
3354 1057 3441 1112 in-

1864 1136 2194 1204 dividuus,si
2218 1141 2357 1196 bene
2379 1141 2661 1210 quaeritur,
2686 1142 2977 1199 invenitur.
3006 1145 3158 1202 Unde
3186 1144 3342 1203 Joan.
3372 1161 3440 1202 v:

1865 1227 1928 1283 Si
1962 1231 2234 1286 crederetis
2260 1215 2450 1304 Moysi,
2476 1233 2700 1302 forsitan
2721 1236 2996 1292 crederetis
3020 1247 3068 1292 et
3099 1239 3247 1294 mihi.

1934 1317 2111 1390 (BED.,
2134 1321 2197 1376 de
2225 1322 2534 1390 Tabernac.,
2565 1325 2658 1380 lib.
2692 1341 2730 1392 ι,
2756 1341 2875 1396 cap.
2909 1327 2963 1393 1,
2988 1334 3118 1382 tom.
3145 1326 3234 1400 Π.)
3261 1327 3443 1384 Aaron
3519 1328 3522 1330 ⁷

1864 1409 2068 1499 (mnu)
2083 1427 2230 1467 mons
2247 1412 2595 1482 fortitudinis,
2621 1415 2732 1470 llur
2745 1417 2893 1488 (-1111)
2911 1419 3296 1489 interpretatur
3307 1421 3448 1490 ignis

1861 1499 1946 1554 vel
1967 1499 2165 1568 lumen,
2191 1509 2320 1569 etc.,
2351 1520 2513 1576 usque
2538 1506 2608 1559 ad
2630 1514 2685 1561 et
2721 1507 2788 1562 ad
2815 1507 3158 1564 dilectionem
3187 1507 3443 1566 Condito-

1863 1591 1939 1645 ris
1967 1591 2180 1648 animus
2207 1593 2518 1651 inardescit.

1933 1680 2095 1738 Vens.
2138 1683 2226 1738 15.
2253 1715 2312 1726 -
2341 1683 2574 1758 Cumque
2611 1690 2926 1745 ascendisset
2956 1689 3192 1762 Moyses,
3227 1689 3440 1763 (Bene.

1859 1775 2014 1848 ibid.)
2047 1775 2200 1832 Sicut
2222 1793 2382 1834 mons
2411 1779 2746 1836 altitudinem
2786 1781 3153 1854 perfectionis,
3193 1793 3322 1848 etc.,
3354 1801 3442 1839 us-

1782 1854 1830 1913 Β
1857 1882 1956 1937 que
1984 1866 2054 1921 ad
2079 1868 2286 1924 ctelesti
2333 1871 2710 1929 benedictione
2736 1875 2991 1947 protegit.

1920 1957 2086 2013 Vens.
2113 1959 2198 2015 l6.
2215 1961 2367 2016 —Et
2391 1963 2645 2018 habitavit
2671 1963 2840 2035 gloria
2867 1965 3102 2021 Domini.
3132 1965 3255 2039 (10.,
3282 1965 3440 2036 ibid.)

1849 2047 1968 2103 Non
2008 2051 2169 2108 modo
2205 2053 2530 2120 sublimitas,
2582 2055 2674 2110 sed
2704 2063 2760 2110 et
2808 2071 3004 2112 nomen
3053 2057 3277 2123 montis,
3307 2065 3436 2122 etc.,

1852 2156 2013 2210 usque
2034 2141 2104 2194 ad
2131 2142 2186 2196 in
2221 2144 2450 2214 septimo
2477 2145 2760 2215 quiescere
2777 2147 3051 2216 iubemur.

1924 2231 2118 2304 Tegens
2145 2233 2294 2288 illum
2323 2235 2475 2290 nube.
2524 2236 2646 2306 (ln.,
2677 2237 2831 2309 ibid.)
2863 2239 2968 2295 Sex
3001 2238 3190 2297 diebus
3214 2241 3356 2296 nube
3385 2249 3440 2296 et

1849 2322 2018 2396 gloria
2039 2322 2252 2380 Domini
2281 2325 2500 2397 tegitur,
2520 2336 2650 2393 etc.,
2681 2345 2842 2400 usque
2865 2331 2935 2384 ad
2951 2338 3009 2385 ut
3034 2331 3102 2386 ad
3125 2333 3439 2388 sublimiora

1850 2415 2046 2472 divinae
2066 2415 2291 2472 visionis
2318 2425 2374 2473 et
2409 2417 2787 2476 collocutionis
2807 2421 2950 2478 dona
2978 2423 3307 2494 perveniret.

1921 2508 2083 2564 Vens.
2114 2509 2201 2563 17.
2230 2539 2302 2550 —-
2327 2507 2461 2565 Erat
2497 2520 2669 2566 autem
2723 2515 2940 2581 species,
2989 2522 3094 2571 etc.
3136 2514 3263 2588 (10.,
3284 2515 3439 2586 ibid.)

1851 2597 2016 2666 Quasi
2057 2599 2195 2670 ignis
2217 2601 2412 2657 ardens
2449 2603 2656 2674 species
2691 2605 2876 2675 gloriae
2906 2606 3118 2662 Domini
3163 2609 3438 2679 apparuit,

1851 2701 1982 2758 etc.,
2032 2709 2194 2764 usque
2237 2693 2308 2748 ad
2355 2695 2584 2774 tametsi.
2617 2695 2773 2766 plene
2816 2696 2937 2754 illos
2983 2699 3138 2770 sequi
3183 2715 3290 2758 non
3341 2717 3440 2756 va-

1851 2781 2018 2837 leant.

1920 2876 2089 2942 Vens.
2119 2878 2206 2936 18.
2237 2909 2307 2920 -
2332 2879 2712 2952 Ingressusque
2736 2880 2964 2953 Moyses,
2993 2890 3099 2940 etc.
3125 2884 3249 2957 (11).,
3281 2886 3436 2960 ibid.)

1852 2967 2065 3043 Moyses
2092 2970 2326 3026 medium
2356 2972 2563 3029 nebulae
2596 2973 2872 3046 ingressus
2921 2977 3165 3033 ascendit
3193 2979 3247 3033 in
3277 2995 3436 3035 mon-

1854 3070 1987 3130 tem,
2017 3071 2147 3128 etc.,
2189 3082 2350 3137 usque
2381 3065 2450 3119 ad
2487 3075 2547 3122 ut
2585 3081 2684 3137 per
2707 3081 2897 3124 eorum
2923 3069 3320 3127 observantiam
3371 3074 3438 3127 ad

1809 3179 1813 3182 ·
1856 3156 2081 3214 salutem
2108 3158 2324 3213 veniant
2343 3167 2620 3215 aeternam.

153 3240 468 3298 Notandum
489 3248 572 3296 est
590 3255 734 3297 nunc
758 3241 991 3312 primum
1017 3240 1356 3297 sacriﬁcasse
1367 3238 1592 3303 Mosem,
1615 3246 1747 3307 etc.,
1780 3227 1827 3292 C

2423 3290 2651 3349 CAPUT
2687 3291 2856 3352 XXV.

1925 3425 2086 3481 Vens.
2115 3425 2168 3480 2.
2190 3455 2261 3466 —-
2284 3423 2516 3496 Loquere
2538 3425 2665 3494 ﬁliis
2691 3426 2859 3482 Israel
2877 3436 2934 3482 ut
2961 3427 3147 3483 tollant
3167 3429 3296 3484 mihi
3323 3430 3436 3500 pri-

1852 3515 2049 3580 mitias,
2089 3523 2197 3570 etc.
2255 3513 2434 3586 (Dem,
2481 3520 2546 3569 de
2593 3514 2904 3582 Tabernac.,
2952 3517 3044 3574 lib.
3095 3535 3136 3585 ι,
3179 3535 3296 3590 cap.
3352 3536 3434 3587 ιιι,

1853 3614 1980 3660 tom.
2012 3603 2100 3676 ll.)
2142 3603 2417 3660 Primitias
2437 3605 2702 3660 bonorum
2728 3606 2838 3662 Deo
2869 3607 3166 3675 oll'erimus,
3194 3625 3316 3666 cum
3345 3611 3438 3666 ὺο-

1851 3712 1982 3752 num
2009 3697 2153 3767 quod
2182 3699 2413 3769 agimus,
2467 3706 2640 3754 totum
2665 3697 2860 3755 divinae
2898 3700 3086 3772 gratiae
3113 3702 3431 3769 tribuentes,

1851 3796 1907 3843 et
1957 3796 2070 3845 toto
2112 3788 2275 3844 corde
2327 3786 2643 3858 proﬁtentes
2689 3789 2832 3861 quod
2884 3806 2983 3848 nec
3021 3791 3236 3848 initium
3279 3794 3436 3850 bona:

1851 3877 2080 3934 actionis
2100 3877 2186 3932 vel
2206 3877 2548 3949 cogitationis
2583 3876 2688 3934 nis'i
2715 3893 2745 3933 a
2765 3877 2994 3936 Domino
3027 3896 3314 3951 possumus
3335 3883 3434 3937 ha-

1849 3970 2016 4036 bere;
2057 3968 2197 4024 mala
2247 3983 2378 4025 vero
2413 3983 2628 4038 semper
2651 3985 2683 4025 a
2724 3971 2879 4026 nobis
2903 3971 3116 4028 diabolo
3144 3975 3434 4046 instigante

1850 4071 1906 4120 et
1937 4070 2117 4134 erepta
2144 4069 2201 4119 et
2239 4071 2633 4128 consummata,
2666 4078 2767 4120 nec
2817 4065 2922 4120 nisi
2947 4065 3172 4124 Domino
3199 4068 3431 4125 donante

1849 4153 2102 4210 laxanda.

1921 4247 2088 4304 Vens.
2130 4247 2245 4304 5-6.
2277 4277 2348 4288 —-
2377 4244 2509 4301 Htec
2541 4257 2664 4301 sunt
2691 4256 2866 4303 autem
2903 4264 3021 4319 qua:
3065 4249 3302 4319 accipere
3342 4250 3432 4306 dc-

1849 4338 1998 4405 betis,
2047 4346 2153 4395 etc.
2187 4337 2312 4412 (11).,
2341 4337 2497 4407 ibid.)
2532 4336 2737 4393 Cuncta
2778 4352 2898 4406 quae
2939 4338 3041 4393 sibi
3068 4337 3330 4393 Dominus
3359 4339 3427 4394 ad

1849 4429 2154 4486 faciendum
2170 4430 2537 4485 sanctuarium
2561 4426 2912 4483 materialiter
2939 4426 3122 4484 oﬁ'erri
3151 4429 3425 4501 praecepit,

1850 4537 1949 4578 nos
1984 4535 2219 4592 quoque,
2249 4520 2339 4591 qui
2373 4518 2678 4592 spirituales
2725 4517 2820 4573 ﬁlii
2841 4517 3023 4582 Israel,
3071 4519 3125 4588 id
3150 4527 3234 4576 est
3257 4521 3431 4577 imita-

1844 4619 1991 4667 tores
2017 4612 2187 4666 Deum
2235 4609 2463 4664 videntis
2491 4607 2670 4680 populi
2699 4621 2822 4664 esse
2847 4608 3113 4678 cupimus,
3143 4610 3431 4680 spirituali—

1846 4709 1930 4757 ter
1955 4697 2150 4756 offerre
2175 4699 2432 4754 debemus
2459 4713 2474 4753 :
2520 4706 2578 4754 ut
2598 4713 2697 4770 per
2719 4698 2820 4754 bas
2843 4698 3144 4757 oblationes
3173 4700 3425 4759 volunta-

1846 4792 1956 4847 rias
1981 4791 2082 4863 ipsi
2113 4790 2480 4846 sanctuarium
2519 4789 2574 4844 in
2604 4789 2762 4845 nobis
2785 4788 3065 4859 faciamus,
3099 4800 3159 4848 ut
3182 4793 3297 4864 ipse
3325 4795 3425 4849 ba-

1847 4881 2021 4937 bitare
2050 4882 2105 4936 in
2131 4890 2318 4937 nostro
2346 4880 2510 4936 corde
2534 4889 2589 4936 et
2609 4880 2713 4936 sibi
2741 4881 3074 4938 mansionem
3105 4899 3428 4941 consecrare

1847 4971 2114 5044 dignetur.
2292 5027 2298 5033 ,

1919 5063 2083 5120 Vens.
2111 5061 2483 5134 7.-—-Lapides
2506 5065 2809 5136 onychinos,
2833 5073 2940 5122 etc.
2971 5064 3094 5140 (ln.,
3116 5066 3269 5140 ibid.)
3299 5067 3427 5126 Hac

1849 5153 2145 5220 oﬁ'erimus,
2175 5162 2302 5218 etc.,
2325 5171 2488 5229 usque
2515 5155 2586 5210 ad
2617 5155 2800 5212 addita
2815 5154 2975 5214 bonis
2997 5157 3251 5229 operibus
3273 5174 3425 5216 mar-

1852 5256 1902 5318 ty
1911 5247 1976 5302 rii
2005 5245 2200 5302 merita
2234 5246 2534 5318 signantur.

1917 5334 2083 5391 Vens.
2128 5335 2183 5392 8.
2230 5366 2300 5377 —
2336 5335 2660 5409 Facientque
2698 5337 2828 5392 mihi
2869 5340 3246 5394 sanctuarium.
3295 5340 3421 5412 (ιι).⁹

1845 5426 2008 5498 ibid.)
2065 5424 2313 5482 Ostendit
2372 5427 2631 5482 Dominus
2682 5425 2848 5499 Moysi
2910 5429 3312 5486 tabernaculum
3363 5429 3422 5486 in

1846 5529 2053 5585 monte,
2084 5530 2214 5586 etc.,
2258 5535 2421 5591 usque
2443 5520 2513 5574 ad
2543 5519 2855 5591 praclaram
2874 5521 3269 5579 multitudinem
3298 5521 3423 5578 san-

1845 5623 2054 5668 ctarum
2077 5613 2378 5667 animarum
2408 5611 2632 5682 recepit.

1915 5703 2078 5760 Vens.
2122 5701 2554 5759 {HL—Juxta
2603 5719 2804 5758 omnem
2854 5703 3265 5767 similitudinem,
3313 5713 3416 5759 etc.

1846 5795 1966 5866 (ln.,
1998 5794 2152 5864 ibid.)
2181 5793 2384 5881 Imitari
2415 5793 2672 5849 debemus
2697 5794 2916 5864 angelos
2957 5794 3224 5865 diligendo
3255 5793 3418 5850 Deum
