3998 6332
16 4775 22 4818 Ξ

16 4827 22 4904 ἑ

16 4927 24 4972 ἴ

16 4987 22 5034 ἐ

16 5065 24 5102 ι

16 5113 24 5172 ἓ

581 297 695 372 ΞΒἸ
1074 313 1469 377 WALAFRIDI
1507 318 1756 378 STRABI
1792 319 1998 377 FULD.
2040 315 2207 375 MON.
2247 317 2398 375 OPP.
2437 320 2616 377 PARS
2653 321 2694 377 l.
2735 351 2808 362 —
2841 315 3295 378 THEOLOGICA.
3719 321 3833 382 268

579 433 636 480 et
664 422 990 496 proximum,
1018 433 1151 494 etc.,
1199 443 1361 499 usque
1392 428 1461 484 ad
1487 437 1542 485 et
1567 436 1691 500 post
1715 429 1854 485 hanc
1881 430 2049 485 vitam
2095 430 2151 485 in
2178 432 2228 493 Α
2254 431 2394 485 unde
2422 430 2577 487 Cant.
2631 448 2670 488 ιι
2697 449 2709 485 :
2765 431 3070 486 Introduxit
3123 450 3205 486 me
3251 447 3344 487 rex
3385 433 3443 488 in
3468 433 3655 490 cellam
3680 437 3836 492 uina-

581 513 712 571 illud
737 514 1164 585 tabernaculum,
1212 521 1356 590 quod
1377 520 1626 587 imitaris,
1656 521 1980 577 introducat.

653 607 900 663 Omnium
925 625 1187 665 uasorum.
1204 610 1382 686 (Βευ.)
1411 609 1544 666 Vasa
1568 611 2154 686 tabernaculi,singulze

579 711 826 767 persona:
866 698 1202 769 angelorum,
1263 715 1329 756 ex
1378 701 1572 771 quibus
1613 701 1936 768 Jerusalem,
1979 711 2155 759 mater

580 785 819 841 omnium
866 795 1132 854 nostrum,
1184 789 1240 845 in
1287 802 1416 844 vera
1461 804 1596 859 pace
1636 799 1694 847 et
1731 793 1934 849 unitate
1971 793 2154 848 consi-

580 877 694 932 stit.

652 966 837 1040 Sicque
869 969 1072 1040 facietis
1105 971 1259 1026 illud.
1303 973 1518 1040 Arcam,
1549 982 1656 1030 etc.
1693 973 1819 1047 (11).,
1843 975 1999 1042 ibid.,
2030 991 2148 1047 cap.

579 1059 659 1131 4.)
688 1063 826 1118 Area
857 1063 972 1119 ﬁeri
1008 1064 1337 1135 praecipitur,
1366 1076 1498 1134 etc.,
1527 1083 1692 1138 usque
1708 1068 1778 1122 ad
1803 1068 1897 1124 sed
1923 1068 1977 1122 in
2001 1050 2154 1123 simi-

579 1151 806 1207 litudine
833 1156 1014 1211 carnis
1035 1157 1238 1227 peccati
1259 1159 1426 1213 venit.
1496 1157 1506 1164 ’
1652 1211 1660 1218 .

651 1241 817 1314 Cujus
837 1245 1104 1316 longitudo
1127 1248 1250 1320 (ln.)
1278 1248 1547 1316 Quaeritur
1569 1250 1721 1322 cujus
1742 1249 2058 1321 quantitatis
2084 1249 2156 1306 sit

581 1335 684 1390 iste
709 1337 943 1404 cubitus,
973 1346 1101 1406 etc.,
1127 1357 1314 1412 .usque
1340 1342 1408 1396 ad
1448 1345 1589 1398 unde
1634 1350 1786 1414 patet
1828 1343 1952 1413 quia
2000 1343 2153 1398 illum

581 1425 825 1496 designat
843 1427 1080 1484 cubitum
1103 1445 1262 1502 quem
1285 1431 1388 1488 duo
1417 1431 1581 1501 palmi
1612 1431 1833 1488 faciunt.

651 1514 916 1572 Latitudo.
971 1520 1093 1588 (ln.,
1125 1520 1278 1594 ibid.)
1329 1521 1498 1578 Unius
1549 1523 1716 1578 cubiti
1783 1522 2009 1578 latitudo
2054 1538 2152 1593 pro

579 1608 976 1679 dispensatione
1025 1611 1313 1669 Dominicaa
1363 1615 1662 1682 charitatis,
1709 1623 1839 1682 etc.,
1887 1631 2047 1686 usque
2084 1615 2153 1669 ad

577 1699 669 1755 ubi
697 1714 818 1756 eum
846 1709 957 1758 toto
984 1703 1146 1759 corde
1174 1704 1477 1775 diligamus,
1511 1706 1794 1762 intremus.

2257 526 2412 589 riam,
2447 532 2496 578 et
2525 524 2785 578 ordinavit
2808 526 2864 579 in
2900 541 2980 579 me
3005 526 3332 580 charitatem.

2328 616 2486 672 Vens.
2525 616 2615 672 25.
2657 647 2728 658 —
2765 616 2833 671 In
2868 618 3148 674 altitudine
3178 619 3442 684 cubitum,
3499 630 3609 678 etc.
3655 622 3840 696 (821).,

2252 709 2405 780 ibid.)
2432 707 2584 777 Quod
2612 709 2837 764 altitudo
2853 709 3094 765 cubitum
3117 717 3172 765 et
3196 710 3478 766 semissem
3494 712 3680 782 habet,
3705 725 3838 782 etc.,

2253 816 2415 873 usque
2444 800 2513 854 ad
2543 815 2651 855 non
2681 815 2779 869 per
2810 799 3030 871 plenum
3062 799 3302 856 cubitum
3331 801 3614 874 ﬁguratur.

2322 889 2487 946 Vens.
2539 891 2630 946 25.
2659 921 2728 931 --
2778 889 3067 963 Faciesque
3096 891 3175 946 illi
3226 891 3468 961 labium.,
3509 905 3615 951 etc.
3664 894 3834 968 (Ben-

2252 982 2406 1054 ibid.)
2435 981 2662 1038 Labium
2691 995 2914 1037 aureum
2942 985 3004 1038 ﬁt
3049 984 3105 1039 in
3138 999 3325 1060 mensa
3350 1000 3446 1056 per
3474 989 3830 1043 circumitum.

2253 1079 2386 1137 etc.,
2416 1087 2576 1142 usque
2604 1071 2673 1126 ad
2701 1087 2799 1142 pro
2829 1071 3141 1129 diversitate
3164 1074 3506 1143 meritorum,
3535 1075 3708 1147 gloria
3740 1078 3835 1134 sin

2253 1161 2524 1232 gulorum.

2325 1250 2489 1308 Vens.
2518 1252 2608 1307 24.
2639 1284 2709 1294 -
2737 1251 3014 1318 Coronam,
3042 1261 3169 1321 etc.,
3194 1263 3250 1310 et
3269 1271 3426 1327 super
3447 1255 3597 1311 illam
3620 1257 3842 1318 alterum

2254 1358 2520 1398 coronam.
2561 1344 2733 1414 (Ben.,
2761 1345 2914 1418 ibid.)
2957 1343 3167 1402 Corona
3211 1361 3375 1402 aurea
3425 1349 3665 1416 additur,
3719 1367 3841 1408 cum

2253 1447 2350 1504 per
2391 1432 2740 1505 Evangelium
2785 1435 2870 1490 his
2895 1435 2986 1506 qui
3023 1438 3272 1493 mandata
3317 1441 3656 1510 custodiunt,
3707 1454 3837 1510 etc.,

2254 1539 2416 1593 usque
2452 1526 2520 1578 ad
2577 1525 2719 1596 quod
2771 1527 2820 1581 ei
2869 1527 3149 1584 sublimior
3197 1529 3365 1602 gloria
3422 1532 3478 1588 in
3529 1536 3841 1604 receptione

2255 1629 2541 1686 corporum
2570 1627 2834 1672 servetur.

2331 1707 2492 1764 Vens.
2524 1708 2819 1764 26.—Per
2839 1712 3090 1782 singulos,
3122 1721 3228 1770 etc.
3261 1714 3437 1787 (Ben.,
3467 1719 3626 1792 ibid.)
3658 1720 3840 1778 Mensa

648 1791 773 1864 (ln.)
797 1791 1032 1862 Mystice.
1059 1793 1359 1865 Longitudo
1373 1796 1980 1868 arctelonganimitatem
2003 1795 2154 1854 Chri-
2178 1808 2228 1872 Β
2253 1797 2587 1856 tabernaculi
2614 1810 2854 1872 quatuor
2883 1804 3046 1874 pedes
3079 1805 3272 1872 habet,
3305 1817 3432 1873 etc.,
3463 1791 3626 1882 usque
3653 1814 3728 1866 ad
3763 1815 3838 1868 in-

579 1881 672 1949 sti,
693 1891 826 1948 etc.,
854 1899 1015 1952 usque
1037 1888 1103 1936 ad
1134 1884 1258 1954 quia
1300 1887 1608 1942 tarditatem
1630 1889 2010 1958 discipulorum
2038 1889 2153 1944 lon-

579 1975 866 2046 ganimiter
892 1975 1116 2030 ferebat.
1180 2049 1184 2054 ι

647 2064 1288 2130 Altitudo,eubitum,etc.
1315 2065 1436 2139 (ln.,
1463 2068 1617 2141 ibid.)
1647 2069 1821 2125 Habet
1846 2084 1971 2124 arca
1999 2069 2151 2125 cubi-

577 2164 690 2210 tum
722 2157 776 2212 in
803 2157 1103 2224 altitudine,
1126 2168 1256 2225 etc.,
1279 2169 1334 2215 et
1356 2176 1518 2232 usque
1541 2161 1610 2215 ad
1634 2161 1736 2218 hoc
1760 2161 2026 2216 tantillum
2043 2176 2152 2217 non

575 2247 678 2303 nisi
706 2249 774 2303 ab
803 2248 894 2304 illo
922 2249 1231 2307 habemus.-

647 2338 807 2394 Veus.
841 2338 1028 2395 12-15.
1056 2370 1128 2380 -
1155 2339 1223 2394 Et
1249 2349 1474 2412 quatuor
1517 2341 1761 2408 circulos,
1793 2351 1898 2398 etc.
1957 2341 2149 2413 (Gneo.

575 2428 746 2494 Past.,
774 2443 894 2502 cap.
923 2431 1008 2498 11,
1037 2436 1168 2486 tom.
1206 2430 1319 2502 IlI.)
1345 2431 1508 2499 Area,
1534 2431 1794 2501 Ecclesia,
1829 2440 1960 2499 etc.,
1993 2449 2153 2504 usque

574 2520 643 2574 ad
676 2537 794 2592 qua:
813 2522 868 2579 in
899 2520 1037 2576 vobis
1061 2531 1158 2589 est,
1187 2532 1292 2579 etc.

643 2612 763 2668 Duo
797 2614 1000 2668 circuli.
1030 2614 1217 2688 (BEDA,
1247 2624 1305 2670 ut
1325 2616 1532 2688 supra.)
1562 2615 1698 2684 Quia
1725 2617 1781 2671 in
1819 2615 1989 2686 ﬁgura
2019 2631 2152 2686 qua-

574 2712 698 2759 tuor
723 2705 1055 2771 animalium,
1087 2714 1218 2772 etc.,
1265 2723 1426 2779 usque
1453 2709 1522 2763 ad
1567 2724 1685 2780 qua:
1708 2708 1777 2765 ad
1802 2707 1996 2764 futurte
2030 2709 2152 2764 vita:

573 2793 799 2862 gloriam
830 2795 1104 2864 pertinent
1129 2807 1532 2865 expresserunt.

642 2882 804 2938 Vens.
833 2885 918 2940 16.
947 2885 1464 2955 -——Testiﬁcationem
1483 2905 1639 2960 quam
1668 2891 1822 2944 dabo.
1849 2889 1969 2962 (ln.,
1993 2889 2148 2961 ibid.)

571 2972 650 3028 De
691 2989 796 3043 qua
819 2974 1125 3044 Apostolus,
1154 2984 1283 3041 etc.,
1331 2993 1493 3049 usque
1538 2979 1608 3032 ad
1634 2979 1866 3048 iudicem
1908 2980 2148 3036 omnium

571 3065 756 3120 docuit
782 3068 1146 3123 saeculorum.

2253 1896 2398 1942 trent
2425 1889 2478 1942 in
2506 1904 2729 1960 regnum
2756 1891 3037 1947 caelorum.

2323 1975 2487 2032 Vens.
2515 1977 2771 2034 27.-—Ut
2797 1982 3069 2036 mittantur
3096 1995 3255 2040 vectes
3276 2002 3367 2056 per
3389 2004 3496 2043 eos.
3531 1989 3655 2062 (ln.,
3687 1993 3840 2062 ibid.)

2251 2069 2356 2127 Per
2378 2073 2610 2130 circulos
2639 2075 2928 2132 mittuntur
2955 2087 3137 2136 vectes
3163 2082 3229 2137 ad
3257 2085 3662 2143 subvehendam‘
3693 2108 3842 2146 men-

2253 2177 2393 2230 sam,
2423 2171 2556 2231 etc.,
2584 2182 2746 2237 usque
2774 2169 2843 2222 ad
2867 2167 3078 2226 Domini
3101 2189 3341 2231 mensam
3366 2193 3492 2233 cum
3518 2181 3761 2250 panibus
3793 2195 3844 2240 et

2252 2257 2396 2312 vasis
2421 2257 2474 2312 in
2501 2266 2734 2328 quatuor
2757 2260 2976 2318 circulis
3003 2273 3238 2334 portant.

2323 2349 2487 2405 Vens.
2517 2350 2608 2408 29.
2640 2351 2950 2408 —Parabis
2977 2367 3025 2410 et
3056 2358 3330 2414 acetabula
3361 2378 3422 2416 ac
3457 2363 3682 2433 phialas.
3724 2366 3842 2435 (ln._.

2251 2440 2404 2512 ibid.)
2433 2441 2596 2498 Varia
2625 2458 2750 2500 vasa
2781 2460 2900 2518 quae
2938 2447 3074 2503 ﬁunt
3119 2447 3184 2504 ad
3229 2450 3502 2508 oﬁ‘erenda
3554 2455 3839 2525 libamina,

2253 2540 2385 2599 etc.,
2416 2550 2578 2604 usque
2601 2536 2670 2589 ad
2697 2538 2838 2592 unde
2863 2552 2876 2591 :
2912 2537 3040 2606 Quis
3067 2550 3221 2612 putas
3268 2553 3341 2598 est
3368 2544 3540 2614 ﬁdelis
3561 2547 3842 2618 dispensa-

2251 2634 2335 2679 tor
2359 2633 2408 2679 et
2441 2626 2670 2696 prudens
2695 2626 2846 2699 (Luc.
2875 2635 2972 2701 xu)
2996 2631 3019 2686 τ

2323 2715 2487 2773 Villis.
2525 2718 2614 2774 29.
2657 2750 2728 2758 —
2775 2719 3000 2777 Parabis
3057 2724 3331 2780 acetabula
3358 2766 3373 2792 ,
3426 2735 3532 2783 etc.
3591 2728 3842 2800 (6326.,

2250 2809 2392 2862 hom.
2418 2808 2451 2862 6
2481 2809 2536 2863 in
2560 2808 2787 2880 Evang.,
2832 2819 2970 2893 tom.
2993 2811 3080 2884 ll.)
3111 2814 3250 2881 Quid
3269 2831 3365 2886 per
3391 2817 3602 2887 phialas
3627 2830 3681 2874 et
3711 2838 3838 2893 cya-

2251 2901 2374 2956 thos
2405 2901 2508 2956 nisi
2537 2917 2789 2957 mensura
2816 2906 3212 2974 praedicationis
3241 2894 3547 2980 accipitur?
3576 2920 3718 2978 etc.,
3755 2932 3838 2970 us-

2248 3010 2347 3065 que
2377 2993 2444 3047 ad
2474 2995 2568 3049 sed
2606 2996 2767 3049 etiam
2797 3009 2962 3063 parva
2991 3004 3046 3051 et
3087 2999 3302 3055 subtilia
3324 3041 3346 3067 ,
3385 3016 3506 3072 quae
3535 3005 3703 3073 quasi
3750 3021 3839 3076 per

2251 3094 2465 3158 gustum
2491 3086 2739 3140 notitiam
2769 3097 3043 3156 praestent.

642 3155 806 3256 'Vans.
848 3158 934 3211 17.
969 3155 1421 3256 Propitiatorium.
1445 3158 1568 3232 (ln.)
1597 3158 2036 3256 Propitiatorium
2067 3169 2148 3256 ta-
2173 3167 2226 3242 ρ
2261 3155 2274 3158 ⁷
2324 3175 2518 3249 (insin)
2547 3176 2696 3232 Alius
2748 3155 2993 3235 doctrina
3043 3181 3286 3239 veritatis
3327 3183 3516 3256 plenus
3560 3189 3840 3248 auditores

568 3246 692 3301 bula
725 3255 842 3300 erat
877 3261 1039 3301 aurea
1068 3248 1312 3317 ejusdem
1356 3266 1623 3306 mensura:
1662 3253 1816 3322 cujus
1856 3268 2020 3317 arca;
2069 3255 2148 3309 sic

569 3336 712 3391 dicta
749 3337 872 3406 quia
920 3337 992 3391 ibi
1035 3337 1174 3392 Deus
1205 3337 1372 3410 Moysi
1416 3356 1708 3412 apparens,
1745 3351 1948 3397 etcum
1975 3357 2040 3398 eo
2071 3343 2150 3399 lo-

566 3445 758 3504 quens,
783 3431 1178 3502 propitiabatur
1202 3432 1418 3503 populo,
1459 3445 1515 3488 et
1540 3434 1963 3490 misericordiam
1990 3436 2150 3508 signi-

565 3524 711 3589 ﬁcat,
740 3523 883 3578 unde
903 3523 1040 3578 bene
1074 3536 1237 3592 super
1273 3537 1456 3578 arcam
1484 3531 1640 3589 erat,
1677 3523 1803 3594 quia
1837 3524 2148 3580 misericor-

566 3615 652 3671 dia
683 3615 802 3686 ejus
829 3628 991 3684 super
1014 3615 1192 3670 omnia
1219 3628 1382 3683 opera
1413 3613 1548 3684 ejus.

637 3706 800 3761 Vens.
841 3704 1026 3762 18—31.
1058 3734 1127 3754 -ε-
1154 3704 1302 3759 Duos
1335 3721 1538 3776 quoque
1565 3706 1852 3774 cherubim,
1875 3713 1980 3764 etc.
2022 3707 2150 3782 (ἰν.)

564 3795 795 3868 Propter
817 3798 1134 3854 societatem
1163 3798 1418 3869 angelicae
1438 3800 1609 3869 pacis,
1633 3815 1754 3870 quae
1780 3801 1959 3856 minus
1984 3816 2148 3871 quam

565 3888 711 3944 inter
732 3887 867 3943 duos
891 3889 1080 3944 haberi
1104 3903 1209 3943 non
1235 3898 1434 3959 potest.
1466 3889 1755 3944 Cherubim
1783 3897 1961 3946 autem
1985 3907 2148 3963 ange-

566 3979 730 4036 licam
753 3979 999 4034 militiam
1040 3978 1308 4050 signiﬁcat
1330 3995 1354 4032 :-
1382 3981 1555 4052 angeli
1595 3997 1724 4037 vero
1768 3997 1977 4038 summa
2019 3999 2150 4039 con-

567 4070 755 4126 cordia
811 4077 868 4124 et
913 4070 1098 4140 quiete
1149 4069 1422 4126 Christum
1483 4073 1956 4144 contemplantur;
2005 4076 2148 4132 unde

565 4160 741 4215 versis
766 4161 833 4215 ad
856 4160 1087 4215 invicem
1109 4160 1345 4216 vultibus
1371 4163 1803 4232 propitiatorium
1827 4167 2144 4238 respiciunt,

565 4251 693 4321 quia
727 4250 872 4306 illam
908 4251 1298 4308 beatitudinem
1325 4267 1385 4309 se
1424 4255 1627 4312 habere
1652 4256 1748 4312 Dei
1778 4259 1952 4332 gratia
1989 4259 2148 4317 intel-

563 4339 757 4412 ligunt.

637 4431 854 4502 (Gnec.,
881 4432 1022 4487 hom.
1055 4432 1090 4489 6
1114 4433 1174 4488 in
1196 4431 1416 4509 Eucti.)
1444 4433 1560 4492 Duo
1585 4437 1884 4506 cherubim,
1916 4441 2014 4513 qui
2042 4442 2148 4513 ple-

564 4520 750 4575 nitudo
785 4523 1012 4576 scientia:
1041 4521 1312 4592 dicuntur,
1342 4533 1470 4593 etc.,
1503 4544 1664 4600 usque
1683 4530 1752 4585 ad
1777 4531 1822 4586 si
1853 4531 1998 4588 aliud
2018 4547 2144 4604 pro-
2167 4522 2226 4586 D.

565 4609 805 4663 mitteret
831 4611 972 4679 quod
1001 4611 1146 4668 aliud
1175 4625 1417 4685 negaret.

637 4695 829 4768 (Beas,
854 4698 1006 4772 ibid.)
1059 4699 1293 4759 Numero
1319 4705 1577 4776 singulari
1603 4710 1814 4777 cberub,
1855 4720 1989 4775 ah:
2017 4715 2139 4786 plu-

565 4788 696 4878 rali,
726 4797 905 4846 autem
953 4791 1218 4847 cherubim
1257 4803 1458 4858 ωιτη)
1505 4799 1724 4868 dicitur,
1758 4811 1864 4858 etc.
1887 4801 1912 4871 ',
1979 4822 2141 4878 usque

564 4877 634 4931 ad
685 4877 828 4932 bene
867 4881 1122 4950 expansis
1163 4883 1265 4940 alis
1309 4886 1377 4942 ad
1420 4887 1708 4945 velandum
1755 4894 1952 4964 aptatis
1990 4877 2135 4952 desi-

565 4980 820 5042 gnantur.
850 5027 857 5036 ,

633 5059 800 5118 Vens.
825 5059 920 5118 3!.
944 5093 1016 5112 -υ
1041 5063 1176 5121 Inde
1193 5069 1513 5140 principium,
1559 5080 1689 5141 etc.,
1710 5091 1868 5146 super
1888 5080 2140 5148 propitia-

565 5152 780 5241 torium.
808 5151 932 5226 (b.,
953 5155 1114 5227 ibid.)
1131 5155 1304 5228 Super
1322 5161 1718 5231 propitiatorio,
1731 5174 1862 5233 etc.,
1888 5186 2049 5241 usque
2068 5174 2137 5226 ad

563 5240 708 5297 unde
732 5241 984 5301 Habacuc
1003 5247 1080 5302 ait
1104 5264 1118 5301 ;
1172 5247 1240 5302 In
1261 5250 1430 5305 medio
1463 5251 1686 5309 duorum
1712 5240 2022 5315 animalium
2049 5262 2134 5317 in-

563 5339 796 5390 uam
819 5331 1046 5406 (Eabae.
1077 5337 1184 5410 in).

631 5441 813 5536 (Bln.,
838 5447 992 5522 ibid.)
1022 5447 1206 5506 Potest
1235 5451 1290 5505 in
1317 5467 1442 5507 arca
1470 5453 1708 5512 Ecclesia
1730 5458 1968 5532 ﬁgurari,
2001 5474 2129 5536 etc.,

561 5535 818 5606 usquead
865 5553 972 5608 quo
999 5539 1111 5608 ipsa
1163 5541 1217 5595 in
1248 5540 1594 5601 fundamento
1641 5563 1865 5612 summae
1893 5535 2133 5615 veritatis

558 5625 792 5682 stabilita
819 5630 1134 5684 consistunt.

630 5715 805 5784 (Ben,
827 5719 978 5790 ibid.)
1008 5720 1186 5776 Mensa
1213 5723 1280 5779 de
1309 5724 1466 5798 lignis
1495 5727 1683 5798 Setim,
1710 5742 1838 5803 etc.,
1871 5754 2033 5810 usque
2060 5743 2129 5795 ad

2252 3267 2504 3336 inebriat,
2553 3277 2607 3324 et
2635 3273 2789 3340 quasi
2836 3272 3070 3342 phialam
3116 3259 3392 3348 porrigit':
3437 3279 3590 3336 Alius
3619 3284 3839 3354 explere

2249 3362 2392 3430 quod
2419 3362 2581 3416 sentit
2615 3378 2721 3418 non
2750 3363 2914 3430 valet,
2951 3367 3044 3421 sed
3072 3367 3235 3423 etiam
3273 3368 3399 3440 quia
3423 3379 3726 3442 utcumque
3749 3376 3836 3430 de»

2249 3453 2498 3520 nuntiat,
2539 3468 2637 3523 per
2661 3456 2914 3526 cyathum
2939 3468 3154 3526 gustum
3179 3459 3404 3529 praebet.
3449 3461 3551 3528 Qui
3579 3479 3718 3536 ergo
3747 3481 3836 3536 per

2250 3543 2550 3600 doctrinam
2581 3547 2857 3617 sapientiae
2885 3550 3194 3606 ministrare
3219 3554 3429 3624 phialas
3450 3572 3558 3612 non
3582 3571 3833 3628 possunt,

2249 3646 2512 3707 quantum
2554 3653 2653 3709 pro
2690 3641 2868 3697 divina
2910 3641 3160 3716 largitate
3192 3647 3496 3718 sulliciunt,
3540 3655 3834 3723 propinent

2247 3730 2511 3801 proximis
2539 3733 2760 3802 cyathos
2779 3735 2949 3792 verbi.

2321 3824 2484 3880 Vsus.
2517 3825 2604 3880 50.
2640 3853 2712 3867 -
2736 3825 2806 3882 Et
2828 3844 2986 3898 pones
3008 3845 3166 3900 super
3189 3846 3426 3887 mensam
3451 3851 3615 3904 partes
3643 3854 3832 3909 propoo

2247 3919 2453 3974 sitionis
2479 3920 2532 3974 in
2557 3930 2831 3992 conspectu
2860 3939 2971 3978 meo
2991 3941 3209 3996 semper.
3243 3924 3506 4000 Josephus
3529 3931 3670 3987 dicit
3701 3934 3830 3989 duo-

2249 4010 2424 4068 decim
2467 4027 2638 4082 panes
2661 4029 2727 4068 ex
2758 4015 2935 4074 simila
2965 4015 3106 4085 ﬁeri,
3136 4019 3374 4092 singulos
3400 4037 3470 4078 ex
3493 4023 3716 4082 duabus
3743 4029 3830 4083 de—

2247 4104 2426 4172 cimis,
2468 4106 2561 4176 qui
2608 4105 2846 4164 Sabbato
2876 4125 3040 4182 super
3084 4127 3326 4170 mensam
3357 4131 3452 4172 sex
3481 4116 3610 4174 hinc
3651 4129 3712 4176 et
3739 4137 3828 4177 sex

2247 4195 2374 4251 inde
2402 4198 2780 4266 ponebantur:
2813 4215 2975 4270 super
3001 4217 3269 4274 quemque
3298 4207 3686 4277 patena'aurea
3707 4225 3826 4266 cum

2246 4287 2454 4360 pugillo.
2497 4290 2693 4358 thuris,
2736 4299 2809 4347 et~
2835 4291 2916 4348 sic
2961 4295 3316 4352 servabantur
3354 4313 3524 4369 usque
3566 4301 3639 4355 ad
3684 4301 3826 4357 aliud

2249 4375 2564 4446 Sabbatum,
2590 4380 2646 4438 in
2673 4397 2780 4452 quo
2814 4383 2939 4440 thus
2967 4370 3350 4455 cremabatur;
3382 4404 3552 4460 panes
3580 4406 3716 4448 vero
3745 4408 3827 4448 sa-

2248 4469 2497 4544 cerdotes
2517 4473 2871 4530 comedebant
2891 4474 3098 4534 calidos
3123 4492 3246 4554 cum
3270 4481 3431 4537 thure
3470 4493 3822 4554 reponentes.

2316 4557 2387 4614 Et
2405 4577 2563 4632 pones
2585 4579 2740 4634 super
2760 4581 3011 4634 mensam,
3035 4577 3140 4622 etc.
3166 4546 3318 4638 (Ben.
3343 4571 3430 4626 ubi
3449 4546 3664 4646 supra.)
3682 4573 3826 4630 Bene

2243 4667 2412 4725 panes
2461 4655 2845 4726 propositionis
2894 4669 3176 4728 vocantur,
3223 4664 3348 4734 quia
3397 4679 3616 4736 semper
3659 4667 3820 4724 debet

2241 4753 2429 4816 patere
2451 4759 2632 4803 sermo
2676 4747 2864 4806 salutis
2889 4755 3098 4812 cunctis
3124 4755 3392 4825 ﬁdelibus,
3443 4773 3546 4816 nec
3582 4775 3821 4831 unquam

2243 4835 2432 4924 deesse
2467 4845 2682 4907 oportet
2734 4839 2788 4896 in
2837 4843 3063 4900 ecclesia
3120 4847 3344 4906 verbum
3399 4849 3622 4907 solatii:
3674 4855 3818 4924 quod

2241 4923 2504 5016 Dominus
2529 4944 2628 5000 per
2673 4945 2948 5002 praecones
2980 4937 3219 4994 veritatis
3262 4941 3465 4997 mundo
3507 4923 3820 5016 proponens

2240 5013 2299 5072 in
2321 5030 2616 5090 conspectu
2644 5038 2741 5079 suo
2770 5039 3049 5096 apparere,
3076 5037 3132 5085 et
3159 5045 3328 5103 usque
3351 5032 3408 5089 in
3428 5013 3594 5092 ﬁnem
3613 5013 3706 5092 his
3725 5038 3817 5108 qui

2240 5109 2486 5164 esuriunt
2515 5119 2570 5166 et
2618 5113 2809 5170 sitiunt
2848 5113 3116 5186 justitiam
3147 5121 3485 5182 incessanter
3536 5129 3817 5185 abundare

2237 5197 2424 5253 voluit.

2312 5290 2476 5345 Vens.
2511 5291 2600 5347 3|.
2627 5322 2697 5334 —-
2724 5291 2914 5352 Facies
2943 5308 2992 5354 et
3019 5301 3414 5373 candelabrum,
3441 5313 3548 5366 etc.
3590 5307 3809 5380 (61136.,

2123 5371 2130 5378 ’
2242 5381 2384 5434 hom.
2417 5380 2530 5472 67in
2556 5381 2775 5457 Ezech.)
2801 5385 3194 5448 Candelabrum
3235 5371 3482 5453 Christus
3509 5371 3674 5456 est-in
3701 5371 3811 5472 quo

2241 5479 2432 5524 natura
2459 5471 2808 5532 humanitatis
2835 5477 2986 5535 fulsit
3010 5481 3212 5540 lumine
3232 5486 3471 5556 deitatis,
3491 5499 3626 5557 etc.,
3648 5471 3808 5563 usque

2239 5562 2309 5616 ad
2337 5564 2523 5636 scyphi
2549 5579 2678 5636 ergo
2708 5575 2762 5621 et
2796 5569 3076 5639 sphterulze
3119 5575 3187 5630 ad
3225 5576 3463 5638 laborem
3505 5562 3802 5652 pertinent,

2237 5652 2346 5708 lilia
2371 5655 2437 5708 ad
2463 5657 2894 5722 retributionem.

2306 5741 2493 5798 Facies
2523 5754 2569 5799 et
2586 5748 2955 5808 candelabrum
2976 5755 3169 5812 ductile
3192 5760 3255 5814 de
3281 5777 3408 5816 auro
3431 5763 3792 5820 ntundissimo.

3979 927 3981 1008 ι
