3998 6332
1183 321 1450 380 GLOSSA
1489 319 1881 378 ORDINARIA.
1921 353 1990 363 -——
2023 322 2150 379 LIB.
2191 323 2396 380 EXOD.

3335 323 3442 382 270

193 443 388 516 (Bt-2m,
411 437 566 510 ibid.)
605 437 1000 495 Candelabrum
1049 438 1401 500 tabernaculi,
1439 446 1569 503 etc.,
1606 453 1766 508 usque
1793 445 1848 506 Α
1942 435 2011 492 Ut
2049 438 2282 504 luceant,
2323 446 2427 493 etc.
2467 437 2590 509 (ln.,
2621 435 2775 510 ibid.)
2823 436 3081 493 Lucerna:
3127 437 3442 495 candelabri

190 534 266 587 ad
306 540 362 588 et
389 531 692 588 claritatem
730 530 881 584 verbi
909 530 1156 585 omnibus
1200 529 1545 600 prmdicando
1590 537 1645 584 et
1689 528 1768 582 fa-

189 621 386 677 ciendo
412 619 666 676 ostendit.
1467 653 1476 664 .

263 712 334 767 Et
363 713 614 778 calamos,
634 712 852 782 scyphos
877 719 924 766 et
951 711 1262 781 sphaarulas.
1283 711 1404 785 (ln.,
1429 712 1581 785 ibid.)
1611 711 1767 768 Scili-

187 814 282 862 cet
293 805 680 874 praedicatores
695 805 761 860 de
777 803 957 858 hastili
973 804 1344 873 procedentes,
1369 813 1475 859 etc.
1487 845 1500 871 ,
1525 821 1684 875 usque
1697 804 1766 858 ad

189 912 314 968 quae
330 896 615 952 animabus
640 897 868 962 sanctis,
891 897 943 952 id
963 906 1064 961 est,
1083 895 1303 952 ﬁoribus
1315 906 1499 952 vernat
1527 898 1762 952 aeternis.

263 987 434 1042 Vsus.
466 986 642 1041 232.—
663 984 1008 1055 Scs_calami,
1035 993 1142 1040 etc.
1173 985 1293 1058 (ln.,
1322 987 1474 1056 ibid.)
1508 985 1765 1040 Senarius

189 1080 248 1136 in
272 1095 380 1151 quo
410 1080 586 1136 factus
613 1089 696 1135 est
734 1080 988 1142 mundus.
1017 1088 1148 1148 etc.,
1181 1096 1342 1150 usque
1365 1079 1434 1132 ad
1460 1082 1601 1135 unde
1623 1079 1764 1134 Pau-

189 1172 314 1228 lus:
353 1171 540 1228 Gratia
562 1172 778 1228 Domini
822 1173 986 1227 nostri
1035 1171 1164 1226 Jesu
1214 1170 1410 1226 Christi
1458 1181 1506 1225 et
1532 1171 1763 1226 charitas

188 1263 304 1329 Dei,
359 1274 409 1318 et
433 1265 833 1319 communicatio
857 1265 1022 1319 sancti
1048 1262 1301 1334 Spiritus,
1327 1263 1392 1318 sit
1417 1279 1618 1334 semper
1644 1279 1764 1316 cum

189 1355 432 1410 omnibus
453 1357 613 1410 uobis.

261 1445 388 1500 Tres
403 1463 605 1501 exuno.
633 1446 756 1518 (ln.,
779 1447 932 1518 ibid.)
963 1447 1099 1501 Tres
1123 1445 1313 1500 calami
1346 1461 1410 1500 ex
1439 1461 1548 1501 uno
1569 1445 1759 1511 latere,

187 1544 319 1602 etc.,
349 1553 513 1608 usque
540 1539 610 1591 ad
632 1539 836 1593 visione
864 1539 980 1608 ejus
1005 1538 1232 1592 fruetur.

255 1629 383 1698 (ln.,
407 1631 495 1684 ubi
520 1635 724 1702 supra).
752 1632 914 1686 Fiunt
936 1632 1120 1704 scyphi
1146 1632 1198 1686 in
1225 1631 1548 1688 candelabro
1578 1634 1644 1688 ad
1667 1651 1763 1688 nu-

184 1719 263 1773 cis
303 1719 545 1783 modum,
582 1728 724 1787 etc.,
756 1736 916 1792 usque
953 1721 1021 1774 ad
1066 1721 1191 1790 quia
1234 1722 1570 1777 continentes
1621 1721 1763 1778 illius

1870 545 1934 585 ex
1965 529 2192 586 adverso
2215 529 2617 585 tabernaculum
2654 528 3016 593 illustrabant,
3043 543 3165 583 cum
3190 527 3442 585 Christus

1867 621 2059 692 plenus
2095 623 2268 692 gratia
2298 631 2353 679 et
2379 624 2604 679 veritate
2651 622 2898 678 omnibus
2930 621 3199 677 tribuebat
3231 623 3298 677 de
3337 637 3438 678 sua

1866 712 2228 784 plenitudine;
2261 714 2556 769 mansuetis
2581 720 2636 769 et
2661 711 2988 784 pauperibus
3010 711 3230 766 verbum
3256 712 3434 767 Evan-

1868 804 1991 876 gelii
2022 805 2388 873 committens;
2427 806 2811 878 paenitentibus
2849 803 3110 859 medelam
3153 804 3433 874 indulgen-

1867 896 1956 952 tiae
1991 896 2295 953 conferens.
2349 897 2499 954 Nunc
2547 907 2758 967 tempus
2805 911 2924 952 esse
2953 897 3208 966 parcendi
3252 897 3305 951 in
3353 895 3438 950 fu-

1867 993 1988 1044 turo
2033 989 2349 1046 universalis
2382 989 2569 1060 judicii
2617 999 2828 1061 tempus
2877 991 3167 1046 alﬁrmans.

1938 1082 2100 1138 Vens.
2131 1083 2218 1138 58.
2253 1081 2677 1138 —Emunctoria
2700 1099 2922 1155 quoque,
2944 1095 2990 1139 et
3013 1086 3101 1140 ubi
3133 1103 3268 1158 qum.
3311 1087 3432 1161 (ln.,

1864 1169 2016 1242 ibid.)
2045 1170 2234 1226 Divina
2275 1172 2458 1237 verba,
2505 1172 2702 1242 quibus
2755 1172 3037 1230 manifeste
3087 1177 3330 1248 signatur
3381 1178 3434 1233 in

1863 1261 2110 1332 plurimis
2141 1277 2246 1317 non
2273 1263 2406 1333 legis
2435 1264 2690 1329 litteram,
2720 1266 3176 1336 sedSpiritualem
3218 1283 3434 1324 sensum

1863 1364 1984 1405 esse
2023 1353 2343 1407 servandum
2369 1368 2384 1407 :
2415 1354 2554 1409 unde
2583 1373 2594 1409 :
2626 1354 2684 1410 Si
2703 1357 3165 1425 circumcidimini,
3196 1359 3434 1416 Christus

1865 1442 1993 1495 nihil
2014 1443 2152 1497 vobis
2181 1445 2428 1515 proderit.
2569 1517 2575 1523 _

1937 1535 2054 1599 (ln.,
2079 1535 2230 1607 ibid.)
2258 1537 2684 1605 Emunctorium,
2715 1547 2955 1610 et_vasa,
2984 1543 3073 1598 ubi
3101 1559 3220 1613 qua:
3247 1560 3435 1601 emun-

1863 1633 1949 1681 cta
1977 1635 2097 1682 sunt
2126 1629 2556 1700 exstinguuntur,
2595 1640 2724 1697 etc.,
2755 1650 2916 1704 usque
2956 1637 3024 1688 ad
3055 1617 3276 1693 dicens:
3311 1637 3433 1694 Sive

1861 1719 2145 1788 prophetiae
2185 1720 2598 1787 evacuabuntur,
2627 1725 2730 1777 sive
2767 1723 2960 1794 linguw
2987 1728 3289 1793 cessabunt‘,
3327 1737 3430 1784 etc.
3464 1762 3466 1764 τ

185 1811 448 1878 temporis
476 1819 588 1866 tres
624 1813 838 1867 ordines
864 1820 1170 1868 sanctorum
1197 1814 1385 1868 eadem
1412 1812 1760 1870 distinctione
1786 1803 1836 1863 B
1923 1798 2273 1864 Tmunctoria
2297 1828 2515 1881 quoque,
2551 1823 2653 1870 etc.
2691 1814 2812 1886 (ln.,
2842 1817 2992 1887 ibid.)
3025 1817 3161 1873 Sunt
3189 1822 3431 1890 quaedam

188 1905 488 1969 temporum
513 1901 836 1957 habuerunt.

252 1989 424 2046 Vens.
449 1992 540 2047 55.
561 2023 633 2033 -
660 1991 729 2046 1η
755 1995 924 2048 nucis.
951 1992 1075 2066 (In.)
1119 1994 1239 2050 Nux
1265 1994 1563 2050 Ecclesiam
1591 1995 1758 2066 signi-

181 2082 329 2148 ﬁcat,
361 2084 504 2141 unde
537 2102 550 2138 :
583 2084 860 2140 Descendit
889 2088 944 2140 in
985 2086 1192 2140 hortum
1229 2103 1439 2141 nucum.
1474 2085 1591 2141 Nux
1613 2087 1756 2141 enim

181 2175 396 2232 dulcem
442 2175 674 2236 fructum
716 2178 880 2232 habet
921 2177 1088 2242 intus,
1142 2178 1233 2247 qui
1275 2177 1378 2232 nisi
1412 2176 1584 2232 fracta
1618 2185 1758 2231 testa

169 2280 287 2340 non
312 2266 622 2322 ostenditur
648 2267 781 2322 foris
805 2285 820 2320 :
849 2267 930 2324 sic
957 2277 1269 2323 sanctorum
1293 2269 1400 2321 vita
1436 2265 1756 2322 suavitatem

179 2359 370 2430 gratia:
393 2359 452 2414 in
472 2359 638 2416 corde
662 2371 963 2425 conservat,
987 2374 1107 2430 qua:
1145 2375 1252 2414 non
1279 2359 1620 2429 cognoscitur
1660 2373 1758 2413 ex-

179 2451 354 2508 terius
369 2451 495 2518 nisi,
520 2451 697 2508 soluto
720 2453 903 2508 carnis
921 2451 1194 2508 domicilio
1218 2451 1432 2518 animae,
1469 2451 1525 2505 in
1551 2449 1757 2506 caelesti

179 2539 296 2598 lce
325 2557 452 2600 sese
469 2544 827 2614 conspiciant.

246 2632 376 2704 (ιη.)
405 2633 620 2690 Tertius
665 2634 914 2690 similiter
962 2635 1206 2690 calamus
1255 2641 1368 2689 tres
1425 2633 1658 2704 scyphos
1703 2637 1759 2686 et

176 2726 501 2796 sphaerulas,
540 2736 598 2784 et
637 2727 738 2782 tria
767 2728 934 2782 habet
950 2727 1104 2782 lilia:
1143 2727 1269 2797 quia
1305 2725 1459 2781 multi
1486 2722 1756 2795 coniugati

177 2828 301 2874 ante
337 2819 536 2890 legem,
580 2819 681 2876 sub
707 2819 824 2890 lege
867 2827 924 2875 et
974 2821 1076 2875 sub
1112 2818 1392 2890 prophetis
1439 2825 1616 2883 erant,
1663 2818 1757 2886 qui

176 2911 406 2966 verbum
433 2911 649 2968 Domini
677 2911 884 2978 audire,
907 2919 963 2966 et
995 2912 1139 2966 viam
1173 2909 1290 2980 ejus
1316 2923 1536 2965 currere
1566 2917 1621 2964 et
1664 2909 1760 2964 bo-

174 3016 374 3057 norum
403 3015 626 3071 operum
662 3001 884 3071 praemia
913 3009 1230 3072 exspectare
1259 3001 1574 3073 gauderent.

242 3094 376 3167 (ln.)
404 3093 538 3148 Item
558 3108 626 3150 ex
654 3093 761 3150 alio
779 3093 947 3150 latere
981 3093 1188 3164 primus
1207 3093 1468 3160 calamus,
1491 3091 1758 3148 secundus

1863 1900 1920 1955 in
1952 1901 2248 1971 Scripturis
2281 1911 2566 1973 praecepta,
2590 1914 2719 1972 etc.,
2749 1923 2910 1978 usque
2931 1909 3000 1962 ad
3022 1918 3074 1964 et
3101 1909 3266 1966 alibi:
3298 1911 3434 1966 Ecce

1864 2007 1997 2044 nova
2035 1991 2174 2060 facio
2218 1994 2413 2048 omnia.

1933 2082 2096 2138 Vens.
2146 2083 2320 2138 59.-
2351 2085 2532 2141 Omne.
2587 2087 2722 2160 (ln.,
2762 2088 2927 2161 ibid.)
2969 2089 3082 2145 Hoc
3128 2099 3210 2147 est
3239 2108 3433 2164 corpus

1860 2175 2062 2232 Christi
2093 2193 2213 2232 cum
2244 2180 2360 2248 ipso
2389 2181 2590 2249 capite,
2620 2181 2825 2236 scilicet
2859 2196 3046 2237 omnes
3073 2183 3252 2250 electi,
3300 2193 3432 2251 etc.,

1860 2285 2024 2341 usque
2041 2271 2110 2323 ad
2135 2272 2257 2340 quia
2284 2273 2476 2329 merito
2501 2273 2762 2328 scelerum
2794 2274 2848 2328 in
2883 2276 3136 2346 abyssum
3160 2281 3434 2348 gravantis

1860 2374 2038 2434 poenae
2066 2363 2338 2417 decidunt.

1932 2454 2095 2509 Vens.
2118 2453 2530 2527 40.—Inspice.
2549 2456 2670 2526 (ln.,
2694 2457 2845 2530 ibid.)
2877 2459 3163 2516 Ostensum
3193 2469 3276 2518 est
3301 2461 3435 2518 Mosi

1862 2545 1916 2602 in
1948 2555 2131 2602 monte
2175 2548 2448 2618 exemplar
2487 2550 2794 2606 candelabri
2842 2554 2984 2622 quod
3033 2552 3256 2620 faceret,
3303 2564 3431 2618 etc.,

1863 2651 2025 2708 usque
2068 2637 2138 2690 ad
2185 2639 2460 2707 exemplar
2499 2639 2836 2697 auditoribus
2869 2644 3216 2700 exsecutione
3257 2645 3437 2716 operis

1863 2734 1920 2783 et
1944 2727 2110 2783 verbo
2139 2728 2396 2784 doctrina:
2429 2730 2684 2785 ostendit.
2862 2731 2873 2740 '

2428 2858 2653 2917 CAPUT
2690 2860 2879 2917 XXVI.

1933 2995 2096 3053 Vens.
2147 2999 2199 3053 l.
2234 3029 2303 3039 —-
2333 2998 2749 3056 Tabernaculum
2797 3019 2915 3058 vero
2950 3005 3026 3059 ita
3067 3013 3114 3060 et
3157 3006 3246 3076 ﬁet
3275 3049 3290 3072 ,
3327 3015 3433 3064 etc.

1864 3085 2017 3162 (Ben.
2038 3130 2053 3154 ,
2082 3088 2175 3144 lib.
2204 3105 2244 3144 η
2281 3090 2344 3146 de
2373 3090 2689 3157 Tabernac.,
2741 3111 2858 3165 cap.
2905 3099 2939 3153 5
2965 3137 2979 3162 ,
3010 3108 3141 3153 tom.
3187 3098 3287 3172 ll.)
3329 3101 3434 3155 Ta-

173 3164 476 3249 cttertius,
523 3186 892 3257 tresscypbos
933 3193 988 3242 et
1034 3184 1364 3255 sphaerulas;
1398 3184 1501 3239 tria
1544 3187 1758 3255 quoque
1786 3164 2232 3248 Cbernaculum,
2287 3183 2430 3252 quod
2475 3183 2600 3239 fecit
2649 3164 2856 3256 Moyses
2905 3188 2957 3241 in
3017 3164 3333 3254 solitudine,
3381 3199 3440 3244 et

173 3276 414 3333 habebat
439 3275 584 3332 lilia:
605 3275 732 3346 quia
753 3276 808 3331 in
833 3284 1063 3346 utroque
1076 3276 1422 3330 Testamento
1445 3276 1498 3330 in
1531 3275 1760 3331 doctori-

172 3368 302 3433 bus,
362 3369 420 3423 in
457 3369 890 3434 continentibus,
934 3376 992 3425 et
1027 3369 1084 3423 in
1120 3367 1416 3438 conjugatis
1446 3367 1557 3423 Deo
1597 3370 1757 3424 devo-

175 3462 244 3518 tis
275 3448 398 3517 tres
427 3461 647 3516 luerunt
672 3462 890 3517 ordines
913 3470 1215 3532 temporum
1257 3461 1528 3516 distantia.
1551 3460 1608 3516 In
1648 3462 1760 3533 pri-

171 3554 366 3609 mitiva
411 3553 622 3608 scilicet
676 3552 902 3609 ecclesia
951 3553 1016 3608 de
1061 3551 1225 3608 Israel
1249 3592 1265 3618 ,
1311 3541 1366 3607 in
1417 3563 1603 3608 nostra
1651 3553 1752 3608 ele-

173 3645 358 3700 ctione
393 3645 462 3698 de
510 3643 786 3715 gentibus,
808 3644 864 3698 in
903 3643 1094 3698 ultima
1133 3643 1449 3698 collectione
1504 3644 1758 3714 reliquia-

174 3749 294 3791 rum
320 3734 512 3801 Israel,
544 3735 638 3806 qui
657 3748 848 3792 omnes
885 3749 986 3790 suo
1034 3742 1278 3804 tempore
1320 3735 1488 3789 verbo
1515 3735 1642 3788 vitae
1670 3735 1755 3788 in-

173 3826 408 3893 ebriati,
436 3827 490 3881 in
517 3825 606 3880 via
634 3825 786 3897 pacis
805 3840 1124 3895 properare,
1163 3825 1454 3881 candorem
1481 3833 1758 3897 perpetuae

174 3916 314 3973 lucis
342 3917 533 3972 videre
559 3916 890 3973 desiderant.
1569 3911 1580 3919 ’

245 4009 420 4064 Vsus.
459 4007 552 4063 54.
572 4038 643 4052 -ρ
667 4007 736 4062 1η
768 4009 881 4077 ipso
919 4016 1094 4062 autem
1115 4005 1430 4063 candelabro
1448 4047 1462 4075 ,
1497 4014 1602 4064 etc.
1633 4007 1756 4081 (ln.,

175 4103 263 4158 ubi
287 4100 504 4174 supra.)
528 4101 770 4157 Diximus
797 4101 974 4172 ipsum
1011 4099 1420 4167 candelabrum,
1439 4109 1572 4167 etc.,
1597 4117 1759 4174 usque

174 4195 242 4249 ad
278 4193 384 4250 sed
413 4194 664 4248 innovata
701 4206 800 4264 per
827 4192 1076 4263 spiritum
1101 4191 1266 4248 corda
1299 4192 1544 4262 capiunt.

244 4285 420 4342 Vsus.
457 4285 547 4340 55.
579 4315 650 4326 --
679 4282 1068 4355 Sphterulteque
1113 4298 1204 4354 per
1250 4281 1484 4354 singulos
1528 4290 1577 4337 et
1621 4282 1755 4337 lilia.

175 4376 476 4452 Sphterula:
500 4377 595 4431 sub
626 4377 827 4431 duobus
855 4376 1092 4441 calamis,
1114 4384 1220 4430 etc.

245 4471 377 4544 (ln.,
414 4469 569 4544 ibid.)
599 4467 736 4524 Sunt
771 4483 868 4540 per
911 4467 1154 4540 singulos
1203 4467 1440 4539 scyphos
1473 4467 1758 4538 sphaerulae

175 4563 574 4628 simuletlilia,
619 4570 750 4629 etc.,
791 4577 957 4632 usque
984 4560 1052 4615 ad
1087 4560 1228 4616 unde
1265 4557 1460 4614 :vaa
1505 4560 1619 4631 ejus
1663 4561 1758 4616 sub

175 4660 356 4730 capite
373 4673 510 4723 meo,
529 4667 578 4714 et
601 4657 817 4712 dextera
844 4656 958 4726 ejus
985 4653 1370 4724 amplexabitur
1406 4669 1509 4708 me.

247 4748 378 4822 (ln.,
404 4747 558 4820 ibid.)
586 4745 808 4818 Scyphi,
845 4743 1127 4815 sphaarula
1167 4751 1228 4798 et
1268 4742 1382 4799 lilia
1420 4743 1522 4800 sub
1551 4741 1760 4816 duobus

177 4839 410 4897 calamis
435 4847 580 4905 sunt,
609 4846 740 4905 etc.,
776 4853 940 4908 usque
963 4835 1032 4891 ad
1062 4835 1230 4891 omnis
1259 4833 1526 4905 plenitudo
1570 4831 1761 4888 divini-

179 4935 304 4989 tatis
321 4931 689 5004 corporaliter.

247 5024 424 5086 νεεδ.
437 5021 674 5078 56.—Et
697 5019 974 5092 sphaerulte
992 5019 1157 5090 igitur
1167 5017 1564 5090 etlcalami.l(ln.
1576 5059 1590 5082 ,
1603 5017 1758 5090 ibid.)

180 5111 360 5172 Omne
389 5128 525 5184 opus
543 5111 876 5177 candelabri,
899 5121 1030 5176 etc.,
1063 5125 1226 5181 usque
1251 5109 1321 5164 ad
1351 5108 1495 5166 unde
1523 5127 1536 5164 :
1569 5107 1638 5163 In
1663 5109 1762 5162 tri-

186 5205 454 5259 bulatione
478 5203 714 5258 dilatasti
749 5203 901 5268 mihi,
933 5210 1042 5257 etc.

255 5297 424 5353 Vens.
450 5296 540 5354 57.
564 5324 636 5336 -
656 5292 864 5349 Facies.
881 5291 1003 5364 llo.)
1021 5291 1278 5348 Lucerna:
1301 5297 1527 5362 septem,
1558 5298 1766 5362 septem

188 5395 318 5445 sunt
343 5387 484 5441 dona
522 5383 759 5456 Spiritus
804 5382 980 5439 sancti
1000 5422 1015 5447 ,
1070 5383 1162 5454 qui
1202 5381 1260 5436 in
1296 5380 1513 5436 Christo
1554 5394 1768 5452 semper

189 5483 530 5541 manserunt,
561 5482 616 5530 et
651 5472 900 5532 ﬁdelibus
934 5473 1229 5530 secundum
1271 5471 1600 5527 voluntatem
1649 5471 1767 5542 ejus

191 5567 479 5623 distributa
524 5574 652 5620 sunt
684 5579 698 5619 :
731 5565 813 5620 hac
851 5579 1014 5635 super
1054 5563 1434 5620 candelabrum
1470 5571 1768 5632 ponuntur,

192 5657 322 5725 quia
366 5655 630 5727 requievit
655 5669 815 5724 super
849 5671 973 5710 eum
1017 5655 1251 5724 Spiritus
1285 5653 1563 5724 sapientia:
1594 5661 1647 5708 et
1691 5652 1770 5708 in-

194 5749 444 5804 tellectus
474 5748 630 5819 (lsai.
653 5748 754 5820 χι).

1861 3272 2119 3341 templum
2169 3274 2312 3343 quod
2367 3274 2494 3330 fecit
2542 3273 2792 3331 Salomon
2844 3277 2896 3331 in
2935 3277 3261 3346 Jerusalem,
3305 3289 3432 3345 etc.,

1862 3379 2025 3432 usque
2051 3363 2120 3416 ad
2149 3372 2204 3424 et
2225 3363 2413 3433 copula
2435 3365 2626 3421 divina
2647 3373 2702 3421 et
2724 3367 2956 3438 propria:
2981 3367 3282 3425 dilectionis
3313 3371 3437 3441 jun-

1864 3462 2082 3523 gantur.

1934 3545 2055 3616 (ln.,
2073 3546 2159 3599 ubi
2179 3547 2394 3618 supra.)
2417 3547 2604 3604 Potest
2625 3549 2794 3619 ﬁgura
2824 3552 3107 3622 utriusque
3143 3555 3435 3610 sanctuarii

1862 3637 1936 3693 ita
1975 3637 2249 3710 distingui,
2293 3648 2397 3695 etc.
2420 3682 2435 3707 ,
2463 3658 2625 3712 usque
2648 3643 2719 3697 ad
2752 3645 2985 3700 mirabili
3025 3645 3316 3716 ﬁgurarum
3349 3664 3436 3704 va-

1861 3730 2059 3784 rietate
2084 3731 2343 3802 depingit.
2953 3796 2956 3799 ι

1933 3819 2010 3874 De
2042 3821 2192 3890 bysso
2236 3831 2430 3877 retorta
2458 3831 2506 3877 et
2537 3823 2816 3894 hyacintho
2841 3843 2902 3880 ac
2925 3843 3158 3897 purpura
3185 3843 3437 3901 coccoque

1863 3909 1940 3964 bis
1969 3911 2128 3964 tincto
2151 3911 2402 3967 variatas.
2427 3913 2546 3985 (ln.,
2574 3915 2662 3968 ubi
2682 3932 2999 3989 supra,cap.
3019 3918 3097 3992 2.)
3118 3920 3176 3974 In
3201 3921 3286 3977 his
3305 3936 3437 3992 qua-

1859 4005 1987 4055 tuor
2029 4000 2360 4057 cortinarum
2410 4003 2700 4073 coloribus,
2725 4014 2856 4072 etc.,
2889 4025 3051 4081 usque
3089 4011 3158 4065 ad
3200 4027 3437 4084 purpura

1861 4093 2139 4164 sanguinei
2187 4093 2383 4149 coloris
2411 4105 2464 4150 et
2502 4097 2569 4151 de
2604 4099 3007 4176 conchyliorum
3049 4103 3309 4174 sanguine
3335 4105 3438 4158 tin-

1861 4191 1949 4238 cta
1974 4185 2166 4240 devota
2209 4185 2320 4243 Deo
2344 4188 2508 4243 corda
2536 4187 2765 4261 ﬁgurat,
2811 4201 2867 4247 et
2893 4208 2991 4263 pro
3029 4193 3140 4251 Deo
3180 4196 3316 4250 mori
3343 4212 3440 4266 pa-

1862 4286 2008 4332 rata.

1932 4369 2097 4426 Vens.
2139 4369 2194 4425 2.
2218 4371 2606 4445 —Longitudo
2660 4379 2876 4432 cortina:
2914 4380 3070 4433 unius
3116 4380 3322 4435 habebit
3361 4382 3440 4436 vi-

1861 4461 1992 4532 ginti
2023 4471 2136 4516 octo
2169 4461 2401 4530 cubitos,
2435 4462 2659 4520 latitudo
2695 4475 2940 4536 quatuor,
2985 4476 3089 4523 etc.
3139 4467 3260 4542 (ln.,
3286 4470 3438 4545 ibid.)

1865 4551 1924 4608 Si
1948 4553 2016 4608 ab
2043 4567 2152 4608 uno
2185 4563 2358 4623 usque
2396 4555 2466 4610 ad
2493 4564 2698 4624 septem
2727 4557 3000 4612 omnes'in
3033 4559 3223 4616 ordine
3250 4576 3441 4619 nume-

1865 4660 1958 4701 ros
1982 4643 2144 4715 pleno
2169 4645 2358 4702 ordine
2382 4647 2772 4714 numeraveris,
2798 4664 2960 4720 usque
2977 4651 3046 4704 ad
3072 4633 3134 4706 ut
3153 4667 3249 4722 per
3279 4652 3439 4711 ﬁdem

1866 4744 1923 4792 et
1956 4749 2120 4807 opera
2147 4737 2286 4791 bona
2323 4737 2392 4792 ad
2425 4738 2668 4807 requiem
2705 4739 2908 4794 tendat.

1943 4822 2110 4880 Unius
2135 4841 2413 4891 mensurae,
2443 4836 2550 4882 etc.
2591 4825 2716 4898 (ln.,
2743 4829 2898 4900 ibid.)
2928 4829 3044 4886 Etsi
3072 4833 3320 4890 variante
3359 4835 3443 4906 pi-

1869 4925 2022 4972 ctura
2061 4917 2285 4974 cortinae
2323 4917 2662 4986 differebant,
2685 4935 2792 4976 una
2839 4929 3019 4978 tamen
3066 4935 3221 4981 erant
3254 4941 3442 4982 omnes

1867 5009 2217 5081 longitudinis
2263 5018 2318 5064 et
2347 5009 2646 5066 latitudinis
2675 5028 2928 5068 mensura
2954 5023 3282 5086 temperatae,
3315 5018 3442 5088 quia

1866 5101 1967 5157 etsi
1997 5100 2314 5156 donationes
2325 5101 2524 5156 habent
2548 5100 2701 5157 electi
2731 5101 3062 5172 differentes,
3091 5121 3228 5162 unus
3253 5116 3434 5164 tamen

1869 5191 2150 5260 Dominus,
2181 5207 2284 5248 una
2331 5193 2484 5259 ﬁdes,
2513 5209 2680 5250 unum
2726 5194 3014 5264 baptisma,
3045 5212 3184 5253 unus
3217 5198 3358 5256 Deus
3388 5207 3447 5255 et

1869 5284 2032 5340 Pater
2068 5283 2332 5339 omnium.
2549 5269 2556 5274 ’

1941 5373 2064 5447 (ln.,
2092 5373 2182 5428 ubi
2205 5375 2412 5447 supra.)
2451 5373 2648 5430 Narrat
2675 5373 2960 5446 Josepnus,
3000 5383 3139 5442 etc.,
3184 5393 3345 5450 usque
3373 5375 3443 5431 ad

1870 5469 2024 5538 quasi
2055 5482 2163 5522 una
2191 5467 2377 5524 decem
2403 5467 2740 5523 cortinarum
2763 5468 3100 5526 connexionc
3127 5467 3447 5525 tabernacu-

1871 5559 1982 5614 lum
2020 5559 2327 5616 decoratur.
2992 5583 2994 5585 ν

1944 5655 2106 5710 Vnus.
2135 5655 2189 5708 4.
2226 5687 2288 5696 -
2310 5655 2536 5710 Ansulas
2562 5655 2926 5726 hyacinthinus
2952 5655 3007 5709 in
3042 5653 3310 5721 lateribus,
3339 5661 3445 5711 etc.

1874 5749 1998 5820 (ln.,
2022 5749 2173 5818 ibid.)
2197 5749 2413 5804 Ansulis
2442 5748 2810 5820 hyacinthinis
2848 5747 3068 5804 cortinae
3097 5745 3326 5802 invicem
3352 5761 3446 5802 co-
