3998 6332
59 617 76 662 ἶ

60 691 68 700 .

59 787 66 796 .

55 809 66 828 ις

57 897 70 924 J.

54 1045 64 1070 Ι

610 357 711 412 271
1117 349 1512 406 WALAFRIDI
1549 347 1790 405 STRABI
1829 348 2034 404 FULD.
2079 347 2242 406 MON.
2285 347 2437 406 OPP.
2476 347 2656 404 PARS
2689 347 2730 402 Ι.
2770 378 2840 390 -
2873 348 3322 412 THEOLOGICA.
3693 371 3771 428 ειη
3829 391 3832 396 -

610 468 888 540 palantur,
926 473 1054 528 etc.,
1079 480 1242 534 usque
1272 464 1340 517 ad
1377 471 1432 518 et
1457 463 1509 516 in
1536 478 1597 516 ea
1629 477 1688 516 se
1726 470 1984 532 perpetuo
2033 477 2186 516 man-
2212 468 2265 527 Α
2360 460 2524 515 Vens.
2554 461 2606 516 9.
2634 491 2703 502 —
2727 461 2941 517 Sextum
2976 482 3160 537 sagum
3181 467 3232 521 in
3257 468 3436 538 fronte.
3458 471 3654 546 Mystice
3675 497 3775 540 vero

613 574 770 614 suros
806 555 1103 611 confidunt.

682 649 870 720 (BEDA,
894 645 1046 716 ibid.)
1081 644 1414 713 Praeceptum
1449 651 1533 724 est
1559 657 1773 714 quoque
1798 642 1913 698 ﬁeri
1943 643 2184 698 fimbrias

607 756 707 812 per
754 739 978 810 angulos
1026 736 1330 806 palliorum,
1363 746 1500 800 etc.,
1549 751 1710 804 usque
1753 733 1822 786 ad
1868 748 1898 786 a
1951 742 2185 803 quatuor

608 836 783 890 ventis
811 833 1053 897 collecti,
1087 829 1388 885 indivisibili
1418 829 1674 884 societate
1706 826 2108 896 conjungcmur.

687 928 844 982 Vens.
894 923 948 978 5.
994 952 1064 963 —
1109 921 1548 991 Quinquagenas,
1587 927 1693 973 etc.
1731 918 1865 989 (ln.,
1905 916 2073 987 ibid.)
2123 916 2181 970 In

607 1016 1051 1089 quinquagesimo
1071 1029 1236 1075 anno,
1267 1019 1398 1077 etc.,
1427 1028 1588 1082 usque
1619 1011 1688 1064 ad
1710 1021 1764 1065 et
1792 1011 1843 1064 in
1874 1010 2028 1080 cujus
2056 1025 2181 1080 per-

606 1110 853 1182 ceptione
871 1109 1141 1163 veraciter
1161 1105 1461 1175 quiescitur
1488 1115 1544 1159 et
1561 1105 1847 1173 ga‘udetur,
1873 1112 2021 1159 recte
2050 1103 2183 1172 figu-

606 1210 797 1358 rant,
838 1286 990 1358 ibid.)
1016 1285 1414 1355 Quinquaginta
1456 1283 1673 1338 ansulas
1700 1283 1899 1337 habent
1935 1281 2177 1346 cortinae,

602 1381 726 1448 quia
765 1381 904 1434 dono
957 1377 1160 1446 Spiritu
1209 1375 1381 1429 sancti
1426 1376 1637 1444 agitur,
1696 1382 1756 1427 ut
1813 1374 1865 1427 in
1917 1372 2180 1427 societate

599 1471 770 1540 pacis,
805 1485 923 1540 quae
953 1476 1036 1523 est
1070 1467 1340 1522 vinculum
1368 1465 1748 1536 perfectionis,
1800 1463 1903 1518 sibi
1947 1463 2179 1518 invicem

599 1486 770 1540 pacis,
844 1486 923 1522 uas
953 1486 1036 1523 es:
1070 1486 1340 1522 Vltlcmuut
1368 1486 1748 1536 perlccuums,
1800 1486 1903 1518 sun
1947 1486 2179 1518 luvwcm

599 1486 919 1633 ecpuleri'btr
963 1559 1163 1614 electi:
1207 1557 1403 1612 futura:
1453 1572 1667 1627 quoque
1717 1572 1839 1626 spes
1879 1565 1936 1610 et
1986 1569 2182 1610 memo-

598 1655 680 1708 ria
733 1653 1008 1708 societatis
1043 1660 1098 1705 et
1145 1650 1314 1719 pacis,
1364 1664 1484 1720 quai-
1525 1649 1578 1704 in
1627 1649 1730 1702 hac
1776 1647 1886 1701 vita
1928 1647 2176 1711 habetur,

2287 555 2342 609 in
2369 554 2545 610 fronte
2560 556 2687 611 tecti
2709 566 2918 610 sextum
2943 573 3128 628 sagum
3145 561 3452 630 duplicatur,
3483 583 3589 620 cum
3611 585 3772 641 omnes,

2286 650 2377 720 qui
2404 659 2645 705 sanctam
2673 649 2879 704 intrant
2899 645 3214 717 Ecclesiam,
3233 653 3303 708 ita
3318 654 3415 710 ﬁde
3433 665 3484 710 et
3502 672 3779 720 sacramento

2285 741 2578 797 Dominicze
2606 741 2872 810 passionis
2903 742 3198 810 initiantur,
3228 753 3286 798 ut
3306 744 3456 813 hujus
3480 763 3664 820 quoque
3685 753 3776 809 imi-

2285 835 2488 890 tatione
2518 850 2732 914 semper
2754 835 2854 890 sibi
2886 836 3172 890 vivendum
3193 852 3310 892 esse
3333 839 3627 912 intelligant.
3652 845 3779 912 Quasi

2283 926 2427 980 enim
2464 926 2515 980 in
2549 926 2795 996 ingressu
2837 935 3047 980 sextum
3085 942 3269 998 sagum
3307 929 3606 998 duplicatur,
3635 945 3682 988 ut
3706 936 3782 991 Do-

2282 1017 2493 1071 minica:
2541 1017 2807 1087 passionis
2850 1027 3184 1071 sacramenta
3230 1034 3603 1090 consequamur
3627 1034 3675 1079 et
3709 1042 3782 1081 ex-

2279 1109 2469 1178 emplis
2531 1109 2879 1163 instruamur.
2949 1108 3023 1163 De
3079 1113 3430 1168 sacramentis
3483 1114 3554 1168 ait
3597 1115 3783 1173 Petrus:

2283 1201 2386 1266 Qui
2407 1203 2719 1272 regeneravit
2761 1219 2852 1256 nos
2881 1203 2936 1256 in
2957 1219 3096 1272 spem
3126 1205 3287 1257 vivam
3317 1221 3405 1274 per
3423 1211 3786 1266 resurrectionem

2279 1289 2408 1344 Iesu
2445 1290 2642 1344 Christi
2683 1307 2746 1344 ex
2774 1292 3014 1345 mortuis.
3053 1291 3192 1345 Dicit
3223 1300 3278 1346 et
3305 1292 3371 1347 de
3410 1293 3678 1351 imitatione
3701 1315 3789 1368 pas-

2281 1380 2477 1435 sionis:
2513 1379 2718 1435 Christo
2762 1383 2919 1452 igitur
2951 1398 3106 1451 passo
3157 1383 3210 1435 in
3247 1399 3424 1449 carne,
3467 1394 3514 1438 et
3549 1403 3626 1440 vos
3650 1388 3788 1442 eadem

2279 1472 2592 1541 cogitatione
2615 1472 2918 1525 armamini.

2350 1561 2512 1615 Vens.
2548 1561 2726 1614 10.—
2748 1559 2934 1614 Facies
2977 1571 3022 1614 et
3061 1561 3438 1633 quinquaginta
3471 1579 3617 1617 ansas
3639 1565 3684 1617 in
3721 1581 3791 1618 ora

2278 1653 2392 1723 sagi
2439 1653 2613 1708 unius.
2642 1652 2830 1725 (BEDA,
2861 1653 3012 1727 ibid.)
3059 1654 3128 1709 Ut
3166 1655 3283 1708 haec
3335 1669 3493 1725 supra
3523 1655 3572 1710 in
3619 1656 3796 1710 cortinis

597 1745 932 1813 temporibus
954 1742 1038 1798 vel
1057 1741 1191 1797 locis
1217 1741 1482 1796 discretos
1513 1753 1616 1794 una
1653 1738 1786 1795 facit
1824 1738 2028 1809 pietate
2049 1752 2242 1819 con-_
2277 1749 2644 1816 exposuimus,
2702 1757 2834 1814 etc.,
2865 1765 3026 1819 usque
3062 1749 3131 1802 αά
3173 1755 3326 1802 mmo
3366 1747 3612 1803 auxilium
3650 1749 3793 1818 pmj.

597 1835 808 1889 cordes.

667 1926 686 1997 (
704 1927 802 1992 ln.,
832 1923 1006 1998 ibist.)
1040 1924 1275 1982 Cortinaa
1320 1924 1375 1978 in
1411 1933 1641 1994 utraque
1669 1929 1824 1993 parte
1851 1921 2051 1976 habent
2079 1935 2172 1975 an-

593 2032 704 2082 sas,
731 2027 860 2082 etc.,
895 2033 1054 2088 usque
1078 2015 1147 2069 ad
1177 2031 1299 2071 cum
1316 2013 1448 2082 justi
1473 2011 1725 2068 concordi
1753 2011 2015 2066 virtutum
2039 2026 2170 2082 qua-

591 2108 744 2164 litate
771 2108 1125 2164 foederantur.

666 2195 850 2254 Facies
879 2206 928 2252 et
952 2197 1329 2269 quinquaginta
1351 2195 1596 2250 circulos.
1615 2194 1734 2266 (ln.,
1752 2193 1906 2266 ibid.)
1929 2193 2042 2250 Hoc
2063 2193 2170 2263 ple-

586 2290 710 2344 nius
737 2289 1062 2358 explicatur,
1099 2303 1222 2343 cum
1247 2287 1464 2352 dicitur,
1493 2295 1622 2350 etc.,
1650 2302 1811 2356 usque
1841 2285 1909 2340 ad
1956 2286 2065 2341 imo
2097 2301 2166 2341 ex

586 2381 836 2434 omnibus
867 2379 1052 2435 electis
1081 2377 1282 2432 Christi
1311 2377 1547 2432 Ecclesia
1579 2376 1914 2446 perﬁciatur.

653 2471 817 2528 Vens.
846 2473 897 2526 7.
920 2502 990 2510 —
1014 2469 1204 2524 Facies
1225 2479 1272 2525 et
1298 2487 1450 2540 saga,
1479 2479 1585 2524 etc.
1629 2468 1752 2540 (ln.,
1780 2467 1934 2541 ibid.)
1964 2467 2078 2523 Hoc
2107 2467 2162 2522 in

583 2556 934 2634 sequentibus
963 2563 1036 2617 ita
1073 2562 1344 2632 reperitur
1371 2581 1382 2615 :
1417 2561 1565 2616 Fecit
1584 2571 1634 2615 et
1667 2578 1794 2631 saga
1837 2561 2076 2616 undecim
2098 2561 2162 2614 de

582 2657 704 2728 pilis
725 2671 1026 2728 caprarum,
1070 2663 1175 2710 etc.
1201 2654 1364 2726 Saga,
1413 2657 1607 2724 quibus
1652 2656 1892 2725 operitur
1916 2655 2164 2710 taberna-

581 2749 784 2815 culum,
814 2757 944 2813 etc.,
971 2763 1135 2818 usque
1157 2747 1227 2800 ad
1257 2748 1383 2801 dum
1437 2747 1591 2816 quasi
1637 2762 1767 2818 saga
1793 2747 1925 2802 foris
1955 2755 2159 2816 tempe-

581 2848 753 2896 states
783 2838 1035 2894 tolerant.

651 2931 790 3002 Saga
817 2930 1026 2985 cilicina
1050 2943 1266 3000 grossas
1295 2929 1571 2984 hominum
1597 2937 1808 2985 mentes
1828 2929 2154 2998 significant,

578 3037 698 3092 qua!
735 3020 950 3076 occulto
978 3019 1070 3074 Dei
1097 3020 1302 3090 judicio
1331 3020 1579 3089 quamvis
1610 3020 1742 3075 dure
1770 3020 2152 3090 praeferuntur,

576 3112 705 3182 quia
758 3111 964 3167 servire
1021 3109 1167 3166 curis
1221 3110 1606 3181 temporalibus
1655 3126 1764 3166 non
1820 3110 2050 3178 timent,
2093 3120 2155 3166 ut

576 3203 936 3258 tentationum
960 3209 1151 3257 ventos
1169 3209 1225 3256 et
1249 3201 1458 3271 pluvias
1488 3210 1726 3271 portent.

644 3295 837 3351 Facies
863 3305 911 3350 et
937 3312 1085 3366 saga,
1127 3303 1234 3350 etc.
1268 3295 1391 3366 (ln.,
1420 3294 1575 3366 ibid.)
1605 3294 1851 3350 Cilieium
1890 3295 2156 3364 paeniten-

571 3391 706 3445 tium
727 3398 830 3452 est,
849 3397 977 3451 etc.,
1006 3402 1167 3457 usque
1192 3385 1259 3439 ad
1291 3401 1520 3456 quorum
1544 3394 1723 3440 tamen
1751 3385 1914 3441 corda
1940 3394 2155 3454 quantae

569 3483 674 3537 sint
697 3481 1045 3552 perfectionis
1071 3479 1399 3545 declaratur,
1434 3492 1557 3533 cum
1581 3477 1779 3532 dicitur
1811 3493 1822 3527 :
1856 3474 2152 3548 Longitudo

567 3576 682 3644 sagi
705 3577 881 3641 unius,
916 3584 1019 3630 etc.

640 3666 763 3736 (ln.,
790 3667 942 3738 ibid.)
963 3666 1100 3738 Saga
1118 3666 1350 3731 cilicina,
1366 3665 1448 3720 vel
1467 3664 1535 3721 de
1556 3664 1679 3734 pilis
1694 3679 2001 3735 caprarum,
2018 3674 2146 3732 etc.,

569 3759 821 3826 usquead
853 3773 953 3813 nec
989 3757 1339 3828 apostolicam
1370 3757 1598 3826 gratiam
1627 3757 1950 3828 percipiant.

639 3849 822 3917 (Auc.,
848 3859 1034 3919 qutest.
1067 3847 1167 3902 11:8
1205 3848 1258 3901 in
1309 3847 1508 3919 Exod.)
1541 3847 1802 3902 Uudecim
1859 3856 1986 3902 sunt
2029 3849 2146 3903 vela

566 3939 878 4010 capillacea,
909 3947 1040 4002 etc.,
1079 3954 1241 4008 usque
1269 3938 1340 4011 ad
1388 3947 1434 3991 et
1461 3953 1684 4008 quorum
1720 3946 1856 3992 tecta
1881 3950 2000 3992 sum
2021 3957 2142 4013 pec-

568 4041 706 4084 cata.

630 4121 712 4174 Ad
754 4119 1112 4188 aperiendum,
1138 4117 1342 4174 scilicet
1371 4134 1438 4173 ne
1472 4119 1730 4174 interiora
1779 4129 1968 4176 tenera
1996 4121 2142 4177 clara

561 4212 800 4281 qualibet
828 4211 1151 4265 adversitate
1200 4212 1504 4274 turbentur,
1547 4212 1780 4282 alioquin
1821 4230 1919 4270 nec
1950 4217 2142 4286 byssus

559 4304 745 4374 fulget,
770 4319 868 4357 nec
903 4317 1098 4358 coccus
1121 4309 1396 4367 coruscat,
1429 4318 1528 4358 nec
1560 4305 1882 4374 hyacinthus
1913 4309 2141 4363 caeruleo

558 4397 740 4451 colore
779 4397 1101 4450 decoratur:
1134 4409 1240 4449 non
1270 4393 1466 4449 debent
1495 4409 1624 4466 ergo
1669 4396 1760 4465 qui
1801 4397 1853 4450 in
1885 4397 2140 4454 Ecclesiae

557 4487 677 4542 sinu
726 4486 1014 4557 proficiunt
1048 4487 1368 4556 praepositos
1404 4486 1706 4558 despicere,
1736 4488 1782 4543 si
1817 4504 2013 4544 vacare
2041 4505 2135 4547 eos
2157 4517 2212 4576 Β

556 4579 719 4632 rebus
743 4577 1100 4632 exterioribus
1129 4577 1330 4631 vident.

626 4670 791 4724 Vens.
818 4669 869 4722 8.
892 4699 959 4708 -—
988 4669 1282 4738 Longitudo
1305 4668 1419 4739 sagi
1444 4669 1620 4723 unius.
1653 4668 1842 4740 (Bene,
1878 4669 1970 4726 lib.
1997 4687 2036 4726 ιι
2066 4671 2130 4726 de

556 4764 872 4827 Tabernac.,
905 4778 1022 4831 cap.
1056 4761 1112 4826 ὅ,
1150 4770 1279 4816 toni.
1313 4762 1400 4833 ll.)
1426 4761 1728 4834 Longitudo
1760 4765 1922 4819 habet
1957 4766 2127 4821 dena-

553 4857 691 4907 rium
721 4862 1186 4917 numerum,-etc.,
1213 4870 1373 4924 usque
1394 4854 1463 4907 ad
1490 4855 1581 4924 qui
1613 4862 1790 4908 tamen
1827 4857 2122 4910 secundum

553 4948 799 5000 humanae
838 4943 1184 5014 perfectionis
1233 4946 1449 5000 modum
1487 4946 1630 5000 inter
1659 4945 1906 5001 homines
1952 4947 2119 5002 subli-

551 5049 784 5096 mantur.
1553 5085 1560 5092 ,

619 5133 796 5202 quua
826 5135 921 5186 erit
943 5149 1207 5186 mensura.
1227 5133 1349 5204 (ln.,
1368 5131 1522 5204 ibid.)
1541 5131 1675 5199 Quia
1699 5148 1801 5187 una
1815 5140 1897 5188 est
1910 5132 2045 5188 fides
2067 5133 2122 5188 in

547 5242 650 5295 qua
678 5235 789 5279 tota
812 5226 1048 5279 salvator
1076 5223 1338 5288 Ecclesia,
1379 5231 1507 5288 etc.,
1535 5240 1696 5294 usque
1725 5225 1793 5277 ad
1816 5224 1908 5278 ubi
1949 5224 2120 5280 solida

545 5321 766 5390 parietis
795 5319 1024 5374 firmitas
1057 5320 1266 5373 aberat.

615 5412 734 5483 (ια,
764 5410 917 5481 ibid.)
949 5411 1165 5466 Intuere
1205 5407 1371 5463 etiam
1407 5422 1718 5464 mensuram
1761 5408 2116 5474 cortinarum,

539 5513 674 5568 etc.,
697 5520 860 5574 usque
881 5502 950 5555 ad
975 5501 1102 5556 Haec
1127 5500 1194 5554 de
1223 5500 1470 5555 cortinis.

609 5595 734 5667 (ln.,
759 5592 912 5664 ibid.)
971 5591 1108 5662 Saga
1163 5591 1401 5646 tricenos
1434 5591 1599 5645 habet
1634 5589 1844 5644 cubitos
1881 5590 2113 5661 longitu-

539 5691 700 5754 dinis,
727 5698 854 5751 etc.,
897 5703 1055 5756 usque
1086 5685 1154 5738 ad
1179 5700 1244 5740 eo
1271 5685 1414 5756 quod
1450 5684 1559 5740 sint
1586 5682 1751 5738 duces
1777 5682 2113 5752 sequentium

540 5779 740 5833 domini
773 5792 1012 5847 gregum.

2196 1809 2246 1870 Β
2272 1840 2367 1904 mi,
2390 1855 2496 1909 quo
2523 1838 2882 1905 confortetur,
2915 1809 3154 1910 inquirit.

2345 1928 2509 1983 Vens.
2540 1929 2625 1982 11.
2654 1959 2723 1968 —
2747 1928 2950 1982 At’neas
2997 1929 3188 2000 quibus
3229 1929 3528 1999 junguntur
3568 1943 3726 1992 ansa,
3757 1936 3798 1978 ut

2271 2038 2434 2075 unum
2465 2037 2529 2074 es:
2553 2021 2792 2076 omnibus
2817 2022 3214 2092 operimentum,
3240 2030 3350 2076 etc.
3367 2020 3490 2092 (ιο.)
3505 2019 3640 2075 Bene
3659 2029 3798 2073 autem

2270 2111 2449 2167 fibula:
2470 2121 2597 2167 sunt
2628 2128 2810 2178 tenete,
2846 2126 2910 2167 oe
2942 2113 3137 2179 vocali,
3187 2112 3397 2168 scilicet
3417 2111 3625 2166 metallo
3659 2111 3795 2173 facta,

2269 2203 2396 2272 quia
2446 2219 2698 2274 magnam
2752 2217 2940 2258 vocem
2996 2203 3159 2258 habet
3211 2203 3356 2272 apud
3417 2201 3583 2257 Deum
3627 2198 3800 2254 humilis

2268 2293 2600 2347 conscientia
2627 2293 2918 2363 justorum.
2944 2293 3098 2349 Unde
3124 2308 3337 2364 pauper
3395 2291 3686 2354 Davidicus,
3709 2303 3801 2343 cum

2265 2385 2519 2439 anxiatus
2547 2394 2690 2440 esset
2720 2394 2775 2440 et
2813 2401 2918 2440 non
2957 2386 3012 2440 in
3061 2386 3287 2442 auribus
3337 2386 3629 2450 hominum,
3657 2383 3735 2438 sed
3761 2382 3800 2435 in

2265 2486 2552 2545 conspectu
2593 2477 2686 2531 Dei
2717 2477 3016 2531 orationem
3042 2493 3194 2532 suam
3230 2476 3537 2534 effunderet
3566 2495 3579 2529 :
3610 2475 3802 2534 Dauniae,

2265 2566 2484 2640 (inquit)
2514 2567 2707 2621 exaudi
2732 2568 3019 2622 orationem
3041 2579 3300 2640 meam-et
3325 2568 3528 2622 clamor
3547 2581 3678 2620 meus
3691 2563 3750 2617 ad
3767 2572 3802 2614 te

2266 2660 2457 2714 veniat.

2335 2748 2499 2804 Vens.
2540 2747 2627 2802 12.
2657 2779 2729 2787 —
2756 2746 2908 2812 Quod
2959 2757 3134 2802 autem
3182 2748 3536 2818 superfuerit,
3590 2755 3684 2800 etc.
3710 2743 3804 2812 (lu.

2261 2837 2416 2908 ibid.)
2453 2839 2576 2893 Haec
2615 2847 2677 2892 ut
2722 2838 2932 2908 plenius
2981 2839 3381 2911 intelligantur,
3411 2849 3545 2903 etc.,
3589 2852 3730 2906 usque
3758 2833 3808 2886 ad

2261 2929 2447 2984 decem
2489 2945 2678 2985 rursus
2713 2931 3080 2986 descensionis
3119 2931 3285 3002 juxta
3323 2930 3605 2988 orientalis
3631 2925 3807 2995 parietis

2261 3021 2494 3076 tabulas.

2334 3109 2498 3166 Vens.
2526 3111 2614 3166 13.
2649 3143 2719 3152 —
2745 3110 2807 3165 Et
2833 3112 3059 3166 cubitus.
3087 3110 3228 3179 Quia
3263 3113 3514 3168 cortinas
3536 3125 3639 3165 uno
3666 3105 3809 3163 cubito

2263 3202 2570 3258 transibant
2625 3218 2753 3273 saga
2812 3203 2880 3257 ab
2932 3202 3155 3258 australi
3207 3202 3390 3259 latere
3439 3204 3646 3266 domus,
3680 3197 3813 3252 altero

2259 3308 2290 3347 a
2340 3294 2767 3365 septentrionali,
2812 3295 3037 3364 ideoque
3078 3293 3147 3348 ad
3179 3288 3398 3350 terram
3445 3290 3810 3364 perveniebant.

2257 3388 2384 3458 quia
2425 3389 2540 3444 haec
2585 3387 2806 3458 triginta
2854 3384 3533 3455 cubitosdongitudinis,
3573 3383 3675 3438 illa:
3711 3378 3815 3434 duos

2256 3479 2435 3533 minus
2482 3478 2770 3532 habebant.

2325 3565 2488 3622 Vens.
2525 3567 2611 3621 14.
2637 3598 2707 3606 —
2733 3564 2921 3622 Facies
2946 3575 2996 3620 et
3020 3566 3440 3637 operimentum.
3467 3561 3710 3637 (Suum)
3727 3557 3815 3615 Pri-

2253 3674 2399 3713 mum
2427 3666 2545 3712 erat
2590 3659 2985 3728 operimentum
3021 3653 3375 3714 cortinas-um
3412 3674 3485 3714 ex
3521 3660 3693 3728 bysso,
3717 3665 3815 3723 put-

2249 3766 2387 3821 pura
2433 3759 2488 3805 et
2529 3765 2692 3806 cocco
2722 3767 2736 3816 ;
2764 3751 3058 3806 secundum
3105 3764 3380 3822 sagarum
3421 3748 3702 3811 undecim;
3734 3751 3816 3797 ter-

2249 3843 2385 3896 tium
2415 3859 2480 3896 ex
2505 3841 2794 3897 rubricatis
2817 3839 3045 3910 pellibus
3067 3845 3309 3894 arietum
3333 3857 3349 3907 ;
3379 3848 3712 3910 postremum
3727 3837 3817 3887 erat

2251 3931 2725 4001 byacinthinarum
2761 3930 2999 4000 pellium.
3033 3927 3276 3984 Cortinte
3305 3941 3506 3985 autem
3547 3929 3621 3982 ita
3647 3923 3817 3996 operie-

2245 4023 2392 4085 baut,
2429 4033 2484 4076 ut
2511 4022 2579 4075 ad
2625 4021 2794 4076 latera
2843 4022 3262 4088 descenderent,
3305 4023 3382 4077 ad
3427 4031 3633 4077 terram
3678 4028 3818 4070 tamen

2247 4129 2352 4166 non
2379 4113 2746 4182 pertingerent
2773 4128 2786 4176 ;
2821 4127 2949 4181 saga
2977 4120 3154 4165 autem
3193 4121 3416 4167 tectum
3451 4120 3510 4165 et
3542 4110 3702 4163 latera
3724 4117 3820 4174 ope-

2246 4202 2478 4266 ricbant,
2510 4211 2564 4256 et
2593 4202 2659 4254 ad
2706 4210 2904 4254 terram
2950 4201 3368 4270 pertingebant.
3403 4200 3586 4255 Pelles
3614 4212 3732 4252 vero
3754 4209 3821 4247 ru-

2242 4298 2464 4353 bricatac
2492 4297 2574 4351 vel
2605 4297 2882 4360 ianthinze,
2905 4303 3102 4350 tectum
3128 4304 3353 4350 tantum
3379 4294 3718 4365 operiebant,
3743 4300 3820 4342 nec

2243 4389 2309 4442 ad
2346 4389 2512 4443 altera
2539 4388 2901 4442 declinabant.

2309 4481 2387 4534 De
2408 4481 2648 4550 pellibus,
2682 4490 2787 4535 etc.
2825 4480 3005 4551 (Ben.,
3025 4478 3176 4544 ibid.,
3204 4494 3340 4550 cap.
3375 4479 3466 4552 4.)
3488 4478 3700 4532 Arietes
3725 4477 3820 4527 sun‘

2240 4572 2511 4638 doctores,
2543 4571 2724 4642 gregis
2755 4569 3016 4624 Dominici
3047 4569 3235 4624 duces.
3271 4571 3446 4627 Unde
3480 4591 3494 4625 :
3521 4571 3716 4640 A/ferte
3741 4563 3826 4618 Do-

2236 4665 2396 4728 mino,
2465 4662 2562 4732 filii
2596 4662 2712 4726 Dei,
2759 4663 2963 4731 afferte,
3015 4670 3124 4717 etc.
3181 4662 3388 4730 Quasi,
3416 4681 3455 4721 o
3484 4663 3685 4735 angeli,
3721 4655 3822 4713 huic

2234 4754 2410 4814 ofﬁcio
2436 4755 2746 4824 mancipati,
2787 4753 2972 4808 afferte
3004 4754 3232 4809 Domino
3260 4757 3322 4811 in
3349 4757 3537 4814 caelos
3560 4757 3828 4812 imitatores

2233 4847 2620 4918 apostolorum.
2651 4845 2787 4900 Hinc
2827 4861 3043 4916 quoque
3083 4857 3236 4901 sexta
3295 4851 3533 4905 mansio
3580 4846 3752 4920 populi
3776 4842 3826 4896 de

2231 4940 2468 5011 Egypto
2493 4937 2695 5009 egressi
2720 4937 2863 4992 helin
2884 4979 2898 5003 ,
2943 4938 2995 4992 id
3034 4947 3116 4993 est
3150 4939 3398 5006 arietes,
3431 4943 3768 5000 nominatur,
3788 4934 3826 4988 in

2230 5048 2336 5102 qua
2366 5041 2524 5087 erant
2549 5031 2828 5085 duodecim
2861 5028 3036 5084 fontes
3060 5038 3114 5084 et
3149 5034 3528 5104 septuaginta
3560 5031 3762 5103 palum,
3782 5030 3827 5076 ut

2229 5124 2436 5179 scilicet
2453 5123 2670 5176 nomine
2688 5129 2741 5173 et
2754 5121 2932 5190 specie
2954 5119 3178 5190 ﬁguram
3193 5124 3610 5189 apostolorum
3630 5122 3826 5175 teneret.

2300 5214 2620 5268 Rubricatis.
2657 5214 2779 5277 (ln.,
2801 5211 2953 5283 ibid.)
2987 5211 3379 5267 Bubeicantur
3409 5215 3594 5285 pelles
3620 5213 3824 5266 arietum

2226 5307 2293 5362 ad
2314 5305 2665 5374 operiendum
2698 5312 2899 5358 tectum
2954 5303 3328 5368 tabernaculi,
3397 5316 3544 5374 etc.,
3594 5296 3825 5376 usquead

2223 5419 2294 5457 ne
2317 5402 2457 5455 inter
2471 5413 2752 5470 pressurus
2765 5396 3036 5458 deficiant,
3061 5396 3328 5452 muniunt

2295 5492 2372 5548 De
2398 5491 2649 5546 ianthinis
2667 5488 2909 5559 pellibus.
2941 5487 3063 5558 (ιιι,
3088 5485 3246 5556 ibid.)
3289 5487 3664 5560 Hyacinthus
3685 5480 3829 5544 οωιθ·

2222 5584 2322 5641 stis
2346 5590 2429 5638 est
2455 5580 2671 5644 coloris,
2701 5587 2832 5642 etc.,
2856 5594 3016 5648 usque
3036 5577 3105 5630 ad
3137 5577 3188 5631 id
3224 5588 3324 5632 cst
3353 5582 3495 5636 caeli
3528 5583 3700 5635 vitam
3729 5571 3828 5630 imi-

2222 5685 2648 5822 “1322.545.—
2669 5763 2747 5818 De
2776 5763 2930 5832 lignis
2956 5762 3123 5816 setim.
3157 5761 3298 5832 (ln.,
3327 5764 3504 5838 ibid.)
3530 5765 3630 5821 Has
3657 5757 3830 5818 tabe
