3998 6332
232 349 341 403 273

1237 348 1502 406 GLOSSA
1540 342 1938 405 OBDINARIA.
1979 377 2048 388 —
2083 339 2210 404 LIB.
2250 345 2454 404 EXOD.

3372 348 3478 402 274

230 460 508 532 apostolos
552 468 608 513 et
640 471 1012 523 successores,
1066 475 1162 530 per
1215 476 1444 530 quorum
1500 477 1804 517 sermonem
1831 463 1880 521 Α
1907 457 2116 527 plebem
2146 458 2434 528 signiﬁcat,
2481 473 2599 527 quae
2639 457 2838 512 dudum
2867 457 3036 512 lucem
3079 458 3316 514 scientiae
3346 461 3480 533 legis

231 551 475 608 Ecclesia
507 548 724 605 dilatata
752 559 856 615 est,
889 549 1212 620 signiﬁcant,
1250 562 1380 620 etc.,
1417 572 1577 625 usque
1606 555 1673 608 ad
1709 569 1808 609 nec

231 641 557 697 translatum
578 649 661 695 est
686 656 880 695 nomen
909 641 1214 710 Hebrzeum,
1240 645 1365 713 quia
1391 647 1480 700 vix
1514 647 1652 716 apud
1674 645 1808 702 alios

230 732 512 788 invenitur
537 731 642 788 hoc
676 731 903 801 lignum.

305 823 469 878 Vnus.
499 822 672 878 16.—
694 821 930 893 Singulte
954 824 1113 879 denos
1139 827 1337 882 cubitos
1358 827 1545 882 habent
1569 831 1622 883 in
1642 828 1808 899 longi—

229 913 434 978 tudine,
449 915 502 966 in
515 913 789 968 latitudine
810 915 1038 969 cubitum
1065 935 1127 970 ac
1152 919 1430 972 semissem.
1451 918 1638 990 (ΒευΑ,
1655 921 1804 989 ibid.)

228 999 536 1072 Longitudo
565 1001 866 1056 tabularum
884 1004 1107 1060 altitudo
1133 1017 1213 1060 est
1242 1025 1358 1077 qua:
1386 1010 1570 1062 decem
1599 1010 1808 1064 cubitos

229 1093 486 1160 habebat,
504 1103 631 1162 etc.,
647 1112 807 1166 usque
824 1095 893 1150 ad
912 1113 930 1150 :
943 1106 990 1151 et
1003 1099 1273 1153 ostendam
1301 1099 1378 1153 illi
1390 1099 1622 1155 salutare
1637 1118 1806 1155 meum

228 1181 409 1255 (Psal.
437 1188 550 1256 xc).

300 1277 468 1334 Vsus.
495 1279 580 1332 17.
601 1307 674 1318 -
691 1277 760 1332 In
787 1278 1056 1334 lateribus.
1083 1279 1203 1350 (10.,
1219 1281 1372 1352 ibid.)
1398 1282 1729 1338 Incastratur
1751 1284 1806 1338 in

227 1367 492 1422 lateribus
505 1367 826 1432 tabularum,
857 1378 984 1434 etc.,
1015 1387 1176 1442 usque
1197 1375 1265 1425 ad
1281 1373 1401 1428 sinu
1417 1376 1615 1431 amoris
1636 1376 1807 1431 susci-

225 1458 430 1526 pimus,
469 1466 523 1511 et
549 1473 646 1512 nos
666 1458 735 1512 ab
764 1457 868 1512 illis
899 1460 1099 1528 suscipi
1123 1462 1416 1518 credimus.

304 1549 467 1604 Vens.
495 1549 579 1604 18.
608 1580 678 1588 -
717 1548 953 1614 Quarum
996 1551 1170 1622 viginti
1206 1565 1354 1606 erunt
1400 1556 1454 1608 in
1497 1555 1657 1610 latere
1697 1573 1806 1611 me-

229 1638 463 1692 ridiano.
496 1639 615 1708 (ln.,
642 1640 732 1692 ubi
760 1656 943 1710 supra,
981 1657 1098 1711 cap.
1135 1642 1212 1712 6.)
1244 1642 1452 1708 Quanta
1482 1642 1643 1698 fuerit
1687 1644 1805 1699 lon-

227 1729 416 1798 gitudo
445 1729 795 1795 tabernaculi,
836 1741 966 1797 etc.,
1002 1750 1159 1803 usque
1201 1735 1268 1788 ad
1299 1751 1366 1790 ne
1387 1735 1506 1804 quis
1543 1737 1646 1791 sibi
1690 1737 1800 1791 vir-

229 1827 376 1874 tutes
406 1823 523 1875 sine
547 1837 708 1892 Opere
737 1833 885 1891 putet
916 1823 1180 1881 sulﬁcere.

299 1911 464 1966 Vens.
497 1913 584 1968 ~l9.
612 1943 682 1952 ——
705 1911 904 1977 Quibus
936 1916 1286 1984 quadraginta
1319 1918 1467 1972 bases
1508 1928 1803 1988 argenteas,

225 2013 337 2058 etc.
365 2006 485 2075 (ln.,
529 2006 680 2062 ibid.)
732 2005 918 2068 Bases.
953 2008 1147 2077 quibus
1199 2011 1392 2065 tabula:
1437 2013 1807 2066 sustentaban-

225 2104 340 2160 tur,
364 2097 526 2151 verba
557 2107 682 2151 sunt
709 2110 764 2152 et
790 2099 910 2153 libri
949 2101 1082 2172 legis
1107 2111 1160 2156 et
1185 2103 1586 2173 prophetarum,
1611 2105 1807 2174 quibus

223 2185 472 2254 Apostoli
500 2196 556 2241 et
597 2189 955 2258 evangelista,
987 2206 1106 2260 quae
1146 2194 1384 2247 scribere
1419 2203 1473 2248 et
1503 2195 1806 2265 praedicare

225 2283 500 2348 volebant,
523 2299 650 2338 vera
673 2300 791 2340 esse
813 2294 868 2340 et
889 2287 1067 2341 divina
1095 2289 1414 2357 probabant.
1438 2289 1590 2346 Unde
1615 2307 1626 2342 :
1663 2289 1806 2344 Tunc

226 2375 574 2444 adimpletum
620 2388 695 2431 est
739 2379 878 2448 quod
913 2380 1109 2433 dictum
1155 2391 1229 2435 est
1279 2399 1370 2452 per
1412 2383 1706 2452 prop/tetas.
1743 2383 1807 2436 Et

227 2465 360 2519 alibi
393 2487 406 2520 :
439 2466 555 2520 Hoc
603 2478 776 2523 autem
824 2480 989 2524 totum
1038 2471 1233 2540 factum
1287 2483 1360 2527 est
1390 2514 1404 2539 ,
1461 2483 1516 2527 ut
1552 2473 1808 2544 adimple-

225 2565 416 2608 rentur
434 2558 706 2627 scriptura:
733 2560 1329 2632 prophetarum(Matt/z.
1371 2560 1506 2634 χχι).
1538 2562 1604 2616 Et
1617 2563 1806 2619 Petrus

227 2645 342 2698 ait:
379 2645 645 2702 Habemus
686 2648 970 2717 ﬁrmiorem
1003 2653 1358 2723 propheticum
1398 2671 1686 2710 sermonem
1717 2652 1806 2727 (11

228 2735 382 2791 Ρειν.
413 2745 476 2809 ι).
799 2786 802 2788 γ

298 2829 483 2901 (Βευ.,
510 2831 707 2905 Gneo.)
729 2835 833 2890 Per
856 2836 1158 2892 tabularum
1188 2839 1345 2894 bases
1359 2847 1644 2910 argenteas
1671 2841 1804 2896 ordo

224 2923 622 2993 prophetarum
666 2925 1034 2997 signiﬁcatur:
1068 2929 1159 2999 qui
1219 2931 1343 2984 dum
1393 2930 1553 3000 primi
1589 2931 1654 2984 de
1694 2931 1803 2986 Do-

223 3013 362 3068 mini
395 3015 764 3070 incarnatione
798 3016 958 3072 locuti
994 3028 1134 3082 sunt,
1167 3020 1321 3090 quasi
1364 3021 1524 3075 bases
1552 3036 1582 3074 a
1613 3019 1805 3076 funda-

224 3113 417 3160 mento
437 3116 810 3174 surrexerunt,
837 3117 891 3163 et
918 3111 1268 3180 Superpositaa
1305 3110 1523 3168 fabrica:
1565 3114 1803 3182 pondera

1911 549 2216 619 accipiens,
2265 564 2450 604 amore
2493 547 2588 602 Dei
2637 538 2902 603 fervebat.
2969 547 3134 604 Latus
3187 551 3480 607 secundum

1910 641 2050 709 quod
2090 641 2260 712 vergit
2302 640 2369 694 ad
2411 635 2750 709 Aquilonem,
2779 648 2980 710 gentes
3025 640 3314 712 signiﬁcat,
3361 660 3481 714 quae

1909 746 2078 800 usque
2105 731 2171 784 ad
2219 739 2431 801 tempus
2479 731 2868 786 incarnationis
2911 732 3146 786 tenebris
3192 741 3247 786 et
3279 732 3480 804 frigore

1909 821 2242 876 infidelitatis
2273 825 2574 892 torpebant,
2593 824 2658 877 de
2687 839 2916 892 quarum
2937 824 3220 879 vocatione
3247 825 3475 880 dicitur:

1908 909 2384 983 Dicam—Aquiloni,
2413 912 2491 965 Da
2516 930 2533 967 :
2560 923 2608 966 et
2637 912 2851 978 Austro,
2888 913 3014 968 Noli
3033 914 3302 985 prohibere
3340 914 3476 985 (lsa.

1907 1003 2082 1073 xuu).
2124 1003 2304 1070 Quasi,
2338 1004 2512 1060 dicam
2561 1007 2754 1076 populo
2807 1007 3049 1076 gentium
3087 1007 3176 1061 diu
3224 1009 3338 1062 sine
3375 1009 3482 1063 ﬁde

1907 1096 2102 1166 algenti
2126 1111 2139 1150 :
2159 1095 2232 1152 De
2265 1097 2389 1150 ﬁliis
2412 1097 2519 1151 tuis
2545 1097 2765 1151 veniant
2799 1099 2866 1152 ad
2895 1098 3054 1152 ﬁdem
3101 1113 3234 1154 mete
3263 1099 3476 1154 confes-

1907 1187 2074 1244 sionis
2110 1197 2164 1242 et
2201 1188 2422 1242 amoris.
2455 1187 2592 1254 Quin
2625 1197 2680 1243 et
2719 1188 2860 1258 plebi
2891 1189 3198 1245 Israeliticae
3223 1207 3342 1261 qua:
3363 1190 3478 1260 jam

1906 1293 2039 1333 mete
2058 1276 2380 1350 cognitionis
2409 1279 2609 1334 lumine
2640 1279 2840 1334 fruitur
2863 1297 2873 1334 :
2897 1280 3014 1336 Noli
3034 1283 3322 1351 prohibere
3349 1300 3474 1354 gen.

1905 1376 1986 1422 tes
2007 1369 2059 1423 in
2087 1378 2288 1425 sortem
2313 1371 2594 1426 electionis
2621 1373 2803 1442 recipi.

1983 1459 2178 1530 Viginti
2219 1461 2430 1514 tabulw.
2478 1461 2690 1532 (Βευλ.)
2728 1463 2896 1518 Unius
2937 1473 3117 1519 autem
3150 1467 3386 1532 numeri,
3425 1477 3480 1521 et

1905 1565 2302 1616 mensurarum,
2325 1560 2378 1606 et
2407 1551 2647 1619 facturae,
2676 1553 2856 1608 tabula
2900 1563 3186 1624 utrumque
3214 1555 3357 1624 latus
3385 1558 3479 1612 ha-

1902 1639 2020 1696 buit
2049 1659 2061 1694 :
2093 1641 2217 1710 quia
2249 1657 2352 1694 una
2383 1651 2437 1696 et
2460 1643 2649 1697 eadem
2678 1629 2831 1708 ﬁdes,
2859 1621 3320 1713 spesetchariias,
3349 1648 3482 1700 utri—

1905 1748 2009 1802 que
2041 1733 2237 1804 populo
2275 1749 2373 1804 per
2403 1735 2673 1804 apostolos
2709 1737 3053 1805 praedicatur,
3084 1748 3140 1793 et
3179 1740 3245 1793 ad
3275 1748 3474 1794 terram

1831 1827 1880 1889 Β
1906 1833 2132 1895 uterque
2146 1826 2544 1896 regnicuelestis
2554 1828 2874 1896 promissam
2891 1839 3131 1884 vocatur.
3152 1830 3227 1885 De
3250 1840 3479 1902 utroque

1909 1916 2157 1986 generale
2203 1925 2529 1986 praeceptum
2560 1917 2832 1987 accipiunt
2859 1936 2872 1972 :
2908 1917 3107 1974 Euntes
3138 1921 3193 1974 in
3224 1921 3477 1975 mundum

1907 2007 2202 2060 universum
2261 2007 2542 2076 prwdicate
2608 2007 2951 2080 Evangelium
3013 2013 3155 2065 omni
3223 2023 3480 2066 creatura:

1908 2095 2100 2166 (Marc.
2143 2097 2275 2170 xvr),
2308 2098 2362 2152 id
2405 2107 2488 2153 est
2537 2101 2798 2168 praeputio
2849 2109 2904 2156 et
2947 2101 3364 2157 circumcisioni.
3413 2102 3480 2156 Et

1907 2185 2113 2256 absque
2143 2187 2248 2240 ulla
2290 2187 2590 2243 diﬁ‘erentia
2639 2190 2972 2246 subinl'ertur
3001 2205 3014 2244 :
3047 2192 3150 2256 Qui
3200 2193 3478 2247 crediderit

1905 2285 1954 2330 et
1989 2276 2282 2346 baptizatus
2315 2277 2472 2346 fuerit
2501 2280 2676 2333 salvus
2703 2282 2818 2334 erit.

1977 2365 2139 2422 Vens.
2179 2367 2269 2420 ει.
2290 2397 2362 2408 -
2380 2367 2531 2423 Binw
2559 2370 2725 2424 bases.
2766 2371 2916 2426 Basis
2962 2381 3044 2428 est
3073 2372 3479 2428 fundamentum

1904 2472 1936 2512 a
1957 2456 2146 2514 Graeco
2170 2459 2381 2531 βασεία,
2428 2460 2482 2515 id
2526 2470 2612 2516 est
2655 2462 2836 2517 fundo.
2871 2463 2973 2518 Per
3010 2465 3168 2520 bases
3203 2467 3481 2536 prophetae

1905 2548 2295 2618 signiﬁcantur,
2347 2566 2573 2620 quorum
2603 2554 2910 2610 auctoritati
2955 2544 3181 2626 apestoli
3211 2567 3266 2612 et
3291 2573 3482 2612 omnes

1904 2641 2155 2696 doctores
2194 2642 2516 2698 innituntur.
2548 2643 2696 2699 Bina:
2737 2657 2917 2701 autem
2963 2645 3222 2702 dicuntur
3261 2655 3483 2718 propter

1905 2734 2248 2790 concordiam
2301 2736 2709 2806 prophetarum,
2761 2739 2851 2808 qui
2897 2754 3087 2796 omnes
3135 2755 3302 2794 unum
3359 2755 3482 2794 sen-

1905 2834 2112 2881 serunt.

1976 2914 2139 2971 VERS.
2169 2916 2260 2970 22.
2283 2946 2354 2956 -
2395 2918 2474 2971 Ad
2527 2919 2920 2987 occidentalem,
2945 2929 3048 2977 etc.
3101 2921 3290 2993 (BEDA,
3327 2921 3482 2994 ibid.)

1905 3007 2262 3066 Occidentalis
2297 3010 2472 3082 plaga,
2519 3020 2648 3076 etc.,
2699 3029 2860 3084 usque
2903 3015 2972 3068 ad
3007 3030 3179 3085 usque
3203 3015 3273 3071 ad
3319 3015 3482 3072 ﬁnem

1908 3103 2089 3157 saeculi
2121 3111 2247 3158 sunt
2275 3103 2330 3158 in
2351 3103 2591 3159 Ecclesia
2627 3109 2989 3174 permansuri.

225 3199 629 3266 sustinuerunt,
659 3209 713 3255 et
756 3176 1188 3268 tabulas,-id—est
1229 3176 1582 3274 apostolicam
1607 3207 1804 3276 praadi-

1977 3193 2058 3246 Ad
2081 3193 2450 3248 occidentalem
2470 3212 2584 3250 vero
2615 3195 2844 3266 plagam,
2871 3207 2978 3252 etc.
3008 3199 3136 3269 (ln.,
3158 3199 3314 3270 ibid.)
3339 3200 3484 3257 Bene

225 3292 507 3347 cationem
533 3293 588 3347 in
615 3293 816 3349 mundo
843 3293 1144 3362 dilatatam,
1174 3298 1328 3366 quasi
1359 3296 1500 3352 ﬁrmi
1529 3307 1583 3354 et
1622 3297 1808 3355 fusiles

224 3383 503 3438 sustinent
525 3401 538 3438 :
555 3384 683 3454 quia
708 3383 1072 3454 apostolorum
1095 3386 1203 3440 vita
1222 3387 1601 3456 prmdicatione
1620 3404 1808 3445 eorum

223 3473 540 3540 instruitur,
598 3484 653 3530 et
710 3476 1031 3533 auctoritate
1091 3477 1370 3542 solidatur.
1430 3478 1583 3536 Unde
1647 3481 1808 3537 bases

223 3564 374 3620 bina:
419 3563 719 3637 conjunctae
757 3566 982 3638 singulis
1033 3565 1226 3622 tabulis
1254 3577 1656 3638 supponuntur:
1681 3570 1808 3639 quia

223 3657 358 3711 dum
383 3658 659 3728 propheta:
683 3658 738 3712 in
760 3659 942 3713 verbis
971 3659 1083 3714 suis
1112 3658 1179 3713 de
1207 3657 1405 3714 Christi
1443 3659 1810 3716 incarnatione

224 3750 589 3815 concordant,
641 3758 928 3820 sequentes
971 3751 1355 3820 praedicatores
1412 3751 1699 3818 aediﬁcant,
1750 3761 1812 3806 ut

225 3851 337 3909 quo
386 3855 414 3892 a
477 3841 780 3910 semetipsis
825 3855 932 3894 non
993 3841 1321 3912 discrepant,
1378 3842 1497 3898 illos
1540 3843 1810 3898 robustius

224 3932 418 4002 ﬁgant.
462 3931 542 3985 Ex
591 3942 812 4003 argento
847 3932 998 3987 fundi
1046 3932 1324 4004 jubentur.
1386 3933 1610 4005 Argenti
1665 3935 1810 3990 enim

225 4021 452 4078 claiitas
475 4036 541 4078 ex
585 4039 684 4078 usu
730 4031 996 4086 servatur,
1047 4025 1163 4079 sine
1216 4040 1316 4080 usu
1367 4025 1421 4080 in
1475 4026 1808 4097 nigredinem

227 4113 499 4178 vertitur;
530 4113 913 4183 prophetarum
955 4129 1084 4170 vero
1132 4115 1275 4170 dicta
1310 4125 1437 4170 ante
1479 4116 1682 4171 Christi
1711 4117 1810 4170 ad-

226 4215 454 4258 ventum
481 4205 534 4258 in
581 4221 682 4260 usu
725 4205 1020 4275 spiritualis
1069 4207 1434 4278 intelligentia:
1485 4224 1590 4262 non
1634 4217 1810 4273 erant,

228 4292 362 4347 dum
407 4294 644 4363 conspici
693 4310 790 4364 per
836 4295 1222 4351 obscuritatem
1277 4311 1383 4351 non
1429 4306 1711 4367 poterant,
1758 4305 1814 4352 et

226 4383 354 4439 ideo
385 4384 537 4453 quasi
574 4385 726 4456 nigra
763 4386 1189 4456 permanebant:
1221 4389 1311 4441 sed
1340 4397 1622 4458 postquam
1658 4387 1814 4443 Chri-

193 4483 348 4544 gstus
387 4475 607 4530 veniens
653 4489 717 4530 ea
769 4485 894 4530 ante
941 4477 1126 4531 oculos
1157 4486 1373 4534 nostros
1423 4479 1810 4534 incarnationis

228 4583 396 4621 manu
451 4568 617 4631 tersit,
668 4566 926 4638 quidquid
956 4567 1090 4624 lucis
1137 4569 1188 4623 in
1220 4571 1299 4625 eis
1347 4571 1548 4625 latebat
1589 4570 1804 4636 claruit,

229 4676 530 4730 sensusque
575 4670 786 4730 patrum
835 4661 1250 4730 praecedentium
1304 4663 1356 4717 in
1413 4678 1569 4718 usum
1617 4663 1805 4730 dedit,

230 4753 363 4823 quia
397 4752 556 4807 verba
591 4754 752 4808 rebus
796 4756 1062 4824 exposuit.

305 4843 521 4916 (Βευλ.)
546 4843 690 4899 Bene
732 4844 958 4915 singulis
997 4845 1193 4902 tabulis
1233 4846 1376 4901 bina:
1427 4847 1585 4902 bases
1621 4861 1815 4918 suppo-

231 4945 458 5001 nuntur,
484 4947 541 4990 ut
561 4952 854 4993 consensus
877 4939 1204 5008 prophetica:
1232 4939 1612 5002 attestationis,
1635 4939 1688 4992 in
1702 4954 1816 4994 om-

232 5033 397 5087 nibus
419 5048 538 5102 qtue
560 5031 798 5102 Apostoli
833 5032 1037 5097 dixere,
1068 5015 1419 5086 monstretur.
1443 5031 1538 5086 Vel
1562 5031 1701 5086 bime
1723 5046 1819 5101 per

232 5123 374 5178 duos
387 5124 608 5194 angulos
622 5123 993 5195 subjiciuntur,
1013 5123 1218 5179 utbene
1237 5123 1468 5179 suﬁ‘ultis
1488 5125 1818 5194 angulistota

235 5224 386 5271 recte
413 5215 584 5284 possit
611 5217 908 5270 consistere
946 5215 1146 5282 tabula,
1175 5215 1300 5286 quia
1331 5215 1510 5270 omnis
1541 5215 1814 5286 apostolici

235 5315 292 5360 et
315 5306 612 5377 evangelici
642 5307 910 5362 sermonis
952 5307 1003 5360 in
1034 5306 1367 5378 propheticis
1397 5307 1552 5361 libris
1601 5306 1816 5360 initium

235 5399 613 5470 praesignatur,
645 5409 700 5455 et
741 5399 864 5454 ﬁnis
903 5399 1079 5454 omnis
1113 5398 1475 5469 apostolorum
1501 5409 1556 5452 et
1599 5412 1814 5452 succes-

238 5506 423 5548 sorum
459 5494 566 5548 vita
591 5495 659 5549 ab
688 5494 842 5548 initio
870 5493 994 5548 ﬁdei
1025 5508 1194 5562 usque
1242 5494 1308 5547 ad
1340 5492 1499 5546 ﬁnem
1536 5492 1660 5545 vita:
1680 5506 1818 5560 prm-

240 5584 414 5639 sentis
441 5585 682 5655 mysticis
705 5585 900 5638 veteris
927 5587 1237 5639 testamenti
1269 5583 1471 5637 inserta
1495 5593 1581 5636 est
1599 5581 1813 5636 tabulis.

317 5675 479 5730 Vsus.
508 5675 597 5728 20.
622 5705 689 5714 ——
713 5673 780 5727 In
803 5675 965 5727 latere
997 5691 1202 5746 quoque
1233 5673 1481 5727 secundo.
1515 5672 1683 5726 Latus
1706 5685 1818 5758 mc-

244 5764 534 5832 ridianum,
586 5765 729 5835 quod
760 5765 930 5836 vergit
972 5766 1039 5820 ad
1089 5776 1350 5830 austrum,
1405 5765 1681 5835 antiquam
1720 5763 1815 5818 Dei

1907 3283 1963 3337 in
2004 3282 2327 3338 bccidentali
2373 3284 2532 3356 plaga
2585 3286 2989 3342 tabernaculum
3050 3299 3479 3355 consummatur,

1907 3382 2036 3440 etc.,
2088 3392 2250 3447 usque
2281 3376 2350 3430 ad
2394 3377 2487 3431 sed
2536 3377 2700 3432 etiam
2731 3392 2830 3446 pro
2867 3379 3024 3436 malis
3049 3395 3080 3434 a
3109 3381 3304 3451 quibus
3348 3382 3482 3436 libe-

1908 3465 2072 3520 ravit.

1980 3558 2102 3629 (In.)
2128 3558 2274 3614 Bene
2295 3560 2450 3632 plaga
2483 3559 2855 3626 occidentalis,
2887 3578 3008 3633 quae
3029 3577 3179 3618 mare
3208 3565 3479 3634 respicere

1908 3649 2051 3705 dicta
2079 3661 2180 3716 est,
2234 3666 2328 3706 sex
2357 3651 2552 3706 tabulis
2579 3659 2790 3707 constat
2815 3671 2826 3706 :
2853 3655 2978 3723 quia
3015 3654 3067 3708 in
3110 3655 3326 3710 senario
3357 3655 3482 3710 boni

1908 3741 2087 3810 operis
2131 3743 2528 3798 consummatio
2575 3752 2835 3799 notatur:
2869 3746 2994 3815 quia
3043 3747 3098 3800 in
3147 3745 3240 3802 illo
3291 3751 3480 3803 mundi

1908 3839 2158 3887 ornatum
2199 3831 2455 3888 Dominus
2495 3837 2915 3902 consummavit;
2967 3837 3021 3892 in
3075 3836 3165 3892 illo
3207 3839 3482 3894 hominem

1910 3926 1964 3980 in
1994 3927 2257 3998 principio
2302 3927 2540 3994 creavit;
2589 3929 2643 3982 in
2696 3929 2788 3984 illo
2839 3944 3008 4001 genus
3045 3932 3336 3986 humanum
3385 3948 3483 3989 sua

1909 4020 2162 4089 passione
2199 4021 2544 4074 restauravit.
2596 4019 2692 4075 Vel
2744 4023 2869 4092 quia
2895 4032 3018 4077 sunt
3051 4039 3144 4079 sex
3165 4033 3354 4080 aetates
3384 4041 3486 4080 sa:-

1911 4110 2034 4173 culi,
2070 4110 2263 4179 quibus
2308 4121 2520 4179 oportet
2549 4126 2649 4166 nos
2683 4111 2838 4166 bonis
2877 4113 3131 4182 operibus
3162 4115 3369 4184 perﬁci,
3424 4125 3484 4168 ut

1913 4203 1978 4257 ad
2012 4209 2267 4254 aeternam
2295 4209 2349 4254 et
2375 4203 2789 4258 resurrectionis
2825 4205 3050 4272 gloriam
3080 4205 3480 4273 perveniamus.

1983 4293 2145 4348 Vens.
2175 4291 2266 4348 25.
2316 4323 2387 4332 -
2423 4292 2492 4346 Et
2544 4309 2753 4347 rursum
2800 4292 2935 4348 alias
2996 4294 3146 4346 duas.
3189 4294 3312 4365 (lp.)
3347 4293 3484 4360 Quia

1915 4401 2126 4438 rursum
2156 4385 2276 4438 alia:
2313 4385 2431 4438 duae
2484 4383 2700 4449 tabulze,
2747 4385 2988 4454 exceptis
3039 4397 3132 4438 sex
3187 4385 3397 4453 primis,
3430 4387 3487 4442 in

1915 4477 2166 4546 angulum
2209 4476 2468 4544 iubentur
2516 4476 2650 4545 erigi
2700 4485 2822 4546 post
2870 4485 3078 4546 tergum
3129 4479 3485 4548 tabernaculi,

1913 4584 2031 4638 quae
2047 4569 2347 4621 venientem
2374 4567 2440 4620 ab
2467 4565 2712 4620 orientali
2737 4565 2891 4636 plaga
2915 4567 3175 4636 parietem
3192 4572 3483 4641 excipiunt,

1915 4667 1969 4713 et
1995 4656 2342 4712 occidentalis
2368 4657 2533 4727 plagae
2561 4657 2752 4725 parieti
2778 4659 3194 4730 coniunguntur,
3213 4662 3280 4715 ad
3308 4678 3487 4719 remu-

1918 4751 2248 4804 nerationem
2278 4748 2470 4803 futura:
2504 4750 2626 4804 vim
2663 4750 2915 4820 pertinet,
2959 4767 3079 4822 quae
3115 4762 3231 4824 post
3274 4755 3490 4813 labores

1919 4849 1974 4896 et
2005 4849 2244 4911 tempora
2286 4839 2446 4894 unius
2487 4839 2612 4895 vita:
2641 4855 2828 4894 secura
2849 4841 2934 4895 vel
2981 4853 3227 4898 securala
3277 4836 3489 4911 est,'di-

1921 4935 2035 4990 visa
2065 4934 2116 4988 in
2143 4932 2548 4996 sabbatismum,
2579 4932 2630 4986 id
2657 4933 3018 5004 est,requiem
3045 4935 3344 4990 animarum
3367 4948 3490 5008 post

1921 5025 2312 5081 absolutionem
2341 5038 2651 5090 corporum,
2699 5032 2753 5078 et
2801 5023 3027 5094 gloriam
3079 5030 3491 5086 resurrectionis

1919 5119 2134 5186 utrique
2178 5113 2373 5186 populo
2404 5115 2704 5169 communis
2747 5115 2890 5170 nullo
2933 5115 3040 5172 ﬁne
3067 5119 3485 5178 terminandam.

1989 5209 2152 5264 Vens.
2174 5207 2264 5262 24.
2293 5239 2362 5249 -
2387 5206 2658 5278 Erantque
2708 5207 2807 5261 sibi
2849 5207 3158 5277 coniunctae.
3187 5209 3311 5282 (10.,
3333 5214 3489 5287 ibid.)

1920 5303 2054 5371 Quia
2075 5303 2252 5358 omnis
2283 5301 2576 5356 electorum
2611 5299 2720 5353 vita
2749 5315 2856 5354 una
2903 5299 3007 5354 ﬁde
3037 5309 3092 5356 et
3117 5302 3385 5360 charitate
3419 5307 3489 5361 ad

1923 5395 2166 5452 coelestia
2204 5394 2395 5459 tendit,
2435 5401 2489 5447 et
2521 5393 2577 5446 in
2609 5406 2774 5445 unum
2817 5390 2981 5446 ﬁnem
3027 5392 3255 5449 visionis
3295 5395 3489 5450 divinae

1924 5485 2186 5556 pervenit,
2215 5497 2271 5539 et
2304 5483 2359 5539 in
2393 5499 2500 5537 una
2527 5497 2658 5537 voce
2689 5483 2822 5538 recti
2851 5482 3115 5554 dogmatis
3143 5487 3319 5540 omnis
3365 5501 3492 5541 san-

1923 5587 2130 5632 ctorum
2191 5576 2603 5647 prtedicatorum
2641 5589 2822 5629 sermo
2859 5576 3130 5630 convenit.
3190 5576 3492 5633 Recederet

1923 5669 2064 5724 enim
2091 5671 2156 5723 ab
2185 5670 2414 5723 invicem
2465 5682 2726 5737 compago
2773 5667 3076 5721 tabularum
3107 5669 3152 5721 si
3180 5668 3324 5738 quod
3351 5685 3492 5727 unus

1924 5761 2182 5833 propheta
2213 5770 2306 5817 aut
2332 5759 2620 5831 Apostolus
2640 5758 2884 5824 dixisset,
2916 5757 3055 5813 alius
3081 5768 3311 5830 negaret
