3998 6332
492 378 599 435 275

991 381 1374 438 WALAFRIDI
1415 383 1660 439 STRABI
1696 385 1899 441 FULD.
1942 383 2104 442 ΜΟΝ.
2147 384 2302 444 ΟΡΡ.
2343 383 2522 440 PARS
2556 383 2598 438 l.
2641 411 2712 423 -
2752 380 3210 438 THEOLOGICA.

3650 382 3758 440 276

567 494 782 550 Duabus
805 511 1006 566 quoque
1031 497 1246 564 tabulis,
1272 505 1378 554 etc.
1397 498 1754 570 (Bem,ibid.)
1769 501 2072 574 Angulares
2099 505 2151 566 Α
2179 502 2272 558 Dei
2312 501 2574 558 beneﬁcia
2612 501 2942 570 signiﬁcant,
2983 508 3125 564 etc.,
3177 513 3338 569 usque
3377 499 3448 554 ad
3503 496 3780 557 testimo-'

492 587 690 644 tabula:
737 586 934 642 tabulis
963 589 1230 672 parietum
1257 605 1354 660 per
1394 590 1576 646 omnia
1601 601 1727 648 sunt
1751 593 2073 663 conjunctae,

493 692 624 750 etc.,
656 701 816 756 usque
844 685 912 742 ad
961 686 1238 756 prophetas
1283 702 1524 745 consona
1564 703 1698 744 voce
1743 687 1924 744 futura
1955 703 2075 745 esse

491 775 881 846 praedixerunt.

563 863 686 936 (In.,
712 865 866 935 ibid.)
891 865 990 921 Hic
1021 882 1128 922 non
1159 866 1360 922 dicitur
1388 883 1642 924 mensura
1681 869 1910 935 basium,
1939 877 2072 937 etc.,

492 972 656 1028 usque
676 957 745 1010 ad
769 957 863 1011 sed
889 958 1162 1013 immobile
1200 973 1393 1013 secura
1423 961 1605 1030 quiete
1633 969 1964 1016 servaretur.

563 1044 752 1102 Facies
778 1058 824 1102 et
856 1059 1018 1102 vectes
1047 1049 1111 1103 de
1139 1049 1316 1120 lignis,
1344 1059 1447 1106 etc.
1496 1050 1618 1123 (In.,
1653 1053 1804 1116 ibid.,
1843 1068 1963 1122 cap.
1992 1051 2070 1120 7.)

492 1136 739 1208 Quinque
793 1149 971 1196 vectes
1025 1142 1115 1210 qui
1159 1143 1368 1196 tabulas
1393 1144 1722 1199 tabernaculi
1770 1146 2068 1209 continent,

491 1237 624 1294 etc.,
651 1247 811 1299 usque
825 1231 891 1284 ad
915 1247 1011 1286 nec
1033 1233 1134 1285 alia
1163 1248 1324 1302 quam
1358 1233 1490 1304 legis
1519 1237 1770 1289 mandata
1811 1234 2066 1289 subdidit.

563 1320 724 1374 Vens.
765 1320 861 1375 29.
888 1351 957 1360 ——
981 1322 1133 1392 Ipsus
1159 1341 1365 1394 quoque
1394 1325 1600 1379 tabulas
1628 1326 1908 1380 deaurabis
1942 1325 2067 1396 (ln.,

490 1405 643 1476 ibid.)
670 1406 883 1462 Tabulae
913 1409 1188 1464 deaurata:
1218 1412 1548 1466 tabernaculi
1572 1411 1916 1484 praefulgent,
1935 1422 2066 1479 etc.,

490 1512 652 1568 usque
690 1496 757 1550 ad
782 1498 876 1582 sed
897 1498 1059 1554 etiam
1092 1516 1343 1571 superna
1370 1503 1748 1558 retributionis
1791 1503 1962 1558 lucem
1992 1503 2069 1558 le-

491 1598 647 1661 gunt.
1857 1641 1866 1649 _.

562 1680 706 1748 Quos
763 1685 960 1754 operies
1006 1684 1236 1740 laminis.
1281 1684 1424 1756 (ln.,
1462 1687 1633 1758 ibid.)
1679 1687 1920 1743 Laminis
1973 1702 2068 1742 au-

491 1774 600 1828 reis
649 1785 830 1830 vectes
875 1777 1212 1844 operiuntur,
1243 1788 1376 1845 etc.,
1423 1795 1586 1849 usque
1623 1779 1692 1833 ad
1741 1795 1861 1835 cum
1913 1781 2069 1850 spiri-

498 1865 662 1920 tualis
693 1866 1046 1937 intelligentia
1081 1869 1362 1940 mysteriis
1395 1869 1553 1939 plena
1584 1871 1907 1926 ostenditur.

563 1956 728 2012 Vens.
744 1957 1098 2029 50.—Eriges
1125 1961 1540 2015 tabernaculum.
1564 1961 1854 2033 (ln.,ibid.)
1879 1963 2070 2016 Exem-

490 2049 637 2120 plttm
669 2051 1024 2118 tabernaculi,
1052 2061 1158 2109 etc.
1187 2095 1202 2121 ,
1237 2071 1400 2125 usque
1437 2054 1505 2108 ad
1545 2071 1681 2125 opus
1719 2056 2068 2125 animumque

491 2151 841 2211 componunt.

563 2231 726 2286 Vens.
758 2231 846 2285 5|.
869 2263 938 2273 —
975 2232 1164 2289 Facies
1191 2245 1238 2289 et
1269 2235 1455 2290 velum.
1488 2236 1613 2307 (lo.,
1653 2237 1803 2304 ibid.,
1831 2254 1950 2309 cap.
1985 2238 2062 2310 8).

491 2321 665 2377 Etiam
686 2320 842 2390 juxta
870 2323 1104 2379 litteram
1144 2327 1534 2396 pulchritudini
1562 2328 1803 2382 caelestis
1839 2328 2067 2383 visionis

489 2413 591 2468 hoc
617 2414 886 2484 congruit.
926 2413 982 2470 Si
1013 2417 1156 2470 enim
1186 2417 1434 2472 decorem
1487 2415 1843 2488 ﬂammasque
1892 2428 2067 2473 astro-

494 2519 631 2570 rum,
662 2504 1012 2560 multifariam
1065 2507 1290 2561 nttbium
1336 2509 1570 2577 speciem
1617 2518 1672 2563 et
1721 2510 1892 2578 ipsam
1943 2508 2067 2563 irim

491 2593 820 2659 consideras,
854 2595 998 2650 mille
1049 2597 1360 2652 trahentem
1404 2605 1458 2652 et
1494 2598 1675 2652 varios
1721 2613 1914 2652 averso
1952 2599 2067 2653 sole

491 2683 719 2750 colores,
749 2685 919 2741 multo
964 2686 1147 2757 plures
1185 2695 1239 2740 et
1279 2687 1614 2757 pulchriores
1654 2703 1816 2759 quam
1854 2688 1907 2742 in
1951 2687 2068 2744 velo

491 2774 826 2832 tabernaculi
851 2777 905 2831 in
937 2776 1076 2831 coelo
1103 2777 1342 2846 picturas
1373 2778 1602 2832 notabis.

563 2863 753 2921 Facies
781 2877 829 2921 et
855 2866 1044 2930 velum,
1067 2876 1174 2922 etc.
1210 2867 1350 2937 (ID.,
1391 2867 1546 2938 ibid.)
1583 2865 1769 2924 Velum
1811 2869 1948 2934 hoc,
1977 2885 2068 2923 us-

492 2975 592 3030 que
620 2958 689 3012 ad
722 2967 780 3012 ut
815 2965 1076 3029 appareat
1102 2957 1272 3012 vultui
1303 2957 1397 3012 Dei
1422 2972 1520 3028 pro
1549 2957 1724 3014 nobis.

565 3047 754 3103 Facies
783 3058 830 3104 et
858 3049 1028 3102 velum
1054 3049 1118 3104 de
1159 3049 1440 3119 hyacintho
1480 3059 1530 3103 et
1557 3066 1791 3120 purpura
1818 3066 2071 3120 coccoque

492 3143 571 3198 bis
592 3143 772 3196 tincto.
793 3141 916 3213 (10.,
940 3141 1094 3210 ibid.)
1123 3140 1398 3196 Hactenus
1425 3141 1492 3196 de
1519 3142 1726 3210 pariete
1747 3141 2068 3206 meridiano,

489 3245 622 3302 etc.,
654 3252 816 3306 usque
836 3234 905 3288 ad
935 3249 1126 3289 averso
1151 3234 1266 3289 sole
1295 3235 1530 3289 colores.

565 3327 730 3384 Vens.
767 3327 856 3382 '52.
891 3357 960 3367 —
997 3326 1149 3392 Quod
1191 3326 1450 3397 appendes
1502 3335 1624 3379 ante
1668 3334 1911 3394 quatuor,
1964 3332 2070 3377 etc.

495 3419 620 3494 (ln.,
643 3419 797 3490 ibid.)
825 3418 1064 3487 Quatuor
1091 3427 1270 3473 autem
1309 3418 1598 3482 columnae,
1642 3424 1770 3479 etc.,
1803 3432 1965 3486 usque
2004 3415 2073 3469 ad

492 3512 599 3568 hoc
623 3511 696 3566 ibi
726 3526 833 3567 non
860 3510 965 3565 erit
993 3509 1082 3566 ubi
1119 3509 1253 3564 nihil
1275 3508 1498 3566 omnino
1534 3508 1683 3562 mali.

566 3603 698 3670 Quae
722 3605 848 3673 ipsa:
879 3601 1088 3674 quidem
1126 3600 1568 3673 deauratw.,(ln.,
1599 3598 1756 3669 ibid.)
1793 3599 2074 3653 Deauratae

493 3703 624 3748 sunt
671 3693 934 3750 columnas
978 3702 1103 3749 ante
1141 3709 1276 3764 quas
1315 3693 1639 3764 appenditur
1678 3680 1892 3756 velum,
1945 3691 2073 3759 quia

493 3787 686 3857 positae
711 3787 851 3841 intra
876 3786 1054 3841 velum
1082 3786 1204 3842 coeli
1241 3787 1471 3842 virtutes
1500 3786 1815 3857 angelorum
1849 3798 2076 3840 summa:

495 3877 762 3932 claritatis
800 3877 972 3948 gratia
1000 3876 1213 3933 vestitae
1241 3887 1388 3932 sunt.
1411 3875 1602 3948 Capita
1633 3877 1834 3932 habent
1873 3892 2065 3940 aurea,

498 3968 626 4039 quia
648 3976 905 4032 mentem,
923 3981 1031 4038 qua
1048 3975 1332 4038 reguntur,
1352 3967 1642 4038 praesentia
1668 3967 1867 4023 divina:
1892 3967 2080 4038 cogni-

498 4061 666 4118 tionis
685 4070 742 4118 et
765 4061 992 4118 visionis
1011 4061 1214 4117 habent
1237 4061 1581 4117 illustratam.

571 4153 696 4224 (ln.,
718 4152 874 4225 ibid.)
895 4151 1108 4210 Habent
1133 4152 1398 4210 columnae
1417 4153 1580 4210 bases
1606 4163 1917 4224 argenteas,
1945 4161 2078 4219 etc.,

498 4266 663 4322 usque
699 4249 768 4305 ad
797 4257 1022 4321 argento
1062 4249 1352 4304 verborum
1393 4247 1538 4302 nitor
1566 4246 1893 4302 ostenditur.

571 4343 790 4415 (Gnec.,
821 4341 1015 4398 Morel.
1043 4341 1140 4399 lib.
1165 4357 1360 4408 nvttt,
1376 4355 1496 4412 cap.
1513 4339 1591 4411 6).
1609 4340 1856 4408 Quatuor
1880 4337 2085 4396 colum-

503 4453 699 4492 narum
754 4436 914 4492 bases
951 4435 1106 4503 jubet
1150 4449 1270 4490 esse
1307 4443 1616 4506 argenteas,
1645 4442 1963 4504 etc.,usque
2015 4430 2084 4485 ad

507 4527 958 4598 evangelistarum
982 4527 1126 4582 dicta
1150 4541 1247 4582 ore
1265 4534 1323 4580 et
1340 4539 1502 4594 opere
1521 4532 1760 4596 portant.

2173 594 2322 649 nium
2348 593 2640 664 perhibens
2665 593 2738 648 ei.

2244 687 2408 742 Vens.
2442 685 2530 741 56.
2558 715 2630 726 -
2663 682 2850 740 Facies
2887 693 2936 738 et
2966 683 3269 748 tentorium,
3293 690 3400 736 etc.
3431 679 3547 752 (10.,
3593 682 3759 751 ibist,

2173 795 2290 850 cap.
2331 779 2406 851 9).
2439 778 2692 850 Exposita
2722 777 3031 832 narratione
3056 775 3124 830 de
3154 773 3292 840 velo,
3324 781 3455 838 etc.,
3486 789 3658 845 usque
3685 770 3757 830 ad

2171 872 2296 940 quia
2319 870 2654 926 continentia
2682 869 2864 925 carnis
2888 878 2942 923 et
2971 868 3136 922 animi
3173 866 3461 938 gaudebat.

2243 960 2336 1032 (11).
2363 960 2380 1032 )
2411 961 2539 1016 Erat
2581 961 2651 1015 ad
2679 959 2914 1014 litteram
2949 955 3356 1012 tabernaculum
3395 955 3593 1011 domus
3631 954 3750 1012 Deo

2173 1059 2517 1115 consecrata,
2555 1058 2659 1104 etc.
2682 1089 2697 1115 ,
2764 1063 2925 1119 usque
2991 1046 3060 1100 ad
3125 1044 3430 1102 latitudinis
3477 1045 3756 1116 quinqua-

2171 1141 2339 1208 ginta.
3005 1145 3008 1148 ί

2243 1237 2406 1291 Vens.
2437 1235 2527 1291 '57.
2550 1265 2620 1275 —
2641 1233 2710 1288 Et
2734 1235 2962 1304 quinque
2989 1231 3283 1286 columnas.
3313 1228 3438 1302 (Im,
3467 1226 3627 1301 ibid.)
3653 1227 3754 1284 Co-

2170 1327 2364 1382 lutnnze
2404 1327 2599 1396 quibus
2642 1326 2933 1380 tentorium
2980 1323 3348 1394 suspenditur,
3386 1331 3521 1387 etc.,
3575 1335 3746 1390 usque

2169 1422 2237 1474 ad
2265 1420 2497 1475 nomium
2521 1419 2789 1489 patefacta
2815 1417 3120 1487 evangelica
3155 1413 3461 1484 Scriptura.

2241 1510 2520 1580 Lignorum
2547 1507 2844 1579 setim.(ln.,
2863 1507 3014 1578 ibid.)
3039 1505 3316 1562 Columnae
3337 1505 3403 1560 de
3423 1502 3609 1573 lignis,
3628 1508 3761 1568 etc.,

2170 1618 2331 1666 usque
2351 1601 2419 1654 ad
2453 1615 2469 1652 :
2495 1600 2582 1654 sed
2603 1600 2781 1654 Jesum
2809 1597 3094 1652 Christum.

2241 1694 2479 1760 Quarum
2507 1703 2656 1747 erunt
2690 1693 2862 1763 capita
2887 1709 3070 1758 aurea,
3088 1699 3216 1754 etc.,
3243 1689 3366 1761 (In.,
3395 1687 3552 1760 ibid.)
3583 1687 3763 1744 Aurel

2177 1786 2352 1855 capita
2391 1784 2666 1840 Christum
2708 1783 3037 1856 signiﬁcant,
3089 1791 3223 1848 etc.,
3258 1799 3422 1854 usque
3458 1783 3527 1837 ad
3561 1781 3762 1837 electo-

2099 1857 2150 1918 Β
2179 1893 2299 1933 rum
2353 1866 2636 1932 animabus
2683 1875 3031 1945 corruptione
3072 1875 3383 1930 carentibus
3428 1872 3756 1928 aediﬁcatur.

2726 2023 2954 2081 CAPUT
2991 2023 3205 2081 XXVII.

2241 2139 2383 2195 Vens
2419 2139 2470 2193 1.
2510 2168 2580 2180 —-
2606 2135 2794 2192 Facies
2843 2148 2892 2192 et
2939 2136 3108 2191 altare
3153 2137 3218 2191 de
3269 2135 3445 2206 lignis.
3478 2133 3762 2207 (Ben.,ds

2171 2229 2481 2294 Tabernac.,
2513 2229 2607 2284 lib.
2653 2245 2714 2294 11,
2753 2243 2875 2299 cap.
2936 2228 3026 2293 11,
3069 2235 3198 2283 tom.
3244 2225 3335 2298 ll.)
3363 2226 3592 2284 Scilicet
3637 2224 3761 2296 quia

2169 2321 2366 2376 munda
2424 2329 2481 2376 et
2513 2322 2824 2389 incorrupta
2874 2320 3028 2376 decet
3085 2334 3208 2377 esse
3254 2321 3418 2376 corda
3461 2319 3518 2375 in
3549 2318 3754 2390 quibus

2171 2412 2407 2483 Spiritus
2435 2421 2656 2467 sanctus
2683 2413 2910 2468 habitat.

2242 2503 2308 2558 Et
2345 2513 2446 2557 tres
2474 2503 2698 2557 cubitos.
2732 2502 2874 2574 (10.,
2913 2501 3067 2575 ibid.)
3102 2501 3272 2557 Tanta
3301 2501 3413 2558 fere
3438 2511 3525 2557 est
3547 2510 3761 2558 statura

2168 2596 2426 2661 hominis,
2458 2603 2590 2661 etc.,
2617 2612 2777 2665 usque
2799 2595 2867 2649 ad
2888 2594 2956 2650 ad
2987 2595 3158 2650 altare
3185 2611 3288 2651 non
3318 2595 3581 2664 pertinet.

2243 2685 2407 2740 Vens.
2449 2687 2503 2740 2.
2525 2717 2594 2726 —
2621 2685 2832 2740 Cornua
2861 2697 3056 2751 autem,
3093 2695 3200 2742 etc.
3252 2685 3372 2758 (Im,
3423 2684 3594 2755 Ibid.)
3629 2684 3763 2752 Qua-

2171 2785 2294 2832 tuor
2341 2776 2562 2848 angulos
2608 2777 2770 2831 habet
2811 2776 2980 2832 altare
3036 2775 3356 2842 holocausti,
3400 2784 3534 2842 etc.,
3597 2791 3760 2846 usque

2171 2868 2240 2923 ad
2264 2867 2603 2934 inviolabilis,
2628 2868 2736 2923 imo
2770 2866 2983 2932 fortior,
3015 2867 3274 2939 persistit.

2248 2957 2408 3014 Vens.
2438 2958 2492 3014 5.
2531 2987 2600 3001 -
2630 2957 2676 3010 F
2680 2961 2918 3030 aciesque
2960 2960 3016 3013 in
3069 2975 3197 3014 usus
3239 2959 3355 3029 ejus
3393 2957 3610 3013 lebetes.
3645 2957 3762 3030 (Im,

2172 3053 2325 3125 ibid.)
2363 3053 2504 3109 Vasa
2539 3053 2726 3108 altaris
2779 3053 3016 3119 diversa,
3041 3061 3171 3119 etc.,
3200 3069 3361 3124 usque
3401 3053 3471 3106 ad
3503 3052 3762 3119 rcharitas

2177 3161 2455 3215 nunquam
2479 3145 2871 3215 exstinguenda
2902 3145 3174 3214 ﬂagrabit.

2100 3211 2146 3275 (ἶ
2251 3211 2507 3304 Fbrcipes
2547 3211 2724 3306 atque.
2756 3234 2890 3307 (In.,
2935 3211 3102 3303 Ibid.)
3134 3234 3392 3304 Forcipes
3419 3244 3548 3290 sunt
3569 3235 3766 3307 pradi-

2177 3337 2412 3393 catores,
2434 3335 2568 3394 etc.,
2592 3344 2754 3398 usque
2791 3329 2862 3382 ad
2886 3337 2942 3383 et
2969 3326 3152 3383 lucere
3173 3327 3519 3397 praecipiunt.

2249 3421 2415 3492 Atque
2459 3419 2772 3491 fuscinulas,
2823 3429 2873 3476 et
2919 3421 3153 3491 ignium,
3183 3428 3290 3476 etc.
3325 3418 3631 3492 (In.,ibid.)
3662 3417 3766 3474 Fu-

2177 3515 2554 3586 scinulze,qu:e
2574 3513 2762 3571 Grmce
2792 3525 3054 3570 vocantur
3079 3515 3344 3588 aptamur,
3362 3521 3490 3578 etc.,
3513 3528 3686 3583 usque
3701 3508 3764 3565 ad

2178 3620 2378 3667 nostrae
2437 3624 2567 3664 vero
2615 3608 2930 3680 capacitatis
2979 3621 3286 3664 mensuram
3347 3605 3763 3661 transcendant.

2249 3701 2463 3774 Ignium
2493 3699 2838 3772 receptacula.
2859 3700 2942 3756 Ad
2969 3699 3074 3755 hoc
3105 3701 3358 3769 deputata
3394 3705 3540 3760 sunt,
3570 3705 3636 3752 ut
3667 3709 3762 3768 per

2179 3797 2298 3853 hac
2327 3796 2466 3867 ignis
2490 3802 2710 3852 sanctus
2739 3793 2808 3849 ab
2837 3793 2994 3848 altari
3023 3791 3326 3848 holocausti
3353 3791 3420 3845 ad
3448 3789 3619 3845 altare
3663 3788 3770 3859 thy-

2180 3886 2453 3942 miamatis
2475 3900 2701 3955 vespere
2723 3894 2779 3940 et
2805 3898 2985 3948 mane,
3013 3883 3083 3939 ad
3111 3883 3393 3939 incensum
3421 3879 3756 3951 ponendum,

2183 3977 2506 4042 deferretur;
2531 3978 2659 4047 quia
2696 3977 2946 4033 doctores
2985 3983 3241 4046 tanquam
3274 3973 3453 4044 ignem
3493 3973 3560 4028 de
3599 3969 3760 4026 altari

2182 4071 2621 4127 holocaustorum
2648 4069 2716 4125 ad
2743 4068 2914 4124 altare
2941 4066 3308 4138 thymiamatis
3327 4063 3600 4130 deferunt,
3634 4077 3760 4119 cum

2184 4163 2460 4220 auditores
2487 4161 2554 4217 de
2590 4162 2791 4217 virtute
2834 4161 2890 4216 in
2911 4161 3168 4215 virtutem
3212 4158 3519 4228 provehunt
3561 4157 3764 4212 docen-

2185 4255 2285 4322 do,
2325 4262 2379 4310 et
2416 4253 2624 4310 meritis
2671 4253 3073 4318 crescentibus,
3125 4253 3194 4306 ad
3239 4250 3431 4306 altiora
3472 4256 3529 4304 et
3572 4248 3766 4303 divinte

2183 4331 2410 4402 visionis
2445 4360 2643 4402 arcana
2685 4345 2962 4400 interiora.
2990 4343 3090 4411 Qui
3131 4342 3296 4397 etiam
3339 4340 3608 4398 ferventia
3637 4342 3753 4408 pie-

2189 4444 2297 4492 tate
2377 4436 2540 4492 corda
2616 4436 2986 4507 proximorum
3053 4435 3368 4498 imitantur,
3424 4432 3763 4502 receptacula

2188 4528 2392 4600 ignium
2452 4527 2617 4592 ﬁunt,
2664 4529 2791 4597 quia
2858 4525 3131 4582 ﬂammam
3195 4525 3434 4582 celestis
3487 4524 3760 4589 sacriﬁcii,

499 4623 502 4628 ’
580 4590 741 4676 Vens.
777 4618 866 4674 55.
892 4648 964 4659 -
991 4618 1258 4672 Inseretur
1316 4590 1489 4672 autem
1522 4590 1729 4682 velum,
1759 4623 1866 4671 etc.
1900 4612 2080 4686 (Bem,
2107 4590 2162 4652 Ῑ)
2187 4590 2350 4689 qvuam
2407 4618 2461 4673 in
2516 4590 2772 4674 fraternis
2827 4619 3098 4674 mentibus
3141 4618 3502 4690 conspiciunt,
3553 4617 3612 4672 in
3662 4616 3765 4673 suis

504 4715 593 4771 ubi
617 4712 824 4785 supra.)
859 4712 994 4780 Quia
1022 4713 1075 4767 in
1115 4721 1320 4767 :eterno
1346 4711 1575 4768 consilio
1603 4708 1914 4765 Divinitatis
1942 4715 2080 4774 erat,

506 4815 637 4872 etc.,
667 4821 830 4876 usque
859 4805 960 4859 ad:
983 4806 1037 4858 in
1062 4804 1147 4858 die
1160 4803 1374 4874 judicii.

579 4896 734 4952 Intra
780 4895 920 4967 quod
967 4910 1126 4959 pones
1171 4910 1352 4948 arcam
1404 4894 1720 4960 testimonii,
1771 4900 1876 4948 etc.
1938 4891 2085 4946 Intra

508 4991 613 5046 hoc
651 4987 832 5044 velum
876 4987 1052 5056 posita
1092 4995 1176 5041 est
1221 5000 1348 5040 arca
1394 4986 1725 5052 testamenti,
1758 4984 1884 5055 quia
1930 4983 2088 5038 Chri-

387 5103 396 5112 ί
508 5089 628 5138 stus
660 5088 1008 5150 paternorum
1047 5092 1372 5132 arcanorum
1413 5077 1685 5142 conscius,
1711 5083 1836 5146 post
1877 5073 2088 5144 passio-

511 5187 636 5228 nem
675 5180 730 5228 et
770 5169 1221 5227 resurrectionem
1255 5169 1422 5227 caelos
1458 5170 1721 5226 caelorum
1765 5168 2084 5234 ascende-ns,

512 5264 664 5321 sedet
687 5261 756 5318 ad
779 5263 1053 5319 dexteram
1080 5260 1276 5318 Patris.

584 5352 911 5409 Dividentur.
943 5353 1080 5421 Quia
1115 5353 1379 5420 Ecclesia,
1417 5367 1537 5423 quae
1566 5366 1630 5407 ex
1664 5349 1873 5422 angelis
1898 5358 1955 5405 et
1986 5349 2088 5404 ho-

514 5446 752 5502 minibus
801 5455 1048 5514 constat,
1097 5447 1295 5518 partim
1337 5447 1716 5518 peregrinatur
1763 5445 1816 5499 in
1864 5443 2092 5509 inﬁmis,

514 5537 712 5609 partim
761 5545 951 5610 regnat
984 5538 1039 5593 in
1081 5538 1352 5608 supernis,
1383 5536 1558 5591 adhuc
1602 5537 1750 5591 cives
1785 5551 1933 5601 suos,
1962 5535 2094 5590 diri-

515 5641 697 5686 mente
727 5631 844 5687 velo
869 5631 1018 5698 caeli,
1049 5631 1213 5687 habet
1243 5633 1311 5686 ab
1340 5631 1569 5685 invicem
1597 5638 1929 5700 segregatos.

588 5723 754 5780 Vens.
796 5725 885 5782 55.
911 5755 982 5767 -—
1011 5723 1350 5795 Hensamque
1413 5734 1560 5778 extra
1612 5723 1802 5786 velum,
1852 5730 1957 5776 etc.
1993 5720 2090 5792 (lo.

2187 4711 2484 4767 accendere
2511 4719 2781 4782 satagunt.

2259 4800 2424 4858 Vens.
2463 4802 2519 4856 4.
2547 4831 2616 4843 -
2641 4798 3068 4874 Craticulumque
3095 4802 3151 4856 in
3179 4801 3416 4865 modum,
3454 4807 3564 4857 etc.
3591 4799 3761 4869 (Ben,

2186 4895 2277 4950 ubi
2317 4911 2509 4966 supra,
2541 4910 2663 4966 cap.
2711 4893 2824 4966 18.)
2854 4893 3036 4949 Altare
3077 4902 3248 4950 totum
3301 4907 3600 4948 concavum
3655 4889 3763 4946 ﬁeri

2185 4996 2516 5060 praeceptum
2559 4996 2666 5053 est,
2693 4995 2824 5053 etc.,
2854 5001 3017 5057 usque
3065 4987 3133 5040 ad
3175 5001 3205 5041 a
3228 4983 3537 5040 Judaeorum
3591 4984 3767 5040 docto-

2193 5080 2346 5136 ribus
2403 5079 2654 5136 didicisse
2681 5089 2953 5150 putamus.

2266 5169 2433 5226 Vens.
2471 5169 2527 5225 5.
2550 5199 2621 5211 —
2640 5167 2831 5225 Subter
2863 5167 3092 5234 arulam,
3123 5175 3229 5223 etc.
3262 5165 3390 5234 (Im,
3418 5165 3572 5238 ibid.)
3599 5164 3766 5220 Habet

2198 5260 2370 5316 altare
2417 5259 2648 5324 arulam,
2690 5267 2820 5323 etc.,
2877 5273 3039 5329 usque
3069 5258 3138 5312 ad
3185 5265 3242 5315 et
3279 5258 3346 5313 ad
3386 5257 3550 5314 ﬁnem
3597 5255 3765 5328 perfe-

2199 5351 2396 5409 ctionis
2420 5351 2806 5421 perducantur.

2270 5441 2394 5515 (11).)
2426 5441 2485 5498 Si
2531 5457 2690 5513 quem
2733 5451 2916 5498 movet
2945 5441 3102 5510 juxta
3145 5441 3405 5507 litteram,
3430 5448 3564 5506 etc.,
3607 5450 3763 5509 usque

2195 5535 2266 5590 ad
2297 5543 2446 5590 tanto
2471 5536 2722 5591 mundius
2743 5535 3070 5589 inveniatur.

2270 5629 2432 5684 Vens.
2457 5628 2508 5682 6.
2539 5657 2610 5668 —
2640 5625 2826 5682 Facies
2855 5638 2902 5682 et
2935 5638 3116 5682 vectes.
3147 5626 3404 5682 Doctores
3443 5624 3649 5680 scilicet
3675 5621 3760 5692 qui

2196 5720 2436 5777 Iudaeam
2469 5729 2524 5775 et
2547 5719 2914 5775 Gentilitatem
2947 5720 3002 5774 in
3042 5734 3206 5774 unam
3239 5717 3360 5772 ﬁdei
3388 5718 3619 5789 gratiam
3639 5730 3761 5771 con-

3942 4849 3943 4866 1

3942 4927 3943 4944 1

3942 4959 3943 4990 1

3942 5129 3943 5142 1

3941 5151 3943 5240 1

3941 5293 3943 5310 1

519 5817 674 5892 ibid.)
699 5817 884 5876 Mensa
919 5825 974 5877 et
1003 5816 1387 5900 candelabrum
1415 5815 1753 5876 tabernaculi
1779 5813 2095 5888 temporalia
2197 5831 2332 5877 sono
2369 5831 2465 5875 ore
2494 5821 2550 5873 et
2573 5828 2733 5886 opere
2761 5822 2972 5872 vocent.
2997 5813 3096 5872 Vel
3119 5828 3188 5872 ex
3211 5822 3442 5885 utroque
3478 5811 3651 5870 latere
3683 5807 3758 5866 sl-
