3998 6332
219 449 332 506 277

1218 440 1480 498 GLOSSA
1522 431 1914 496 ORDINARIA.
1955 465 2024 474 —
2061 435 2187 489 LIB.
2225 433 2431 490 EXOD.

219 564 364 619 taris
393 563 461 618 ad
498 560 816 630 portandum
847 567 1006 614 erunt
1039 567 1237 624 vectes,
1266 573 1388 613 cum
1421 554 1800 626 praedicatores
1824 548 1878 609 A
1903 547 2081 604 ctione
2129 550 2412 619 praeceptis
2471 545 2666 602 divinis
2694 587 2707 611 ,
2761 546 2914 618 quasi
2983 553 3236 617 argenteo
3281 547 3467 617 capiti,

219 662 439 720 mentes
482 650 719 706 ﬁdelium
767 651 820 704 in
863 650 1136 720 prosperis
1187 658 1243 704 et
1291 649 1345 702 in
1386 646 1628 703 adversis
1676 657 1798 698 con-

226 745 485 799 stantiam
516 743 771 796 virtutum
803 749 984 796 tenere
1016 741 1302 796 docebunt.

293 833 462 888 Vens.
483 833 556 888 ~8.
588 863 658 872 —
681 830 921 886 Sicuttibi
959 833 1013 886 in
1047 841 1238 886 monte.
1268 831 1454 902 (Beas,
1485 821 1638 898 ibid.)
1669 823 1796 881 Om-

221 925 314 978 nia
355 941 473 995 qua:
502 924 659 979 nobis
698 923 946 994 mystice,
969 931 1098 991 etc.,
1122 940 1281 995 usque
1309 923 1378 976 ad
1405 935 1618 990 semper
1639 934 1799 990 agere

221 1015 506 1086 jubemur.

292 1105 461 1161 Vens.
495 1106 548 1161 9.
575 1101 847 1159 ——Facies
878 1115 922 1158 et
951 1105 1166 1158 atrium.
1193 1104 1316 1176 (im,
1345 1105 1432 1157 ubi
1461 1120 1642 1174 supra,
1675 1117 1796 1172 cap.

222 1199 341 1270 15.)
380 1198 532 1254 Sicut
579 1197 778 1254 Sancta
831 1205 1174 1263 sanctorum,
1213 1205 1354 1262 etc.,
1392 1213 1554 1266 usque
1593 1195 1660 1251 ad
1705 1191 1800 1249 sed

224 1289 349 1360 ejus
385 1289 642 1343 memoria
685 1287 752 1342 ab
783 1288 974 1342 intimo
997 1288 1157 1342 corde
1191 1288 1516 1342 eradicatur.

293 1379 518 1436 Centum
561 1367 782 1434 subitos;
819 1381 944 1452 (1m,
977 1381 1129 1452 ibid.)
1161 1378 1794 1444 Coustatcentenarium,

220 1481 369 1538 etc.,
415 1489 576 1544 usque
638 1471 706 1526 ad
759 1479 814 1527 et
862 1472 1208 1527 continentiae
1278 1470 1590 1540 temporalis
1640 1484 1797 1525 assu-

225 1571 404 1617 ruant.

292 1654 463 1709 Vens.
502 1653 680 1710 10.-
708 1654 778 1708 Et
817 1652 1086 1709 columnas
1127 1655 1323 1723 viginti.
1351 1654 1469 1726 (im,
1500 1652 1656 1724 ibid.)
1690 1651 1796 1708 Co-

219 1742 420 1798 lumnae
465 1743 658 1814 quibus
700 1745 929 1799 tentoria
972 1746 1398 1814 suspenduntur,
1445 1752 1584 1810 etc.,
1636 1759 1798 1814 usque

219 1835 291 1887 ad
319 1834 450 1904 quia
491 1851 597 1890 non
635 1835 781 1890 aliud
825 1853 985 1906 quam
1011 1839 1230 1891 verbum
1259 1837 1352 1890 Dei
1382 1846 1595 1892 sonant.

1898 639 2258 708 supposuerit,
2302 647 2357 694 et
2399 637 2590 694 timore
2629 635 2724 693 Dei
2770 636 2915 692 velut
2961 651 3110 692 aenea
3146 636 3260 692 basi
3301 637 3470 693 stabi-

1898 729 2064 785 lierit.

1971 821 2132 876 Vens.
2165 821 2356 877 18.--Ι
2359 839 2392 876 η
2411 821 2750 893 longitudine,
2764 829 2867 878 etc.
2885 819 3005 894 (1m)
3019 821 3244 878 Centum
3261 822 3472 882 cubitus

1899 912 2287 982 longitudinis,
2338 922 2471 982 etc.,
2531 931 2691 986 usque
2732 913 2801 968 ad
2841 913 3037 984 ﬁetque
3080 914 3146 970 de
3193 915 3354 987 bysso
3381 930 3469 972 re-

1899 1013 2036 1062 torta
2048 1047 2062 1072 ,
2091 1014 2194 1062 etc.

1972 1095 2134 1151 Vens.
2160 1095 2546 1152 19.—Cuncta
2570 1115 2716 1164 vasa,
2746 1107 2851 1154 etc.
2872 1099 2992 1172 (1m,
3018 1098 3312 1169 ibid.)H3ec
3340 1115 3468 1155 vasa

1900 1187 2148 1242 homines
2173 1196 2300 1243 sunt
2333 1187 2386 1242 in
2429 1186 2695 1254 Ecclesia,
2721 1199 2852 1257 etc.,
2890 1205 3053 1262 usque
3089 1189 3158 1245 ad
3189 1191 3328 1245 atria
3364 1177 3472 1246 Do:

1901 1293 2055 1331 ηιτηι.

1973 1367 2136 1422 Vens.
2167 1367 2254 1422 20.
2281 1399 2354 1410 -—
2382 1363 2617 1440 Pra'cipe
2636 1369 2762 1438 ﬁliis
2808 1370 2998 1426 Israel.
3035 1373 3156 1446 (Im,
3182 1371 3275 1428 lib.
3307 1387 3368 1428 ιιι
3407 1374 3471 1429 de

1905 1455 2128 1511 Tabern.
2156 1499 2172 1524 ,
2221 1473 2342 1530 cap.
2377 1461 2401 1514 1
2431 1500 2445 1525 ,
2495 1469 2626 1515 tom.
2663 1460 2752 1534 ll.)
2793 1463 3066 1532 Disposito
3105 1465 3250 1520 omni
3279 1473 3470 1520 ornatu

1903 1547 2280 1614 tabernaculi,
2325 1556 2430 1604 etc.
2458 1589 2474 1617 ,
2505 1566 2664 1621 usque
2709 1551 2778 1605 ad
2825 1552 3007 1609 lumen
3057 1553 3211 1610 bonae
3241 1555 3471 1611 actionis

1899 1639 2169 1694 ostendat.

1971 1729 2049 1783 De
2071 1720 2340 1785 arboribus
2359 1729 2632 1786 olivarum.
2661 1731 2783 1803 (im,
2806 1731 2959 1805 ibid.)
3002 1733 3305 1791 Notandum
3327 1738 3468 1809 quod

1901 1819 1995 1875 iilii
2021 1821 2184 1875 lsrael
2212 1821 2469 1890 jubentur
2492 1821 2684 1878 offerre
2705 1823 2901 1890 oleum,
2925 1833 3054 1890 etc.,
3085 1842 3249 1897 usque
3288 1827 3356 1881 ad
3399 1827 3470 1882 ad

290 1895 426 1976 Cum
455 1922 800 1988 basibus,etc.
823 1895 946 1995 (im,
970 1923 1121 1994 ibid.)
1147 1924 1371 1979 Basibus
1397 1925 1792 1989 columnarum,
1820 1895 1874 1960 Β
1899 1911 2230 1966 incendenda
2263 1913 2611 1982 thymiama“!
2646 1913 2971 1968 ονθῑίοηιιιηο

217 2020 350 2075 etc.,
398 2029 557 2082 usque
608 2013 676 2066 ad
740 2027 1015 2084 nunquam
1080 2012 1258 2068 fructu
1322 2012 1587 2069 mercedis
1641 2027 1795 2070 care-

221 2101 388 2156 bunL

288 2194 565 2264 Argentea.
599 2192 722 2266 (im)
748 2193 935 2266 Capita
976 2211 1084 2250 non
1107 2203 1404 2267 argentata,
1438 2196 1534 2252 sed
1565 2203 1676 2281 tota
1703 2208 1794 2248 ar-

215 2297 416 2356 gentea
445 2306 457 2341 :
487 2288 609 2357 quia
656 2289 906 2344 doctores
956 2297 1099 2344 totos
1148 2304 1207 2344 se
1256 2289 1453 2345 divinas
1499 2287 1797 2357 Scriptura;

217 2379 532 2449 subjiciunt,
580 2381 744 2435 verba
785 2381 965 2436 divina
1008 2382 1315 2436 meditando
1359 2390 1415 2437 et
1449 2380 1796 2452 prtedicando

214 2471 530 2542 mancipant
559 2472 791 2526 animam
827 2482 880 2527 et
919 2489 1134 2543 corpus.
1165 2473 1318 2528 Sicut
1361 2474 1504 2527 enim
1542 2473 1792 2527 membra

213 2563 336 2617 sine
375 2563 549 2632 capite
586 2563 769 2619 vivere
813 2572 1107 2634 nequeunt,
1151 2566 1229 2620 sic
1255 2564 1329 2618 illi
1360 2564 1571 2634 eloquia
1616 2562 1796 2617 divina

215 2654 389 2707 vitam
435 2669 586 2710 suam
626 2656 1000 2711 existimantes
1029 2655 1144 2710 haec
1182 2670 1454 2724 nunquam
1496 2652 1797 2710 obediendo

215 2753 536 2812 pert-armet
563 2761 622 2800 se
655 2745 992 2801 bumiliando
1019 2745 1262 2802 exaltare
1288 2745 1573 2800 desistunt.

283 2837 452 2893 Vens.
506 2839 592 2893 ll.
621 2836 695 2878 -ἐ
731 2838 983 2893 Similiter
1029 2849 1079 2893 et
1133 2837 1187 2891 in
1235 2837 1418 2892 latere.
1453 2837 1588 2908 (lm,
1617 2833 1793 2908 ibid.)

211 2925 418 2980 Eadem
451 2927 515 2982 de
555 2927 726 2982 latere
772 2927 1056 2998 Aquilonis
1100 2936 1434 2998 repetuntur,
1468 2934 1596 2991 etc.,
1633 2939 1798 2996 usque

210 3018 279 3070 ad
305 3019 364 3072 in
393 3034 500 3073 uno
523 3019 852 3074 tabernaculi
877 3019 1043 3074 latere
1071 3019 1187 3073 ﬁeri
1213 3017 1616 3088 praecipiuntur.

281 3111 455 3165 Vens.
499 3112 584 3166 12.
625 3142 694 3152 —-
731 3110 798 3165 In
839 3109 1116 3165 latitudine
1153 3128 1301 3176 vero,
1337 3118 1441 3165 etc.
1474 3108 1595 3181 (1m,
1639 3104 1793 3178 ibid.)

211 3198 469 3254 Latitudo
520 3201 642 3255 atrii
683 3202 825 3271 quod
873 3200 1092 3271 reSpicit
1131 3199 1196 3254 ad
1243 3214 1492 3254 occasum
1531 3196 1681 3262 solis,
1713 3213 1796 3250 us-

206 3309 307 3363 que
330 3293 403 3346 ad
435 3293 618 3349 decem
643 3279 905 3349 columna:
934 3292 1272 3348 sublevantes
1299 3290 1584 3346 extollunt.

283 3382 454 3438 Vens.
495 3384 582 3438 13.
607 3416 680 3424 -
708 3384 775 3438 1η
813 3402 874 3439 ea
903 3400 1106 3456 quoque
1137 3384 1279 3438 atrii.
1307 3383 1430 3452 (1m,
1462 3380 1618 3454 ibid.)
1647 3377 1796 3435 Lati-

213 3473 349 3528 tudo
405 3473 527 3527 atrii
574 3474 833 3530 orientem
883 3475 1198 3545 respiciens,
1234 3483 1363 3538 etc.,
1405 3489 1565 3545 usque
1611 3471 1680 3527 ad
1706 3481 1794 3528 :et

212 3563 381 3617 vitam
406 3561 574 3631 futuri
610 3563 807 3618 surculi.

281 3650 678 3722 Quinquaginta
722 3652 881 3706 cubiti
918 3662 1086 3708 erunt.
1111 3651 1234 3724 (1m)
1269 3651 1666 3725 Quinquaginta
1696 3669 1789 3708 cu-

205 3741 338 3796 bitis
372 3741 538 3814 plagae
581 3743 862 3799 orientalis
899 3743 1223 3815 generaliter
1253 3744 1405 3799 initia
1449 3743 1796 3801 credentium

209 3831 520 3902 signantur,
553 3835 676 3904 quia
725 3834 778 3888 in
820 3834 1137 3890 remissione
1183 3843 1552 3904 peccatorum,
1603 3845 1660 3890 et
1701 3849 1796 3905 spe

209 3921 411 3979 futura:
468 3924 816 3982 beatitudinis
858 3927 1233 3994 celebrantur,
1275 3941 1504 3998 quorum
1552 3925 1801 3998 specialis

209 4014 491 4070 distinctio
514 4015 871 4084 jsubiniertur,
901 4033 1020 4087 qua:
1045 4019 1113 4073 ad
1153 4017 1402 4075 eumdem
1451 4019 1614 4075 linem
1661 4019 1802 4075 bene

211 4105 559 4161 considerata
585 4106 836 4163 refertur.
869 4106 1124 4178 Sequitur
1151 4110 1316 4165 enim.

284 4197 455 4253 Vens.
499 4197 584 4252 l4.
615 4229 685 4239 —
711 4198 780 4254 In
816 4199 1004 4270 quibus
1035 4199 1328 4271 quindecim
1363 4200 1660 4256 cubitorum
1685 4210 1800 4256 ten-

214 4288 354 4340 toria
394 4287 544 4341 lateri
574 4304 676 4342 uno
712 4288 1099 4359 deputabuntur
1131 4290 1486 4362 columnasque
1515 4299 1642 4357 tres,
1675 4299 1794 4348 etc.

214 4380 358 4450 (1m,
389 4379 552 4453 ibid.)
582 4381 899 4449 Quindecim
950 4397 1216 4453 namque,
1250 4390 1354 4438 etc.
1382 4424 1396 4450 ,
1431 4399 1594 4454 usque
1641 4383 1710 4438 ad
1747 4391 1802 4441 et

214 4487 418 4543 corpus
452 4474 568 4528 sine
603 4476 820 4544 querela
851 4476 905 4530 in
929 4476 1068 4531 diem
1093 4476 1302 4532 Domini
1326 4478 1620 4534 custodire.

283 4565 452 4620 Vens.
497 4565 580 4622 16.
621 4567 1006 4639 Columnasque
1045 4569 1291 4636 habebit,
1327 4577 1431 4624 etc.
1467 4568 1591 4642 (im,
1641 4569 1795 4643 ibid.)

210 4656 270 4711 in
315 4658 544 4712 introitu
575 4659 698 4714 atrii
733 4668 965 4731 quatuor
991 4669 1117 4716 sunt
1157 4661 1440 4726 columna,
1464 4669 1596 4726 etc.,
1634 4678 1797 4732 usque

212 4749 281 4802 ad
313 4763 506 4805 omnes
553 4751 797 4822 corporis
834 4765 1024 4807 sensus
1064 4752 1118 4807 in
1158 4751 1463 4813 obedientia
1507 4751 1794 4807 charitatis

213 4843 549 4912 expendunt.

209 4961 216 4970 -
286 4935 376 4990 Ea:
428 4936 727 5007 hyacintho,
779 4945 883 4994 etc.
916 4936 1210 5009 (1m,ibid.)
1240 4935 1406 4992 Recte
1453 4936 1506 4992 in
1557 4935 1662 4990 hoc
1713 4935 1798 4989 in-

215 5027 389 5082 troitu
441 5027 565 5082 atrii
625 5036 932 5095 tentorum,
993 5036 1098 5084 etc.
1126 5069 1140 5094 ,
1184 5045 1345 5100 usque
1391 5029 1459 5083 ad
1505 5027 1795 5083 tentorium

215 5119 480 5174 decorant
503 5119 721 5189 pulchra
748 5119 984 5176 colorum
1012 5121 1273 5176 varietate
1295 5127 1626 5176 contextum.

293 5207 461 5262 Vens.
506 5209 592 5264 17.
637 5207 827 5264 Omnes
864 5208 1140 5276 columna,
1175 5219 1283 5266 etc.
1329 5207 1604 5281 (10.)Qum
1647 5209 1797 5266 dixe-

220 5305 330 5362 rat,
360 5297 668 5368 diligentius
697 5299 950 5366 inculcat,
981 5307 1042 5355 ut
1091 5299 1276 5356 sedulo
1317 5299 1572 5355 lectorem
1613 5300 1798 5355 admo-

221 5399 370 5454 neat,
418 5390 688 5446 neminem
739 5391 882 5446 inter
917 5392 1166 5448 doctores
1205 5391 1467 5455 veritatis,
1515 5389 1797 5448 columnas

219 5481 429 5538 scilicet
487 5486 611 5540 atrii
657 5485 924 5552 caelestis,
967 5500 1126 5558 posse
1167 5483 1510 5554 computari,
1539 5483 1631 5554 qui
1688 5497 1797 5538 non

221 5573 396 5630 instar
437 5577 563 5632 aeris
611 5577 980 5633 invincibilem
1022 5579 1163 5632 inter
1212 5577 1436 5631 adversa
1477 5575 1796 5645 patientiam

220 5663 428 5722 habere
450 5669 734 5736 didicerit,
762 5670 865 5725 nisi
897 5683 1014 5724 sese
1044 5667 1345 5724 caelestium
1373 5665 1719 5722 observantia
1742 5673 1800 5720 et

220 5759 632 5816 aununtiatione
675 5760 984 5824 verborum,
1007 5758 1152 5813 velut
1185 5759 1397 5828 argenti
1440 5756 1659 5811 laminis
1695 5772 1797 5810 un-

230 5849 393 5923 dique
433 5856 732 5927 .muniendo
769 5855 1136 5913 exornaverit.
1181 5853 1282 5909 nisi
1324 5867 1381 5909 se
1425 5852 1572 5909 omni
1621 5851 1802 5922 subje-

1967 2000 2128 2056 Vens.
2155 2001 2882 2075 21.—Et'collocabunt.(lm,
2901 2003 3053 2076 ibid.)
3069 2005 3184 2060 Non
3212 2013 3298 2062 est
3323 2006 3470 2061 enim

1897 2092 2136 2147 omnium
2185 2101 2520 2148 sacramenta
2569 2093 2691 2148 tidei
2743 2095 2938 2165 populo
2993 2097 3306 2166 praedicare,
3335 2107 3464 2166 etc.,

1897 2197 2060 2250 usque
2087 2181 2156 2234 ad
2176 2181 2423 2252 qualibus
2451 2182 2684 2238 Iacobus
2705 2185 2834 2240 dicit
2859 2209 2871 2240 ;
2919 2184 3098 2241 Nolite
3143 2187 3318 2259 plures
3357 2207 3470 2244 ma-

1897 2271 2049 2342 gistri
2090 2273 2228 2341 fieri,
2265 2259 2454 2342 fraties
2489 2275 2610 2341 mei,
2635 2284 2739 2330 etc.
2768 2275 2909 2346 (Jac.
2936 2277 3042 2349 ιιι).

1969 2362 2258 2433 Perpetuus
2280 2364 2400 2429 erit,
2425 2373 2529 2420 etc.
2560 2364 2685 2438 (1m,
2706 2365 2859 2438 ibid.)
2889 2365 3016 2422 Hac
3047 2367 3304 2438 clausula,
3327 2371 3470 2429 sicut

1898 2467 2018 2522 quae
2043 2455 2406 2522 tabernaculo,
2448 2465 2576 2522 etc.,
2604 2475 2766 2529 usque
2788 2458 2857 2513 ad
2878 2474 2999 2515 cum
3024 2460 3095 2516 sit
3118 2461 3262 2519 Deus
3287 2465 3467 2520 omnia

1899 2541 1954 2598 in
1984 2545 2254 2601 omnibus.

2429 2653 2654 2714 CAPUT
2693 2655 2925 2715 xxvm.
3015 2643 3028 2654 ‘

1975 2810 2132 2866 Vens.
2173 2811 2224 2866 l.
2261 2843 2329 2852 —
2355 2813 2574 2885 Applica
2594 2832 2795 2888 quoque
2817 2817 2886 2874 ad
2906 2827 2955 2875 te
2971 2861 2986 2887 ,
3009 2829 3112 2877 etc.
3140 2823 3308 2897 (Bene
3330 2868 3344 2894 ,
3371 2827 3465 2883 lib.

1898 2917 1959 2957 ιιι
1988 2903 2051 2956 de
2081 2901 2386 2972 Tabernac.,
2409 2920 2528 2977 cap.
2556 2907 2604 2972 1,
2631 2899 2762 2963 toni.
2788 2909 2875 2982 ΙΙ.)
2917 2909 3194 2979 Quomodo
3217 2919 3468 2974 taberna-

1898 2994 2106 3059 culum,
2157 3004 2262 3053 etc.
2293 3037 2308 3063 ,
2358 3013 2518 3068 usque
2566 3000 2636 3054 ad
2684 3010 2739 3057 et
2791 3013 3015 3061 cunctos
3063 2999 3469 3067 Ecclesiae'ma-

1898 3085 2115 3156 gistros.

1972 3179 2095 3250 (ιο.)
2130 3179 2346 3250 Appliea
2389 3197 2606 3252 quoque,
2650 3192 2757 3240 etc.
2806 3186 3085 3258 Descripta
3134 3189 3341 3248 factura
3388 3203 3467 3249 ta-

1823 3257 1868 3332 C
1899 3267 2196 3337 bernaculi,
2249 3279 2352 3327 etc.
2379 3312 2394 3338 ,
2421 3287 2582 3344 usque
2609 3274 2680 3328 ad
2703 3275 2824 3347 igne
2853 3257 3095 3348 supernae
3125 3281 3342 3339 ultionis
3374 3285 3467 3339 ab-

1900 3371 2202 3418 sumuntur.

1971 3454 2132 3510 Vens.
2159 3455 2214 3509 2.
2236 3486 2306 3496 —
2328 3455 2376 3510 F
2379 3458 2617 3530 aciesque
2652 3469 2839 3516 vestem
2879 3473 3131 3519 sanctam.
3160 3465 3282 3539 (lm,
3306 3467 3463 3539 ibid.)

1900 3547 2091 3604 Vestes
2138 3557 2336 3606 sanctae
2374 3550 2552 3606 Aaron
2578 3591 2594 3618 ,
2641 3559 2746 3610 etc.
2773 3594 2790 3619 ,
2832 3571 2992 3626 usque
3019 3557 3088 3611 ad
3112 3565 3168 3613 et
3193 3558 3288 3614 Dei
3315 3561 3464 3616 verbi
3533 3623 3548 3636 ι

1899 3640 2340 3712 dispensatorem.

1969 3733 2132 3790 Vens.
2160 3733 2309 3790 4..—
2334 3732 2462 3791 Ha’e
2487 3745 2681 3792 autem.
2709 3736 2830 3811 (1m,
2864 3739 3016 3814 ibid.)
3045 3740 3326 3810 Quomodo
3350 3744 3467 3800 inec

1901 3826 2111 3899 singula
2139 3826 2278 3884 facta
2309 3829 2442 3894 sint,
2476 3838 2603 3897 etc.,
2626 3848 2789 3904 usque
2813 3833 2882 3886 ad
2901 3834 3159 3902 praeclara
3184 3845 3239 3892 et
3267 3837 3463 3894 interni

1900 3917 2088 3972 arbitri
2124 3917 2431 3988 conspectui
2465 3929 2676 3990 Oportet
2703 3933 2823 3978 esse
2856 3922 3107 3995 gloriosa.

1971 4010 2160 4081 (Gneo.
2188 4009 2363 4077 Past.,
2395 4011 2486 4067 lib.
2512 4029 2574 4079 ιι,
2596 4027 2717 4083 cap.
2741 4011 2796 4080 3,
2830 4023 2956 4071 tom.
2981 4013 3094 4085 Ill.)
3123 4013 3350 4072 iubetur
3376 4032 3466 4072 sa-

1899 4101 2093 4158 cerdos
2120 4103 2174 4158 in
2202 4110 2430 4173 utro'QUe
2469 4103 2712 4170 humero,
2743 4113 2872 4174 etc.,
2918 4123 3080 4179 usque
3123 4108 3192 4162 ad
3216 4109 3370 4179 quasi
3411 4109 3465 4164 in

1900 4194 2112 4250 diversa
2171 4193 2624 4264 superlmmeralls
2676 4199 2854 4268 specie
2913 4197 3104 4270 byssus
3153 4207 3294 4256 torta
3345 4214 3468 4256 can-

1901 4284 2091 4341 descit.

1970 4380 2136 4435 Vens.
2167 4377 2219 4435 6.
2257 4410 2328 4420 —
2353 4379 2574 4435 Facient
2603 4391 2774 4435 autem
2803 4381 3242 4452 superhumerale.
3287 4382 3464 4454 (Bem,

1900 4469 1994 4525 lib.
2019 4479 2079 4524 ut
2107 4469 2171 4525 de
2197 4463 2508 4536 Tabernac.,
2533 4485 2654 4540 cap.
2684 4470 2764 4538 4.)
2791 4471 2926 4538 Quia
2952 4470 3005 4526 in
3036 4471 3277 4528 humeris
3298 4488 3464 4528 onera

1901 4567 2197 4630 portamus,
2223 4569 2352 4626 etc.,
2375 4575 2539 4631 usque
2559 4559 2628 4613 ad
2655 4573 2777 4614 cum
2812 4575 2910 4630 per
2938 4561 3314 4619 abstinentiam
3337 4577 3466 4620 caro

1901 4648 2174 4720 fatigatur.

1970 4739 2237 4812 Coccoque
2259 4741 2336 4796 bis
2357 4741 2516 4796 tincto
2537 4750 2587 4796 et
2614 4740 2764 4812 bysso
2785 4751 2997 4808 retorta,
3019 4761 3170 4814 opere
3193 4744 3463 4818 polymita.

1900 4834 2024 4908 (1m,
2050 4834 2204 4905 ibid.)
2245 4833 2452 4890 Coccus
2473 4833 2612 4905 ignis
2636 4833 2814 4904 specie
2855 4831 3104 4906 refulget,
3144 4844 3275 4904 etc.,
3304 4853 3468 4908 usque

1899 4931 1969 4985 ad
2008 4929 2060 4984 in
2092 4945 2190 4984 suo
2219 4928 2403 4984 habitu
2432 4940 2653 4982 coccum
2687 4928 3082 4985 demonstrans.

1967 5017 2134 5075 Vens.
2166 5017 2218 5072 7.
2242 5015 2479 5073 —Duas
2503 5033 2626 5074 oras
2648 5017 2863 5088 junctus
2902 5018 3109 5075 habebit
3151 5018 3208 5072 in
3247 5025 3467 5089 utroque

1896 5113 2057 5168 latere
2082 5111 2467 5172 summitatum,
2514 5118 2569 5164 ut
2607 5109 2663 5165 in
2701 5125 2864 5164 unum
2892 5109 3122 5165 redeant.
3153 5106 3274 5182 (Im,
3310 5106 3464 5181 ibid.)

1899 5199 1975 5262 De
2005 5204 2108 5259 hoc
2145 5202 2200 5258 in
2242 5201 2588 5272 sequentibus
2614 5202 2842 5269 dicitur,
2866 5210 2998 5268 etc.,
3029 5217 3191 5273 usque
3211 5201 3280 5255 ad
3301 5214 3466 5271 quam

1899 5295 2024 5349 vitae
2053 5291 2340 5348 invisibilis
2363 5292 2584 5362 praemia
2621 5289 2965 5363 requirimus.

1969 5384 2132 5440 Vens.
2161 5384 2214 5439 8.
2237 5415 2308 5424 —
2329 5383 2456 5454 Ipsa
2489 5399 2689 5454 quoque
2714 5392 2921 5437 textura
2968 5394 3018 5437 et
3061 5390 3252 5437 cuncta
3294 5380 3467 5450 aperis

1901 5479 2121 5534 uarietas
2137 5479 2234 5532 erit
2260 5492 2324 5532 ea:
2344 5492 2474 5530 auro
2495 5486 2542 5530 et
2563 5477 2840 5546 hyacintho
2863 5491 2923 5528 ac
2943 5487 3198 5544 purpura,
3217 5487 3468 5542 coccoque

1899 5571 1975 5627 bis
1998 5571 2179 5636 tincto,
2195 5579 2241 5624 et
2272 5569 2422 5641 bysso
2455 5576 2670 5622 retorta.
2696 5566 3000 5638 Sumesque.
3031 5566 3320 5638 (lm,ibid.)
3349 5563 3468 5620 Non

1899 5663 1956 5718 in
1981 5679 2085 5718 una
2117 5669 2268 5733 parte
2299 5676 2510 5726 aurum,
2549 5668 2678 5726 etc.,
2715 5673 2878 5732 usque
2909 5660 2982 5714 ad
3025 5655 3276 5712 sacerdos
3310 5655 3470 5710 debet

1901 5769 2020 5810 esse
2041 5754 2262 5809 nitidus.
2363 5755 2368 5760 ’

1971 5847 2136 5902 Vens.
2161 5841 2472 5900 9.—Duos
2499 5841 2718 5912 lapides,
2759 5848 2861 5897 etc.
2904 5838 2977 5896 L't
3015 5837 3266 5895 sacerdos
3307 5835 3470 5891 iidem

3363 429 3470 486 2'78
