3998 6332
530 405 635 460 979
1024 393 1413 457 WALAFRIDI
1452 393 1698 454 STRABI
1736 393 1940 452 FULD.
1986 393 2148 450 MON.
2193 393 2341 448 OPP.
2387 392 2562 448 PARS
2601 397 2640 451 Ι.
2680 423 2749 434 -—-
2785 392 3244 449 THEOLOGICA.
3673 397 3782 452 9.80

527 532 582 579 et
623 521 788 576 vitam
823 517 1254 591 patriarcharum
1298 516 1540 571 imitetur
1583 522 1640 568 et
1682 512 1961 568 duodecim
2001 509 2101 563 tri-
2129 511 2181 570 Α
2205 507 2366 562 Israel
2393 509 2571 563 Aaron
2601 523 2763 578 super
2786 517 2972 578 pectus
2996 506 3310 564 memoriale
3339 521 3522 564 coram
3558 493 3784 568 Domino

527 614 697 669 buum
754 611 810 666 in
870 607 1156 665 sacriﬁciis
1195 615 1252 663 et
1296 603 1632 662 orationibus
1681 617 1892 658 memor
1931 600 2004 656 sit
2051 605 2107 655 et

529 700 762 773 populus
791 698 1006 754 intuens
1039 711 1149 752 non
1198 696 1416 750 aberret
1441 707 1473 747 a
1497 690 1934 762 patriarcharum
1989 700 2106 742 me-

529 793 670 848 ritis.

601 882 766 936 Vens.
799 880 884 935 11.
907 909 978 919 -
1004 877 1246 933 Inclusas
1272 891 1428 940 auro,
1455 881 1562 929 etc.
1593 867 1946 945 (Ben.,ibid.)
1971 868 2109 938 Apte

531 971 739 1043 lapides
809 969 1010 1025 includi
1084 983 1217 1022 auro
1288 977 1451 1035 atque
1513 961 1842 1020 circumdari
1907 959 2107 1028 juben-

533 1072 640 1128 tur,
670 1071 800 1127 etc.,
839 1077 1000 1131 usque
1034 1059 1103 1113 ad
1141 1055 1385 1112 custodia
1407 1055 1611 1111 mentis
1638 1052 1854 1108 valeant
1875 1047 2107 1120 prolabi.

604 1153 770 1208 Vens.
827 1151 912 1205 12.
954 1181 1023 1190 -
1061 1147 1403 1218 Portabitque
1448 1147 1629 1200 Aaron
1671 1143 1885 1197 nomina
1930 1157 2110 1196 eorum

532 1265 712 1303 coram
739 1247 962 1302 Domino
994 1261 1149 1315 super
1174 1241 1744 1313 utrumque‘humerum
1776 1237 1838 1291 ob
1869 1235 2110 1290 recorda-

533 1341 745 1394 tionem.
775 1337 912 1406 Quia
946 1335 1198 1392 sacerdos
1225 1334 1509 1403 diligenter
1552 1329 1700 1386 omni
1745 1329 1875 1383 hora
1903 1341 2109 1397 praece-

534 1431 774 1485 dentium
811 1436 1118 1483 sanctorum
1148 1425 1313 1480 vitam
1336 1421 1673 1492 perpendens
1700 1420 1753 1474 in
1786 1415 2030 1472 adversis
2058 1423 2113 1469 et

531 1523 807 1594 prosperis
836 1522 1096 1576 virtutum
1124 1524 1445 1573 ornamento
1478 1515 1638 1570 debet
1673 1511 1897 1574 muniri,
1926 1519 1986 1564 ut
2015 1523 2112 1578 per

533 1629 685 1668 arma
709 1613 913 1684 justitte
945 1626 976 1665 a
999 1610 1202 1666 dextris
1224 1615 1278 1664 et
1304 1624 1336 1662 a
1362 1605 1598 1662 sinistris
1619 1603 1868 1676 gradiens
1892 1602 1946 1656 in
1967 1599 2112 1654 nullo

533 1702 909 1758 delectationis
935 1701 1134 1756 inﬁma:
1157 1699 1327 1754 latere
1357 1695 1625 1753 ﬁectatur.

605 1796 757 1868 (Ben.
791 1792 944 1864 ibid.)
976 1792 1171 1848 Tribus
1208 1791 1390 1846 causis
1435 1790 1614 1844 Aaron
1666 1787 1913 1852 nomina,
1967 1795 2108 1851 etc.,

534 1857 697 1961 usque
734 1889 803 1943 ad
843 1857 958 1943 sive
999 1895 1213 1957 patrum
1239 1882 1488 1955 exempla
1517 1896 1636 1952 qute
1663 1888 1960 1952 sequantur
1986 1894 2114 1949 pro-
2140 1857 2189 1917 Β

571 1987 717 2032 onat.

571 1994 717 2032 onat.

534 1994 570 2048 ρ
610 2068 774 2122 Vens.
804 2066 893 2130 l3,
917 2065 1090 2120 14.-
1111 2062 1301 2118 Facies
1325 2073 1373 2118 et
1392 2063 1609 2130 uncinos
1629 2079 1694 2118 ea:
1717 2078 1847 2115 auro
1865 2101 1881 2125 ,
1910 2069 1958 2115 et
1979 2059 2113 2113 duas

536 2155 806 2212 catenulas
839 2157 960 2210 auri
985 2155 1253 2226 purissimi
1275 2154 1376 2208 sibi
1397 2153 1612 2208 invicem
1639 2153 1954 2208 coluerentes
1981 2151 2113 2220 qu'as

535 2251 731 2304 inseres
770 2248 996 2303 uncinis.
1035 2245 1156 2318 (ln.,
1193 2245 1348 2317 ibid.)
1390 2243 1588 2302 Uncini
1634 2243 1722 2298 isti
1763 2242 1818 2296 in
1847 2239 2114 2311 supremis

537 2348 694 2395 erant
728 2337 962 2409 angulis,
1006 2345 1135 2402 etc.,
1161 2352 1322 2402 usque
1350 2335 1419 2389 ad
1447 2349 1547 2404 per
1570 2333 1890 2390 charitatem
1931 2340 1988 2388 et
2018 2331 2116 2386 bo-

537 2448 660 2488 nam
691 2431 1043 2486 intentionem
1072 2439 1197 2485 sunt
1223 2427 1508 2484 nectenda.

609 2524 826 2596 (Gnec.,
851 2515 1027 2590 Past.,
1058 2532 1199 2594 part.
1230 2539 1290 2588 ιι,
1315 2538 1432 2592 cap.
1465 2520 1524 2584 2,
1550 2529 1683 2576 tom.
1713 2518 1836 2589 lll.)
1861 2517 2116 2587 Praecipi-

541 2627 629 2674 tur
658 2627 719 2672 ut
746 2619 800 2672 in
827 2625 1047 2686 pectore
1072 2615 1255 2670 Aaron
1288 2613 1548 2668 rationale
1564 2612 1752 2683 judicii
1775 2613 1925 2666 vittis
1946 2609 2117 2680 ligan-

541 2709 685 2764 tibus
729 2706 1092 2777 imprimatur,
1133 2713 1264 2769 etc.,
1303 2717 1467 2773 usque
1494 2702 1564 2756 ad
1604 2707 1713 2758 non
1753 2701 1869 2757 sine
1919 2713 2116 2770 magno

541 2801 737 2856 timore
763 2807 1019 2868 regantur
1039 2797 1285 2869 subjecti.

613 2892 778 2946 Vens.
810 2891 897 2945 15.
923 2919 994 2930 -
1024 2887 1298 2943 Rationale
1325 2903 1528 2956 quoque
1567 2884 1762 2956 judicii
1803 2883 1966 2953 facies
2003 2897 2119 2952 ope-

544 3001 619 3050 re,
654 2991 764 3038 etc.
791 2979 967 3054 (Ben.,
996 2979 1083 3033 ubi
1113 2995 1299 3048 supra,
1323 2991 1443 3047 cap.
1474 2975 1554 3050 5.)
1579 2974 1731 3035 Sicut
1769 2974 1823 3028 in
1855 2972 2120 3042 superbu-

543 3074 728 3131 merali
751 3088 979 3144 operum
1011 3069 1273 3142 perfectio
1293 3108 1308 3134 ,
1343 3077 1449 3125 etc.
1467 3108 1484 3134 ,
1514 3081 1680 3138 usque
1705 3064 1775 3119 ad
1815 3068 2120 3135 congruant

543 3164 782 3221 studiose
811 3163 1069 3234 cogitare.

617 3211 781 3312 is;
807 3211 1236 3325 ἶᾶῗῖῖὸὶιριεπ.
1265 3251 1390 3324 (ln.,
1414 3250 1568 3321 ibid.)
1594 3249 1813 3305 Factum
1837 3253 1921 3302 est
1951 3244 2120 3300 ratio-
2145 3211 2194 3277 ο

544 3349 688 3415 nale,
718 3359 852 3413 etc.,
877 3363 1040 3418 usque
1075 3345 1145 3402 ad
1182 3354 1244 3402 ut
1285 3343 1709 3414 comprehendat
1745 3337 1994 3395 bravium
2024 3350 2118 3392 su-

543 3458 724 3514 pernae
752 3441 1049 3498 vocationis
1075 3438 1194 3494 Dei.

616 3533 778 3588 Vens.
808 3532 892 3586 17.
914 3561 986 3572 -—-
1006 3529 1278 3601 Ponesque
1310 3529 1365 3584 in
1402 3542 1483 3583 eo.
1533 3524 1660 3598 (ln.,
1688 3523 1843 3597 ibid.)
1867 3523 1996 3580 Haec
2020 3537 2118 3594 po-

463 3631 476 3644 '
543 3626 670 3682 sitio
699 3626 1032 3681 diversarum
1055 3637 1392 3695 gemmarum
1419 3621 1473 3676 in
1496 3619 1774 3684 rationali,
1805 3625 1933 3680 etc.,
1960 3630 2123 3686 usque

542 3720 611 3774 ad
649 3728 710 3774 ut
751 3726 808 3773 et
855 3717 934 3773 illi
976 3716 1220 3772 membra
1257 3713 1454 3771 summi
1485 3710 1782 3769 sacerdotis
1807 3715 2121 3766 mereantur

579 3809 703 3862 ﬂici.

579 3825 631 3862 ω
667 3825 703 3862 l.

545 3825 575 3865 c
615 3826 738 3973 (in)
774 3899 1069 3954 Possumus
1108 3897 1164 3952 in
1210 3897 1364 3953 vario
1408 3895 1604 3953 decore
1657 3892 1921 3965 lapidum,
1969 3900 2076 3948 etc.
2101 3931 2118 3956 ,

543 4008 707 4064 usque
729 3991 798 4046 ad
829 3989 964 4045 nihil
987 3987 1062 4042 illi
1081 3987 1326 4058 prodest.
2048 4032 2104 4067 ,ν

617 4084 780 4138 Vens.
816 4081 897 4136 l9.
918 4109 991 4120 -—
1019 4075 1342 4150 Onychinus.
1371 4075 1494 4150 (In.)
1515 4075 1681 4132 Recte
1703 4082 1884 4130 autem
1909 4072 2017 4130 duo
2039 4070 2125 4126 la-

541 4173 694 4245 pides
720 4169 999 4244 onychini,
1026 4177 1160 4238 etc.,
1183 4184 1346 4240 usque
1369 4168 1438 4223 ad
1475 4169 1591 4239 ipse
1630 4167 1698 4224 ad
1735 4167 1960 4223 meliora
2003 4179 2125 4237 pro-

549 4265 716 4320 ﬁciat.
1057 4271 1059 4273 ’

613 4358 777 4414 Vens.
803 4355 892 4409 9.2.
917 4351 1198 4409 ——Facies
1233 4353 1290 4407 in
1331 4351 1620 4421 rationali,
1662 4358 1770 4408 etc.
1815 4351 1937 4424 (ιι.)
1979 4348 2125 4407 Ordo

541 4449 744 4521 Operis,
769 4456 898 4513 etc.,
927 4462 1090 4518 usque
1118 4445 1188 4500 ad
1215 4452 1272 4500 et
1303 4460 1335 4500 a
1371 4460 1430 4501 se
1457 4443 1688 4500 invicem
1713 4449 2084 4498 moverentur.

2210 609 2392 670 portat
2418 603 2472 654 in
2501 610 2791 667 aeternum,
2829 601 3044 671 quando
3071 601 3270 670 prtesul
3299 617 3574 673 nunquam
3600 604 3788 661 subdi-

2212 701 2389 748 torum
2425 708 2612 748 curam
2651 693 2963 750 intermittit
2990 733 3004 758 ,
3051 693 3146 748 sed
3173 693 3340 748 vitam
3368 708 3558 750 eorum
3586 711 3786 752 conso-

2209 783 2404 852 lando,
2451 785 2800 856 increpando,
2848 784 3218 851 exhortando,
3264 785 3564 853 confortat,
3609 795 3668 844 et
3698 797 3786 847 tu-

2211 873 2429 928 tandam
2480 874 2706 930 Domino
2753 873 2960 930 crebris
3006 873 3342 930 orationibus
3391 875 3588 948 satagit
3635 891 3787 933 com-

2210 964 2488 1020 mendare.

2283 1057 2517 1131 (Gnea.,
2566 1057 2660 1114 lib.
2709 1074 2878 1114 xxvm
2933 1057 3152 1124 Mai-aL,
3203 1074 3325 1130 cap.
3372 1059 3468 1131 9.)
3521 1058 3792 1118 Sacerdos

2211 1153 2427 1222 quando
2457 1151 2860 1208 tabernaculum
2899 1152 3219 1223 ingreditur,
3267 1153 3550 1208 duodecim
3581 1153 3792 1224 lapides

2212 1243 2267 1296 in
2296 1251 2514 1312 pectore
2540 1252 2763 1313 portare
2797 1241 3018 1311 iubetur
3043 1243 3282 1313 scalptos
3308 1245 3622 1301 nominibus
3651 1245 3793 1302 ﬁlio-

2213 1347 2332 1387 rum
2360 1331 2566 1388 Israel:
2606 1333 2696 1387 hic
2739 1341 2823 1386 est
2866 1333 3163 1403 redemptor
3201 1324 3406 1400 noster,
3458 1335 3552 1404 qui
3596 1345 3796 1391 semet-

2213 1421 2386 1492 ipsum
2421 1438 2519 1492 pro
2547 1422 2702 1477 nobis
2735 1423 3061 1478 sacriﬁcium
3093 1421 3347 1488 offerens,
3380 1424 3508 1479 dum
3540 1423 3711 1480 fortes
3742 1425 3795 1479 in

2211 1514 2436 1568 exordio
2461 1514 2845 1584 przedicatorcs
2873 1513 3098 1578 habuit,
3143 1513 3428 1570 duodecim
3454 1513 3667 1584 lapides
3695 1515 3797 1571 sub

2213 1606 2388 1676 capite
2414 1605 2468 1660 in
2496 1606 2670 1676 prima
2701 1606 2784 1660 sui
2809 1606 3050 1676 corporis
3075 1615 3232 1676 parte
3256 1608 3512 1677 portavit.

2283 1695 2509 1766 Oportet
2554 1696 2890 1751 sacerdotem
2941 1696 3258 1750 memoriam
3305 1705 3522 1766 patrum
3557 1694 3707 1751 ferre
3746 1696 3798 1750 in

2161 1799 2168 1808 '
2211 1792 2468 1857 pectore,
2516 1787 2748 1841 maxime
2777 1801 2900 1840 cum
2949 1785 3220 1841 ministrat
3265 1785 3460 1852 altari,
3501 1794 3561 1840 ut
3599 1787 3654 1840 in
3697 1801 3801 1857 quo

2218 1879 2483 1935 sacratius
2509 1889 2592 1935 est
2619 1879 3013 1943 ministerium,
3062 1877 3318 1934 solertius
3350 1892 3409 1933 se
3443 1886 3561 1932 toto
3596 1877 3800 1945 studio,

2216 1982 2329 2030 tota
2359 1974 2624 2030 industria
2651 1975 2870 2040 mentis,
2899 1983 3149 2039 exornet,
3175 1982 3230 2028 et
3255 1973 3524 2044 corporis,
3551 1972 3802 2044 exempla

2215 2073 2526 2121 sanctorum
2564 2065 2884 2136 respiciens,
2938 2056 2999 2120 ut
3049 2079 3238 2120 eorum
3287 2064 3507 2120 sedulus
3556 2065 3805 2120 imitator

2216 2165 2400 2228 aptum
2429 2171 2488 2212 se
2514 2155 2711 2212 divinis
2735 2163 3026 2227 praesentet
3052 2155 3379 2226 aspectibus.

2288 2251 2454 2306 Vens.
2483 2249 2572 2304 '50.
2595 2279 2669 2292 —
2691 2248 2863 2304 Panes
2888 2256 3062 2303 autem
3090 2248 3145 2302 in
3172 2246 3424 2302 rationali
3446 2246 3666 2317 judicii,
3695 2253 3802 2302 etc.

2217 2345 2366 2416 (Ben.
2378 2385 2393 2410 ,
2413 2344 2498 2398 ubi
2517 2342 2723 2416 supra.)
2740 2341 2811 2400 Ut
2831 2341 3037 2398 scilicet
3056 2341 3364 2396 meminerit
3379 2340 3654 2406 sacerdos,
3669 2348 3804 2404 etc.,

2205 2452 2380 2505 usque
2406 2435 2474 2488 ad
2502 2435 2554 2488 in
2584 2450 2648 2489 eo
2671 2434 2814 2504 quod
2841 2433 3022 2488 divina
3050 2433 3168 2488 vice
3194 2431 3490 2504 dispensat.

2291 2525 2461 2580 Panes
2499 2536 2674 2580 autem
2706 2526 2762 2579 in
2792 2523 3060 2591 rationali,
3090 2533 3196 2580 etc.
3248 2521 3430 2595 (Aua.,
3463 2521 3664 2588 Qua'st.
3705 2521 3806 2576 117

2217 2624 2273 2677 in
2302 2620 2500 2693 Exod.)
2553 2620 2612 2675 In
2655 2619 2802 2690 quali
2854 2635 2913 2675 re
2951 2618 3037 2675 vel
3073 2617 3291 2674 metallo
3317 2625 3552 2688 ponatur
3581 2616 3811 2671 demon-

2219 2715 2411 2772 stratio
2460 2724 2516 2770 et
2562 2714 2767 2769 veritas
2814 2728 2978 2784 super
3023 2711 3312 2780 rationale,
3341 2720 3472 2776 etc.,
3523 2727 3689 2781 usque
3745 2710 3809 2764 ad

2219 2806 2526 2877 impositam
2554 2821 2716 2875 super
2738 2807 2923 2880 λογίου.

2295 2896 2454 2953 Vens.
2486 2897 2652 2952 51.--
2676 2894 2864 2952 Facies
2893 2905 2942 2952 et
2968 2896 3223 2963 tunicam,
3252 2904 3358 2952 etc.
3392 2895 3570 2967 (Ben.,
3597 2895 3685 2949 ubi
3727 2911 3812 2950 su-

2219 2989 2360 3062 pra.)
2399 2989 2602 3045 Tunica
2632 2988 2793 3044 talari
2835 2997 2948 3044 tota
2984 2987 3334 3058 hyacinthina
3363 2988 3596 3044 vestitur
3625 3002 3812 3044 sacer-

2221 3080 2340 3146 dos,
2368 3091 2499 3145 etc.,
2525 3095 2690 3150 usque
2715 3078 2784 3133 ad
2813 3087 2960 3134 recte
2984 3076 3242 3133 additur:

2294 3173 2458 3228 Vens.
2488 3171 2578 3227 32.
2605 3200 2679 3212 —
2708 3169 2776 3226 In
2818 3169 2968 3240 cujus
3006 3169 3178 3224 medio
3217 3185 3380 3240 supra
3417 3167 3514 3223 erit
3553 3168 3810 3238 capitium

2223 3272 2272 3319 et
2298 3279 2391 3318 ora
2419 3277 2512 3333 per
2536 3275 2723 3332 gyrum
2750 3257 2869 3329 ejus
2894 3256 3090 3313 textilis
3115 3274 3133 3312 :
3161 3257 3296 3312 sicut
3321 3257 3461 3327 ﬁeri,
3487 3265 3598 3313 etc.
3647 3256 3810 3328 Capi-

2222 3356 2358 3413 tium
2385 3353 2566 3410 tunica
2593 3351 2939 3426 hyacinthina
2969 3349 3336 3406 ﬁrmissimum
3361 3349 3547 3416 habet,
3569 3358 3628 3405 et
3653 3365 3807 3406 oram

2222 3463 2289 3504 ex
2321 3462 2440 3503 sese
2468 3454 2670 3502 textam
2695 3485 2710 3512 ,
2763 3460 2832 3500 ne
2861 3437 3021 3499 facile
3065 3450 3370 3513 rumpatur,
3419 3456 3542 3497 cum
3571 3442 3810 3512 primor-

2225 3539 2371 3596 dium
2417 3537 2546 3594 boni
2590 3536 2771 3608 operis
2800 3533 2926 3590 forti
2958 3532 3142 3588 radice
3181 3531 3393 3587 timoris
3422 3530 3644 3588 Domini
3679 3532 3807 3586 sub-

2223 3633 2410 3689 nixum
2445 3640 2500 3687 et
2527 3637 2720 3687 contra
2749 3642 2940 3684 omnes
2969 3624 3196 3681 insidias
3235 3623 3442 3694 antiqui
3471 3624 3650 3679 hostis
3683 3640 3808 3694 pro-

2222 3726 2383 3782 batur
2418 3738 2539 3779 esse
2583 3721 2873 3778 munitum.
2929 3716 3077 3773 Talis
3119 3731 3217 3773 ora
3261 3714 3457 3773 collum
3503 3715 3811 3771 sacerdotis

2224 3833 2323 3891 per
2348 3831 2541 3889 gyrum
2567 3814 2734 3870 vestit
2759 3821 2810 3869 et
2839 3821 3031 3877 ornat,
3074 3809 3292 3881 quando
3320 3808 3517 3865 rectori
3549 3806 3808 3862 ﬁduciam

2223 3905 2554 3981 praedicandi
2582 3904 2824 3962 caelestia
2850 3903 3090 3976 praebet:
3142 3903 3248 3957 hoc
3289 3899 3432 3971 quod
3478 3913 3588 3955 non
3633 3898 3810 3954 solum

2225 4001 2280 4056 in
2309 4000 2432 4054 vita:
2457 4013 2619 4054 cursu
2651 4006 2798 4052 recte
2822 3994 3039 4058 vixerit,
3077 3992 3172 4049 sed
3202 3992 3485 4048 exordium
3518 4005 3745 4062 quoque
3777 4005 3807 4044 a

2226 4089 2552 4147 rectitudine
2579 4087 2838 4158 cmperit,
2871 4085 3010 4140 sicut
3044 4081 3298 4150 Samuel,
3324 4079 3606 4145 Jeremias.
3636 4079 3806 4136 Joan-

2227 4198 2346 4249 nes,
2376 4181 2468 4252 qui
2497 4180 2564 4234 ab
2593 4179 2709 4250 ipsa
2741 4176 2970 4232 infantia
2999 4175 3268 4246 spirituali
3298 4175 3474 4240 gratia
3507 4171 3724 4244 repleti,
3753 4179 3810 4228 et

2227 4275 2282 4330 in
2310 4274 2589 4329 doctorum
2621 4269 2810 4326 ordine
2837 4277 2964 4324 sunt
2990 4265 3248 4338 separati.
3285 4263 3421 4333 Quia
3445 4265 3591 4321 enim
3623 4278 3730 4320 vox
3755 4264 3808 4336 in

2225 4367 2364 4422 collo
2385 4374 2489 4431 est,
2511 4379 2610 4435 per
2634 4362 2833 4419 collum
2858 4368 3006 4416 recte
3029 4359 3281 4430 loquendi
3309 4374 3439 4414 usus
3459 4358 3808 4430 exprimitur,

2226 4461 2358 4515 sicut
2387 4459 2506 4528 ﬁeri
2537 4456 2664 4512 solet
2707 4457 2764 4509 in
2803 4453 3044 4510 extremis
3087 4453 3306 4508 uestium
3348 4450 3584 4522 partibus
3613 4465 3633 4501 :
3669 4450 3811 4506 sicut

615 4539 740 4610 (ln.,
759 4537 911 4608 ibid.)
933 4535 1386 4607 Superbumerale
1413 4534 1932 4591 consummationem
1953 4534 2124 4589 bono-
2145 4565 2202 4626 Β
2227 4547 2467 4603 vestibus
2497 4559 2695 4616 opem,
2732 4543 2807 4598 ita
2837 4543 3095 4598 gul-emis
3121 4542 3354 4597 vestium
3385 4539 3638 4610 panibus
3667 4553 3792 4610 ope.

545 4649 665 4689 rum
703 4647 925 4702 operum
944 4672 958 4697 ,
995 4639 1129 4695 etc.,
1158 4645 1319 4700 usque
1343 4629 1412 4683 ad
1447 4630 1492 4685 si
1519 4644 1627 4685 non
1655 4643 1782 4684 eum
1809 4627 2119 4685 accelerans

542 4725 698 4781 bonae
724 4723 952 4777 actionis
976 4721 1192 4776 uncinis
1217 4722 1508 4777 contineat.

615 4814 738 4887 (ιθ.)
753 4814 906 4882 Quod
919 4812 1358 4882 superbumerale
1372 4813 1618 4868 strictum
1635 4819 1758 4868 erat
1772 4810 1974 4879 balteo,
1989 4819 2118 4877 etc.,

543 4923 704 4978 usque
730 4905 798 4960 ad
822 4920 921 4976 per
941 4904 1200 4959 virtutum
1225 4904 1614 4975 Operationem.

615 4997 779 5053 Vens.
826 4996 917 5053 28.
945 5027 1017 5038 —
1047 4994 1192 5051 Vitta
1239 4995 1614 5066 hyacinthina,
1662 5001 1770 5049 etc.
1818 4992 1942 5064 (19.,
1967 4993 2122 5066 ibid.)

545 5089 703 5145 Vitta:
727 5089 1088 5161 hyacinthina
1109 5087 1304 5157 quibus
1323 5095 1554 5155 uterque
1579 5083 1879 5139 sacerdotis
1907 5083 2123 5140 habitus

543 5181 862 5251 copulatur,
907 5179 1151 5251 ligatura:
1201 5185 1328 5233 sunt
1372 5175 1625 5232 desiderii
1677 5173 1951 5241 caelestis,
2003 5190 2122 5245 quae

544 5272 759 5326 annulis
788 5271 966 5326 aureis
994 5271 1204 5326 innexae
1233 5266 1675 5338 superbumerale
1709 5283 1834 5322 cum
1875 5268 2122 5323 rationali

544 5362 846 5432 stringunt.
878 5377 1000 5416 cum
1032 5360 1216 5432 agnita
1245 5359 1364 5414 luce
1391 5359 1644 5430 perennis
1669 5360 1858 5429 patriae
1889 5360 1945 5414 in
1974 5359 2122 5416 illam

541 5455 772 5528 gloriam
815 5455 1182 5526 suspiramus,
1225 5460 1280 5507 et
1318 5459 1378 5505 ut
1416 5452 1622 5505 intrare
1651 5467 1961 5506 mereamur
1989 5469 2122 5508 con-

543 5548 694 5602 cordi
743 5546 866 5611 ﬁde,
895 5553 952 5600 et
975 5545 1107 5608 vita,
1136 5554 1188 5597 et
1208 5557 1390 5611 opere,
1413 5551 1467 5596 et
1488 5541 1844 5622 professione,
1868 5544 1921 5596 in
1946 5543 2124 5598 taber-

542 5637 734 5692 naculo
759 5635 1043 5707 praesentis
1067 5633 1307 5689 ecclesia:
1333 5633 1537 5688 servire
1561 5633 1858 5688 studemus.

614 5731 779 5786 Vens.
807 5727 897 5784 29.
924 5757 996 5768 —
1027 5725 1366 5793 Portabitque
1407 5727 1585 5779 Aaron
1633 5725 1845 5778 nomina
1889 5724 2125 5793 filiorum

542 5820 713 5884 Israel
737 5821 791 5872 in
819 5817 1065 5873 rationali
1087 5816 1276 5887 iudicii
1303 5832 1476 5882 super,
1502 5823 1606 5870 etc.
1638 5814 1864 5869 Nomina
1893 5809 2122 5874 ﬁliorum

2225 4655 2349 4696 rum
2377 4636 2770 4694 consummatio
2809 4634 3092 4705 ﬁguratur.
3143 4630 3242 4686 Vel
3278 4641 3536 4688 extremae
3575 4632 3810 4687 vestium

2225 4739 2434 4804 partes,
2483 4730 2687 4784 ultimae
2735 4735 2863 4782 sunt
2909 4733 3110 4781 nostra:
3155 4721 3566 4788 sollicitudines,
3612 4723 3809 4793 quibus

2227 4823 2452 4887 ﬁdeles,
2509 4835 2632 4876 cum
2684 4818 2838 4872 ﬁnire
2881 4819 3050 4873 vitam
3099 4825 3384 4886 coguntur,
3431 4815 3699 4870 intentius
3742 4815 3808 4868 ab

2228 4914 2376 4971 omni
2407 4912 2526 4968 labe
2556 4910 2820 4966 malorum
2849 4924 2908 4964 se
2935 4921 3236 4978 expurgare
3261 4906 3637 4970 contendunt,
3685 4919 3808 4960 cum

2230 5013 2374 5060 metu
2404 5011 2459 5058 et
2483 5016 2685 5073 pavore
2708 5008 2978 5060 curantes.
3003 5015 3072 5055 ne
3095 5007 3221 5054 ante
3243 4998 3549 5054 districtum
3567 4997 3806 5068 iudicem

2229 5095 2477 5167 producti
2509 5109 2608 5164 pro
2634 5092 2852 5148 sordido
2879 5091 3136 5146 vitiorum
3165 5089 3350 5145 habitu
3379 5087 3725 5158 expellantur
3751 5087 3805 5142 in

2229 5187 2483 5242 tenebras
2529 5184 2862 5246 exteriores,
2910 5180 3006 5236 sed
3052 5187 3350 5249 appareant
3397 5179 3614 5242 induti,
3668 5179 3806 5233 sicut

2230 5276 2387 5331 electi
2419 5273 2535 5338 Dei,
2570 5272 2778 5326 viscera
2810 5269 3221 5334 misericordiae,
3251 5268 3663 5339 benignitatem,
3696 5283 3808 5324 mo-

2229 5367 2458 5423 destiam
2477 5407 2491 5431 ,
2521 5363 2836 5434 patientiam
2864 5370 2918 5416 et
2946 5361 3268 5416 charitatem
3287 5400 3301 5424 ,
3336 5358 3480 5427 quod
3511 5367 3598 5414 est
3627 5359 3808 5413 vincu-

2227 5459 2339 5514 lum
2368 5455 2716 5529 perfectionis
2746 5453 2967 5526 (Coloss.
3000 5451 3104 5524 ιιι).
3163 5451 3368 5506 Tunica
3414 5465 3545 5520 ergo
3585 5450 3807 5521 hyacin-

2230 5551 2376 5605 thina
2414 5549 2572 5602 halat
2607 5561 2758 5600 oram
2798 5543 2851 5598 in
2888 5543 3087 5612 capitio
3116 5541 3398 5605 textilem,
3447 5540 3589 5595 sicut
3623 5539 3678 5594 in
3711 5553 3807 5594 ex-

2229 5641 2419 5696 tremis
2468 5637 2694 5692 vestium
2745 5634 2990 5704 partibus
3038 5631 3176 5686 solet
3225 5632 3340 5686 ﬁeri
3385 5649 3396 5684 :
3451 5645 3574 5684 cum
3621 5631 3807 5684 doctor

2230 5729 2480 5802 egregius
2509 5745 2538 5782 a
2566 5736 2714 5781 tanta
2746 5722 3080 5795 perfectione
3111 5736 3247 5790 opus
3273 5721 3535 5774 virtutum
3566 5718 3808 5782 inchoat,

2232 5807 2308 5876 ad
2330 5829 2584 5892 quantam
2630 5818 2766 5874 alius
2808 5816 2967 5886 longo
2997 5813 3182 5869 labore
3233 5813 3326 5867 vix
3366 5809 3658 5881 aliquando
3684 5823 3808 5880 per;
