3998 6332
549 391 654 447 233
1043 391 1432 446 WALAFRlDl
1473 384 1716 447 STRABI
1756 391 1960 448 FULD.
2005 391 2172 447 non.
2212 391 2361 448 orp.
2402 393 2580 448 rans
2612 361 2662 447 ι.
2695 424 2762 433 -
2802 393 3254 451 THEOLOGICA.
3649 409 3728 464 εει

623 505 1037 580 (Βειιιι.);Ροεεεῑ
1061 507 1113 560 in
1135 507 1236 560 hoc
1257 507 1474 561 lavacro
1488 506 1753 575 baptisma
1786 505 1923 559 sacri
1957 504 2118 560 fontis
2146 511 2196 568 Α
2221 513 2344 560 sunt
2371 505 2424 559 in
2459 506 2544 560 his
2583 506 2796 561 annulis
2845 516 3074 576 quatuor
3116 509 3382 581 Evangelii
3417 513 3526 570 libri
3564 525 3728 594 accipi,

552 598 802 669 intelligi.
848 599 894 653 si
937 607 1354 667 consequeretur
1398 605 1457 650 ut
1497 598 1615 665 quis
1659 597 1714 651 in
1757 596 2116 651 sacerdotium
2221 609 2350 663 etc.,
2397 615 2557 669 usque
2597 599 2666 654 ad
2703 600 2983 670 sequentia
3039 601 3403 661 demonstrant
3449 626 3462 662 :
3505 609 3731 688 Ροηρειμω

552 689 771 752 electus,
804 696 932 742 tunc
958 688 1188 758 primum
1219 703 1356 756 aqua
1395 688 1734 757 baptismatis
1761 688 1815 742 in
1843 689 2119 742 remissio—
2219 689 2414 752 altare,
2460 697 2564 746 etc.

551 795 674 834 nem
717 786 1058 848 peccatorum
1101 777 1424 842 ablueretur,
1474 786 1528 831 et
1576 794 1682 833 non
1725 780 2119 834 contradiceret
2290 780 2452 835 Vens.
2485 780 2535 834 7.
2566 812 2637 822 —
2667 780 2736 834 Et
2764 781 2987 837 adolebit
3029 785 3315 854 incensum,
3345 799 3444 844 etc.
3473 791 3582 863 (11).,
3606 797 3728 868 ibid"

549 867 839 936 Apostolus
866 868 1087 922 dicens:
1124 865 1244 920 Non
1273 868 1580 937 neophytum
1610 869 1664 922 in
1690 871 1984 939 superbiam
2011 870 2118 950 ela—
2219 885 2335 940 cap.
2373 871 2480 941 12.)
2520 871 2802 927 lneensum
2839 873 2919 928 vel
2966 875 3252 945 thymiama
3277 918 3291 942 ,
3326 887 3425 934 etc.
3455 923 3468 946 ,
3510 899 3648 954 usque
3677 865 3730 943 ad

551 969 655 1024 tus,
681 960 734 1011 in
751 959 1014 1028 judicium
1043 959 1238 1012 incidat
1263 958 1460 1012 diaboli
1488 957 1540 1029 (Ι
1569 959 1702 1013 Tim.
1733 962 1836 1029 ιιι).
2221 961 2420 1030 gratias
2448 963 2754 1016 reddamus.

619 1049 780 1105 Vsus.
812 1049 864 1104 5.
910 1080 979 1091 —-
1021 1049 1215 1104 Indues
1253 1051 1450 1115 Aaron,
1493 1061 1596 1105 etc.
1645 1052 1766 1122 (11).)
1815 1051 2117 1108 Notandum
2292 1050 2411 1122 (11).)
2459 1051 2526 1105 Et
2563 1053 2788 1107 adolebit
2830 1056 3125 1121 incensum,
3161 1063 3267 1111 etc.
3308 1057 3458 1114 Mane
3499 1069 3606 1118 orto
3644 1066 3731 1123 sole

549 1141 690 1211 quod
722 1157 842 1196 cum
878 1141 930 1196 in
965 1141 1150 1195 Exodo
1175 1141 1353 1194 Aaron
1393 1151 1515 1195 octo
1543 1142 1782 1196 vestibus
1821 1143 2118 1198 induendus
2221 1141 2364 1197 clare
2391 1145 2590 1209 omnia,
2614 1153 2744 1210 etc.,
2769 1164 2928 1217 usque
2949 1149 3017 1200 ad
3049 1148 3097 1201 in
3121 1149 3404 1218 caliginoso
3433 1151 3559 1207 loco.

548 1243 907 1298 asseveretur,
966 1241 1093 1298 etc.,
1137 1250 1296 1303 usque
1334 1234 1402 1286 ad
1440 1235 1563 1304 quia
1615 1235 1763 1288 venit
1806 1237 1858 1290 in
1904 1238 2117 1291 nomine
2293 1232 2447 1288 Mane
2471 1235 2680 1305 quando
2704 1248 2988 1306 componet.
3014 1237 3730 1310 (11).,ibid.);\_laneAaruniu-

549 1327 724 1384 Patris
746 1330 964 1384 dicens:
991 1330 1102 1400 Ego
1130 1331 1183 1384 in
1211 1341 1360 1401 patre
1388 1341 1435 1386 et
1459 1343 1606 1402 pater
1633 1335 1686 1388 in
1717 1351 1796 1388 me
1825 1344 1898 1388 est
1921 1353 1937 1390 :
1959 1345 2004 1390 et
2032 1336 2118 1406 qui
2219 1337 2464 1388 censum,
2493 1331 2622 1390 Θῑοιν
2653 1341 2810 1396 usque
2839 1328 2907 1382 αά
2933 1337 2984 1382 εί
3015 1329 3266 1398 Dicemus
3304 1347 3487 1388 vacare
3507 1334 3731 1394 delectan-

547 1421 680 1474 υἱάσι
709 1439 807 1486 me,
837 1423 968 1476 videt
996 1431 1044 1477 et
1071 1434 1271 1492 patrem
1299 1424 1480 1495 (Joan.
1509 1424 1615 1497 ιν)-
2221 1419 2327 1464 lur-

617 1510 778 1566 Vens.
810 1511 862 1566 9.
887 1542 959 1552 —
987 1511 1294 1583 Postquam,
1330 1523 1434 1570 etc.
1487 1515 1666 1586 (Auc.,
1714 1527 1900 1588 quwst.
1949 1519 2019 1574 25
2063 1519 2095 1572 ii

2252 1560 2267 1574 ο
2289 1503 2451 1557 Vens.
2479 1503 2531 1559 9.
2564 1535 2635 1546 —
2662 1504 2785 1560 Non
2813 1508 3056 1575 olferetis.
3099 1508 3218 1581 (11).,
3248 1511 3395 1583 ibid.)
3421 1512 3476 1566 In
3505 1517 3730 1583 sequenti-

545 1599 744 1676 Exod.)
793 1602 911 1659 Alia
954 1603 1167 1670 littera,
1212 1614 1340 1672 etc.,
1392 1623 1552 1677 usque
1598 1608 1667 1661 ad
1713 1609 2036 1664 sanctiﬁeari
2084 1623 2116 1664 a
2218 1591 2337 1656 bus,
2368 1602 2680 1666 θιο-νυειιαε
2699 1595 2767 1650 ad
2794 1605 3020 1653 Stratum
3048 1615 3202 1655 suum
3225 1617 3321 1671 Ρθι·
3345 1603 3568 1674 singulas
3585 1616 3731 1662 HOC-tes

543 1694 744 1764 Moyse.
2219 1681 2463 1752 irrigant.

612 1783 777 1838 Vens.
812 1784 897 1838 10.
925 1815 997 1825 —
1040 1785 1359 1856 Applicabis,
1387 1796 1491 1841 etc.
1539 1787 1718 1858 (Auo.,
1750 1799 1933 1859 quiest.
1971 1789 2088 1843 126.

2293 1772 2416 1844 (11).)
2465 1775 2757 1830 Possumus
2804 1778 2918 1833 haec
2965 1779 3160 1835 altaria.
3197 1782 3569 1854 interpretari,
3614 1796 3729 1854 etc.,

541 1871 659 1927 Alia
687 1873 888 1941 littera,
919 1883 1051 1942 etc.,
1094 1893 1254 1949 usque
1284 1878 1352 1930 ad
1383 1892 1544 1948 super
1575 1879 1801 1934 vitulum
1833 1881 2116 1935 immolan—
2146 1864 2192 1924 Β
2217 1882 2352 1936 ιιιιιιε
2400 1867 2469 1920 ad
2508 1878 2684 1938 Ροῐθει
2727 1871 2916 1940 aCCiPi-

541 1966 688 2020 dum.
2291 1958 2455 2012 Vens.
2479 1960 2564 2014 10.
2585 1990 2655 2002 —
2682 1961 2748 2015 Et
2775 1964 3152 2032 deprecabitur,
3187 1975 3292 2022 etc.
3327 1967 3441 2036 (11).,
3469 1969 3605 2040 ibid.)
3628 1971 3730 2037 Quia

612 2057 778 2112 Vens.
804 2057 891 2113 18.
913 2085 986 2098 -—
1016 2057 1220 2114 Oblatio
1245 2071 1317 2114 est
1343 2061 1583 2114 Domino.
1612 2059 1794 2133 (Avo)
1821 2062 1966 2118 Odor
1989 2079 2095 2118 sua-

2219 2047 2464 2105 Cbrisius
2495 2055 2748 2109 sacerdos
2785 2063 2998 2122 noster,
3032 2064 3160 2124 etc.,
3191 2075 3351 2130 usque
3380 2060 3446 2114 ad
3473 2070 3602 2115 recte
3633 2061 3730 2116 sub-

541 2149 721 2205 vitatis
747 2149 995 2216 Domino,
1023 2161 1151 2218 etc.,
1170 2170 1332 2224 usque
1359 2155 1427 2208 ad
1456 2156 1675 2210 odorem
1708 2159 1982 2226 corporeis
2010 2175 2109 2212 na-
2212 2139 2391 2210 ιιιιιεῑι
2417 2157 2430 2192 τ

539 2243 687 2297 ribus
715 2243 879 2298 ducit
2289 2231 2356 2285 Et
2397 2233 2642 2303 placabit,
2683 2244 2787 2290 etc.
2836 2237 2961 2307 (ln.)
3007 2237 3189 2293 Placat
3220 2239 3398 2296 Aaron
3426 2256 3573 2311 super
3599 2242 3732 2297 altare

609 2337 772 2392 Vens.
802 2336 893 2391 22.
918 2368 990 2378 --
1017 2338 1333 2410 Armumque
1373 2341 1634 2394 dextrum.
1683 2341 1897 2413 (GREG.,
1932 2342 2095 2408 Past.,

2216 2322 2440 2388 incensi,
2468 2333 2599 2391 etc.,
2629 2343 2791 2398 usque
2819 2329 2886 2381 ad
2913 2330 3061 2385 Isaac
3081 2339 3134 2385 et
3159 2331 3344 2396 Israel,
3369 2343 3467 2388 etc.

535 2438 676 2500 part.
711 2445 772 2496 ιι,
804 2445 852 2484 c.
885 2429 965 2500 '5.)
1009 2429 1272 2486 Sacerdos
1301 2431 1480 2484 divina
1511 2431 1646 2500 lege,
1678 2439 1810 2498 etc.,
1843 2449 2004 2504 usque
2039 2451 2095 2487 aa

2224 2414 2232 2419 ’
2286 2414 2448 2469 Vens.
2501 2417 2589 2470 11.
2632 2417 3054 2490 —Loculusque
3083 2461 3098 2486 ,
3143 2431 3248 2476 etc.
3299 2424 3568 2493 Descripto
3611 2422 3731 2477 altari

536 2522 602 2578 ad
631 2521 882 2578 sublimia
913 2536 1064 2576 armo
1092 2523 1272 2591 operis
1298 2523 1504 2578 invitet.
1997 2575 2004 2578 η

2215 2503 2443 2572 incensi,
2475 2516 2643 2563 restat
2670 2509 2960 2579 descriptio
2988 2511 3114 2564 labii
3139 2514 3298 2578 attici,
3329 2513 3383 2567 in
3411 2529 3512 2584 quo
3535 2514 3731 2566 lavarent

903 2575 1059 2667 _7_7
1080 2575 1524 2685 φὶίέηστεάίεῇινν,
1550 2613 1731 2685 (Αυοη
1751 2625 1935 2685 (μηδι,
1959 2575 2104 2686 ηρ.)
2213 2610 2404 2650 manus
2431 2603 2489 2650 et
2514 2597 2676 2666 pedes
2701 2575 2992 2667 ingressuri
3025 2575 3730 2665 tabernaculum-sacerdotes,

536 2705 814 2772 Quomodo
839 2720 966 2775 ergo
989 2705 1266 2776 proprium
1293 2707 1420 2760 dicit
1448 2706 1604 2777 hujus
1631 2707 1790 2760 unius
1814 2722 1952 2770 esse,
1975 2715 2100 2773 etc.,
2214 2687 2490 2777 sei-("num
2517 2690 2826 2744 mandawm
2851 2692 3212 2759 Ρτεὲωίιῑίῑυνο

536 2814 696 2868 usque
723 2797 792 2852 ad
819 2806 874 2852 et
897 2797 1182 2868 utrobique
1209 2808 1512 2852 servaretur
1535 2800 1677 2869 quod
1703 2802 1960 2870 scriptum
1984 2811 2098 2857 est:

535 2887 894 2958 Superexaltat
921 2891 1278 2945 misericordia
1295 2892 1556 2961 judicium
1579 2891 1719 2965 (Jac.
1753 2895 1834 2964 ιι).

2209 2975 2369 3029 usque
2396 2959 2464 3012 ad
2506 2961 2735 3029 propria
2758 2961 2954 3014 divitiae
2981 2977 3108 3016 sum.

1101 3022 1326 3079 CAPUT
1357 3023 1524 3079 XXX-
2277 3022 2442 3105 vi...
2477 3022 2662 3106 15.;—
2691 3052 2980 3106 Dimidium
3001 3054 3136 3108 sicli.
3163 3054 3292 3125 (11).,
3326 3056 3474 3127 ibid.)
3501 3057 3553 3111 1d
3577 3063 3647 3110 est
3663 3056 3731 3108 de-

605 3149 765 3206 Vt-zns.
797 3151 847 3206 1.
881 3183 947 3192 -
982 3149 1166 3207 Facies
1188 3169 1388 3223 quoque
1413 3153 1608 3220 altare,
1639 3164 1746 3212 etc.
1787 3154 1976 3228 (BEDA,
2012 3157 2095 3211 ubi

2205 3158 2324 3196 cem
2373 3142 2581 3221 obolos,
2625 3152 2752 3207 etc.,
2806 3161 2969 3214 usque
3009 3145 3078 3198 ad
3109 3146 3255 3200 nulla
3291 3156 3465 3217 potest
3485 3145 3731 3202 inﬁdelium

529 3257 722 3309 supra,
762 3256 882 3312 cap.
923 3240 1034 3314 11.)
1067 3219 1311 3313 Expletis
1349 3219 1616 3299 mandatis
1652 3219 2095 3312 consecrationis,

2208 3219 2616 3304 perturbatione
2644 3235 2936 3303 corrumpi.

529 3338 658 3394 etc.,
688 3346 850 3401 usque
873 3331 942 3384 ad
961 3332 1124 3388 etiam
1160 3334 1212 3388 in
1239 3348 1463 3402 corpore
1493 3337 1947 3406 appropinquant.

2276 3323 2440 3376 Vens.
2459 3322 2546 3377 14.
2563 3354 2632 3363 -
2649 3323 2753 3390 Qui
2772 3325 2992 3379 habetur
3013 3326 3068 3378 in
3091 3342 3332 3394 numero,
3354 3337 3458 3384 etc.
3483 3324 3730 3399 (11).,ibid.)

596 3420 796 3476 Altare.
827 3421 948 3494 (11).,
976 3422 1128 3494 ibid.)
1157 3423 1294 3494 Apte
1335 3426 1498 3479 etiam
1529 3425 1700 3482 altare
1733 3427 2103 3497 thymiamatis
2203 3415 2541 3480 νίοθηθνίυεν
2569 3425 2674 3470 θῑο·
2697 3455 2712 3480 ν
2748 3433 2908 3486 mque
2935 3417 3006 3470 σά
3033 3427 3312 3486 θιερθοίθί
3341 3419 3394 3474 in
3431 3419 3589 3474 θωηεο

526 3521 785 3582 quantum
823 3513 1025 3569 metalli
1066 3514 1270 3586 fulgore
1307 3516 1674 3586 praecellebat,
1709 3527 1857 3573 tanto
1885 3520 2095 3590 quanti-

2278 3500 2435 3560 Vsas.
2469 3507 2555 3560 15.
2584 3537 2655 3547 —
2675 3505 2826 3561 Dives
2851 3524 2954 3561 non
2977 3507 3152 3574 addet,
3171 3515 3282 3564 etc.
3311 3509 3430 3580 (11).,
3460 3507 3600 3576 ibid.)
3625 3503 3731 3572 Quia

527 3612 633 3658 tate
661 3603 838 3661 minus
859 3613 977 3660 erat
1009 3623 1021 3660 :
1053 3614 1253 3676 quanto
1273 3607 1414 3662 enim
1441 3609 1756 3675 sanctiores,
1790 3617 1942 3665 tanto
1969 3625 2102 3681 pau-
2201 3597 2315 3652 δίνθ
2337 3599 2790 3667 πιθεηυεεειιιιιίε
2811 3597 3018 3652 melius
3039 3606 3093 3652 θι
3117 3597 3412 3667 Perfectus.
3436 3615 3527 3654 88“
3548 3609 3728 3668 Ρπνυδν

526 3697 720 3751 ciores.
2200 3697 2255 3743 et
2292 3689 2345 3742 in
2380 3698 2636 3758 provectu
2663 3690 2919 3773 virtutum
2951 3691 3158 3760 positus
3182 3731 3196 3757 ,
3243 3692 3456 3748 cunctis
3493 3704 3632 3759 teque
3666 3687 3732 3740 lex

597 3785 674 3842 De
712 3787 866 3858 ligni:
904 3790 1072 3844 seum.
1124 3787 1245 3861 (11).,
1289 3791 1440 3862 ibid.)
1485 3791 1624 3863 Apte
1653 3793 1719 3849 de
1743 3793 1903 3864 lignis
1941 3796 2099 3850 setim
2201 3780 2459 3852 decalosi.
2503 3797 2608 3853 qua
2638 3783 2805 3838 Deum
2847 3791 2897 3838 et
2937 3784 3243 3853 proximum
3273 3785 3512 3857 diligant.
3540 3780 3732 3852 imponi-

525 3877 660 3934 alba:
685 3877 850 3949 spina:
871 3880 1134 3936 similibus
1154 3891 1208 3936 et
1241 3881 1758 3954 iucorruptibilibus,
1783 3893 1913 3951 etc.,
1937 3902 2100 3956 usque
2202 3880 2290 3926 ιω·

507 3969 595 4024 ad
627 3971 770 4025 varia
802 3971 1146 4028 donationum
1175 3974 1345 4045 gratia
1377 3974 1635 4029 viviﬁcat.

2271 3965 2433 4021 Vens.
2454 3965 3022 4037 16.—Susceptamquc
3037 3969 3338 4038 pecuniam,
3357 3977 3467 4025 etc.
3486 3959 3732 4038 (11).,ibid-i

599 4062 760 4118 Vens.
796 4063 852 4118 2.
896 4095 967 4104 —
1007 4063 1217 4120 Habeas
1265 4067 1515 4121 cubitum.
1564 4066 1690 4139 (11).,
1732 4066 1884 4139 ibid.)
1927 4065 2100 4123 Unius
2199 4056 2313 4114 Hoc
2338 4059 2398 4112 ﬁt
2423 4074 2545 4114 cum
2575 4060 2834 4130 quidquid
2865 4061 3075 4130 agimus
3107 4063 3237 4117 boni
3263 4104 3280 4130 ,
3319 4072 3428 4120 etc.
3453 4103 3470 4129 ,
3507 4075 3651 4132 utque
3677 4055 3729 4109 ad

525 4154 690 4210 cubiti
718 4165 800 4210 est
825 4155 1102 4226 longitudo
1127 4158 1313 4213 altaris
1339 4168 1394 4214 et
1413 4159 1656 4224 latitudo,
1684 4168 1815 4225 etc.,
1847 4175 2008 4230 usque
2029 4159 2098 4213 ad
2198 4151 2352 4222 plaga
2381 4151 2641 4207 districta
2665 4152 2885 4208 ultionis
2910 4153 3156 4209 ferietur-

523 4246 756 4304 oﬁlcium
785 4249 1001 4320 pietatis
1030 4249 1324 4320 impendat.
2271 4247 2944 4322 Vens.17.—Locutusque
2967 4251 3340 4316 cubantium,
3357 4262 3463 4309 etc.
3484 4247 3730 4325 (1n.,ibid-.

597 4339 1052 4411 Quadrangulum.
1086 4340 1207 4414 (11).,
1257 4341 1410 4412 ibid.)
1442 4340 1608 4396 Recte
1649 4340 1818 4396 altare
1862 4335 2126 4413 thymis?

524 4433 703 4500 matis,
733 4441 864 4501 etc.,
894 4451 1053 4508 usque
1079 4435 1146 4488 ad
1171 4435 1352 4489 lzetitia
1381 4436 1706 4506 sempiterna
1727 4436 1831 4491 erit
1853 4438 1952 4493 eis.

593 4523 822 4580 Cornua.
865 4517 988 4597 (11).,
1022 4524 1176 4596 ibid.)
1225 4526 1436 4581 Cornua
1485 4527 1829 4583 eminentiam
1875 4529 1998 4584 ﬁdei
2039 4538 2094 4582 et

521 4617 736 4673 virtutis
774 4616 1099 4689 signiﬁcant,
1137 4627 1265 4683 etc.,
1306 4635 1469 4690 usque
1505 4619 1574 4673 ad
1612 4621 1848 4690 speciem
1877 4623 2094 4693 pietatis

521 4707 806 4774 habentes,
839 4707 1090 4762 virtutem
1125 4705 1239 4777 ejus
1273 4717 1490 4778 negant.

591 4799 755 4855 Vens.
781 4797 836 4853 5.
862 4828 931 4839 —
967 4797 1264 4869 Vestiesque
1302 4800 1457 4868 illud,
1494 4810 1599 4857 etc.
1634 4799 1756 4873 (11).,
1779 4804 1929 4875 ibid.)
1960 4806 2096 4876 Apte

519 4908 650 4948 vero
672 4890 802 4946 illud
824 4906 963 4958 tere,
987 4899 1112 4956 etc.,
1147 4907 1306 4960 usque
1344 4891 1413 4944 ad
1445 4902 1644 4961 quanta
1684 4892 1964 4950 dulcedine
1999 4896 2096 4953 Dei

521 4984 576 5038 in
606 4983 925 5038 abscondito
956 4981 1133 5037 vultus
1155 4984 1487 5038 reﬁciantur.

2281 2776 2445 2832 Vens.
2501 2778 2587 2832 12.
2639 2809 2708 2819 —-
2747 2778 2968 2844 Quando
3012 2779 3214 2835 tuleris.
3265 2781 3553 2854 (Buna,ubi
3589 2797 3730 2852 supra,

2211 2883 2328 2938 cap.
2371 2868 2480 2940 15.)
2529 2867 2699 2940 Hujus
2743 2871 2996 2940 prmeepti
3035 2868 3362 2968 oblitus-est
3401 2873 3584 2940 David,
3620 2883 3731 2936 etc.,

2199 4353 2318 4407 cap.
2351 4339 2465 4409 14.)
2492 4339 2675 4397 Potest
2695 4341 2748 4396 in
2771 4341 2873 4396 hoc
2899 4341 3041 4398 labio
3061 4341 3144 4398 vel
3171 4341 3348 4412 labro,
3371 4353 3498 4410 etc.,
3521 4357 3664 4414 usque
3678 4335 3731 4390 ad

2198 4447 2318 4500 qua:
2347 4433 2684 4488 excubabant
2711 4437 2776 4490 ad
2809 4437 3108 4505 ingressum
3137 4439 3488 4496 tabernaculi.

2269 4520 2431 4577 Vens.
2466 4525 2552 4580 18.
2582 4555 2651 4565 —
2676 4525 2808 4580 Cum
2855 4527 2966 4581 basi
3004 4545 3122 4581 sua.
3174 4528 3298 4600 (11):,
3333 4529 3488 4600 ibid.)
3527 4526 3660 4583 Basis
3689 4522 3732 4576 in

2120 4577 2172 4641 Β
2197 4629 2302 4683 qua
2352 4614 2560 4670 labrum
2596 4623 2714 4670 erat
2742 4617 2997 4686 positum,
3038 4577 3364 4690 etc.,\usque
3387 4577 3498 4674 ad
3527 4625 3583 4673 ut
3613 4611 3733 4670 exhi-

2129 4735 2134 4740 -
2197 4706 2371 4762 beatis
2399 4721 2621 4778 corpora
2652 4716 2850 4772 vestra,
2893 4717 2997 4763 etc.
3025 4707 3197 4776 (Rom.
3225 4711 3350 4781 xu).

2271 4795 2598 4864 Lavandum,
2633 4807 2740 4853 etc.
2772 4799 3019 4855 Christus
3047 4815 3262 4870 quoque
3285 4801 3448 4872 hujus
3472 4797 3601 4854 labri
3621 4806 3731 4862 aqua

2199 4897 2285 4944 est
2320 4888 2481 4953 lotus,
2507 4892 2823 4961 priusquam
2853 4891 2918 4946 ad
2939 4891 3108 4946 altare
3129 4892 3414 4948 oblaturus
3442 4892 3670 4950 intraret,
3690 4888 3733 4938 ei

2199 4980 2495 5052 thymiama
2538 4981 2678 5036 sacri
2715 4983 2963 5053 corporis
3008 4999 3109 5054 pro
3145 4983 3319 5040 salute
3361 4991 3546 5040 nostra
3574 4981 3622 5035 in
3659 4987 3731 5029 ara

591 5073 722 5128 Tam
753 5072 1078 5139 craticulam,
1097 5082 1202 5129 etc.
1231 5074 1524 5148 (11).,ibid.)
1557 5073 1701 5132 Bene
1729 5077 1988 5134 craticula
2013 5079 2093 5133 al-

520 5167 672 5232 taris,
699 5176 827 5232 etc.,
855 5183 1015 5237 usque
1036 5168 1105 5221 ad
1136 5177 1280 5222 recte
1306 5167 1554 5224 subditur
1586 5187 1598 5224 ς

587 5253 777 5310 Facies
813 5273 1014 5327 quoque
1037 5257 1083 5312 ei
1109 5274 1376 5324 coronam,
1418 5269 1523 5315 etc.
1571 5259 1691 5331 (11).,
1727 5259 1880 5334 ibid.)
1909 5261 2096 5319 Altare

519 5345 725 5403 incensi
758 5361 1010 5402 coronam
1047 5349 1210 5404 habet
1233 5364 1332 5420 per
1356 5366 1546 5423 gyrum
1579 5370 1593 5405 :
1626 5351 1680 5406 in
1727 5353 1811 5406 his
1849 5352 1942 5422 qui
1986 5353 2088 5408 mi-

517 5453 678 5494 nores
701 5447 826 5494 suut
855 5441 1078 5505 meritis,
1111 5458 1208 5496 nec
1229 5442 1402 5511 palam
1427 5443 1717 5513 protestari
1743 5446 1942 5500 audent
1962 5445 2091 5501 boni

515 5530 829 5586 certaminis
873 5538 926 5586 et
966 5534 1239 5588 servitutis
1266 5545 1320 5588 et
1365 5535 1485 5588 ﬁdei
1519 5535 1622 5589 sibi
1655 5537 1945 5606 repositam
1971 5553 2090 5594 esse

515 5624 815 5700 mercedem
844 5639 856 5676 :
882 5634 1071 5678 cuncta
1098 5633 1274 5679 tamen
1299 5634 1466 5696 agunt
1493 5626 1790 5681 intentione
1809 5628 1944 5684 bene
1969 5630 2086 5700 pla-

513 5717 668 5773 cendi
700 5717 826 5782 Deo,
864 5717 955 5772 sed
983 5733 1075 5786 spe
1098 5719 1456 5789 percipienda:
1479 5721 1764 5775 mercedis.

2198 5073 2375 5127 crucis
2424 5075 2734 5129 incenderet
2764 5093 2778 5129 :
2805 5090 2904 5144 pro
2950 5084 3140 5132 nostro
3177 5077 3321 5132 enim
3364 5089 3546 5132 amore
3588 5070 3732 5136 lact!-

2197 5180 2312 5220 mas
2339 5165 2496 5230 fudit,
2530 5167 2670 5220 sicut
2702 5166 2756 5221 in
2779 5169 3176 5224 resurrectione
3199 5167 3413 5222 Lazari.

2268 5255 2431 5311 Vens.
2473 5256 2564 5310 21.
2595 5286 2666 5298 -
2695 5255 2777 5312 Ne
2822 5258 2956 5327 forte
3001 5260 3314 5313 moriantur.
3377 5258 3554 5331 (8111).,
3605 5244 3730 5314 ibid.)

2195 5349 2338 5404 Mors
2367 5349 2507 5403 enim
2545 5350 2779 5404 timenda
2815 5360 2898 5405 est
2927 5359 3148 5417 aeterna,
3191 5360 3322 5417 etc.,
3372 5365 3533 5422 usque
3564 5344 3666 5400 ad:
3695 5338 3731 5391 εί

2196 5442 2556 5497 manducatct
2579 5443 2732 5509 bibit,
2756 5450 2859 5497 etc.
2895 5443 2951 5514 (Ι
2978 5442 3100 5498 Cor.
3136 5444 3237 5516 ιι.)

2263 5540 2427 5594 Vens.
2459 5539 2548 5594 25.
2598 5569 2670 5580 —
2709 5539 2870 5594 Sume
2910 5540 3003 5592 tibi
3041 5537 3289 5610 (Suum)
3322 5537 3528 5614 σμύρνα
3553 5531 3731 5614 ῧτπφο

2192 5632 2382 5686 Latine
2439 5632 2636 5685 dicitur
2686 5631 2923 5700 myrrha,
2972 5630 3062 5698 qui
3119 5639 3202 5683 est
3237 5629 3400 5682 arbor
3458 5626 3512 5679 in
3564 5613 3732 5673 Arabia

2192 5724 2431 5794 quinque
2471 5723 2797 5786 cubitorum,
2827 5721 2980 5790 cujus
3006 5719 3235 5787 virgulta
3274 5717 3482 5770 Arabes
3509 5712 3731 5794 exurunt.

587 5806 747 5865 Vens.
781 5809 834 5866 4.
859 5810 1009 5865 -Ει
1031 5812 1161 5866 duo:
1190 5810 1434 5879 armatos,
1463 5819 1568 5868 etc.
1603 5811 1727 5885 (11).,
1755 5813 1906 5885 ibid.)
1938 5813 2104 5900 1’os—w
2188 5826 2248 5872 ut
2298 5814 2488 5870 melius
2514 5813 2775 5886 pullulent
2817 5820 2873 5868 et
2920 5810 3264 5868 fructiﬁcent.
3293 5808 3372 5862 Ex
3402 5816 3623 5878 quorum
3667 5793 3735 5850 ni-
