3998 6332
225 383 334 438 285

1221 382 1491 440 GLOSSA
1531 375 1932 436 ORDINARIA.
1974 407 2045 418 ——
2077 377 2205 432 LIB.
2250 375 2456 432 EXOD.

3373 378 3482 435 286

226 500 361 552 dore
381 493 709 552 incurabiles
730 497 949 552 morbos
969 498 1376 564 contraherent,
1401 497 1502 552 nisi
1527 496 1673 551 fumo
1701 501 1808 549 sto-
1833 491 1885 552 A
1912 489 2199 544 lationibus
2244 488 2512 543 humanis.
2540 485 2651 542 Soli
2694 485 2840 542 enim
2872 486 2983 543 Deo
3027 487 3104 542 ita
3146 489 3488 546 serviendum

227 591 373 646 racis
425 597 794 646 occurrerent.
851 588 1021 658 Hujus
1067 591 1280 647 arboris
1335 591 1538 662 gummi
1589 587 1808 660 proprie
1906 579 2166 650 est,~_‘unde
2194 595 2355 650 supra
2383 577 2715 652 prohibetur,
2744 591 2813 632 ne
2841 593 2968 635 caro
2994 577 3227 636 hominis
3254 584 3490 650 ungatur

224 691 403 740 stacte
428 693 674 748 vocatur,
700 682 922 738 abusive
951 683 1114 738 etiam
1138 684 1378 756 myrrha.

295 769 525 828 Calami.
559 773 894 830 Cinnamomi
921 782 1005 829 est
1037 774 1354 846 virgultum,
1385 784 1440 832 et
1461 775 1516 831 in
1542 774 1694 830 India
1721 771 1806 829 vel

217 863 508 938 Ethiopia
554 869 796 924 nascitur
824 868 1052 924 duorum
1097 877 1306 924 tantum
1342 870 1668 924 cubitorum.
1710 867 1804 922 Di-

222 955 370 1012 citur
404 969 584 1014 autem
633 958 1052 1022 cinnamomum,
1104 958 1230 1028 quia
1261 960 1317 1013 in
1346 959 1577 1013 modum'
1617 971 1805 1012 canna:

220 1048 452 1104 subtiles
489 1057 545 1104 et
573 1050 858 1120 replicatos
885 1050 1048 1104 habet
1073 1049 1332 1116 calamos,
1361 1050 1562 1104 cinerei
1601 1048 1687 1103 vel
1728 1048 1808 1102 ni-

221 1137 306 1206 gri
342 1136 557 1202 coloris;
589 1138 679 1207 qui
709 1136 866 1192 fracti
897 1137 1106 1192 visibile
1125 1138 1514 1208 spiramentum
1541 1138 1797 1202 reddunt,

219 1235 279 1283 et
298 1229 500 1285 subtile
527 1231 746 1298 quidem
771 1231 1027 1296 charum;
1061 1247 1306 1300 grossum
1330 1246 1479 1296 vero,
1503 1231 1608 1286 vile
1635 1239 1691 1284 et
1712 1231 1803 1285 de-

220 1329 490 1388 spectum.
519 1319 772 1377 Calamus
793 1322 1086 1376 aromatica
1111 1323 1320 1392 species
1334 1319 1489 1389 juxta
1512 1320 1797 1375 Libanum.

219 1409 474 1484 Myrrhae,
505 1415 858 1479 cinnamomi,
911 1414 1132 1478 calami,
1175 1416 1383 1470 cassiae.
1428 1413 1522 1468 Hae
1571 1422 1802 1483 quatuor
1900 1411 1904 1460 ἔ

219 1503 434 1574 species
455 1503 763 1575 signiﬁcant
793 1513 1024 1574 quatuor
1044 1506 1372 1576 principales
1396 1505 1648 1568 virtutes,
1676 1504 1801 1574 qui-

217 1595 323 1651 bus
357 1595 477 1652 oleo
512 1597 806 1664 unctionis,
851 1597 904 1652 id
941 1605 1026 1652 est
1056 1599 1229 1668 gratia
1269 1597 1674 1663 misericordiae,
1705 1597 1800 1652 Dei

216 1686 465 1744 Ecclesia
493 1687 790 1744 dedicanda
819 1697 901 1744 est
929 1698 984 1744 et
1011 1688 1418 1744 sanctificanda.

289 1776 456 1833 Vens.
500 1777 590 1832 29.
626 1809 697 1819 —
737 1778 804 1832 Et
855 1789 1028 1845 erunt,
1055 1788 1160 1834 etc.
1194 1780 1375 1850 (Auc.,
1417 1789 1584 1852 quwst
1614 1779 1716 1834 l55
1742 1781 1798 1834 in

216 1867 420 1940 Exod.)
443 1867 577 1924 Cum
601 1869 807 1926 scilicet
829 1879 988 1925 uncta
1013 1869 1234 1927 fuerint.
1260 1873 1396 1936 Quid
1421 1885 1549 1940 ergo
1575 1870 1798 1926 distabit

207 1959 326 2030 jam
358 1961 502 2016 inter
525 1961 617 2016 illa
645 1962 903 2017 interiora
933 1979 1054 2032 qua:
1081 1963 1204 2017 velo
1231 1962 1520 2034 teguntur?

291 2051 400 2116 Qui
429 2051 667 2122 tetigerit.
703 2051 967 2108 Similiter
990 2053 1057 2108 de
1085 2053 1242 2108 altari
1270 2055 1665 2110 sacriﬁciorum
1709 2071 1799 2110 su-

209 2141 407 2212 perius
436 2143 634 2198 dictum
675 2152 781 2208 est,
825 2144 968 2214 quod
1016 2145 1098 2200 sic
1144 2145 1551 2216 intelligendum
1599 2156 1702 2212 est,
1739 2155 1800 2201 ut

208 2233 380 2290 liceat
407 2234 602 2304 populo
631 2242 854 2306 tangere
905 2237 1327 2302 tabernaculum,
1368 2239 1583 2306 quando
1607 2237 1800 2295 ofl‘ere-

208 2325 350 2392 bant
375 2325 602 2392 hostias,
633 2326 718 2380 vel
741 2326 993 2395 quaelibet
1023 2327 1183 2393 dona,
1213 2335 1268 2382 et
1298 2328 1568 2398 tangendo
1599 2329 1799 2385 sancti-

208 2416 540 2483 ﬁcabantur,
566 2427 786 2488 propter
813 2419 942 2473 illud
966 2420 1143 2474 oleum
1173 2436 1280 2490 quo
1306 2432 1500 2476 cuncta
1539 2431 1796 2510 peruncta

207 2517 338 2565 sunt
371 2528 384 2564 :
411 2525 518 2565 non
549 2511 688 2566 sicut
716 2513 1046 2578 sacerdotes,
1067 2513 1363 2582 quietiam,
1396 2523 1453 2569 ut
1481 2521 1685 2571 aeterno
1707 2531 1794 2570 sa-

207 2602 455 2658 cerdotio
474 2601 848 2672 fungerentur,
873 2606 1212 2676 ungebantur
1236 2623 1302 2664 ex
1330 2608 1442 2663 illo.

277 2692 448 2748 Vens.
475 2693 566 2749 54.
587 2725 659 2734 -
683 2694 951 2766 Onychen.
983 2695 1202 2768 Onyche
1221 2699 1454 2755 ostreola
1482 2699 1656 2756 fertur
1675 2715 1796 2758 esse

203 2783 435 2853 parvula
477 2799 646 2842 suave
684 2786 950 2853 redolens,
1001 2789 1372 2859 magnitudine
1421 2791 1642 2848 humani
1689 2808 1792 2846 un-

201 2876 330 2949 guis
373 2879 570 2934 :unde
615 2887 670 2936 et
722 2881 932 2951 onyche
979 2880 1164 2939 Graece
1204 2883 1424 2950 dicitur,
1473 2887 1600 2956 quia
1653 2885 1790 2954 ὄνυξ,

199 2978 374 3038 onyx,
400 2966 589 3024 Graece
613 2969 810 3026 dicitur
831 2972 1047 3042 unguis.

274 3056 600 3116 Galbanum.
631 3059 931 3118 Galbanum
976 3078 1170 3119 succus
1196 3063 1380 3121 ferulae
1423 3081 1545 3122 esse
1571 3067 1784 3133 dicitur,

199 3156 258 3204 et
285 3149 536 3204 nascitur
567 3151 624 3205 in
673 3149 832 3222 Syria
865 3153 1126 3222 optimum
1158 3172 1171 3208 :
1199 3157 1636 3228 cartilaginosum
1682 3165 1787 3224 est,

199 3252 257 3298 et
282 3243 469 3297 minus
495 3243 784 3314 lignosum,
831 3245 985 3316 cujus
1012 3247 1177 3303 odore
1201 3247 1459 3321 fugantur
1487 3260 1783 3321 serpentes.
1819 3243 1828 3308 Ϊ

273 3331 347 3386 Et
395 3334 536 3388 thus.
569 3333 716 3390 Thus
743 3334 949 3403 erce,
1001 3337 1238 3394 libanum
1277 3338 1470 3397 Latine
1510 3343 1724 3407 dicitur,
1755 3359 1786 3398 a

198 3423 416 3482 Libano
442 3437 627 3483 monte
648 3427 860 3486 Arabiae
885 3448 899 3485 :
923 3431 1062 3488 alius
1088 3433 1234 3490 enim
1260 3433 1498 3490 Libanus
1521 3444 1607 3492 est
1626 3436 1787 3492 Phoe-

197 3515 371 3581 nicis,
393 3516 450 3571 in
477 3532 584 3588 quo
612 3528 738 3574 sunt
763 3521 933 3576 cedri.

274 3606 422 3662 Thus
456 3609 743 3680 Optimum,
792 3611 998 3668 scilicet
1057 3614 1200 3684 quod
1246 3616 1605 3671 masculinum
1657 3617 1788 3672 dicio

195 3704 312 3763 tur,
346 3698 478 3768 quia
517 3699 571 3754 in
611 3701 828 3756 modum
854 3702 1075 3758 humani
1109 3705 1261 3761 testis
1291 3707 1596 3773 rotundum,
1635 3706 1788 3777 cujus

195 3789 374 3844 arbor
403 3791 650 3846 nascitur
681 3792 739 3847 in
783 3792 986 3850 Arabia
1027 3795 1094 3851 ad
1125 3795 1268 3852 aeris
1307 3797 1624 3867 qualitatem
1665 3815 1788 3870 per-

195 3879 365 3951 plexo
395 3890 452 3937 et
483 3881 539 3937 in
575 3891 717 3940 torto
738 3884 959 3941 vimine.

275 3971 498 4044 Mystice
551 3983 734 4030 autem
792 3977 876 4031 ha:
933 3985 1166 4047 quatuor
1220 3979 1428 4050 species
1479 3981 1787 4054 signiﬁcant

193 4075 519 4124 sanctarum
557 4067 819 4124 virtutum
849 4070 1078 4139 species.

273 4158 442 4214 Vens.
482 4159 572 4216 35.
617 4187 689 4202 -ο
721 4158 1014 4233 Faciesque
1060 4163 1368 4234 thymiama,
1417 4170 1524 4220 etc.
1570 4162 1784 4236 (Cum,

193 4251 298 4308 lib.
329 4267 350 4306 ι
379 4251 596 4319 Ποταιη
641 4267 762 4324 cap.
791 4253 884 4320 59,
915 4263 1047 4310 tom.
1077 4252 1145 4328 I.)
1196 4254 1516 4327 Thymiama
1553 4269 1621 4310 ex
1659 4270 1786 4312 aro-
1812 4259 1814 4262 ’

194 4342 442 4398 natibus
487 4345 844 4415 compositum
883 4344 1130 4410 facimus,
1177 4354 1308 4414 etc.,
1349 4363 1511 4420 usque
1554 4347 1624 4402 ad
1657 4349 1787 4404 odo-

195 4449 321 4491 rem
350 4434 420 4490 de
447 4449 506 4490 se
531 4435 778 4492 subtilius
799 4451 905 4492 non
935 4437 1190 4508 aspergit.

276 4526 455 4618 asin.)
483 4525 764 4618 Incensum
791 4567 807 4594 ,
840 4528 985 4598 quod
1025 4544 1091 4584 ex
1121 4535 1354 4599 quatuor
1388 4529 1782 4586 odoratissimis
1806 4556 1860 4618 ι)

194 4617 499 4688 generibus
537 4616 592 4671 in
619 4618 911 4673 maximam
940 4618 1291 4674 subtilitatem
1323 4619 1694 4686 comminutis,
1726 4619 1779 4675 id

194 4718 308 4774 est,
349 4716 544 4774 stacte,
586 4709 818 4780 onycha,
847 4711 1098 4782 galbano,
1125 4721 1180 4768 et
1210 4713 1371 4768 thure
1406 4713 1780 4783 componitur;

194 4801 483 4857 orationes
509 4801 746 4858 ﬁdelium
773 4803 1058 4874 signiﬁcat,
1107 4807 1355 4875 quamvis
1401 4816 1635 4877 quatuor
1668 4807 1780 4864 ele-

195 4901 388 4948 menta
435 4893 552 4950 haec
579 4903 809 4963 quatuor
835 4896 1054 4951 videant
1085 4895 1394 4967 signiﬁcare
1442 4915 1456 4952 :
1511 4906 1572 4954 ut
1619 4899 1777 4966 thus,

195 4984 350 5054 quod
393 4983 630 5040 lucidum
669 4995 776 5052 est,
806 4987 920 5042 aeri
963 4996 1332 5059 comparetur,
1360 4997 1565 5045 stactes
1600 4989 1776 5059 aquis,

195 5073 467 5146 galbanus
490 5083 546 5130 et
585 5090 730 5146 onyx
756 5083 915 5134 term
933 5085 992 5134 et
1027 5077 1159 5150 igni,
1192 5085 1250 5134 ut
1272 5093 1371 5149 per
1395 5079 1511 5135 haec
1537 5079 1779 5135 omnium

193 5180 325 5236 quae
353 5165 411 5220 in
437 5165 575 5223 omlo
600 5177 655 5222 et
676 5167 818 5224 infra
837 5168 1054 5236 ctelum,
1083 5178 1140 5226 et
1169 5171 1226 5226 in
1249 5179 1415 5237 terra,
1442 5178 1498 5226 et
1525 5170 1578 5226 in
1600 5171 1777 5242 aquis,

196 5267 330 5313 sunt
354 5257 606 5328 placitum
631 5261 741 5316 Deo
765 5261 1046 5316 incensum
1077 5263 1144 5318 sit

274 5346 466 5418 Opere,
503 5357 607 5406 etc.
637 5350 818 5422 (Anc.,
843 5359 1031 5420 quiest.
1075 5349 1222 5422 156.)
1264 5349 1380 5407 Non
1401 5353 1659 5408 debemus
1681 5368 1780 5422 pu-

193 5447 322 5495 tare
347 5448 678 5510 unguentum
709 5441 846 5507 ﬁeri,
892 5443 985 5498 sed
1021 5441 1313 5514 thymiama
1351 5443 1437 5500 vel
1473 5445 1777 5512 incensum,

189 5533 348 5604 quod
368 5535 656 5604 apponitur
687 5535 764 5590 illi
791 5536 950 5590 altari
979 5537 1184 5593 incensi
1213 5538 1304 5592 ubi
1325 5554 1430 5594 non
1460 5539 1655 5596 licebat
1687 5557 1777 5597 sa-

192 5626 464 5695 criﬁcari,
488 5636 545 5683 et
571 5637 689 5684 erat
712 5629 853 5684 intra
875 5638 1064 5686 sancta
1087 5637 1417 5686 sanctorum.

282 5718 444 5776 Vnus.
469 5720 558 5776 57.
587 5751 658 5761 —
685 5720 885 5782 Talem.
917 5730 1019 5778 etc.
1058 5719 1240 5794 (ΗΑΒ.)
1271 5722 1374 5792 Qui
1419 5722 1625 5779 scilicet
1651 5740 1776 5793 pre-

197 5812 359 5871 cibus
399 5822 458 5872 et
495 5813 747 5873 laudibus
774 5814 970 5871 divinis
1011 5831 1119 5872 non
1145 5817 1403 5876 debemus
1441 5819 1518 5874 uti
1558 5819 1616 5873 in
1645 5818 1776 5876 adu-

1905 688 1969 728 ex
2001 688 2088 728 eo.

2460 781 2688 841 CAPUT
2728 781 2920 838 XXXI.

3449 877 3478 894 κ

1972 941 2136 998 Vens.
2162 941 2218 996 2.
2241 971 2312 983 -—
2329 939 2578 1006 Beseleel,
2605 949 2737 1005 etc.,
2766 939 2857 1010 qui
2880 939 3268 1010 interpretatur
3292 935 3350 990 in
3369 949 3487 990 um-

1903 1037 1996 1090 bra
2026 1037 2144 1090 Dei.
2178 1051 2232 1106 q.
2274 1035 2328 1089 d.
2359 1035 2612 1089 Dominus
2635 1034 2950 1088 illuminatio
2982 1050 3096 1087 mea
3126 1041 3172 1086 et
3200 1029 3345 1085 salus
3368 1045 3484 1084 mea

1900 1147 2054 1201 quem
2082 1127 2254 1200 (Psal.
2281 1126 2435 1199 un).
2461 1128 2545 1181 Ah
2569 1128 2674 1181 hoc
2705 1126 2903 1180 dicitur
2932 1125 3103 1179 David
3123 1123 3341 1177 duxisse
3366 1121 3480 1177 ori-

1902 1213 2103 1295 ginem,
2151 1231 2207 1278 et
2235 1221 2561 1293 polymitarii
2597 1235 2814 1280 nomen,
2855 1218 2980 1288 quia
3035 1215 3274 1272 Beseleel
3318 1227 3484 1284 opere

1900 1313 2158 1383 polymito
2184 1311 2590 1368 tabernaculum
2618 1309 2942 1365 construxit.

1900 1411 1908 1460 ξ
1971 1401 2134 1456 Vens.
2173 1402 2224 1455 5.
2252 1432 2324 1441 -
2353 1400 2421 1454 Et
2444 1398 2850 1469 implevi'(Auc.,
2891 1404 3076 1468 quwst.
3114 1393 3261 1464 128.)
3289 1392 3482 1449 Utrum

1902 1493 2135 1564 Spiritus
2161 1493 2334 1549 sancti
2362 1493 2502 1556 dono
2543 1506 2707 1561 Opera
2740 1491 2843 1545 ista
2875 1488 3162 1544 tribuenda
3185 1494 3332 1552 sunt,
3361 1499 3483 1555 quae

1899 1584 2173 1654 pertinere
2198 1584 2450 1639 videntur
2473 1582 2540 1637 ad
2575 1580 2892 1652 opiﬁcium?
2915 1595 2984 1634 an
3009 1581 3113 1634 hoc
3133 1578 3296 1634 etiam
3317 1575 3484 1646 signi-

1900 1675 2113 1731 ﬁcative
2145 1675 2346 1731 dictum
2369 1683 2472 1740 est,
2499 1682 2559 1728 ut
2583 1689 2644 1728 ea
2668 1673 2971 1743 pertineant
3000 1670 3066 1725 ad
3089 1670 3330 1725 divinum
3360 1665 3483 1736 Spi-

1901 1766 2064 1819 ritum
2110 1765 2389 1835 sapientiae
2419 1773 2474 1817 et
2509 1761 2816 1817 intellectus
2862 1771 2918 1815 et
2947 1759 3209 1823 scientiae,
3244 1771 3363 1827 quae
3397 1755 3482 1810 his

1825 1837 1874 1900 Β
1900 1858 2062 1914 rebus
2086 1855 2494 1928 signiﬁcantur?
2523 1854 2660 1909 Tum
2689 1854 2854 1908 etiam
2886 1853 2973 1908 hic
3003 1867 3125 1907 cum
3157 1849 3359 1920 Spiritu
3393 1863 3481 1904 re-

1899 1949 2075 2020 pletus
2096 1948 2326 2014 dicatur,
2349 1948 2449 2003 iste
2471 1947 2651 2001 divino
2675 1943 2950 2014 sapientiae
2972 1951 3028 1998 et
3051 1941 3313 2009 scientiae,
3341 1955 3480 1996 non-

1901 2040 2026 2095 dum
2052 2039 2249 2110 legitur
2269 2037 2507 2108 Spiritus
2533 2046 2769 2093 sanctus.

1971 2129 2134 2184 Vens.
2186 2147 2261 2186 vr.
2312 2160 2384 2170 ——-
2429 2127 2602 2195 Oliab,
2651 2128 2742 2198 qui
2792 2127 3184 2197 interpretatur
3228 2124 3479 2197 protectio

1899 2241 2035 2288 mea,
2065 2217 2321 2293 tanquam
2360 2223 2577 2277 nomine
2604 2222 2764 2288 dicat,
2798 2220 3048 2275 Dominus
3076 2229 3333 2291 protector
3357 2219 3478 2273 vita

1899 2334 2059 2383 meae;
2084 2335 2115 2371 α
2141 2335 2242 2388 quo
2267 2317 2534 2387 trepidabo
2551 2313 2723 2389 (Psal.
2741 2314 2927 2386 xxvi)?
2946 2315 3090 2370 Bene
3104 2323 3282 2369 autem
3299 2314 3478 2368 laber-

1896 2409 2147 2464 naculum
2171 2416 2511 2473 construunt,
2549 2407 2641 2477 qui
2671 2415 2784 2461 tam
2820 2414 3132 2461 constanter
3158 2403 3212 2459 in
3244 2402 3475 2459 Domino

1898 2503 2195 2558 conﬁdunL

1968 2593 2218 2665 (STRAB.)
2258 2591 2562 2647 Notandum
2593 2591 2737 2660 quod
2778 2590 2833 2645 in
2863 2588 3263 2646 constructione
3293 2585 3472 2642 taber-

1895 2688 2072 2742 naculi
2101 2686 2418 2759 mysterium
2449 2683 2731 2740 Trinitatis
2761 2683 3084 2747 ostenditur,
3119 2681 3259 2736 sicut
3287 2681 3341 2734 in
3371 2679 3470 2735 ha-

1894 2781 2092 2851 ptismo
2139 2789 2192 2835 et
2241 2779 2296 2832 in
2328 2775 2819 2845 transﬁgurationc.
2846 2775 2903 2829 ln
2927 2774 3196 2842 baptismo
3240 2772 3386 2827 enim
3415 2770 3468 2824 in

1895 2890 2026 2930 voce
2044 2874 2224 2929 sonuit
2243 2874 2442 2928 Pater:
2468 2878 2525 2928 et
2547 2869 2718 2925 Filius
2737 2869 3041 2938 baptizatus
3063 2875 3176 2932 est;
3209 2865 3264 2920 in
3292 2863 3470 2934 specie
3571 2863 3573 2868 “

1893 2967 2153 3022 columbae
2202 2965 2438 3034 Spiritus
2477 2961 2745 3034 apparuit.
2776 2958 2965 3015 Ooliab
3007 2971 3238 3028 quoque,
3271 2953 3361 3024 qui
3390 2955 3472 3008 in-

1893 3066 2221 3127 terpretatur
2270 3055 2517 3126 protectio
2557 3069 2672 3106 mea
2702 3061 2866 3122 pater,
2917 3050 3096 3104 Patris
3131 3060 3420 3118 personam
3451 3062 3465 3098 :

1892 3147 2129 3204 Beseleel
2153 3162 2386 3218 quoque,
2414 3145 2506 3216 qui
2533 3145 2589 3198 in
2625 3142 2808 3196 umbra
2847 3140 2942 3194 Dei
2973 3135 3261 3210 signiﬁcat,
3286 3151 3470 3207 perso-

1892 3258 2016 3298 nam
2063 3239 2297 3311 Spiritus
2335 3237 2508 3295 sancti
2548 3254 2560 3290 :
2598 3235 2664 3292 de
2692 3248 2799 3304 quo
2829 3232 3046 3287 dicitur.
3092 3229 3160 3283 Et
3184 3229 3346 3282 virtus
3377 3225 3471 3279 Al-

1890 3334 2076 3389 tissimi
2105 3331 2431 3387 obumbrabit
2462 3328 2572 3382 tibi.
2596 3325 2782 3381 Virtus
2811 3323 2956 3379 enim
2990 3319 3248 3376 Altissimi
3301 3316 3471 3388 Spiri-

1892 3433 1977 3480 tus
2015 3430 2236 3478 sanctus
2275 3419 2610 3489 intelligitur.
2645 3416 2796 3472 Unde
2836 3414 3096 3468 Dominus
3144 3408 3276 3465 dicit
3307 3427 3318 3462 :
3350 3406 3464 3478 Ego

1891 3517 2008 3570 novi
2040 3515 2276 3570 virtutem
2308 3513 2372 3567 de
2406 3528 2486 3566 me
2511 3505 2680 3565 emisse
2713 3505 2863 3580 (Luc.
2890 3504 3029 3574 VIII).
3063 3501 3241 3558 Jussio
3263 3508 3465 3565 autem,

1891 3608 1944 3662 id
1970 3615 2052 3662 est
2108 3605 2354 3668 verbum,
2385 3617 2492 3672 quo
2525 3596 2927 3656 tabernaculum
2957 3594 3074 3650 ﬁeri
3108 3591 3321 3662 jussum
3360 3596 3464 3657 est,

1888 3698 2058 3754 Filius
2091 3705 2192 3761 est,
2225 3695 2322 3766 per
2351 3709 2509 3764 quem
2531 3693 2695 3746 Pater
2720 3689 2778 3745 in
2803 3689 3002 3743 virtute
3026 3684 3264 3756 Spiritus
3290 3678 3466 3738 sancti

1888 3791 2070 3848 omnia
2094 3797 2369 3861 operatur.

1959 3884 2124 3940 Vens.
2154 3881 2241 3936 15.
2263 3910 2334 3922 -—
2371 3877 2572 3944 Videte,
2595 3883 2701 3932 etc.
2724 3873 2949 3930 Frustra
2972 3870 3270 3945 gloriantur
3293 3863 3465 3922 Iudzel

1889 3977 1955 4032 de
1997 3973 2154 4046 legali
2210 3970 2605 4028 observatione.
2657 3966 2856 4037 Aperte
2911 3964 3056 4019 enim
3103 3960 3301 4017 dicitur
3339 3958 3464 4028 quia

1889 4069 2100 4140 signum
2135 4074 2220 4122 est
2247 4064 2459 4131 futurae,
2488 4061 2696 4118 scilicet
2727 4059 2948 4130 quietis,
2981 4064 3035 4111 et
3070 4051 3458 4115 beatitudinis;

1887 4163 1973 4220 vel
2002 4163 2200 4232 quietis
2236 4167 2546 4217 sanctorum
2581 4157 2635 4211 in
2664 4154 2939 4226 praesenti,
2969 4152 3094 4223 quia
3120 4150 3404 4220 quiescunt
3432 4160 3464 4200 a

1891 4253 2119 4309 tumultu
2148 4250 2498 4306 mundialium
2517 4262 2740 4318 operum
2765 4255 2822 4300 et
2845 4243 3120 4299 vitiorum.

1959 4345 2123 4400 Vens.
2170 4343 2254 4399 18.
2299 4373 2370 4384 --
2409 4340 2556 4394 Duas
2621 4335 3029 4407 tabulas(AUG.,
3082 4337 3263 4401 qutest.
3312 4325 3461 4398 140.)

1888 4434 2021 4491 Cum
2071 4433 2239 4488 multa
2284 4433 2494 4487 locutus
2535 4430 2606 4484 sit
2635 4427 2796 4493 Deus,
2833 4425 2964 4480 'duae
3011 4429 3219 4478 tantum
3267 4417 3461 4474 tabula:

1888 4528 2086 4583 dantur
2121 4525 2254 4580 Mosi
2286 4523 2526 4594 lapideae,
2556 4536 2676 4591 quae
2707 4518 2958 4576 dicuntur
2982 4513 3175 4570 tabula:
3217 4511 3459 4568 testimo-

1885 4621 1994 4686 nii;
2022 4619 2146 4689 quia
2176 4624 2368 4673 caetera
2393 4615 2597 4680 omnia,
2631 4626 2752 4683 quae
2785 4607 3043 4679 praecepit
3069 4606 3232 4672 Deus,
3263 4619 3330 4660 ex
3354 4602 3460 4659 illis

1885 4712 2071 4767 decem
2099 4707 2400 4780 praeceptis,
2428 4720 2548 4776 quae
2574 4705 2628 4759 in
2660 4701 2866 4759 duabus
2908 4700 3111 4770 scripta
3142 4705 3268 4754 sunt
3305 4697 3460 4752 tabu-

1884 4801 1973 4868 lis,
1999 4800 2235 4872 pendere
2267 4797 2674 4866 intelliguntur,
2705 4793 2752 4849 si
2798 4792 3082 4864 diligenter
3122 4797 3454 4861 quaerantur,

1885 4902 1940 4950 et
1979 4894 2117 4948 bene
2142 4889 2538 4962 intelligantur;
2569 4887 2710 4941 sicut
2735 4885 2851 4955 ipsa
2894 4885 3082 4940 decem
3120 4897 3188 4937 ex
3227 4879 3454 4946 duobus,

1885 4987 2195 5052 dilectione,
2229 4983 2458 5048 scilicet,
2480 4981 2575 5036 Dei
2601 4989 2656 5036 et
2677 4979 2912 5051 proximi
2947 4997 2960 5034 :
3011 4979 3066 5034 in
3096 4976 3292 5049 quibus
3313 4973 3458 5032 scili-

1884 5088 1970 5140 cet
1988 5089 2096 5136 tota
2120 5079 2205 5134 (ea:
2235 5077 2420 5148 pendet
2443 5084 2490 5131 et
2509 5074 2770 5146 propheta:
2797 5072 3013 5145 (Matth.
3038 5069 3197 5144 xm).

2434 5211 2662 5271 CAPUT
2695 5207 2908 5268 XXXII.

1955 5355 2118 5412 Vens.
2159 5356 2210 5410 1.
2243 5384 2313 5395 -
2341 5351 2453 5408 Fac
2497 5352 2665 5418 nobis,
2691 5359 2797 5407 etc.
2829 5350 2966 5405 Deos
3005 5347 3304 5420 pluraliter,
3331 5361 3454 5403 cum

1884 5462 2023 5503 unus
2064 5454 2271 5500 tantum
2319 5444 2516 5499 vitulus
2560 5443 2734 5498 iactus
2773 5442 2884 5506 sit,
2929 5441 2997 5496 ad
3046 5439 3453 5496 similitudinem

1883 5540 2090 5598 scilicet
2114 5539 2266 5594 bovis
2291 5537 2442 5606 Apis,
2473 5550 2631 5605 quem
2671 5535 2727 5588 in
2755 5532 2989 5604 IEgypto
3014 5531 3326 5596 coluerunt;
3359 5526 3452 5583 sed

1881 5634 1974 5706 qui
2004 5631 2360 5688 idololatrian]
2397 5629 2546 5694 colit,
2587 5627 2835 5683 omnibus
2874 5627 3019 5681 vitiis
3047 5622 3262 5692 subjicit
3290 5635 3369 5689 se,
3397 5628 3454 5676 et

1882 5725 2037 5796 quasi
2065 5732 2140 5777 tot
2161 5723 2263 5777 diis
2289 5729 2342 5776 et
2367 5719 2697 5774 daemonibus
2717 5725 2847 5787 quot
2870 5716 3016 5771 vitiis
3041 5714 3224 5770 servit.

1952 5815 2118 5871 Vens.
2149 5814 2204 5870 2.
2233 5841 2306 5857 —-
2330 5810 2576 5881 Dixitque
2609 5808 2701 5876 ad,
2741 5815 2845 5866 etc.
2875 5805 3056 5878 (Aue.,
3106 5811 3293 5875 quam.
3345 5800 3446 5861 141
