3998 6332
606 377 706 439 987

1101 381 1492 439 WALAFRIDI
1537 382 1783 438 STRABI
1825 382 2026 438 FULD.
2071 384 2232 439 MON.
2275 381 2425 440 OPP.
2469 386 2645 442 PARS
2683 389 2721 442 Ι.
2761 419 2832 429 -
2869 386 3315 448 THEOLOGICA.
3694 405 3768 462 283

593 497 662 551 ἄπ’
697 495 893 566 Exod.)
919 495 1237 568 lntelligitur
1286 498 1464 552 Aaron
1496 496 1727 551 dillicilia
1769 497 2080 566 praecipere,
2110 505 2170 550 ut
2196 500 2247 558 A
2274 499 2490 552 minium
2524 501 2692 556 sordis
2723 513 2769 555 et
2803 504 2938 556 inter
2967 507 3158 570 hostes,
3188 515 3289 562 etc.
3344 507 3638 579 Notandum,
3666 521 3770 586 quod

594 590 696 646 hoc
742 588 902 644 modo
931 604 1023 644 eos
1054 591 1120 644 ab
1156 589 1246 644 illa
1281 591 1580 643 intentione
1610 597 1908 642 revocaret.
1941 587 2166 642 Factum

592 695 677 741 est
700 693 880 740 tamen
906 685 1038 739 illud
1066 687 1240 756 ipsum
1263 686 1492 750 difﬁcile,
1525 695 1583 740 ut
1605 695 1750 740 esset
1777 701 1967 740 aurum
1996 686 2063 740 ad
2089 685 2169 739 fa-

591 778 841 832 ciendum
892 777 1091 831 idolum
1124 797 1137 831 :
1170 781 1310 847 quod
1342 786 1562 848 propter
1610 793 1704 833 eos
1756 779 2046 832 notandum
2070 795 2167 848 pu-

593 869 703 922 tavi
759 868 850 936 qui
897 870 1284 922 contristantur
1329 869 1374 923 si
1423 869 1552 937 quid
1601 869 1706 923 tale
1747 877 1966 939 propter
2002 869 2168 923 vitam

591 966 847 1012 aeternam
887 956 1148 1014 divinitus
1197 959 1334 1024 ﬁeri,
1389 959 1471 1013 vel
1519 974 1672 1028 mquo
1714 961 1896 1014 animo
1935 959 2169 1014 tolerare

586 1049 898 1119 jubeantur.

663 1141 826 1196 Vens.
855 1140 907 1198 6.
935 1171 1006 1182 -—
1035 1140 1103 1195 Et
1145 1141 1276 1195 sedit
1309 1141 1531 1211 populus
1564 1142 1853 1206 comedere,
1890 1149 1994 1196 etc.
2030 1141 2167 1197 Esus

589 1245 856 1306 potusque
904 1236 970 1290 ad
999 1236 1177 1290 lusum
1229 1235 1458 1304 impulit,
1492 1235 1644 1288 lusus
1671 1237 1736 1290 ad
1768 1235 2164 1290 idololatriam:

590 1327 716 1397 quia
747 1328 790 1381 si
824 1329 1075 1382 vanitatis
1105 1328 1260 1398 culpa
1306 1343 1410 1382 non
1462 1337 1620 1382 caute
1667 1331 2046 1398 compescitur,
2103 1329 2169 1384 ab

590 1421 878 1492 iniquitate
910 1439 1062 1478 mens
1090 1426 1303 1477 incauta
1340 1422 1649 1476 devoratur.
1691 1423 1840 1477 Unde
1881 1442 1891 1476 :
1931 1423 2034 1488 Qui
2063 1439 2171 1476 mo-

591 1511 710 1566 dica
739 1514 956 1581 spernit,
981 1513 1242 1582 pautatim
1278 1512 1487 1564 decidit.
1518 1510 1574 1566 Si
1603 1512 1745 1564 enim
1775 1527 1967 1566 curare
2001 1528 2168 1582 parva

593 1601 922 1671 negligimus
953 1601 1337 1656 insensibiliter
1366 1601 1592 1666 seducti,
1634 1602 1796 1656 etiam
1838 1601 2042 1671 majora
2077 1619 2171 1657 au-

593 1694 783 1749 denter
812 1704 1210 1764 perpetramus.

663 1785 828 1839 Vens.
873 1787 927 1840 8.
951 1817 1019 1825 —
1049 1785 1147 1838 Isti
1193 1796 1314 1839 sunt
1344 1786 1418 1839 dii
1441 1787 1537 1840 tui.
1570 1785 1751 1856 (AUG.,
1792 1794 1977 1857 qua’st.
2023 1783 2170 1854 M2.)

2271 594 2496 664 populus
2528 593 2671 658 fecit,
2707 597 2803 664 ipsi
2834 598 3012 662 Aaron
3044 599 3311 665 tribuitur,
3341 603 3459 670 quia
3481 609 3709 664 consensit
3723 613 3770 667 ad

2269 685 2572 741 faciendum
2601 689 2739 756 quod
2770 687 2906 744 male
2944 691 3224 759 petiverat.
3267 692 3427 764 Magis
3461 696 3588 750 enim
3619 699 3770 756 dictum

2269 783 2370 842 est,
2409 778 2628 830 nudavit
2649 794 2740 832 eos
2765 781 2941 833 Aaron
2968 821 2982 843 ,
3018 781 3143 849 quia
3175 783 3334 836 cessit
3361 784 3456 849 eis,
3483 800 3624 854 quam
3650 789 3772 843 nuda-

2269 878 2461 922 verunt
2497 884 2555 923 se
2587 869 2705 938 ipsi,
2734 871 2823 939 qui
2860 878 3062 924 tantum
3099 872 3292 926 malum
3319 871 3674 942 ﬂagitaverunt.
3703 878 3774 933 0r-

2271 961 2536 1014 namcntis
2561 961 2754 1029 quibus
2791 961 3106 1016 fabricatum
3149 963 3320 1016 fuerat
3356 965 3562 1027 idolum,
3597 967 3664 1020 vel
3683 970 3771 1036 quia

2268 1054 2467 1107 malam
2512 1052 2840 1107 voluntatem
2891 1054 3034 1122 prius
3077 1054 3332 1109 latentem
3384 1056 3676 1122 ostenderat,
3714 1061 3772 1113 vel

2269 1144 2526 1198 auxilium
2555 1153 2608 1198 et
2631 1145 3023 1214 protectionem
3059 1145 3150 1200 Dei
3179 1149 3497 1215 perdiderat.

2339 1235 2501 1290 Vens.
2532 1237 2620 1290 27.
2646 1267 2714 1276 ——
2739 1236 2911 1292 Ponat
2940 1239 3018 1291 vir
3043 1237 3296 1308 gladium,
3321 1248 3423 1293 etc.
3453 1238 3643 1308 (Gem,
3667 1239 3769 1295 Post.

2268 1339 2320 1393 p.
2375 1340 2454 1389 ιιι,
2506 1341 2554 1380 c.
2607 1324 2721 1396 26.)
2764 1326 3033 1392 Gladium,
3066 1335 3196 1393 etc.,
3230 1344 3388 1397 usque
3419 1329 3482 1381 ad
3519 1328 3648 1383 Unde
3679 1331 3770 1384 sub-

2274 1419 2420 1473 ditur
2451 1434 2464 1472 :

2341 1507 2558 1563 Occidet
2599 1509 2947 1580 unusquisque
2991 1509 3208 1578 fratrem
3252 1525 3429 1573 suum,
3468 1519 3562 1564 etc.
3613 1509 3698 1564 Hos
3719 1511 3772 1564 in-

2269 1599 2519 1665 terl'ecit,
2570 1616 2704 1670 quos
2760 1600 3057 1669 puniendos
3109 1601 3312 1654 invenit
3351 1602 3416 1656 ab
3464 1601 3773 1671 increpationis

2271 1689 2469 1759 gladio,
2498 1707 2598 1745 nec
2628 1692 2707 1746 eis
2746 1707 2880 1759 quos
2909 1706 3004 1760 per
3031 1693 3399 1762 cognationem
3437 1693 3599 1746 carnis
3629 1694 3770 1762 diligit,

2273 1780 2464 1848 parcit.
2519 1780 2575 1834 Si
2601 1797 2730 1851 ergo
2753 1782 2851 1837 ille'
2869 1782 2958 1835 Dei
2986 1782 3181 1836 dicitur
3201 1822 3217 1846 ,
3250 1782 3338 1852 qui
3361 1782 3426 1836 ad
3451 1782 3656 1837 ferienda
3680 1784 3771 1836 vitia

593 1880 852 1935 Dominus
882 1881 1124 1935 indicans
1169 1881 1337 1952 Moysi
1366 1883 1496 1952 quid
1540 1882 1730 1937 fecer“
1751 1883 1978 1952 populus
2001 1883 2068 1937 de
2091 1883 2169 1935 vi-
2198 1861 2244 1920 Β
2273 1871 2388 1924 zelo
2436 1871 2600 1926 divini
2646 1874 2847 1929 amoris
2891 1873 3176 1938 excitatur,
3225 1873 3458 1943 profecto
3493 1889 3600 1928 esse
3633 1889 3678 1928 se
3706 1873 3774 1927 Dei

592 1971 704 2025 tulo
721 1981 775 2026 et
803 1972 869 2027 de
907 1972 1051 2026 idolo
1093 1973 1236 2042 quod
1261 1989 1327 2028 ex
1351 1990 1480 2028 auro
1509 1990 1606 2029 suo
1630 1975 1892 2039 fecerant,
1920 1975 2050 2028 dicit
2077 1989 2171 2029 eos

591 2064 832 2118 dixisse:
863 2064 924 2118 Hi
958 2074 1082 2120 sunt
1109 2066 1180 2119 dii
1214 2066 1310 2129 tui,
1340 2067 1522 2130 Israel,
1561 2069 1652 2136 qui
1692 2078 1742 2121 te
1778 2069 2078 2121 eduxerunt
2105 2067 2170 2120 de

593 2163 735 2209 terra
764 2154 1000 2227 Egypti.
1029 2156 1180 2223 Quod
1203 2172 1296 2211 eos
1322 2158 1520 2212 dixisse
1549 2173 1652 2212 non
1679 2159 1901 2230 legitur;
1935 2158 2026 2213 sed
2055 2159 2171 2212 ani-

590 2261 736 2300 mum
805 2262 991 2302 eorum
1048 2249 1190 2302 hunc
1250 2249 1420 2302 fuisse
1479 2249 1620 2303 Deus
1677 2250 1932 2314 ostendit,
1975 2249 2166 2305 horum

515 2362 530 2370 π
587 2337 784 2406 quippe
809 2338 1066 2408 gerebant
1095 2339 1385 2393 verborum
1413 2339 1467 2392 in
1490 2339 1654 2394 corde
1678 2340 2026 2405 sententiam,
2049 2354 2170 2409 quae

587 2429 756 2485 Deum
783 2430 953 2486 latere
982 2446 1088 2485 non
1115 2440 1349 2502 poterat.

659 2520 822 2575 Vens.
879 2522 965 2576 10.
1017 2553 1088 2562 —
1139 2522 1353 2576 Dimitte
1399 2538 1516 2585 me,
1576 2530 1681 2576 etc.
1717 2520 1934 2590 (Caua,
1987 2519 2081 2574 lib.
2115 2536 2170 2574 Ix

589 2609 814 2675 Moral.,
845 2626 965 2680 cap.
994 2610 1104 2682 11.)
1133 2610 1272 2674 Quid
1307 2619 1391 2666 est
1417 2626 1576 2665 servo
1604 2611 1804 2676 dicere,
1836 2620 1966 2676 etc.,
2010 2626 2170 2680 usque

589 2702 658 2756 ad
690 2703 824 2756 iram
858 2702 953 2756 Dei
980 2717 1085 2756 non
1114 2702 1283 2756 valuit
1303 2717 1403 2772 pro
1433 2702 1609 2768 seipso
1634 2710 1954 2770 temperare.

659 2793 780 2865 (lo.,
826 2792 920 2847 lib.
967 2809 1036 2846 xx
1067 2792 1284 2859 MaraL,
1329 2808 1449 2863 cap.
1489 2791 1567 2864 6.)
1593 2791 2168 2848 AEdiliearelectorem

584 2880 737 2951 juxta
772 2884 1050 2939 historiam
1099 2891 1295 2954 potest,
1334 2892 1466 2952 etc.,
1505 2901 1668 2956 usque
1709 2883 1778 2938 ad
1824 2899 1924 2939 nec
1959 2882 2171 2939 miseri-

589 2973 771 3029 cordia
794 2974 1108 3044 disciplinaz.

660 3065 825 3119 Vens.
868 3065 954 3120 15.
977 3096 1045 3105 -
1064 3064 1357 3120 Recordare
1395 3066 1678 3131 Abraham,
1708 3063 1884 3131 Isaac,
1913 3075 2018 3120 etc.
2063 3063 2168 3119 Pa-

590 3163 723 3220 tres,
755 3155 846 3224 qui
877 3155 1189 3226 diliguntur,
1217 3156 1421 3211 inducit
1449 3171 1548 3226 pro
1573 3155 1716 3222 ﬁliis,
1747 3157 1839 3226 qui
1869 3156 2166 3221 Offendunt,

587 3260 688 3300 nec
724 3255 1002 3301 merentur
1041 3246 1250 3312 audiri;
1288 3246 1414 3317 quia
1443 3247 1583 3302 bona
1612 3257 1924 3303 sanctorum
1952 3256 2169 3314 patrum
2198 3227 2246 3293 Ο

588 3352 730 3408 saepe
750 3338 1076 3393 subveniunt
1097 3337 1240 3392 ﬁliis.

657 3424 822 3483 Vnus.
865 3427 1046 3482 M.—
1069 3426 1418 3499 Placatusque
1455 3437 1532 3482 est
1571 3427 1826 3483 Dominus
1873 3445 1935 3483 ne
1979 3428 2172 3498 faceret

585 3518 803 3573 malum.
855 3517 1035 3591 (Auc.)
1075 3519 1330 3574 Malitiam
1363 3519 1452 3574 hic
1478 3533 1694 3589 poenam
1725 3517 1950 3589 intelligi
1977 3519 2167 3585 voluit,

585 3610 725 3665 sicut
752 3617 830 3665 est
868 3608 1036 3664 illud:
1064 3609 1352 3664 Estimata
1382 3620 1464 3665 est
1503 3607 1706 3663 malitia
1728 3608 1906 3664 exitus
1932 3608 2164 3663 illorum.

585 3700 892 3757 Secundum
933 3703 1037 3756 hoc
1082 3702 1277 3757 dicitur
1319 3710 1374 3758 et
1414 3701 1614 3756 bonum
1655 3709 1710 3756 et
1744 3701 1944 3756 malum
1983 3717 2104 3758 esse
2139 3717 2170 3757 a

583 3793 713 3860 Deo,
741 3811 844 3849 non
871 3795 1164 3850 secundum
1189 3795 1452 3852 malitiam
1475 3811 1578 3866 qua
1599 3795 1845 3850 homines
1865 3795 1990 3850 mali
2020 3779 2186 3850 sunt.‘

583 3889 754 3944 Malus
779 3889 922 3943 enim
948 3888 1088 3944 Deus
1125 3905 1231 3944 non
1265 3897 1347 3946 est
1378 3907 1392 3944 :
1433 3889 1527 3945 sed
1570 3889 1725 3944 malis
1764 3889 1959 3960 ingerit
2003 3889 2165 3954 mala,

584 3980 709 4050 quia
729 3978 910 4046 justus
941 3988 1042 4036 est.

654 4069 818 4126 Vens.
869 4069 1340 4144 l9.—Iratusque
1393 4071 1559 4126 ualde.
1609 4071 1734 4144 (10.,
1781 4084 1964 4144 qutest.
2017 4071 2167 4144 144.)

583 4162 754 4218 Iratus
782 4161 1011 4234 Moyses,
1045 4161 1252 4218 tabulas
1278 4162 1566 4218 testimonii
1606 4163 1774 4234 digito
1807 4163 1901 4218 Dei
1938 4165 2169 4236 scriptas

582 4253 806 4325 fregisse
834 4253 1065 4308 videtur.
1102 4253 1295 4324 Magno
1335 4262 1510 4310 tamen
1543 4255 1798 4325 mysterio
1825 4255 2050 4325 ﬁgurata
2084 4267 2167 4313 est

580 4347 795 4402 iteratio
829 4347 1159 4404 Testamenti
1197 4345 1352 4413 Novi,
1393 4349 1519 4416 quia
1558 4357 1712 4402 vetus
1749 4346 1924 4402 fuerat
1949 4348 2162 4404 abolen-

581 4439 741 4502 dum,
791 4446 848 4493 et
895 4438 1102 4495 Novum
1153 4439 1609 4494 constituendum.
1673 4439 1974 4493 Notandum
2035 4455 2165 4496 sane

581 4539 782 4600 quanta
821 4547 919 4601 pro
965 4532 1160 4602 p0pulo
1209 4533 1276 4587 ad
1319 4532 1484 4588 Deum
1523 4531 1910 4603 supplicatione
1953 4532 2164 4587 labora-

581 4621 742 4685 verit,
769 4621 859 4692 qui
892 4631 1000 4676 tam
1029 4638 1248 4677 severus
1273 4624 1326 4676 in
1351 4638 1444 4678 eos
1474 4623 1794 4677 vindicando
1825 4623 1941 4677 fuit.

656 4711 821 4768 Van.
848 4712 940 4768 20.
966 4743 1040 4754 -—
1067 4715 1435 4786 Arripiensque
1478 4715 1694 4769 uitulum
1723 4733 1872 4786 quem
1910 4720 2160 4785 fecerant.

583 4801 730 4873 (lsm.
767 4802 820 4854 in
862 4798 1035 4855 Exod.
1054 4842 1069 4866 ,
1099 4811 1228 4856 tom.
1256 4803 1347 4874 ν.)
1375 4805 1580 4858 Diaboli
1605 4820 1801 4873 corpus
1827 4805 2163 4876 signiﬁcatur

581 4898 637 4948 in
668 4892 850 4954 vitulo,
880 4902 1008 4957 etc.,
1047 4910 1210 4962 usque
1234 4896 1302 4946 ad
1330 4896 1612 4964 absorptus
1632 4904 1734 4949 est.

654 4984 723 5038 Et
767 4985 907 5038 dedit
937 5000 1002 5037 ex
1026 5000 1085 5038 eo
1111 4996 1288 5054 potum
1311 4985 1435 5053 ﬁliis
1459 4984 1646 5040 Israel.
1675 4986 1921 5041 Tradunt
1947 4986 2156 5043 llebraai

576 5076 722 5148 quod
774 5077 866 5132 ﬁlii
921 5075 1085 5131 Israel
1143 5077 1389 5132 bibentes
1449 5094 1646 5148 aquam
1720 5080 1872 5135 vituli
1936 5082 2158 5152 pulvere

581 5166 873 5236 infectam,
917 5171 1009 5240 qui
1057 5173 1440 5225 commiserant
1477 5171 1831 5228 idololatriam
1875 5176 1925 5228 in
1972 5175 2158 5230 barbis

582 5256 862 5328 pulverem
920 5260 1036 5313 auri
1083 5259 1462 5330 praal'erebant,
1511 5277 1618 5330 quo
1666 5263 1828 5318 etiam
1881 5265 2034 5336 signo
2081 5267 2159 5320 rei

585 5349 673 5404 vel
723 5349 990 5406 immunes
1034 5351 1259 5407 sceleris
1306 5355 1658 5422 apparebant,
1715 5365 1770 5409 et
1819 5356 1896 5410 rei
1949 5357 2161 5412 interﬁ-

579 5441 883 5497 citabantur.

651 5535 814 5588 Vens.
844 5534 935 5588 ‘24.
970 5531 1036 5586 Et
1087 5536 1339 5590 dederunt
1386 5537 1533 5600 mihi,
1587 5545 1690 5592 etc.
1743 5537 1922 5608 (Auc.,
1967 5548 2153 5609 quam.

581 5623 728 5693 MS.)
753 5623 1141 5694 Compeudiose
1185 5626 1394 5681 loculus
1431 5636 1531 5691 est,
1573 5636 1706 5692 etc.,
1765 5644 1925 5698 usque
1953 5629 2021 5682 ad
2050 5645 2156 5684 non

582 5714 708 5766 reda
718 5715 877 5783 rguit.

650 5800 814 5858 Vens.
859 5804 1017 5860 25—
1038 5805 1364 5878 Spoliaverat
1405 5811 1540 5865 enim
1572 5827 1690 5865 eum
1720 5814 1898 5866 Aaron
1924 5812 1978 5865 in
2005 5811 2158 5883 igno-

2193 4584 2244 4644 ι)

2275 1971 2463 2032 negat,
2497 1962 2586 2031 qui
2613 1971 2872 2032 quantum
2902 1962 3097 2020 sulIicit
3119 2006 3132 2031 ,
3163 1966 3329 2019 vitam
3357 1964 3628 2020 carnalium
3649 1965 3776 2018 incre-

2270 2070 2400 2125 pare
2447 2064 2680 2110 recusat.
3451 2053 3457 2063 ’

2342 2144 2503 2202 Vens.
2544 2148 2632 2202 28.
2656 2179 2724 2189 -
2749 2147 3125 2220 Feceruntque,
3165 2158 3272 2205 etc.
3315 2149 3467 2221 (Auc.
3507 2150 3557 2203 in
3584 2145 3770 2202 Locutio-

2271 2237 2443 2291 nibus.
2466 2237 2627 2293 locut.
2664 2239 2807 2310 124.)
2839 2239 3052 2295 Plurale
3076 2256 3175 2310 pro
3198 2240 3453 2311 singulari
3485 2240 3658 2310 posuit,
3681 2247 3772 2302 etc.,

2270 2343 2433 2398 usque
2466 2328 2535 2382 ad
2572 2329 2841 2400 certisque
2881 2331 3079 2401 regulis
3119 2331 3237 2386 ista:
3277 2312 3560 2386 locutiones
3596 2329 3773 2396 interpo-

2270 2427 2493 2473 nuntur.

2341 2507 2504 2563 Vens.
2538 2507 2626 2563 51.
2646 2537 2719 2549 -
2737 2507 2841 2562 Aut
2860 2508 3062 2562 dimitte
3083 2509 3177 2573 eis,
3201 2519 3308 2565 etc.
3339 2508 3511 2580 (Auc.,
3535 2517 3687 2580 quast.
3707 2505 3774 2560 ll'l

2267 2598 2324 2650 in
2357 2594 2556 2666 Ercéd.)
2588 2595 2824 2652 Securus
2857 2598 3072 2667 quidem
3104 2600 3206 2654 hoc
3238 2600 3388 2663 dicit,
3427 2608 3550 2662 etc.,
3576 2613 3706 2668 usque
3729 2596 3775 2649 ad

2270 2697 2330 2743 ut
2361 2705 2461 2755 pro
2497 2689 2578 2744 eis
2607 2689 2697 2744 illa
2722 2690 2888 2746 verba
2917 2690 3026 2744 Deo
3056 2690 3326 2747 funderet.

2341 2781 2507 2836 Vens.
2532 2783 2622 2837 55.
2639 2813 2709 2822 -
2731 2782 2898 2848 Quem
2918 2782 3038 2853 fecit
3064 2786 3264 2839 Aaron.
3296 2784 3448 2858 (Anc.
3491 2793 3650 2857 quiest.
3673 2781 3776 2848 118.)

2271 2871 2542 2939 Quaeritur
2582 2888 2706 2928 cum
2745 2873 2992 2943 superius
3031 2875 3290 2944 populum
3321 2877 3540 2932 nudasse
3566 2877 3708 2932 dictus
3728 2873 3776 2927 sit

2269 2970 2470 3031 Aaron,
2515 2973 2645 3032 etc.,
2691 2982 2854 3036 usque
2891 2966 2960 3019 ad
2994 2967 3136 3036 quod
3177 2966 3462 3038 Apostolus
3501 2967 3616 3023 dicit
3647 2962 3776 3020 excla-

2271 3071 2426 3112 mans
2469 3071 2484 3110 :
2529 3055 2701 3122 Quam
2741 3057 3103 3112 inscrutabilia
3133 3060 3274 3113 enim
3314 3069 3431 3116 sunt
3463 3058 3647 3131 judicia
3673 3051 3777 3125 ejtui

2273 3156 2378 3204 etc.
2408 3145 2586 3220 (Rom.
2610 3147 2711 3221 ιι).

2805 3261 3032 3320 CAPUT
3080 3262 3326 3320 XXXIII.

2343 3413 2508 3470 Vens.
2561 3415 3078 3490 L—Locutusquc,
3118 3431 3226 3478 etc.
3281 3423 3472 3496 (Auc.,
3513 3432 3672 3492 quam.
3710 3418 3780 3473 119

2273 3509 2328 3563 in
2385 3505 2584 3582 Exod.)
2633 3510 2774 3568 Deus
2818 3512 3018 3578 iratus,
3063 3520 3194 3579 etc.,
3248 3498 3413 3587 usque
3458 3516 3524 3569 ad
3563 3527 3673 3568 voce
3707 3518 3778 3564 ter-

2274 3601 2447 3657 rebat.

2351 3687 2498 3745 Vade
2514 3697 2662 3757 ,-etc.
2683 3689 2805 3762 (10.,
2823 3701 3007 3762 quwst.
3035 3693 3183 3765 150.)
3207 3694 3476 3751 Continuo
3503 3705 3714 3764 tanquam
3733 3689 3778 3742 ad

2273 3783 2447 3852 ipsum
2486 3782 2688 3848 Mosen,
2711 3791 2842 3849 etc.,
2875 3800 3036 3856 usque
3055 3785 3126 3838 ad
3146 3800 3177 3839 a
3200 3785 3345 3843 facie
3371 3785 3590 3842 Domini.

2343 3874 2505 3928 Vens.
2555 3873 2934 3929 2.-—-Mittam
2981 3892 3380 3945 prmeursorem.
3422 3877 3600 3949 (Acta,
3643 3879 3777 3944 quast.

2273 3961 2420 4033 150.)
2464 3963 2606 4019 Deus
2636 3979 2758 4020 cum
2779 3962 2944 4032 justis
2970 3973 3052 4020 est
3078 3966 3370 4033 visitando,
3418 3964 3712 4025 miserando,
3744 3966 3780 4013 et

2271 4052 2623 4110 confortando
2656 4073 2668 4108 :
2704 4071 2826 4110 cum
2875 4055 3054 4126 impiis
3096 4072 3247 4122 vero,
3298 4056 3592 4113 ulciscendo
3631 4063 3676 4106 el
3710 4063 3779 4118 Ριι·

2271 4144 2488 4200 niendo.
2538 4146 2606 4200 Et
2640 4153 2724 4202 est
2754 4161 2946 4202 sensus
2977 4165 2989 4199 :
3016 4147 3151 4202 Cum
3193 4148 3280 4204 his
3331 4164 3436 4204 non
3478 4159 3672 4219 possum
3697 4152 3780 4196 esse

2269 4246 2492 4303 propter
2521 4243 2592 4300 te,
2624 4235 2981 4291 ut‘vindicem
3010 4244 3064 4291 et
3083 4238 3338 4307 puniam;
3373 4254 3469 4294 nec
3489 4243 3680 4308 propter
3699 4242 3777 4290 eos,

2269 4333 2329 4380 ut
2381 4326 2592 4382 visitem
2635 4335 2691 4382 et
2738 4325 3074 4384 confortem:
3115 4330 3328 4386 mittam
3377 4329 3607 4401 angelum
3649 4334 3778 4380 meum

2268 4415 2480 4472 saltem.

2341 4531 2505 4585 Vens.
2544 4534 2598 4588 4.
2642 4561 2711 4571 -—
2751 4531 2985 4586 Audiens
3038 4532 3282 4604 populus.
3331 4532 3509 4606 (ΚΑΒ.)
3544 4527 3778 4586 Pessimum

2268 4635 2574 4676 sermonem
2622 4621 2754 4706 dicit
2795 4621 3065 4678 audivisse
3109 4626 3388 4695 populum,
3435 4627 3532 4679 hoc
3573 4629 3774 4710 est,ct_l|'

2267 4705 2601 4762 delissimum
2629 4705 2790 4777 atque
2830 4709 3259 4764 maestissimum.
3299 4709 3450 4778 Quod
3489 4708 3620 4764 enim
3651 4705 3778 4769 majus

2266 4798 2424 4853 alicui
2464 4799 2708 4867 prtestari
2749 4808 2927 4869 potest
2972 4801 3318 4868 beneﬁcium,
3371 4817 3528 4872 quam
3569 4797 3648 4853 Dei
3691 4805 3776 4862 ςτε-

2266 4890 2395 4944 tiam
2422 4890 2623 4945 habere
2656 4899 2996 4960 praesentem,
3023 4908 3086 4948 ac
3121 4893 3451 4948 conditorem
3488 4903 3628 4946 suum
3653 4895 3776 4956 agno.

2262 4999 2417 5039 scere
2443 4984 2542 5038 sibi
2565 4998 2684 5038 esse
2709 4983 3030 5054 propitium;
3064 4992 3156 5040 aut
3181 4983 3324 5055 quod
3348 4983 3516 5053 majus
3542 4990 3616 5036 est
3638 4971 3778 5033 discri-

2265 5091 2408 5140 men,
2461 5091 2622 5144 quam
2674 5075 2912 5130 auctoris
2963 5075 3188 5131 sulferre
3241 5075 3419 5130 iram?
3470 5071 3602 5128 Nihil
3648 5065 3770 5122 habet

2263 5167 2410 5231 boni,
2444 5167 2536 5236 qui
2585 5167 2847 5222 creatoris
2896 5167 2977 5221 sui
3035 5167 3243 5222 carebit
3293 5166 3467 5237 gratia
3515 5171 3659 5230 atque
3678 5165 3780 5225 ι)Γῶ-

2261 5258 2459 5314 sentia.
3313 5249 3320 5258 ’

2335 5350 2496 5406 Vens.
2533 5349 2585 5402 7.
2609 5379 2677 5390 —
2707 5347 2917 5403 Totiens
2965 5347 3384 5412 tabernaculum,
3432 5354 3533 5402 etc.
3582 5339 3680 5396 Hoc
3707 5342 3777 5402 Ρθτ

2261 5443 2554 5515 prolepsim
2577 5442 2968 5512 accipiendum,
2999 5441 3044 5495 si
3071 5442 3139 5496 de
3173 5441 3262 5496 illo
3309 5433 3638 5495 tabernaculo
3671 5419 3774 5515 acti‘

2261 5512 2426 5607 pitur,
2454 5538 2596 5605 quod
2623 5535 2788 5605 Moysi
2822 5535 2874 5588 in
2906 5543 3088 5588 monte
3141 5541 3493 5588 monstratum
3543 5535 3635 5587 est,

2262 5600 2548 5691 bricatuin,
2582 5600 2927 5696 prmeipiente
2954 5625 3205 5689 Domino,
3239 5641 3268 5679 a
3291 5619 3522 5678 Beseleel
3548 5600 3771 5704 etOoliIP-

2261 5717 2360 5772 Vel
2394 5718 2538 5772 aliud
2564 5717 2968 5772 tabernaculum
2996 5716 3116 5782 fuit,
3147 5716 3213 5772 ad
3243 5714 3384 5786 quod
3407 5712 3516 5782 jam
3545 5704 3773 5763 convenie-

2263 5811 2398 5865 bant
2419 5809 2484 5864 ad
2501 5810 2874 5881 judicandum.
