3998 6332
266 381 380 440 289

1277 374 1544 432 GLOSSA
1585 373 1981 433 ORDINARIA.
2023 406 2092 416 —
2126 377 2252 432 LIB.
2297 377 2500 435 EXOD.

3424 389 3532 448 290

340 497 510 552 Vens.
553 494 606 550 8.
643 521 713 533 —
756 490 986 562 Cumque
1035 491 1366 562 egrederetur
1388 531 1403 554 ,
1463 500 1568 546 etc.
1624 490 1844 560 (6356.,
1875 491 1919 550 Α
1948 489 1992 543 Α
2021 490 2130 544 Deo
2160 493 2404 548 homines
2431 493 2588 549 nullis
2612 496 3042 564 praecedentibus
3074 499 3281 558 meritis
3318 505 3527 574 vocari,

264 589 409 642 hom.
447 586 515 640 13
558 586 613 638 in
644 582 857 654 Ezeclu)
890 582 1144 637 Hebraeus
1173 581 1399 652 populus
1442 583 1508 636 de
1533 581 1848 653 Egyptiaca

265 679 532 737 servitute
586 675 880 739 liberatus,
930 682 1057 739 etc.,
1123 691 1284 744 usque
1342 672 1410 726 ad
1464 673 1712 744 progredi
1759 687 1848 728 co-

263 781 488 826 nantur.

337 861 790 933 Aspiciebantque,
831 866 934 913 etc.
983 856 1231 928 (Suum)
1275 856 1486 928 Moyses
1528 863 1673 911 tenet
1706 844 1846 933 liqu

262 968 382 1008 ram
413 927 595 1023 'legis.
669 927 834 1020 Moysi
887 963 1016 1019 ergo
1061 927 1270 1020 tergum
1322 927 1548 1018 populus
1592 927 1848 1004 Iudaicus

260 1046 586 1117 aspiciebat,
616 1043 738 1113 quia
775 1041 907 1096 nihil
952 1041 1258 1113 mysticum,
1284 1041 1430 1096 ~nihil
1481 1041 1755 1111 spirituale
1793 1041 1846 1095 in

259 1137 381 1206 lege
419 1134 588 1190 voluit
631 1132 948 1204 intelligere,
987 1132 1079 1187 sed
1126 1132 1467 1202 superﬁciem
1508 1140 1718 1186 tantum
1761 1132 1848 1186 lit-

259 1237 415 1282 terte.
471 1225 596 1281 Ideo
625 1223 741 1293 ejus
772 1223 938 1280 facies
971 1223 1283 1279 abscondita
1323 1232 1460 1289 erat,
1497 1225 1548 1280 id
1585 1235 1687 1292 est,
1718 1241 1846 1281 vera

256 1326 314 1374 et
363 1333 512 1373 mera
552 1317 805 1390 cognitio.
852 1317 1097 1386 Ingresso
1139 1317 1231 1372 illo
1269 1318 1671 1374 tabernaculum
1697 1360 1712 1385 ,
1754 1320 1846 1374 de-

259 1411 554 1469 scendebat
578 1411 825 1466 columna
858 1409 1037 1476 nubis,
1069 1418 1124 1466 et
1153 1411 1332 1466 stabat
1368 1411 1434 1466 ad
1470 1412 1689 1467 ostium.
1728 1411 1845 1467 Alia

258 1504 544 1560 translatio
577 1504 709 1558 dicit
736 1505 880 1573 quod
907 1503 1075 1576 Moysi
1103 1503 1315 1575 .volenti
1355 1505 1562 1576 ingredi
1601 1505 1847 1560 taberna-

256 1596 472 1661 culum,
512 1596 815 1666 opponebat
843 1611 901 1650 se
935 1597 1104 1651 nubes
1131 1603 1255 1650 ante
1281 1605 1335 1650 et
1359 1595 1677 1666 prohibebat
1697 1611 1840 1652 eum.

254 1689 362 1744 Hic
383 1697 564 1746 autem
599 1689 814 1754 dicitur,
850 1690 991 1759 quod
1013 1689 1106 1745 illo
1132 1690 1373 1760 ingresso
1394 1689 1713 1760 loquebatur
1742 1707 1844 1746 nu-

251 1779 354 1837 bes
393 1791 518 1837 ante
561 1783 756 1838 ostium
793 1798 914 1838 cum
954 1797 1040 1838 eo.
1088 1780 1375 1838 Sciendum
1411 1798 1538 1853 ergo
1575 1784 1717 1852 quod
1744 1783 1842 1838 ali-

253 1888 421 1943 quam
450 1881 677 1944 partem.
697 1873 1118 1944 ingrediebatur,
1149 1873 1346 1928 atrium
1381 1873 1608 1938 scilicet,
1633 1883 1688 1929 et
1713 1884 1839 1931 tunc

252 1971 544 2032 antequam
585 1963 810 2020 intraret
843 1964 898 2018 in
938 1963 1340 2019 tabernaculum
1369 2004 1384 2029 ,
1426 1964 1732 2034 opponebat
1780 1979 1840 2020 se

249 2052 466 2107 nubes:
499 2053 601 2108 hoc
643 2068 772 2122 ergo
811 2053 930 2108 loco
965 2053 1227 2124 signiﬁcat
1269 2068 1362 2108 eos
1389 2054 1480 2122 qui
1508 2054 1686 2110 minus
1714 2062 1840 2110 sunt

247 2143 488 2212 perfecti
515 2143 738 2199 scientia
761 2153 814 2200 et
845 2159 1028 2216 opere,
1052 2159 1152 2200 nec
1180 2144 1360 2199 valent
1388 2145 1577 2200 intima
1607 2146 1840 2216 scriptu-

251 2252 444 2291 rarum
466 2245 769 2307 penetrare.
795 2237 935 2292 Alibi
956 2247 1134 2293 autem
1147 2239 1362 2308 quando
1376 2239 1611 2293 medium
1634 2239 1841 2295 nebulae

246 2328 530 2397 ingressus
565 2335 668 2392 est,
707 2327 1067 2397 perfectorum
1117 2327 1342 2398 ﬁguram
1391 2328 1581 2394 tenuit,
1633 2329 1839 2384 scilicet

244 2418 344 2489 qui
372 2418 721 2490 mysticorum
749 2433 1002 2474 sensuum
1043 2433 1240 2473 arcana
1278 2419 1622 2490 investigant.

321 2511 656 2582 Loquebatur
701 2519 874 2565 autent
923 2511 1198 2566 Dominus.
1275 2509 1578 2566 Secundum
1629 2511 1838 2581 opinio-

245 2619 376 2659 nem
405 2603 587 2674 populi
617 2603 854 2674 loquitur
887 2603 1188 2674 Scriptura,
1226 2604 1318 2674 qui
1354 2606 1578 2675 putabat
1616 2605 1836 2677 Moysen

243 2710 345 2750 ore
373 2695 439 2750 ad
465 2711 527 2751 os
556 2695 700 2764 loqui
733 2709 853 2749 cum
893 2695 1025 2759 Deo,
1063 2710 1184 2749 cum
1219 2711 1314 2765 per
1347 2694 1641 2763 subjectam
1683 2711 1836 2751 crea-

244 2795 452 2852 turam,
485 2785 538 2840 id
563 2794 648 2842 est
678 2799 776 2856 per
804 2785 1053 2857 angelum
1075 2793 1129 2840 et
1155 2787 1348 2841 nubem
1371 2787 1420 2842 ei
1445 2787 1756 2858 loqueretur
1781 2796 1838 2844 et

242 2884 556 2947 appareret.
610 2874 743 2930 Nam
779 2877 896 2948 ejus
926 2875 1281 2932 substantiam
1311 2894 1409 2933 nec
1431 2879 1709 2934 hominum
1737 2893 1838 2934 nec

240 2966 562 3038 angelorum
585 2965 749 3037 (sicut
768 2967 873 3037 est)
903 2967 1186 3036 quisquam
1215 2967 1397 3021 videre
1428 2967 1620 3036 potuit,
1650 2967 1791 3022 unde
1817 2984 1830 3021 :

242 3055 377 3127 Regi
406 3066 579 3110 autem
616 3054 930 3109 sa'culorum
966 3055 1268 3120 immortali,
1312 3056 1580 3122 invisibili,
1613 3065 1717 3111 etc.
1767 3055 1835 3112 Et

239 3145 377 3200 alibi
413 3162 426 3198 :
463 3143 654 3198 Lucem
701 3144 900 3198 habitat
941 3143 1348 3200 inaccessibilcm
1375 3185 1391 3212 ,
1436 3153 1540 3200 etc.
1591 3144 1642 3217 (Ι
1691 3145 1826 3200 Tim.

237 3256 282 3305 ι,
306 3237 411 3308 γι).

316 3349 540 3421 (ϐιιεῦη
571 3348 626 3404 in
652 3349 680 3403 Ι
718 3348 868 3420 Reg.,
903 3365 1020 3422 cap.
1066 3351 1178 3421 10.)
1219 3351 1411 3408 Facies
1455 3353 1555 3409 Dei
1596 3355 1833 3427 cognitio

238 3443 369 3512 ejus
393 3451 496 3498 est.
547 3441 900 3513 Cognoscitur
925 3452 1104 3499 autem
1128 3444 1268 3500 Deus
1295 3460 1390 3514 per
1415 3447 1712 3516 speculum,
1741 3463 1833 3504 co-

238 3535 531 3608 gnoscitur
579 3550 675 3604 per
725 3535 981 3604 seipsum.
1049 3536 1152 3589 Per
1199 3536 1472 3606 speculum
1526 3538 1615 3593 hic
1659 3579 1673 3604 ,
1737 3554 1834 3609 per

239 3627 604 3696 semetipsum
651 3627 705 3681 in
752 3627 907 3682 coelo.
966 3627 1252 3698 Speculum
1301 3645 1428 3685 vero
1476 3639 1558 3686 est
1601 3631 1690 3686 illa
1739 3633 1831 3687 lux

235 3733 413 3787 quam
456 3717 665 3772 habitat
707 3716 850 3774 Deus
880 3734 894 3772 :
924 3719 1039 3789 ipse
1073 3727 1254 3774 autem
1294 3719 1385 3774 lux
1424 3719 1512 3775 illa
1560 3737 1680 3791 quae
1716 3723 1832 3794 ipse

237 3817 353 3864 εει.

318 3919 382 3976 Si
418 3937 540 3992 ergo
580 3922 752 3976 inveni
790 3923 1032 3993 gratiam,
1080 3932 1184 3980 etc.
1229 3924 1410 3996 (AUG.,
1457 3938 1639 3998 quiest.
1684 3929 1830 4002 151.)

237 4015 348 4070 His
396 4015 579 4090 verbis
625 4016 863 4071 ostendit
908 4017 1134 4088 Moyses,
1177 4029 1306 4084 etc.,
1363 4037 1524 4092 usque
1567 4027 1636 4076 ad
1677 4031 1736 4077 ut
1775 4039 1834 4080 se

237 4108 481 4164 mundos
508 4117 563 4164 et
591 4108 876 4164 inviolatos
901 4110 1204 4165 custodiant
1231 4121 1283 4165 et
1313 4111 1616 4180 proﬁciant.

319 4224 486 4280 Vsus.
529 4223 701 4279 17.—
727 4222 793 4277 Et
837 4225 1054 4294 teipsum
1095 4226 1229 4290 novi,
1267 4235 1370 4281 etc.
1421 4226 1600 4298 (Auc.,
1643 4239 1828 4298 qua’sl.

239 4317 399 4386 155.)
442 4315 704 4382 Quoniam
741 4317 848 4370 scio
891 4326 938 4370 te
968 4333 1078 4385 pra:
1125 4318 1386 4385 omnibus,
1426 4327 1530 4375 etc.
1582 4319 1831 4390 Nunquid

237 4412 392 4466 Deus
419 4409 536 4480 plus
565 4409 744 4479 aliqua
769 4410 873 4464 scit
896 4417 950 4462 et
969 4409 1150 4478 aliqua
1169 4411 1381 4466 minus?
1410 4422 1516 4467 etc.
1537 4454 1551 4478 ,
1573 4429 1736 4484 usque
1761 4412 1830 4467 ad

237 4504 344 4560 sed
394 4503 702 4572 diligentius
749 4502 1134 4571 requirendum
1169 4513 1254 4559 est
1288 4506 1342 4558 in
1382 4505 1651 4575 prioribus
1685 4505 1830 4561 Scri-

236 4605 422 4669 ptura:
453 4595 693 4664 partibus
717 4609 785 4648 an
810 4609 936 4648 vere
955 4594 1026 4648 sit
1055 4593 1151 4648 ita.

1949 591 2080 648 etc.,
2107 599 2266 653 usque
2295 586 2363 638 ad
2398 585 2442 640 si
2475 586 2689 642 deserat
2715 589 2806 656 qui
2832 589 3064 646 vocavit.

2022 671 2144 727 Non
2170 677 2381 743 poteris,
2415 685 2519 732 etc.
2571 677 2753 750 (AUG.,
2777 690 2959 750 quiest.
2991 681 3138 754 154.)
3161 683 3292 740 Post
3313 687 3526 744 miseri-

1948 763 2146 819 cordiae
2168 780 2278 820 suae
2307 769 2848 837 commendationem,
2865 780 2992 839 etc.,
3009 789 3168 844 usque
3179 775 3249 830 ad
3263 777 3528 836 huicvitz

1951 855 2288 910 moriendum
2313 866 2415 912 est.

2019 944 2184 1001 Vens.
2240 945 2564 1004 20.—Non
2603 953 2773 1020 enim,
2818 962 2924 1010 etc.
2977 954 3199 1028 (Caeca,
3249 958 3344 1016 lib.
3389 977 3524 1020 XVII!

1949 1037 2166 1102 Moral.,
2208 1054 2326 1110 cap.
2362 1039 2447 1104 57,
2491 1049 2623 1097 tom.
2659 1043 2726 1116 1.)
2763 1043 2996 1102 Joannes
3022 1063 3235 1118 quoque
3255 1053 3363 1108 ait:
3393 1063 3527 1124 etc.,

1947 1146 2108 1200 usque
2157 1130 2226 1184 ad
2265 1131 2392 1200 quia
2428 1133 2648 1190 satietas
2683 1151 2750 1192 ex
2785 1137 3052 1196 desiderio
3089 1157 3300 1214 semper
3331 1160 3526 1202 accen-

1947 1223 2110 1278 ditur.

2019 1316 2182 1373 Vens.
2207 1319 2381 1374 21.-
2401 1319 2554 1387 Ecce,
2583 1322 2772 1394 inquit,
2802 1324 2946 1381 locus
2967 1336 3042 1381 est
3067 1329 3208 1399 apud
3227 1346 3327 1395 me,
3351 1339 3400 1384 et
3418 1339 3527 1386 sta-

1948 1409 2025 1464 bis
2060 1427 2242 1482 supra,
2273 1421 2378 1469 etc.
2419 1412 2602 1485 (Auc.,
2639 1426 2824 1488 quiest.
2865 1417 3012 1490 154.)
3047 1419 3180 1476 Item
3211 1421 3528 1493 interposito

1946 1502 2176 1557 articulo
2211 1503 2420 1560 dicente
2447 1505 2760 1582 Scriptura,
2781 1518 2911 1576 etc.,
2941 1527 3104 1582 usque
3137 1513 3206 1566 ad
3245 1513 3394 1568 stetit
3428 1525 3526 1584 po-

1943 1594 2101 1664 pulus
2129 1595 2301 1652 ﬁdelis
2328 1613 2489 1668 supra
2519 1608 2748 1670 petram.

2015 1687 2231 1759 (GN-36.,
2255 1689 2348 1745 lib.
2375 1707 2480 1745 xxv
2507 1691 2722 1756 Moral.,
2760 1707 2880 1763 cap.
2926 1694 3036 1766 16.)
3077 1695 3174 1750 Est
3205 1696 3350 1752 locus
3386 1698 3527 1766 apud

1945 1794 2048 1844 me,
2086 1788 2190 1835 etc.
2243 1779 2418 1838 Locus
2462 1782 2718 1839 Ecclesia.
2767 1783 2923 1840 Petra
2964 1787 3258 1854 Dominus,
3312 1788 3523 1860 Moyses

1867 1854 1914 1914 Β
1941 1869 2163 1926 Judaica
2190 1873 2362 1943 plebs,
2393 1890 2512 1945 quae
2543 1875 2770 1931 Domino
2806 1877 3132 1946 prsedicante
3155 1879 3210 1933 in
3241 1888 3385 1934 terra
3399 1854 3526 1935 ‘non

1941 1965 2191 2019 credidit.
2264 1966 2380 2036 Ipsa
2440 1983 2570 2039 ergo
2626 1969 2680 2023 in
2724 1978 2876 2039 petra
2919 1971 3069 2025 stetit
3117 1979 3264 2044 terga
3313 1971 3526 2027 Domini

1941 2057 2268 2112 transeuntis
2316 2058 2603 2129 aspiciens,
2642 2059 2788 2129 quia,
2827 2060 3035 2116 scilicet
3065 2070 3188 2130 post
3220 2061 3526 2133 passionem

1941 2148 2421 2219 ascensionemque
2455 2150 2666 2204 Domini
2693 2150 2834 2204 intra
2855 2151 3150 2206 Ecclesiam
3176 2153 3404 2207 deducta
3427 2163 3524 2220 per

1942 2235 2098 2290 ﬁdem
2150 2236 2426 2292 Christum
2460 2241 2739 2308 percipere
2770 2241 2988 2304 meruit,
3028 2249 3082 2294 et
3109 2239 3263 2308 cujus
3288 2255 3526 2310 praesen-

1941 2325 2072 2378 tiam
2104 2341 2210 2380 non
2241 2327 2394 2392 vidit,
2425 2326 2542 2395 ejus
2575 2329 2876 2397 posteriora
2905 2331 3172 2399 cognovit.

2011 2415 2213 2488 (Gneo.
2265 2419 2430 2490 ibid.)
2488 2419 2586 2473 Est
2623 2419 2767 2475 locus
2813 2421 2952 2492 apud
2994 2437 3095 2486 me,
3137 2429 3242 2476 etc.
3284 2420 3526 2478 Ecclesia

1942 2507 2170 2571 scilicet,
2204 2516 2330 2573 etc.,
2364 2525 2527 2580 usque
2555 2509 2624 2563 ad
2653 2510 2728 2564 De
2753 2526 2860 2579 qua
2883 2510 3153 2565 soliditate
3174 2511 3401 2566 dicitur:
3425 2509 3528 2567 Su-

1938 2617 2031 2670 per
2061 2601 2197 2656 hanc
2234 2610 2435 2670 petram
2465 2601 2735 2669 wdiﬁcabo
2766 2602 3079 2657 Ecclesium.

2009 2693 2172 2746 Vens.
2221 2691 2657 2763 22.—Cumque
2702 2694 2938 2748 transibit
2987 2695 3156 2764 gloria
3209 2712 3362 2760 mea,
3413 2706 3520 2753 etc.

1937 2781 2286 2852 (Eecnemus,
2318 2781 2411 2836 lib.
2442 2782 2506 2836 de
2529 2781 2713 2837 Form.
2739 2784 2936 2857 spirit.)
2967 2785 3074 2840 Sed
3099 2794 3155 2840 et
3183 2787 3414 2841 transire
3439 2787 3524 2842 di-

1935 2874 2078 2928 citur
2108 2873 2280 2939 Deus,
2317 2889 2441 2930 cum
2469 2875 2535 2930 de
2562 2875 2817 2931 cordibus
2846 2877 3199 2946 quorumdam
3223 2879 3522 2948 hominum,

1935 2965 1990 3020 in
2025 2965 2219 3034 quibus
2254 2973 2380 3020 ante
2417 2981 2514 3036 per
2553 2965 2712 3020 ﬁdem
2753 2967 3098 3034 credebatur,
3127 2978 3312 3038 postea
3343 2984 3524 3026 surre-

1933 3066 2095 3128 pente
2134 3059 2357 3128 perﬁdia
2389 3059 2473 3114 vel
2497 3058 2736 3129 quolibet
2763 3058 2978 3124 delicto,
3017 3062 3085 3116 ab
3126 3061 3205 3116 eis
3244 3062 3446 3117 recedit
3473 3070 3528 3117 et

1936 3150 2002 3204 ad
2041 3149 2173 3205 alios
2214 3151 2428 3215 transit,
2469 3151 2924 3220 quemadmodum
2963 3151 3029 3206 de
3071 3151 3269 3209 Judaeis
3303 3154 3370 3208 ad
3397 3169 3528 3223 gen-

1937 3249 2040 3303 tes,
2071 3243 2137 3296 de
2165 3241 2430 3296 haereticis
2463 3242 2531 3297 ad
2565 3243 2880 3307 catholicos,
2916 3251 2971 3298 et
3002 3243 3067 3298 de
3095 3243 3424 3312 quibuslibet
3444 3246 3524 3300 ir-

1932 3332 2200 3401 religiosis
2232 3335 2298 3388 ad
2327 3335 2626 3402 religiosos.

2004 3421 2071 3476 Et
2095 3435 2361 3496 protegam
2389 3425 2571 3498 (Auc.,
2600 3427 2688 3480 ubi
2720 3426 2927 3498 supra.)
2955 3437 3003 3481 et
3028 3436 3198 3498 tegam
3223 3446 3383 3483 manu
3407 3446 3522 3485 mea

1931 3531 2088 3586 super
2117 3526 2182 3580 te,
2213 3526 2339 3583 etc.,
2364 3535 2522 3589 usque
2543 3519 2611 3571 ad
2638 3519 2830 3574 deinde
2852 3521 3090 3574 contexit
3111 3521 3239 3590 quid
3263 3521 3521 3578 Dominus

1932 3613 2121 3676 postea
2143 3607 2288 3662 dicat
2317 3626 2329 3662 :
2357 3607 2558 3663 Excide
2585 3609 2678 3663 tibi
2711 3611 2845 3664 duas
2884 3610 3090 3666 tabulas
3125 3611 3380 3682 lapideas,
3413 3621 3520 3668 etc.

2468 3741 2698 3799 CAPUT
2737 3741 2977 3800 XXXIV.

2007 3877 2170 3932 Vens.
2201 3877 2252 3930 7.
2294 3906 2363 3916 —
2404 3876 2507 3943 Qui
2550 3876 2723 3930 reddis
2767 3877 3093 3947 iniquitatem
3138 3889 3346 3950 patrum
3391 3880 3520 3951 ﬁliis

1934 3985 1997 4023 ac
2038 3969 2305 4040 nepotibus
2338 3968 2390 4021 iu
2415 3968 2622 4021 tertiam
2651 3977 2699 4021 et
2730 3979 2991 4039 quartam,
3018 3981 3149 4036 etc.,
3179 3969 3396 4044 (GM-36.,
3425 3973 3517 4028 lib.

1933 4077 2003 4115 xv
2035 4059 2252 4125 Moral.,
2287 4075 2408 4130 cap.
2451 4060 2565 4132 22.)
2606 4060 2739 4115 Cum
2771 4064 3027 4132 scriptum
3070 4064 3165 4130 sit,
3194 4075 3328 4131 etc.,
3361 4083 3524 4137 usque

1935 4155 2004 4209 ad
2031 4155 2122 4224 qui
2149 4153 2398 4208 viderunt
2423 4154 2566 4223 quod
2597 4153 2734 4208 male
2755 4163 3129 4223 sequerentur.

2007 4247 2170 4300 Vens.
2211 4246 2298 4300 14.
2329 4277 2398 4285 --
2431 4246 2687 4300 Dominus
2715 4245 2922 4300 zelotes.
2976 4246 3162 4316 (Auc.,
3196 4258 3378 4318 quwst.
3424 4248 3524 4305 158

1934 4338 1991 4392 in
2029 4335 2230 4408 Exod.)
2274 4336 2532 4392 Dominus
2564 4337 2704 4392 Deus
2742 4339 2885 4392 enim
2921 4338 3137 4405 zelans,
3183 4349 3314 4406 etc.,
3359 4357 3524 4412 usque

1936 4431 2004 4484 ad
2025 4439 2081 4484 et
2114 4430 2288 4499 perdit
2312 4445 2524 4484 omnem
2554 4430 2643 4498 qui
2672 4429 2971 4484 fornicatur
3006 4447 3036 4482 a
3065 4446 3143 4485 se.

2009 4521 2172 4576 Vens.
2201 4520 2290 4574 20.
2328 4551 2397 4560 -
2424 4519 2833 4591 Primogenitum
2862 4521 3031 4586 asini,
3070 4530 3176 4576 etc.
3215 4521 3386 4596 (lsrn.)
3421 4523 3525 4579 Per

1949 4615 2161 4669 asinum
2190 4613 2548 4676 immunditia,
2573 4627 2668 4680 per
2685 4626 2842 4666 ovem
2863 4611 3168 4668 innocentia
3192 4614 3522 4686 designatur.

323 4709 490 4764 Vens.
534 4707 618 4762 19.
645 4704 849 4775 —-Ego
888 4706 1179 4782 ostendqm.
1234 4705 1418 4778 (Auo.,
1457 4718 1640 4780 quiest.
1691 4708 1842 4786 154.)
1946 4707 2096 4763 Asini
2129 4721 2258 4778 ergo
2297 4704 2650 4776 primogenita
2697 4718 2796 4758 ove
2836 4713 3075 4771 mutare,
3119 4717 3200 4760 εει
3238 4708 3525 4763 immunda

240 4802 389 4858 Cum
437 4798 662 4853 dixisset
711 4795 921 4867 Moyses
971 4796 1040 4850 ad
1089 4797 1372 4852 Dominum
1416 4839 1432 4864 ,
1465 4806 1570 4854 etc.
1609 4840 1624 4866 ,

241 4895 322 4950 ad
391 4900 616 4948 vocatur
684 4889 943 4945 Dominus
997 4888 1244 4945 Christus
1293 4890 1347 4944 in
1400 4890 1648 4946 omnibus
1708 4907 1838 4962 gen-

239 4988 632 5130 ubgjeocabo.
679 5073 858 5146 (Auc.,
885 5081 1072 5144 quiest.
1104 5069 1253 5135 154.)
1295 5071 1504 5127 Vocabo
1539 5081 1720 5129 autem
1752 5074 1833 5130 di-

241 5169 354 5235 xit,
385 5183 491 5222 non
519 5166 775 5230 vocabor,
818 5166 1052 5220 activum
1085 5165 1311 5220 verbum
1351 5179 1449 5236 pro
1483 5167 1693 5236 passivo
1733 5182 1833 5238 po-

241 5275 408 5322 nens,
443 5272 638 5330 genere
668 5257 954 5312 locutionis
978 5257 1258 5320 inusitato,
1288 5255 1344 5309 in
1372 5271 1479 5326 quo
1506 5255 1644 5313 forte
1671 5258 1837 5330 signi-

244 5355 422 5412 ﬁcare
442 5355 612 5410 voluit
639 5354 876 5423 seipsum
919 5353 1022 5407 hoc
1055 5350 1256 5415 facere,
1295 5351 1349 5405 id
1382 5361 1488 5416 est,
1523 5353 1696 5422 gratia
1739 5369 1834 5410 sua

247 5451 392 5512 ﬁeri,
419 5457 478 5502 ut
496 5458 716 5504 vocetur
745 5447 1002 5502 Dominus
1024 5444 1079 5498 in
1105 5444 1356 5498 omnibus
1384 5445 1651 5515 gentibus.

325 5539 396 5594 Et
421 5539 718 5600 miserebor,
744 5547 849 5592 etc.
895 5536 1076 5607 (AUG.,
1103 5536 1191 5589 ubi
1211 5534 1415 5607 supra.)
1434 5535 1588 5604 Quod
1611 5537 1832 5602 addidit,

245 5644 388 5700 etc.,
425 5649 583 5704 usque
623 5631 692 5686 ad
731 5631 809 5686 sic
851 5632 989 5684 Deus
1014 5628 1381 5698 pronuntiavit
1409 5629 1834 5684 misericordiam

247 5743 316 5785 Ie
334 5741 454 5783 esse
485 5727 768 5781 facturum.
919 5728 926 5736 '

1681 4817 1842 4870 usque
1942 4800 2067 4853 vitae
2094 4797 2385 4868 primordia
2416 4797 2482 4850 ad
2509 4797 2828 4851 innocentia:
2867 4795 3265 4867 simplicntatem
3293 4813 3524 4854 conver-

1941 4900 2087 4958 tere,
2137 4901 2195 4946 ut
2239 4901 2524 4961 postquam
2567 4889 2655 4944 illa
2703 4901 2957 4960 peccator
2991 4892 3132 4963 egit,
3165 4908 3283 4963 quae
3322 4900 3380 4947 ut
3418 4894 3521 4948 im-

1937 4982 2138 5037 munda
2181 4981 2438 5036 Dominus
2485 4981 2718 5050 respuit,
2757 4995 2821 5036 ea
2847 4979 2962 5048 jam
3001 4983 3206 5052 agendo
3255 4981 3522 5052 proferat,

1935 5091 2056 5146 qua:
2089 5075 2184 5128 Dei
2228 5072 2495 5128 sacriﬁcio
2526 5073 2725 5127 munda
2762 5073 3023 5142 imponat.

2009 5168 2170 5223 Vens.
2203 5165 2291 5220 21.
2315 5194 2382 5206 -
2413 5165 2511 5219 Die
2534 5165 2774 5234 septimo.
2804 5164 2988 5237 (Aus.,
3013 5173 3195 5235 quast.
3221 5162 3368 5237 160.)
3389 5163 3521 5220 Cum

1939 5261 2006 5316 de
2032 5259 2268 5315 Sabbato
2288 5258 2622 5329 praeciperet,
2655 5266 2786 5324 etc.,
2813 5273 2977 5329 usque
3001 5255 3071 5310 ad
3103 5259 3256 5312 omni
3281 5264 3522 5328 tempore

1941 5355 2163 5410 sabbato
2191 5353 2385 5408 debere
2407 5352 2630 5407 cessari.

1947 5469 1950 5472 ’
2013 5447 2174 5500 Vsus.
2199 5444 2287 5498 24.
2302 5473 2374 5484 -
2389 5443 2582 5498 Nullus
2604 5443 2941 5497 insidiabitur
2965 5441 3145 5515 (AUG.,
3165 5450 3350 5514 quast.
3375 5436 3522 5509 161.)

1942 5539 2096 5608 Quod
2146 5537 2312 5602 dixit,
2357 5546 2488 5603 etc.,
2536 5553 2696 5608 usque
2739 5536 2810 5590 ad
2857 5535 2948 5591 ubi
2991 5533 3394 5590 tabernaculum
3437 5528 3522 5584 vel

1943 5631 2198 5702 templum
2224 5632 2363 5686 Deus
2389 5631 2566 5685 fuerat
2592 5630 2892 5684 habiturus.

2015 5725 2176 5779 Vsus.
2208 5723 2296 5777 25.
2320 5753 2390 5763 —
2421 5721 2546 5776 Non
2599 5719 2920 5784 immolabis,
2970 5726 3074 5773 etc.
3121 5715 3302 5787 (AUG.,
3333 5724 3518 5786 quaest.

330 5819 511 5890 (Auc.,
545 5818 636 5874 lib.
673 5818 736 5874 de
767 5814 1232 5872 Prwdestinatione
1261 5824 1310 5869 et
1341 5811 1544 5881 Gratia,
1578 5831 1697 5886 cap.
1727 5816 1836 5887 10.)
1948 5817 2050 5872 162
2093 5826 2147 5872 et
2175 5815 2322 5886 163.)
2350 5815 2486 5883 Quid
2526 5823 2611 5870 est
2643 5812 2783 5884 quod
2816 5812 2893 5868 ait
2926 5829 2938 5866 :
2972 5810 3087 5866 Non
3122 5809 3338 5866 occides
3362 5824 3524 5880 super
