3998 6332
563 367 659 424 ι9ι
1057 338 1453 418 WALAFRIDI
1493 353 1740 411 STRABI
1780 350 1984 408 FULD.
2026 347 2193 405 MON.
2233 346 2386 404 OPP.
2429 346 2612 403 PARS
2650 346 2691 402 l.
2729 377 2798 388 —
2837 345 3296 405 THEOLOGICA.
3695 362 3777 419 αξη

561 479 888 534 fermentum
923 472 1238 544 sanguinem
1287 468 1682 525 immolatorum
1728 461 2012 517 meorum?
2057 462 2140 515 An
2169 469 2370 528 Acum
2441 458 2682 512 scientiae
2745 458 2946 513 lumine
3007 458 3301 529 igniculum
3367 463 3651 525 severitatis
3699 476 3774 529 δᾶ-

563 570 653 627 illa
689 570 792 624 hoc
816 567 937 622 loco
964 565 1096 620 dicit
1130 563 1404 618 immolata
1449 573 1576 625 sua,
1629 573 1747 628 qua:
1797 569 1895 626 per
1943 556 2144 624 pascha
2249 551 2496 605 misceat.

561 643 911 726 occiduntur,
945 667 1000 714 et
1021 657 1266 728 praecipit
1293 670 1361 710 ne
1393 664 1518 708 tunc
1543 652 1612 706 sit
1639 651 1693 706 in
1723 650 1882 706 domo
1904 647 2140 703 fermen-
2319 642 2442 714 (ln.)
2474 641 2530 697 Si
2572 643 2692 712 quis
2738 643 2897 714 digne
2935 644 3197 716 intelligat
3251 649 3452 705 exitum
3489 650 3779 719 Hebmomm

560 763 674 812 tum
691 795 707 820 ,
738 753 954 824 quando
982 758 1108 808 sunt
1134 750 1248 805 dies
1268 745 1625 818 azymorum?
2246 735 2312 790 de
2338 733 2596 805 Egypto,
2620 743 2750 822 etc.,
2777 752 2938 806 usque
2959 737 3029 789 ad
3052 747 3106 792 et
3133 739 3396 795 nobiliora
3422 741 3645 816 designat
3662 751 3780 808 indu.

577 827 584 835 I
636 845 794 900 Vens.
825 844 913 898 26.
945 874 1014 884 -
1043 840 1166 895 Νοη
1203 856 1388 910 coqucs
1433 838 1642 895 turdum
1680 838 1738 890 in
1780 835 1933 890 lacte.
1959 833 2138 906 (AUG.,
2245 827 2691 884 mentazlnduite
2714 845 2801 882 vos
2829 827 3112 882 Dominum
3135 829 3316 885 Jesum
3341 831 3674 921 Christumuet
3692 861 3779 899 ων.

559 935 648 994 ubi
713 934 927 1007 supra.)
981 933 1095 987 Non
1143 945 1344 1000 coques
1402 943 1598 1000 agnum
1648 928 1704 982 in
1758 925 1900 982 lacte
1957 926 2144 980 matris
2246 921 2326 974 nis
2353 936 2534 973 curam
2563 935 2624 973 ne
2654 918 2874 988 feceritis
2905 920 2960 973 in
2983 920 3181 975 deliciis
3204 921 3377 991 (Rom.
3415 925 3550 1000 χιιι).

559 1043 692 1093 suat,
733 1034 862 1089 etc.,
891 1040 1051 1094 usque
1077 1021 1145 1076 ad
1175 1022 1268 1076 sed
1295 1019 1553 1075 historica
1583 1017 1824 1072 narratio
1851 1024 1954 1072 est.
1983 1106 1994 1112 Δ
2124 1045 2152 1112 1
2315 1008 2538 1112 (Ense,
2604 1008 2692 1062 ubi
2747 1008 2983 1112 supra)
3011 1010 3068 1112 In
3140 1016 3533 1112 constructione
3568 1021 3779 1112 taberna-

636 1117 806 1191 (lsm.)
854 1116 1061 1188 Moyses
1100 1111 1458 1184 quadraginta
1522 1110 1710 1164 diebus
1757 1106 2056 1180 jejunavit,
2091 1099 2150 1162 et'
2245 1099 2520 1191 culi,etc.,
2553 1117 2714 1191 usque
2739 1100 2809 1154 ad
2834 1101 2985 1191 quasi
3013 1102 3131 1156 sine
3159 1102 3278 1160 luce
3298 1107 3528 1162 sonitum
3552 1109 3779 1174 dederunt.

560 1187 732 1273 Elias,
778 1187 834 1262 et
867 1187 981 1277 ipse
1008 1205 1296 1260 Dominus.
1332 1202 1652 1270 Praecipitur
1690 1200 1833 1255 enim
1879 1200 2034 1254 nobis
2078 1215 2139 1253 ex

2320 1189 2521 1260 (On1c.,
2554 1189 2642 1243 ubi
2685 1190 2890 1262 supra.)
2939 1187 3070 1246 Post
3111 1194 3227 1248 haec
3282 1195 3383 1250 viri
3435 1211 3719 1270 acceperunt
3755 1221 3776 1260 ιι

559 1300 675 1372 lege
694 1341 710 1366 ,
752 1314 819 1354 ex
849 1297 1126 1368 prophetis
1162 1305 1216 1353 et
1241 1295 1548 1366 Evangelio.
1579 1293 1731 1360 Quod
1769 1292 2144 1347 testimonium
2245 1280 2563 1334 mulieribus
2593 1281 2726 1344 suis,
2752 1289 2883 1348 etc.,
2902 1299 3062 1352 usque
3089 1284 3158 1336 ad
3183 1284 3326 1340 unde
3355 1303 3368 1338 :
3399 1286 3517 1342 Non
3543 1305 3694 1346 omnes
3715 1309 3778 1346 ca-

557 1405 623 1446 ex
641 1390 726 1444 his
745 1391 923 1444 habet.
949 1387 1096 1444 Unde
1114 1387 1166 1440 in
1190 1393 1371 1440 monte
1395 1387 1534 1438 inter
1554 1393 1842 1452 utramque
1856 1396 2136 1452 personam

2243 1373 2390 1443 piunt
2413 1373 2620 1425 verbum
2645 1372 2784 1425 istud
2803 1414 2817 1437 ,
2847 1373 2940 1426 sed
2959 1374 3144 1445 quibus
3161 1375 3342 1430 datum
3368 1387 3439 1431 est
3461 1377 3654 1450 (Matth.
3674 1383 3775 1453 ιιι),

558 1483 769 1544 medius
799 1481 1044 1536 Salvator
1067 1479 1299 1543 ell'ulsit,
1338 1487 1396 1532 ut
1440 1477 1508 1532 ab
1536 1477 1785 1532 omnibus
1811 1476 1996 1530 mundi
2027 1475 2144 1529 ille-
2315 1463 2480 1517 VEBS-
2513 1462 2565 1517 6-
2595 1493 2663 1502 -··
2699 1463 2940 1534 Pilosque
2977 1481 3278 1535 εαρνίινηιη·
3335 1466 3507 1537 (Οιιιϐο
3541 1469 3665 1523 Ιιοηι·
3691 1472 3774 1540 19.)

557 1574 734 1629 cebris
771 1573 1084 1627 aviditatem
1132 1579 1372 1626 nostram
1403 1579 1660 1639 tanquam
1684 1568 1892 1639 jejunio
1935 1578 2136 1640 tempe-

2243 1551 2342 1607 Pili
2369 1569 2653 1623 caprarum
2680 1553 3000 1622 offeruntur,
3032 1565 3160 1623 etc.,
3200 1575 3363 1630 usque
3397 1561 3463 1613 ad
3498 1561 3581 1630 qui
3601 1561 3776 1619 Domino

557 1665 747 1732 rantiae
788 1661 1157 1728 refrenemus,
1201 1661 1438 1732 quandiu
1475 1661 1737 1731 perfectio
1767 1661 2144 1732 Decalogiper
2244 1647 2399 1702 om?”
2438 1649 2604 1717 Penes
2649 1649 2898 1703 τινίθίυῐη-

556 1762 789 1825 quatuor
815 1753 1056 1825 ejusdem
1091 1752 1278 1807 mundi
1303 1761 1518 1822 partes,
1551 1752 1602 1806 id
1627 1760 1710 1807 est
1740 1753 1837 1806 toti
1863 1751 1980 1806 orbi
2007 1748 2135 1822 prae-

2315 1738 2479 1793 Vens.
2509 1739 2596 1792 21.
2628 1770 2698 1778 -
2729 1739 2996 1810 Quidquid
3009 1742 3078 1794 ad
3101 1740 3325 1808 cultum,
3365 1752 3467 1798 etc.
3502 1743 3691 1816 (GM-36.,
3711 1745 3775 1798 ubi

557 1845 796 1912 dicatur,
820 1853 880 1899 ut
911 1844 1095 1899 decem
1123 1853 1316 1914 quater
1339 1843 1498 1897 ducta
1531 1843 2012 1914 quadragenarium
2035 1859 2137 1897 nu-
2166 1846 2214 1906 Β
2242 1829 2448 1900 supra.)
2492 1829 2548 1883 In
2579 1838 2895 1885 ornamento
2937 1833 3269 1888 tabernaculi
3309 1835 3407 1889 viri
3441 1850 3555 1890 cum
3582 1836 3774 1892 mulieri-

557 1944 764 1990 merum
792 1934 1026 2005 signent.
2248 1921 2350 1976 bus
2366 1922 2505 2013 dona
2536 1921 2790 1988 offerunt,
2817 1933 2949 1990 etc.,
2980 1942 3140 1996 usque
3179 1927 3252 1980 ad
3282 1935 3440 1998 prout
3468 1927 3574 1998 ipse
3595 1928 3774 1992 dederit,

627 2009 790 2078 Vens.
820 2022 910 2093 es.
928 2052 999 2063 —
1015 2021 1080 2076 Et
1097 2023 1300 2092 scripsit
1315 2023 1369 2077 in
1390 2023 1605 2088 tabulis,
1625 2031 1730 2078 etc.
1751 2023 1934 2094 (Auc.,
1957 2031 2142 2093 qtta’st.
2247 2009 2614 2083 proteruntur.

557 2113 702 2186 l66.)
733 2114 808 2171 De
837 2114 1018 2187 Moyse
1038 2115 1240 2170 dictum
1282 2125 1366 2171 est
1409 2132 1552 2186 quod
1579 2117 1693 2186 ipse
1727 2116 1974 2187 scripsit,
2013 2123 2136 2178 etc.,

2320 2102 2484 2158 Vens.
2537 2104 2625 2158 27.
2642 2103 2996 2176 —-Principes
3019 2123 3136 2163 vero
3161 2108 3458 2164 obtulerunt
3482 2107 3676 2180 lapides,
3696 2117 3773 2166 etc.

558 2219 721 2276 usque
756 2205 826 2260 ad
851 2207 946 2261 sed
973 2223 1070 2277 ρει-
1106 2207 1333 2278 gratiam
1360 2207 1474 2261 Dei,
2249 2194 2454 2264 (Ontc.,
2472 2196 2559 2250 ubi
2580 2196 2786 2269 supra.)
2801 2197 3080 2269 Principes
3098 2200 3774 2264 obtuleruntdonasua,ete,

623 2297 786 2354 Vens.
819 2298 907 2354 29.
933 2329 1005 2341 -—
1034 2298 1267 2372 Cumque
1305 2300 1653 2356 descenderet.
1686 2301 1832 2373 (lsm.
1862 2302 1916 2354 in
1941 2300 2141 2366 E.rod.,
2247 2302 2408 2356 usque
2433 2286 2501 2339 αά
2525 2287 2582 2340 lii
2607 2302 2840 2357 Ρνίηθδδθ
2865 2289 3074 2359 ΡοΡ¹¹¹ί⁵
3106 2299 3434 2346 mereamur-

477 2417 480 2420 —
554 2393 684 2443 tom.
714 2385 805 2461 γ.)
835 2389 1090 2446 Ascendit
1126 2390 1338 2462 Moyses
1381 2392 1554 2447 denuo
1606 2391 1660 2446 in
1703 2399 1972 2457 montem,
2010 2398 2056 2446 et

2323 2375 2502 2448 (Ontc.
2531 2378 2671 2431 hom.
2699 2378 2732 2432 9
2767 2379 2821 2431 in
2853 2378 3052 2453 Ea'od.)
3097 2379 3342 2436 Oll‘crunt
3385 2381 3540 2437 etiam
3559 2381 3773 2453 principes

554 2495 714 2550 mque
741 2481 810 2536 αα
838 2481 991 2552 cuius
1023 2483 1197 2554 imago
1222 2483 1321 2538 fuit
1343 2484 1398 2537 in
1429 2482 1644 2538 ιεὼυιίε,
2246 2465 2424 2520 oleum
2465 2469 2702 2524 lucernis
2726 2477 2780 2524 et
2807 2470 3086 2525 chrismati
3117 2472 3486 2542 profuturum,
3515 2483 3630 2540 etc.,
3652 2489 3773 2542 usque

624 2570 769 2640 (lsm.
805 2572 958 2644 ibid.)
1000 2573 1366 2628 Descendente
1406 2572 1586 2643 Moyse
1611 2587 1733 2627 cum
1768 2571 1987 2638 tabulis,
2013 2579 2140 2636 etc.,

2247 2558 2316 2612 ad
2342 2575 2463 2613 cum
2497 2568 2549 2613 te
2578 2559 2836 2616 Dominus
2867 2561 2920 2615 in
2947 2561 3066 2617 loco
3106 2562 3268 2618 viri’di
3299 2563 3622 2620 collocaverit
3653 2576 3773 2632 super

554 2675 715 2728 usque
750 2661 818 2714 ad
845 2661 987 2716 unde
1021 2679 1034 2714 :
1068 2661 1256 2715 Revela
1296 2662 1475 2716 oculos
1527 2678 1665 2716 meos
1717 2672 1764 2716 et
1808 2663 2142 2716 considerabo
2247 2665 2442 2722 aquam
2468 2653 2796 2708 Γθῖθοῐῖοηίεο
3813 2730 3816 2736 _

553 2751 816 2806 mirabilia
842 2752 904 2807 de
926 2752 1033 2824 lege
1055 2763 1146 2808 tua
1174 2751 1348 2824 (Psal.
1373 2755 1581 2826 cxvm).

2319 2744 2482 2798 Vens.
2521 2743 2609 2799 50.
2642 2775 2714 2785 —
2751 2745 2998 2801 Beseleel.
3033 2745 3286 2823 (Runin
3320 2745 3522 2812 Exod.,
3561 2752 3674 2818 tom.
3703 2739 3767 2810 ll.)

628 2840 794 2897 Vens.
850 2842 940 2897 30.
966 2873 1035 2882 -—
1069 2841 1262 2897 Videns
1315 2854 1487 2899 autem
1530 2846 1739 2911 Aaron,
1783 2855 1887 2901 etc,
1939 2845 2142 2916 (Οιιωη
2251 2835 2450 2890 Umbra
2481 2837 2697 2903 dicitur,
2727 2846 2831 2892 etc.
2858 2879 2873 2905 ,
2909 2854 3069 2910 usque
3110 2841 3180 2892 ad
3219 2840 3277 2894 in
3304 2839 3508 2910 justitia
3536 2845 3586 2894 et
3613 2835 3770 2906 judicio

553 2933 694 2988 hom.
728 2933 794 2989 l2
828 2935 882 2990 in
911 2934 1110 3007 Exod.)
1143 2935 1414 3006 Scriptum
1451 2947 1533 2994 est
1568 2939 1692 3008 quia
1723 2939 1858 2994 vidit
1884 2939 2062 2994 Aaron
2090 2947 2146 2995 et
2248 2927 2446 2985 fratres
2473 2945 2598 2986 SUOS
2627 2931 2968 2987 “hortando
3003 2933 3281 2990 roborant.

553 3039 739 3082 omnes
768 3025 861 3082 ﬁlii
879 3026 1044 3084 Israel
1071 3027 1309 3100 Moysen,
1342 3037 1470 3095 etc.,
1503 3047 1662 3102 usque
1684 3031 1751 3084 ad
1773 3029 1971 3086 habent
1998 3030 2140 3085 enim
2778 3069 3006 3127 CAPUT
3058 3071 3304 3129 XXXVL

552 3118 774 3191 gloriam
813 3133 877 3175 ea
919 3137 1037 3191 quae
1073 3121 1338 3194 loquitur,
1377 3125 1472 3179 sed
1507 3124 1706 3195 tegitur
1727 3133 1782 3180 et
1805 3124 2136 3190 occultatur,

553 3215 606 3264 et
628 3210 804 3265 omnis
828 3210 995 3282 gloria
1029 3211 1145 3280 ejus
1170 3214 1518 3270 intrinsecus,
2159 3203 2208 3268 C
2308 3207 2470 3263 Vens.
2500 3209 2553 3262 l.
2568 3238 2638 3249 --
2655 3207 2800 3264 Fecit
2822 3227 2940 3281 ergo
2963 3211 3212 3278 Beseleel,
3227 3222 3336 3268 etc.
3361 3210 3531 3284 (ΗΑΒ.Ι
3546 3209 3593 3263 in
3614 3199 3767 3270 and.)

627 3299 804 3372 (Ontc.
835 3303 989 3375 ibid.)
1016 3303 1150 3359 Illud
1173 3320 1386 3375 quoque
1411 3306 1622 3361 intuere
1643 3306 1785 3375 quod
1811 3305 1864 3360 in
1888 3305 2004 3376 lege
2030 3306 2145 3360 vul-
2246 3299 2548 3356 Notandum
2595 3304 2734 3372 quod
2767 3319 2874 3358 non
2901 3305 3073 3359 solum
3099 3307 3163 3360 de
3193 3308 3339 3362 tribu
3365 3305 3540 3377 regali,
3569 3309 3679 3364 etc.,
3705 3312 3770 3350 us-

449 3427 458 3436 .
551 3396 639 3446 rus
662 3390 828 3464 Moysi
848 3393 1198 3463 gloriﬁcatur,
1216 3395 1342 3451 licet
1361 3397 1625 3450 velamine
1653 3405 1989 3468 contegatur,
2013 3405 2142 3464 etc.,
2245 3407 2343 3462 que
2371 3400 2438 3446 ad
2471 3393 2536 3448 ad
2564 3396 2806 3464 corporis
2830 3396 2912 3450 sui
2943 3397 3202 3452 unitatem
3229 3399 3399 3454 voluit
3425 3396 3687 3468 pertinere.

550 3498 711 3554 usque
773 3484 844 3537 ad
902 3485 968 3540 de
1018 3486 1278 3543 servitute
1335 3488 1512 3544 saeculi
1566 3488 1778 3544 liberati
1840 3488 2144 3544 libertatem
2317 3483 2478 3540 VERS.
2505 3485 2558 3538 2.
2595 3517 2663 3525 -
2690 3486 2921 3558 Cumque
2950 3500 3176 3543 vocasset
3211 3508 3321 3558 eos,
3355 3499 3457 3546 etc.
3485 3487 3674 3559 (0816..
3707 3479 3769 3533 ηδε

550 3573 790 3628 scientiae
821 3575 1182 3645 requiramus.
2245 3575 2450 3646 supra.)
2483 3575 2549 3630 Et
2577 3585 2860 3646 postquam
2893 3577 3086 3634 obtulit
3114 3580 3361 3650 populus,
3393 3577 3608 3638 vocavit,
3635 3569 3768 3639 inquit

624 3663 787 3721 Vens.
829 3665 919 3720 5L.
955 3699 1026 3708 —
1057 3667 1122 3722 Et
1171 3679 1293 3723 tunc
1345 3669 1652 3740 loquebatur
1700 3669 1768 3723 ad
1816 3669 1954 3739 ﬁlios
2002 3669 2143 3724 Isael
2245 3665 2474 3738 Moyses,
2505 3677 2634 3736 etc.,
2667 3687 2829 3742 usque
2857 3671 2927 3724 ad
2955 3680 3010 3728 et
3049 3674 3102 3727 in
3132 3689 3230 3729 suo
3257 3674 3377 3731 loco
3422 3679 3594 3744 aptare
3615 3665 3767 3722 debeas

550 3759 728 3814 omnia
780 3776 897 3830 qua:
933 3760 1032 3814 sibi
1077 3760 1310 3830 fuerant,
1363 3771 1466 3816 etc.
1517 3761 1701 3832 (Auc.,
1729 3773 1913 3832 quaest.
1959 3761 2061 3817 172
2088 3764 2143 3815 in
2243 3767 2298 3813 et
2324 3759 2612 3828 proferre?

549 3846 750 3922 Exod.)
779 3849 1071 3922 Postquam
1109 3853 1386 3910 descendit
1431 3854 1640 3925 Moyses
1663 3855 1729 3911 de
1767 3864 1966 3923 monte,
2010 3864 2128 3923 etc.,

2314 3847 2380 3902 Et
2409 3851 2499 3918 qui
2519 3861 2718 3921 sponte,
2747 3861 2850 3907 etc.
2880 3853 3037 3924 (AUG.
3059 3895 3073 3921 ,
3099 3865 3284 3926 qumst.
3319 3855 3418 3910 170
3443 3855 3496 3907 in
3519 3845 3691 3914 Exod.)
3715 3841 3766 3896 Ει

550 3956 713 4013 usque
738 3942 807 3997 ad
833 3950 893 4000 ut
922 3945 1024 4000 hoc
1044 3960 1239 4001 nomen
1267 3946 1592 4016 acciperent.
2243 3959 2420 3998 omnes
2449 3945 2537 4013 qui
2568 3955 2746 4014 sponte
2769 3945 2950 4000 vellent
2976 3949 3054 4002 ire
3087 3948 3154 4002 ad
3182 3965 3340 4019 opera
3357 3989 3370 4015 ,
3403 3955 3458 4002 ut
3495 3951 3766 4000 consumma-

1101 4074 1328 4132 CAPUT
1366 4073 1582 4130 xxxv.
2243 4044 2354 4088 rent
2377 4053 2459 4102 ea,
2491 4035 3086 4132 etc._C_ommemoravit
3114 4039 3328 4111 Moyses
3352 4037 3624 4110 quosdam,
3657 4037 3764 4090 etc.,

1569 4117 1582 4130 ⁸
2243 4141 2406 4196 usque
2436 4127 2504 4179 ad
2530 4127 2623 4182 sed
2656 4127 2950 4183 liberaliter
2969 4138 3024 4184 et
3052 4140 3241 4200 sponte
3268 4135 3507 4188 devotus.

621 4210 782 4269 Vens.
815 4211 868 4267 5.
901 4241 972 4254 —
1008 4211 1280 4282 Separate.
1332 4212 1538 4286 (0n1c.,
1587 4212 1726 4267 hom.
1760 4213 1828 4268 15
1858 4213 1912 4268 in
1940 4212 2137 4286 Exod.)
2233 4210 2236 4212 ’
2316 4217 2475 4273 Vens.
2501 4217 2802 4275 4.—-Unde
2823 4222 3073 4290 artifices,
3095 4230 3201 4278 etc.
3237 4223 3428 4295 (Aue.,
3456 4223 3625 4290 qutcst.
3652 4205 3764 4277 l7l)°

546 4300 666 4360 Alia
715 4302 895 4360 littera
941 4319 954 4357 :
1005 4301 1214 4358 Sumite
1267 4317 1298 4358 a
1353 4303 1506 4360 vobis
1554 4303 1686 4375 ipsis
1717 4304 2138 4374 redemptionem
2241 4308 2380 4364 Nota
2410 4312 2534 4380 quia
2564 4312 2832 4381 sapientes
2861 4311 3144 4370 etl'ectores
3172 4329 3398 4384 operum
3438 4306 3599 4368 sancti
3636 4301 3764 4358 etiam

548 4393 797 4462 Domino,
837 4405 966 4463 etc.,
1007 4411 1166 4464 usque
1199 4396 1268 4450 ad
1311 4405 1365 4452 et
1395 4406 1678 4468 argentum
1726 4405 1911 4464 tuum,
1962 4398 2014 4453 id
2057 4409 2140 4454 est
2242 4402 2484 4457 moribus
2527 4413 2683 4458 erant
2731 4423 2742 4457 :
2795 4413 3046 4474 poterant
3078 4416 3283 4474 autem,
3317 4410 3362 4467 si
3391 4406 3598 4469 vellent,
3633 4395 3766 4454 multa

549 4491 727 4548 Sermo
765 4497 887 4544 tuus
905 4529 921 4555 ,
947 4489 1254 4562 probatum.
2155 4562 2204 4570 _
2242 4491 2485 4559 auferre;
2509 4496 2603 4550 sed
2632 4495 2894 4552 modestia
2916 4498 3215 4567 prohibuit,
3241 4502 3327 4556 vel
3351 4498 3532 4570 religio
3558 4488 3736 4550 terruit-

619 4577 742 4650 (In.)
779 4577 989 4646 Nostis,
1039 4579 1128 4650 qui
1162 4580 1358 4635 divinis
1401 4581 1674 4652 mysteriis
1714 4582 1978 4638 interesse
2006 4598 2132 4638 con—
2155 4562 2211 4624 D

547 4639 832 4734 stievistis,
876 4639 1003 4738 etc.,
1054 4639 1308 4742 usquead
1353 4639 1475 4729 hau;
1510 4673 1691 4730 omnia
1733 4691 1852 4745 quae
1887 4677 1940 4731 in
1982 4679 2138 4733 nobis
2761 4639 2988 4698 CAPUT
3027 4641 3289 4702 XXXV“

549 4765 676 4813 sunt
704 4757 923 4814 faciunt.

2314 4775 2473 4830 Vans.
2503 4774 2554 4830 1.
2586 4803 2656 4816 -—
2691 4773 2837 4830 Fecit
2876 4787 3052 4832 autem
3091 4778 3322 4836 Beseleel
3358 4793 3549 4835 arcam.
3577 4762 3763 4844 (1911)οῆ

620 4840 823 4903 Omnis.
857 4848 1108 4921 (In.)Alia
1131 4850 1309 4909 littera
1329 4868 1343 4908 :
1367 4853 1748 4928 Unusquisque
1767 4866 2034 4926 vestrum,
2061 4861 2136 4917 in-
2241 4863 2440 4932 Exod,
2473 4874 2604 4922 tom.
2637 4866 2804 4937 v.)1n
2831 4883 2958 4924 arca
2993 4873 3299 4928 testamenti
3337 4872 3436 4929 fuit
3459 4840 3593 4925 urna-
3613 4868 3758 4916 eum:

548 4940 690 5010 quit,
723 4949 855 5008 etc.,
887 4958 1047 5014 usque
1075 4945 1143 4998 ad
1171 4946 1244 5000 ita
1271 4946 1314 5002 si
1351 4948 1571 5004 veniens
1609 4950 1858 5006 dominus
1896 4951 2134 5008 inveniat
2237 4967 2366 5023 etc.,
2396 4974 2557 5029 usque
2585 4959 2652 5012 ad
2679 4960 2998 5016 immortalis
3017 4965 3290 5020 memoria:
3309 4975 3516 5034 semper
3536 4949 3762 5012 viridin

549 5031 750 5101 aliquid
793 5043 941 5088 tuum
983 5035 1037 5090 in
1091 5037 1440 5096 tabernaculo
1470 5055 1598 5108 suo,
1639 5042 1741 5098 sibi
1781 5049 1836 5098 te
1869 5043 2129 5112 defendit,
2239 5048 2537 5108 ﬂorentem.

552 5132 607 5180 ει
634 5139 788 5214 seruum
815 5127 966 5184 ἀίείί·
2309 5142 2472 5198 Vens.
2497 5143 2551 5198 2.
2582 5173 2649 5184 —
2681 5140 2940 5200 Coronam
2961 5163 3200 5214 auream,
3223 5156 3330 5205 etc.
3354 5145 3484 5214 Quia
3501 5142 3553 5197 in
3573 5150 3630 5193 60
3647 5123 3757 5201 quod

773 5217 892 5290 (ln.)
923 5218 1027 5278 Pro
1055 5220 1370 5282 fortitudine
1403 5227 1528 5298 poni
1554 5228 1782 5294 videtur,
1814 5238 1941 5298 etc.,
1972 5249 2131 5302 usque

2236 5235 2476 5290 Ecclesia
2501 5251 2598 5307 per
2623 5223 2864 5306 quatuor.
2879 5240 3057 5294 mundi
3080 5251 3264 5311 partes
3283 5213 3546 5300 dilatatur,
3570 5231 3756 5300 quam0r

548 5308 617 5362 ad
640 5307 829 5364 Omnia
856 5327 982 5382 ergo
1013 5315 1305 5373 oll'erantur
1329 5319 1461 5386 Deo,
1485 5335 1698 5386 sensus,
1720 5335 1898 5378 sermo
1921 5333 1976 5378 et
2001 5339 2126 5381 vox.
2237 5329 2408 5382 sancti
2434 5328 2708 5399 Evangelii
2748 5329 2900 5386 libris
2926 5307 3168 5387 accincta
3202 5334 3540 5404 praedicatur.
3573 5331 3674 5391 qui”
3695 5319 3758 5364 ⁸⁵⁸⁵

619 5399 780 5459 Vens.
808 5403 860 5459 6.
887 5437 956 5447 —
983 5407 1358 5479 Hyacinthum.
1406 5411 1526 5484 (ιιι.)
1575 5411 1866 5470 Videamus
1909 5425 2126 5484 caetera,
2235 5433 2357 5472 men
2384 5420 2524 5474 intra
2555 5421 2714 5476 unius
2738 5435 2950 5477 coronae
2984 5399 3266 5494 ambitum,
3304 5427 3356 5481 id
3384 5429 3463 5480 est
3485 5419 3611 5482 intra
3638 5405 3754 5476 ei“?

547 5491 919 5565 hyacinthum,
977 5511 1107 5566 etc.,
1173 5519 1334 5572 usque
1374 5505 1443 5558 ad
1484 5512 1538 5559 et
1579 5503 1816 5562 olTeretis
1862 5509 2131 5578 primitias
2233 5509 2352 5564 dem
2383 5509 2506 5565 ﬁdei
2533 5511 2864 5579 ﬁrmitatem,
2889 5494 2944 5568 id
2971 5522 3054 5569 est
3079 5491 3362 5583 unitatem,
3390 5501 3708 5568 concluditur-

546 5583 789 5684 Dorhuino.
1102 5683 1107 5684 γ
2303 5601 2463 5658 Vens.
2493 5601 2546 5684 4.
2577 5635 2646 5642 —
2677 5600 2852 5659 Vectes
2871 5623 3092 5677 quoque.
3117 5607 3288 5678 (lsm.,
3309 5605 3455 5673 ibid.)
3481 5594 3602 5666 Quia
3621 5586 3754 5684 bona?

615 5676 936 5751 Coccumque
966 5681 1040 5736 bis
1071 5683 1306 5738 tinctum.
1363 5684 1457 5756 (lo.
1506 5688 1685 5742 homil.
1739 5690 1880 5744 l5in
1928 5692 2126 5766 Exod.)
2231 5676 2744 5765 perseverantesque
2785 5676 3033 5753 doctores
3077 5676 3222 5754 velut
3264 5687 3594 5768 imputribilia
3634 5676 3752 5776 litin:-

549 5767 836 5826 Vitleamus
856 5787 1021 5842 quare
1057 5788 1252 5832 coccus
1277 5776 1598 5847 duplicatur,
1626 5787 1754 5846 etc.,
1786 5799 1946 5854 usque
1975 5786 2044 5839 ad
2070 5794 2128 5840 ut
2231 5786 2504 5852 qtnerendi
2529 5795 2672 5851 sunt,
2691 5787 2782 5857 qui
2808 5788 3150 5848 instructioni
3176 5767 3446 5846 sacrorum
3467 5767 3749 5836 volumillum

3903 5511 3905 5566 |

3903 5641 3905 5684 ἀ

3903 5747 3905 5808 4
