3998 6332
294 331 407 389 295

1288 316 1553 377 GLOSSA
1587 311 1982 373 ORDINARIA.
2019 341 2086 353 -
2119 311 2247 368 LIB.
2288 314 2495 372 exon.

3426 318 3533 377 294

288 456 516 533 semper
540 440 885 505 inhaerentes,
905 435 1159 495 Ecclesiae
1178 414 1443 490 unitatem!
1460 431 1793 491 denuntient,
1819 433 1873 481 ct
1898 429 1950 491 Α
2047 425 2200 497 (Bas.
2233 428 2287 482 in
2309 426 2504 494 Exod.,
2534 433 2667 483 tom.
2689 409 2779 500 Il‘.)
2798 425 3010 484 Primus
3035 439 3209 483 annus
3228 441 3388 484 omne
3406 436 3540 485 tem-

294 521 459 610 ἆυδεί
500 530 827 591 intromissis
869 529 1086 587 circulis
1129 541 1311 584 arcam
1350 529 1594 595 portent;
1624 521 1716 593 qui
1741 533 1874 575 auro

294 641 517 701 quoque
536 624 792 694 iubentur
815 620 1034 692 operiri,
1066 628 1126 675 ut
1149 612 1273 675 cum
1306 630 1556 673 sermone
1583 613 1701 671 aliis
1726 614 1873 669 inso-

293 727 457 785 nant,
485 717 589 788 ipsi
617 714 783 771 etiam
807 714 930 769 vita:
956 711 1238 783 splendore
1266 706 1578 780 fulgcscaut.

369 806 536 862 Vsus.
558 804 697 860 6.—
712 800 859 857 Fecit
878 809 925 855 et
943 800 1380 872 propitiatorium,
1396 804 1501 853 etc.
1530 795 1700 868 (Ism.,
1716 793 1870 867 ibid.)

291 896 739 970 Propitiatorium
757 909 920 965 super
940 907 1121 949 arcam
1144 890 1470 955 testamenti,
1482 896 1611 953 etc.,
1627 886 1872 960 usquead

291 994 425 1067 quia
446 991 693 1050 Christus
716 998 800 1047 est
824 988 1074 1045 Ecclesiae
1104 993 1282 1057 caput.

369 1084 537 1141 Vsus.
568 1083 655 1138 17.
676 1112 747 1123 —
766 1080 1015 1151 Fecitque
1033 1076 1424 1141 candelabrum,
1447 1080 1551 1130 etc.
1573 1071 1726 1141 Quod
1749 1070 1871 1143 Spi-

291 1179 462 1235 ritum
491 1182 736 1232 sanctum
762 1169 1044 1243 signiﬁcat,
1078 1169 1168 1241 qui
1210 1164 1505 1237 septiformi
1530 1163 1703 1235 gratia
1744 1163 1867 1219 illu-

289 1275 437 1326 strat
480 1264 779 1322 Ecclesiam
812 1262 870 1317 in
911 1261 1116 1317 unitate
1160 1258 1283 1313 ﬁdei
1326 1255 1735 1321 consistentem,
1783 1254 1871 1312 vel

290 1356 573 1415 Christum
594 1361 897 1426 portantem
923 1350 1176 1406 ecclesias
1211 1356 1413 1419 septem
1433 1387 1449 1415 ,
1474 1348 1529 1404 in
1554 1346 1749 1420 quibus
1783 1360 1871 1402 se-

289 1447 569 1522 ptiformis
593 1445 828 1516 Spiritus
851 1442 1101 1513 splendor
1128 1440 1344 1497 emicat.

366 1535 648 1593 Vnus.'23.
679 1564 751 1578 —
779 1533 910 1589 Cum
936 1533 1289 1587 emunctoriis.
1314 1529 1443 1598 Quae
1470 1531 1521 1584 in
1546 1528 1680 1584 Isaia
1702 1527 1865 1584 forci-

289 1628 763 1702 paappellantur,
779 1627 885 1681 duo
905 1623 1271 1689 Testamenta,
1297 1622 1503 1677 scilicet
1521 1621 1716 1692 quibus
1739 1635 1865 1691 pec-

289 1734 417 1780 cata
464 1731 793 1795 purgantur,
846 1736 1071 1792 quasque
1119 1718 1260 1775 intra
1305 1732 1364 1774 se
1414 1717 1586 1774 sancti
1631 1715 1865 1787 Spiritus

287 1814 492 1871 unione
516 1813 813 1870 sociantur.

794 1945 1023 2006 CAPUT
1078 1944 1362 2004 XXXVlll.

364 2083 528 2154 Vnus.
553 2080 606 2138 8.
632 2112 701 2125 -—
721 2079 873 2137 Fecit
901 2090 951 2137 et
986 2080 1191 2135 labrum
1232 2094 1430 2133 wneum
1448 2119 1464 2143 ,
1497 2083 1604 2132 etc.
1636 2075 1827 2147 (ὓπερ.
1846 2116 1861 2143 ,

285 2175 435 2231 hom.
472 2174 538 2231 17
575 2176 637 2230 in
666 2170 895 2244 Evang.)
926 2171 1160 2227 Labrum
1202 2182 1409 2224 :eneum
1445 2165 1653 2237 Moyses
1682 2164 1862 2237 ponit,

283 2274 421 2332 etc,
445 2281 606 2337 usque
625 2266 697 2319 ad
724 2273 783 2320 ut
805 2278 903 2334 per
921 2265 1037 2318 haec
1054 2260 1318 2332 proﬁcere
1338 2259 1745 2324 contendamus,
1767 2271 1866 2326 per

283 2371 413 2427 qua
438 2356 735 2427 profecisse
758 2354 1109 2425 cognovimus
1130 2366 1265 2421 quos
1289 2363 1624 2405 veneramur.

360 2444 524 2503 Vens.
554 2445 640 2502 20.
667 2475 737 2485 —
760 2442 1000 2499 Pastillos
1021 2459 1240 2515 quoque.
1267 2440 1519 2513 (Suum)
1556 2437 1743 2494 Paxilli
1780 2427 1865 2496 se-

278 2535 524 2594 cundum
568 2535 800 2590 litteram
840 2542 995 2589 erant
1038 2533 1094 2587 in
1136 2531 1445 2587 summitate
1491 2530 1862 2584 columnarum

282 2625 400 2689 ﬁxi,
431 2625 627 2696 quibus
652 2623 810 2680 funes
836 2624 1236 2695 religabantur:
1274 2623 1366 2692 qui
1393 2622 1632 2678 cortinas
1657 2636 1687 2674 a
1718 2628 1863 2674 terra

278 2716 659 2782 sublevabant,
686 2715 885 2770 ﬁrmati
915 2715 1161 2785 superius
1185 2714 1504 2784 quibusdam
1534 2711 1758 2777 ansulis,
1781 2712 1865 2766 iu-

275 2809 454 2866 t'erius
493 2822 625 2865 vero
670 2807 876 2878 religati
918 2808 985 2862 ad
1024 2808 1309 2879 praedictos
1352 2806 1580 2879 paxillus
1625 2806 1864 2863 cortinas

276 2901 667 2965 extendebant,
692 2915 762 2955 ne
783 2912 972 2970 rugam
998 2900 1399 2954 contraherent.

352 2991 580 3064 Mystice
590 3004 723 3045 vero
738 2989 891 3045 funes
908 2990 1213 3061 signiﬁcant
1231 2997 1474 3045 sanctam
1496 2986 1860 3058 Scripturam:

1971 530 2073 586 pus
2092 515 2243 588 legis,
2296 524 2427 583 ctc.,
2479 533 2640 588 usque
2668 518 2737 572 ad
2774 526 2834 573 ut
2873 518 3125 575 doctores
3148 516 3424 590 Evangelii
3448 518 3536 576 his

1969 614 2196 662 utantur
2222 606 2276 662 iu
2297 606 2709 664 conﬁrmatione
2736 608 2879 665 ﬁdei.

2041 697 2203 754 Vsus.
2235 700 2290 756 9.
2335 731 2406 741 —
2431 698 2605 772 Unges
2651 699 3072 766 tabernaculum,
3124 707 3232 756 etc.
3280 699 3535 774 (ὃπως.)

1970 788 2397 846 Tabernaculum
2424 808 2546 847 cum
2572 793 2719 848 vasis
2741 791 2854 848 suis
2897 793 3167 849 unctionis
3192 792 3313 849 oleo
3339 808 3535 850 conse-

1969 891 2190 951 cratur;
2218 884 2342 955 quia
2368 893 2555 939 sancta
2578 883 2815 939 Ecclesia
2846 884 3104 955 quidquid
3133 883 3245 957 agit
3267 899 3391 940 cum
3416 885 3533 941 vir-

1970 975 2173 1032 tutibus
2222 975 2337 1031 suis
2383 975 2542 1030 debet
2575 972 2827 1030 dedicare
2870 980 2925 1030 et
2977 988 3297 1030 consecrare
3345 972 3536 1047 gratim

1971 1064 2209 1138 Spiritus
2256 1066 2448 1123 sancti.
2499 1064 2688 1122 Oleum
2737 1067 2935 1137 quippe
2968 1066 3240 1123 unctionis
3266 1064 3535 1137 spirituali

1968 1158 2158 1228 gratiae
2200 1162 2563 1228 comparatur,
2609 1170 2716 1226 qua
2767 1156 3007 1212 omnium
3055 1156 3320 1213 virtutum
3368 1171 3534 1229 opera

1970 1248 2197 1305 Domino
2223 1256 2630 1306 consecrantur.

2040 1339 2204 1395 Vsus.
2236 1337 2320 1393 12.
2358 1368 2431 1380 --
2454 1338 2848 1411 Applioabisque
2884 1338 3063 1395 Aaron
3084 1380 3100 1407 ,
3130 1348 3236 1398 etc.
3283 1337 3536 1413 (Suam)

1966 1431 2133 1488 Fores
2174 1431 2502 1487 tabernaculi
2530 1472 2546 1498 ,
2588 1433 2643 1487 id
2678 1440 2779 1497 est,
2833 1441 3034 1488 sanctae
3082 1432 3367 1501 Ecclesia,
3409 1441 3538 1491 sunt

1968 1523 2214 1593 apostoli,
2246 1538 2344 1596 per
2365 1539 2500 1594 quos
2527 1523 2686 1579 debet
2719 1524 2893 1580 aulam
2914 1524 3036 1580 οωιί
3065 1526 3273 1598 ingredi
3299 1538 3315 1581 ι
3344 1524 3411 1581 ad
3435 1526 3537 1582 hos

1968 1616 2271 1686 applicandi
2292 1626 2415 1672 sunt
2442 1616 2619 1671 Aaron
2649 1624 2703 1672 et
2742 1615 2836 1671 ﬁlii
2864 1615 3001 1685 ejus,
3031 1616 3085 1672 id
3111 1626 3199 1673 est
3221 1616 3399 1673 omnis
3418 1628 3535 1672 cut-

1968 1715 2055 1762 tus
2099 1714 2409 1763 sanctorum
2453 1715 2509 1763 et
2550 1709 2787 1764 maxime
2820 1708 3276 1779 praepositorum,
3338 1718 3403 1763 ut
3440 1722 3537 1763 eos

1896 1806 1943 1868 Β
1966 1797 2245 1853 imitentur
2269 1806 2323 1853 et
2350 1812 2535 1853 eorum
2561 1798 2784 1869 vestigia
2816 1806 3129 1868 sequantur.

2036 1888 2202 1945 Vsus.
2236 1889 2322 1944 16.
2358 1919 2432 1933 --
2460 1889 2526 1943 Et
2551 1900 2734 1946 vectes.
2762 1889 2945 1946 Vectis
2966 1905 3070 1945 non
3099 1889 3273 1946 solum
3300 1889 3536 1961 parietes

1966 1979 2156 2044 nectit,
2183 1979 2278 2035 sed
2301 1987 2357 2035 et
2398 1980 2677 2036 columnas
2700 1981 2957 2037 introitus
3002 1981 3296 2037 conﬁrmat
3320 1994 3391 2037 ne
3415 1995 3536 2037 cor-

1965 2080 2148 2137 ruant,
2193 2079 2287 2127 aut
2332 2086 2363 2126 a
2403 2080 2553 2127 recto
2593 2080 2734 2128 statu
2783 2070 3090 2141 deﬁectant,
3117 2074 3245 2144 quia
3272 2073 3535 2130 Dominus

1965 2170 2022 2217 et
2053 2172 2341 2233 utrumque
2368 2163 2621 2234 populum
2651 2165 2705 2220 in
2743 2180 2851 2221 una
2882 2165 2988 2222 ﬁde
3033 2164 3336 2223 dilectionis
3359 2166 3535 2222 sociae

1963 2254 2061 2319 vit,
2091 2263 2147 2309 et
2171 2267 2356 2308 eorum
2393 2255 2662 2322 doctores,
2698 2265 2760 2311 ut
2784 2257 2839 2311 in
2868 2256 2974 2313 ﬁde
2994 2266 3052 2315 et
3078 2260 3294 2314 actione
3319 2266 3375 2314 et
3394 2272 3534 2329 prae-

1964 2346 2230 2401 dicatione
2258 2356 2624 2416 perseverent,
2660 2346 2950 2404 eonfortat.
3004 2348 3117 2406 Nec
3160 2350 3356 2406 mirum
3388 2351 3435 2406 si
3476 2356 3535 2405 et

1962 2454 2062 2510 per
2087 2440 2262 2509 capita
2292 2440 2426 2509 ipsa,
2457 2448 2512 2495 et
2540 2454 2638 2510 per
2658 2450 2861 2496 vectem
2890 2443 3069 2512 capita
3096 2442 3213 2513 ipsa
3243 2442 3532 2499 continen-

1964 2538 2094 2595 tem,
2122 2529 2369 2586 Christus
2402 2531 2687 2602 accipitur,
2713 2533 2840 2602 quia
2862 2532 3125 2605 cujusque
3146 2533 3309 2590 electi
3336 2549 3531 2606 regen-

1964 2621 2032 2676 do
2060 2628 2221 2692 caput
2248 2629 2350 2689 est,
2380 2623 2520 2678 unde
2548 2641 2561 2676 :
2602 2622 2773 2693 Caput
2796 2624 2896 2678 viri
2934 2624 3176 2680 Christus
3197 2634 3273 2680 est
3296 2624 3383 2699 (ΙΙ
3402 2624 3527 2681 Cor.

1962 2709 2042 2782 χι)
2078 2729 2092 2764 :
2133 2719 2188 2767 et
2215 2711 2341 2782 quia
2367 2728 2474 2768 non
2502 2712 2675 2768 solum
2699 2714 2937 2786 singulos
2961 2714 3029 2769 ad
3054 2716 3342 2786 quaerenda
3363 2715 3528 2772 cmic-

1964 2804 2066 2858 stia
2094 2805 2274 2876 erigit,
2305 2806 2399 2861 sed
2427 2806 2590 2861 etiam
2619 2821 2810 2862 omnes
2837 2807 3098 2873 continet,
3140 2815 3288 2863 etne
3321 2823 3352 2864 a
3379 2817 3531 2865 recto
3610 2818 3619 2827 '

1965 2899 2106 2947 statu
2134 2891 2366 2959 deﬂecti,
2394 2908 2494 2949 uec
2531 2894 2597 2948 ab
2642 2893 2873 2950 invicem
2917 2894 3275 2952 discordando
3319 2898 3528 2967 possint

1964 2984 2227 3054 separari,
2276 2983 2492 3039 vinculo
2544 2985 2691 3055 pacis
2740 2985 3043 3041 continuat.
3091 2985 3190 3043 Cui
3224 2988 3398 3045 simile
3446 2998 3529 3045 est

274 3084 350 3140 de
377 3098 485 3154 qua
507 3081 762 3138 Salomon
791 3084 867 3138 ait
893 3099 906 3136 :
948 3081 1240 3136 Funiculus
1269 3081 1456 3152 triplex
1481 3081 1686 3151 diﬁcile
1720 3096 1865 3134 rum-
1962 3074 2105 3142 quod
2125 3072 2384 3129 Dominus
2402 3074 2600 3130 dicitur
2620 3082 2676 3130 et
2700 3089 2889 3147 agnus,
2915 3083 2972 3131 et
2993 3083 3199 3147 pastor,
3225 3085 3281 3133 et
3305 3078 3525 3147 ostium,

271 3176 427 3247 pitur
447 3173 646 3246 (Ecclc.
672 3175 779 3247 tv):
810 3175 935 3246 quia
953 3183 1136 3231 sancta
1159 3174 1460 3244 Scriptura,
1478 3162 1931 3238 historia,mo—C
1962 3182 2084 3223 cum
2130 3173 2315 3237 pastor
2366 3182 2561 3239 agnum
2609 3177 2816 3238 pascat,
2870 3176 2925 3224 et
2974 3170 3134 3225 ambo
3186 3171 3393 3227 intrent
3429 3186 3530 3243 per

273 3265 498 3321 ralitate
543 3273 600 3321 et
644 3265 894 3337 allegoria
942 3275 1228 3333 constans,
1274 3266 1435 3320 nullis
1482 3265 1859 3321 haereticorum
1960 3259 2188 3323 ostium;
2214 3273 2334 3312 cum
2360 3258 2575 3329 proprie
2603 3260 2675 3313 sit
2705 3257 2941 3316 Verbum
2969 3261 3025 3315 in
3050 3262 3317 3332 principio
3334 3261 3516 3335 (Joan.

266 3358 625 3429 dogmatibus
642 3366 819 3429 potest
837 3358 1118 3429 disrumpi.
1139 3357 1325 3413 Paxilli
1352 3358 1407 3411 in
1431 3358 1647 3412 modum
1667 3357 1860 3427 lingua:
1958 3363 1997 3413 1,
2023 3349 2078 3420 x)
2099 3364 2112 3401 :
2140 3348 2333 3403 horum
2362 3363 2491 3403 vero
2520 3349 2722 3404 nullum
2741 3350 2810 3405 sit
2830 3352 3067 3423 proprie,
3090 3353 3185 3407 sed
3204 3352 3521 3423 ﬁguraliter.

270 3451 415 3507 facti
463 3449 675 3523 linguas
727 3450 1010 3507 doctorum
1053 3451 1358 3521 signiﬁcant
1388 3450 1480 3519 qui
1521 3447 1858 3519 Scripturam
1956 3440 2167 3508 Pastor,
2199 3441 2324 3512 quia
2354 3442 2501 3498 ducit
2527 3445 2593 3498 ad
2626 3456 2825 3513 pascua
2860 3444 3013 3511 vitae;
3040 3444 3238 3500 ostium
3266 3447 3394 3517 quia
3414 3461 3523 3501 non

270 3549 580 3611 exponunt.
613 3539 863 3597 Cortinas
885 3541 1047 3595 etiam
1071 3555 1103 3594 a
1124 3548 1270 3595 terra
1299 3539 1583 3596 sublevant
1600 3547 1654 3594 et
1673 3547 1860 3593 exten-
1956 3532 2062 3587 nisi
2102 3546 2199 3601 per
2231 3531 2379 3586 illum
2423 3534 2735 3601 pervenitur
2767 3533 2835 3587 ad
2861 3533 3115 3601 Patrem;
3148 3537 3354 3606 Agnus,
3398 3534 3524 3604 quia

271 3634 451 3690 dunt:
493 3633 619 3701 quia
663 3630 934 3701 subjectos
970 3632 1164 3688 docent
1188 3632 1358 3701 sequi,
1389 3639 1445 3687 et
1468 3629 1671 3686 imitari
1697 3628 1857 3685 cocle-
1957 3625 2026 3679 ah
2080 3622 2316 3695 Egypto
2363 3624 2553 3678 salvat.
2586 3622 2677 3679 Sic
2702 3630 2759 3679 et
2806 3624 2896 3679 hic
2932 3638 3031 3694 per
3059 3626 3235 3696 capita
3263 3625 3528 3697 ﬁguratur

270 3724 412 3791 stia,
436 3723 750 3794 nullamque
783 3722 911 3779 mali
932 3724 1115 3796 operis
1144 3723 1229 3778 vel
1269 3721 1477 3778 fraudis
1513 3735 1701 3792 rugam
1729 3734 1859 3776 con-
1954 3726 2176 3789 propter
2205 3718 2465 3789 regimen,
2516 3733 2637 3789 quo.
2673 3717 2899 3790 singulis
2940 3727 3153 3789 praeest,
3202 3727 3259 3775 et
3301 3735 3401 3792 per
3424 3735 3521 3775 ve-

267 3815 498 3873 trahere
525 3813 741 3889 (Epltes.
771 3813 846 3886 v).

767 3943 995 4003 CAPUT
1030 3943 1271 4000 XXXIX.

350 4096 1248 4116 οσοοοοοοοοοοοοοο
1349 4096 1851 4117 ...00000⁸

887 4170 1114 4230 CAPUT
1150 4171 1265 4228 XL.

346 4286 519 4345 Vnus.
570 4289 623 4344 1.
654 4318 727 4329 -
752 4285 1084 4360 Locutusque
1127 4298 1203 4344 est
1248 4286 1507 4345 Dominus
1533 4289 1602 4343 ad
1635 4286 1853 4361 Moysen

270 4378 462 4434 dicens
505 4392 526 4434 :
574 4376 751 4433 Hense
799 4377 992 4449 primo,
1040 4387 1147 4433 etc.
1196 4376 1447 4450 (Smm)
1485 4375 1699 4434 Primus
1725 4378 1851 4454 anni

270 4469 487 4525 mensis
528 4469 643 4540 ipse
671 4476 757 4526 est
784 4467 970 4536 Nisan,
1001 4469 1092 4539 qui
1120 4479 1173 4524 et
1194 4468 1418 4541 Aprilis,
1459 4468 1516 4525 iu
1542 4485 1650 4542 quo
1679 4469 1849 4526 Judaei

266 4563 486 4635 pascha
535 4561 903 4628 celebrabant,
942 4569 998 4616 et
1027 4560 1426 4618 tabernaculum
1474 4572 1714 4618 erectum
1742 4571 1846 4618 est.

267 4651 587 4723 Allcgorice
609 4658 790 4707 autem
824 4652 1030 4723 primus
1055 4652 1257 4709 mensis
1284 4653 1460 4726 signat
1486 4654 1699 4709 initium
1726 4670 1848 4725 gra-

266 4736 366 4801 tiae
395 4745 611 4816 quando
634 4744 1039 4801 tabernaculum
1067 4743 1184 4812 Dei,
1213 4744 1266 4800 id
1303 4753 1387 4800 est
1405 4743 1644 4801 Ecclesia
1667 4754 1848 4801 erecta

266 4843 379 4901 est,
409 4834 829 4904 cnmChristns.
877 4835 1083 4895 scilicet
1128 4836 1419 4895 cruciﬁxus
1458 4835 1525 4893 de
1553 4835 1721 4893 latere
1750 4850 1850 4892 suo

260 4928 533 5002 produxit
561 4929 819 5001 mysteria
857 4929 1134 4999 sanguinis
1157 4937 1214 4985 ct
1239 4943 1412 5000 aquae,
1447 4928 1642 4999 quibus
1662 4927 1851 4985 Eccle-

263 5022 353 5080 sia
388 5021 669 5078 dedicatur
703 5027 760 5076 et
798 5029 1163 5078 consecratur.
1194 5018 1263 5076 Et
1288 5020 1585 5077 notandum
1606 5018 1732 5092 quia
1758 5022 1847 5079 hic

260 5110 486 5185 primus
511 5111 714 5167 mensis
742 5110 964 5167 secundi
1002 5111 1130 5167 anni
1159 5110 1263 5167 fuit
1294 5130 1306 5166 :
1337 5112 1548 5182 primus
1578 5112 1723 5167 enim
1746 5128 1846 5168 an-

262 5219 377 5260 nus
435 5211 563 5259 ante
611 5202 785 5274 legem
829 5200 952 5268 fuit,
1001 5201 1272 5261 secundus
1313 5217 1487 5258 annus
1532 5201 1635 5259 sub
1674 5203 1848 5273 gratia

263 5293 569 5366 Evangelii,
598 5294 687 5349 cui
712 5292 971 5349 Dominus
1010 5292 1307 5349 benedixit.
1342 5293 1496 5351 Unde
1525 5312 1538 5348 :
1563 5293 1846 5351 Benedices

263 5401 482 5442 corona:
527 5385 653 5439 anni
702 5384 1028 5455 benignitatis
1062 5393 1166 5439 tua:
1224 5384 1394 5457 (Psat.
1441 5384 1608 5457 Lxrv).
1651 5384 1840 5442 Annus

261 5475 416 5532 enim
440 5474 793 5546 benignitatis
821 5472 941 5541 fuit,
967 5489 1075 5546 quo
1096 5473 1241 5531 salus
1260 5474 1485 5531 humani
1510 5476 1724 5548 generis
1743 5490 1845 5546 per

262 5568 663 5627 humanitatem
707 5567 908 5625 Christi
960 5568 1248 5639 apparuit:
1280 5567 1383 5623 hoc
1426 5582 1554 5638 ergo
1594 5582 1737 5622 anno
1762 5575 1844 5621 ta-

262 5660 625 5719 bernaculum
644 5659 739 5715 Dei
769 5668 1010 5716 erectum
1033 5668 1136 5726 est,
1168 5660 1220 5715 id
1245 5668 1328 5715 est
1356 5659 1595 5716 Ecclesia
1619 5659 1839 5718 fundata

265 5760 329 5811 et
347 5751 610 5808 exaltata.

1954 3819 2120 3877 clem,
2148 3811 2219 3866 ob
2252 3809 2557 3882 generalem
2585 3810 2999 3880 providentiam,
3037 3811 3163 3881 quia
3183 3825 3372 3868 omnes
3395 3826 3525 3868 cou-
3608 3886 3619 3897 ι

1954 3900 2138 3956 ﬁrmat
2177 3899 2364 3973 (Num.
2398 3916 2492 3967 1x;
2522 3900 2619 3955 III
2639 3899 2764 3972 Reg.
2790 3900 2929 3973 vin).

2010 3993 2237 4067 ’(Βευλ.)
2271 3992 2364 4048 Sic
2388 3993 2566 4048 anima
2593 4008 2691 4065 pro
2716 3993 2944 4049 diversis
2971 3992 3273 4051 actionibus
3304 3995 3517 4052 diversa

1951 4088 2172 4147 nomina
2192 4087 2437 4144 sortitur.
2463 4088 2596 4144 Dum
2623 4088 2863 4145 viviﬁcat
2886 4102 3104 4161 corpus,
3136 4088 3314 4145 anima
3346 4090 3521 4147 nomi-

1951 4195 2153 4249 natur;
2184 4182 2308 4237 dum
2346 4181 2479 4247 vult,
2513 4181 2727 4238 animus
2753 4190 2873 4247 est;
2906 4181 3031 4238 dum
3061 4181 3185 4247 scit,
3213 4194 3367 4237 mens
3393 4190 3478 4238 est
3504 4200 3519 4237 :

1953 4275 2079 4331 dum
2106 4272 2317 4337 recolit,
2346 4272 2608 4328 memoria
2642 4281 2726 4329 est
2751 4289 2766 4338 ;
2820 4272 2945 4328 dum
2972 4270 3199 4343 iudicat,
3228 4270 3367 4326 ratio
3393 4280 3518 4339 est;

1953 4360 2079 4417 dum
2107 4362 2297 4431 spirat,
2336 4361 2561 4431 spiritus
2593 4369 2712 4428 est;
2742 4361 2867 4416 dum
2893 4360 3075 4425 sentit,
3104 4372 3297 4415 sensus
3324 4366 3430 4415 est.

2028 4450 2191 4508 Vsus.
2225 4450 2315 4507 33.
2345 4480 2417 4493 —
2450 4450 2563 4506 Nec
2616 4458 2819 4522 poterat
2845 4448 3076 4520 Moyses,
3125 4454 3231 4504 etc.
3268 4446 3523 4522 (Suum)

1953 4545 2166 4618 Moyses
2184 4558 2312 4615 ergo
2339 4544 2392 4599 in
2420 4544 2524 4599 hoc
2548 4541 2690 4607 loco,
2714 4541 2854 4597 sicut
2878 4540 2933 4595 in
2963 4538 3085 4595 aliis
3110 4539 3373 4611 pluribus,
3388 4539 3524 4610 ﬁgu-

1952 4651 2068 4691 ram
2099 4642 2245 4690 tenet
2270 4633 2479 4689 Judaici
2500 4630 2701 4703 populi.
2730 4628 2940 4702 Moyses
2961 4644 3110 4702 ergo,
3133 4628 3276 4685 nube
3302 4631 3522 4686 obstan-

1952 4735 2029 4793 te,
2082 4726 2137 4781 in
2172 4722 2579 4781 tabernaculum
2613 4736 2720 4776 non
2746 4728 2961 4792 poterat
3001 4721 3228 4786 intrare,
3275 4720 3403 4791 quia
3428 4717 3524 4775 Ju-

1951 4817 2139 4874 daicus
2163 4814 2395 4891 populus
2440 4826 2715 4885 nunquam
2741 4818 3077 4866 sacramenta
3101 4807 3398 4880 Scriptura:
3420 4824 3519 4865 va—

1951 4906 2053 4963 luit
2083 4914 2391 4977 penctrare.
2440 4901 2623 4958 Nubes
2656 4900 2802 4957 enim
2830 4901 3043 4957 Domini
3068 4915 3167 4972 per
3192 4901 3334 4956 diem
3366 4900 3520 4957 incuc

1953 4999 2117 5057 babat
2145 4994 2514 5059 tabernaculo,
2544 5001 2599 5049 et
2626 4992 2765 5066 ignis
2792 4992 2847 5048 in
2873 4999 3033 5050 nocte
3063 5009 3078 5048 :
3105 4993 3210 5049 hoc
3236 4991 3354 5050 loco
3382 4992 3521 5065 ignis

1956 5092 2260 5148 divinorum
2291 5084 2675 5159 mysteriorum
2724 5084 3005 5140 scientiam
3050 5081 3335 5155 signiﬁcat.
3368 5081 3518 5140 Scri~

1953 5188 2115 5255 ptura
2166 5180 2315 5236 enim
2365 5184 2553 5234 sancta
2608 5177 2829 5243 sanctis,
2859 5184 2917 5230 et
2952 5173 3313 5245 ignorantiam
3365 5190 3517 5231 suam

1954 5274 2271 5341 fatentibus,
2301 5273 2483 5329 lumen
2530 5276 2614 5326 est
2647 5284 2662 5324 :
2694 5269 2894 5341 iniquis
2937 5282 3087 5334 vero,
3135 5276 3192 5325 et
3236 5269 3518 5327 scientiam

1944 5370 2299 5443 jactantibus,
2326 5370 2519 5434 nubes,
2549 5366 2677 5436 quia
2707 5371 2943 5421 excaecat
2967 5377 3080 5419 eos.

2024 5464 2208 5540 (Auc.,
2241 5470 2427 5533 quam.
2461 5457 2565 5514 176
2591 5457 2649 5511 in
2686 5451 2887 5527 Exod.)
2914 5451 3160 5508 Notanda
3192 5460 3276 5509 est
3298 5467 3386 5508 res
3413 5452 3515 5506 mi-

1952 5558 2141 5617 rabilis
2186 5555 2440 5619 multum,
2485 5560 2618 5615 ctc.,
2671 5562 2831 5620 usque
2872 5544 2941 5601 ad
2985 5544 3156 5601 nubes
3205 5559 3304 5616 per
3353 5544 3517 5611 diem,

1951 5655 2165 5711 ﬂamma
2198 5664 2294 5722 per
2320 5655 2554 5704 noctem.

2021 5748 2079 5802 ln
2101 5740 2451 5802 tabernaculo
2479 5746 2657 5797 autem
2685 5736 2899 5794 Domini
2942 5740 3099 5791 erant
3124 5730 3340 5797 tabulae,
3387 5746 3514 5803 quas
