3998 6332
1795 299 1801 304 ⁹
1815 275 1968 300 Αὲιξζκι,
1977 288 1983 292 -
1999 291 2004 295 .

523 385 630 442 295
871 405 874 408 '
1016 384 1410 441 WALAFRIDI
1450 383 1696 440 STRABI
1731 383 1938 440 FULD.
1981 381 2145 440 MON.
2187 385 2338 442 OPP.
2378 385 2560 442 PARS
2597 387 2637 442 I.
2675 416 2747 428 —
2785 388 3242 447 TIIEOLOGICA.
3649 401 3733 461 296

524 519 646 559 rum
696 516 909 558 annuus
948 511 1106 558 erant
1140 502 1289 556 inﬁxi
1343 509 1522 557 vectes
1578 503 1643 556 de
1680 501 1839 572 lignis
1868 501 2088 565 sethim,
2121 508 2169 567 Α
2196 502 2375 556 storias
2424 511 2479 556 et
2535 503 2830 557 secundum
2885 504 3214 575 allegoriam,
3271 521 3504 579 congrue
3531 512 3579 567 in
3623 515 3734 573 Pen-

525 596 721 665 quibus
769 602 993 666 possent
1041 595 1208 648 levari
1256 604 1310 649 et
1338 595 1540 663 portari
1585 595 1651 648 de
1702 595 1983 649 mansione
2024 595 2092 648 ad

525 685 886 750 mansionem,
937 698 1056 756 quae
1093 687 1274 738 omnia
1301 685 1573 754 mysteriis
1604 683 1762 752 plena
1810 692 1956 738 sunt.
1990 683 2096 738 Per

527 777 934 833 tabernaculum
975 775 1319 845 intelligimus
1350 775 1643 831 Ecclesiam
1673 786 2014 845 praesentem,
2040 777 2094 830 in

527 878 788 938 qua.sunt
841 865 1052 931 tabulae,
1105 863 1310 920 scilicet
1358 865 1533 919 sancti
1580 865 1880 920 humilitate
1929 865 2091 935 pleni,

527 959 722 1028 quibus
749 957 985 1028 quinque
1010 963 1192 1011 vectes
1235 964 1362 1010 sunt
1400 955 1562 1022 aﬁixi,
1596 955 1647 1010 id
1680 964 1764 1011 est
1801 955 2096 1026 spiritualis

527 1049 718 1106 notitia
767 1049 1002 1119 quinque
1047 1046 1306 1102 librorum
1345 1045 1536 1116 Moysi,
1592 1060 1689 1116 per
1740 1061 1900 1115 quam
1955 1061 2014 1102 se
2041 1054 2098 1102 et

527 1141 662 1196 alios
705 1139 988 1196 sustollant
1035 1139 1103 1194 ad
1130 1137 1428 1192 claritatem
1472 1146 1690 1192 aeternae
1717 1137 2092 1193 beatitudinis.

527 1233 632 1290 Per
659 1242 838 1289 vectes
867 1247 1016 1302 ergo,
1054 1243 1115 1285 ut
1153 1231 1408 1298 diximus,
1458 1231 1695 1302 quinque
1721 1230 1888 1286 libros
1924 1230 2096 1304 Moysi

527 1325 894 1396 intelligimus,
925 1323 1018 1393 qui
1063 1331 1189 1379 sunt
1216 1322 1462 1390 Genesis,
1515 1324 1752 1388 Exodus,
1798 1322 2092 1396 Leviticus,

526 1417 666 1474 liber
695 1393 1076 1482 Numerorum,
1115 1424 1172 1471 et
1219 1415 1694 1471 Deuteronomium
1739 1433 1750 1468 :
1802 1415 1856 1470 in
1901 1393 2096 1485 qﬁihus

527 1512 836 1568 continetur
861 1509 1187 1582 principium
1213 1509 1398 1564 mundi
1424 1516 1480 1564 et
1501 1508 1738 1564 medium
1761 1515 1818 1563 et
1839 1522 2098 1563 consum-

527 1606 714 1661 matio.
748 1603 808 1659 In
861 1603 1057 1659 Genesi
1091 1601 1416 1659 describitur
1459 1602 1662 1657 creatio
1693 1601 1901 1666 mundi,
1950 1608 2006 1655 et
2042 1600 2098 1654 in

526 1696 710 1751 Exodo
745 1694 1010 1751 recreatio
1035 1714 1048 1748 :
1079 1694 1133 1748 in
1161 1692 1402 1749 Levitico
1431 1700 1891 1748 sacramentorum
1913 1691 2100 1747 Eccle-

527 1787 621 1842 siae
647 1785 1090 1850 administratio;
1123 1785 1179 1838 in
1213 1783 1350 1839 libro
1396 1782 1754 1840 Numerorum
1775 1782 2098 1854 Evangelica

2203 595 2470 655 tateucho,
2507 595 2775 650 secundus
2834 606 2919 650 est
2960 597 3096 651 liber
3123 598 3263 654 iste:
3317 610 3591 671 postquam
3616 611 3734 667 enim

2199 685 2253 740 in
2297 685 2487 740 Genesi
2507 687 2615 757 egit
2654 687 2720 740 de
2757 688 3033 743 creatione
3087 690 3212 746 θωιὶ
3266 700 3322 744 et
3369 701 3545 760 terrae,
3591 708 3639 753 et
3680 690 3734 758 de

2199 777 2423 832 introitu
2475 777 2704 832 ﬁliorum
2781 777 2942 832 Israel
3001 779 3055 833 in
3112 778 3409 851 {Egyptum
3439 783 3465 847 ,‘
3520 792 3733 859 congruit

2199 876 2259 922 ut
2287 875 2680 936 consequenter
2729 867 2796 922 de
2835 868 2985 923 exitu
3025 883 3216 924 eorum
3251 879 3396 942 agat.
3449 873 3580 930 Ecce
3614 882 3732 947 quod

2192 955 2348 1027 juxta
2377 957 2623 1012 ordinem
2662 955 2904 1012 historiae
2931 959 3184 1030 congruit
3216 977 3228 1012 :
3257 959 3418 1030 juxta
3463 963 3734 1036 allegoriam

2199 1063 2413 1118 quoque
2451 1063 2556 1104 non
2607 1049 2900 1119 incongrue
2946 1047 3147 1104 factum
3188 1060 3294 1106 est.
3328 1050 3460 1107 Nam
3487 1066 3734 1125 postquam

2199 1140 2335 1195 dixit
2383 1139 2451 1194 de
2492 1139 2698 1195 carnali
2752 1140 3121 1211 generatione,
3168 1157 3278 1212 qua
3340 1159 3439 1214 per
3485 1158 3733 1214 peccatum

2195 1233 2357 1303 primi
2393 1231 2627 1287 hominis
2664 1231 2938 1286 nascimur
2983 1231 3080 1287 ﬁlii
3133 1233 3360 1299 diaboli,
3416 1240 3648 1308 congruit
3689 1251 3736 1296 ut

2199 1324 2383 1380 statim
2411 1321 2606 1377 subdat
2648 1322 2716 1378 de
2752 1324 3157 1392 regeneratione
3203 1326 3495 1395 spirituali,
3541 1345 3636 1397 qua
3658 1348 3736 1402 per

2191 1413 2634 1485 justiﬁeationem
2685 1413 2906 1468 secundi
2949 1414 3204 1482 hominis,
3238 1417 3292 1472 id
3317 1427 3422 1484 est,
3450 1417 3635 1475 Christi
3667 1438 3734 1478 re-

2199 1507 2475 1562 nascimur
2509 1505 2602 1560 ﬁlii
2654 1506 2770 1581 Dei.
2805 1505 2966 1562 Liber
2993 1517 3175 1564 autem
3207 1509 3314 1564 iste
3358 1520 3575 1567 vocatur
3596 1513 3734 1581 ἔξοδος

2198 1599 2404 1664 Graece,
2428 1607 2597 1658 mm
2633 1579 2764 1658 rbm
2801 1599 2972 1654 veelle
3008 1602 3223 1656 semoth
3259 1601 3538 1669 Hebraice,
3584 1579 3734 1662 exitus

2198 1691 2286 1746 vel
2321 1706 2576 1764 egressus
2614 1693 2844 1749 Latine:
2876 1695 2997 1752 ideo
3047 1697 3174 1766 quia
3226 1698 3296 1753 de
3343 1699 3489 1753 exitu
3539 1698 3734 1754 ﬁliorum

2199 1784 2364 1841 Israel
2409 1785 2474 1841 de
2513 1785 2748 1857 Egypto
2782 1787 2914 1858 agit.
2949 1786 3056 1844 Sed
3100 1789 3272 1859 quaeri
3303 1799 3480 1860 potest
3513 1806 3604 1846 cur
3623 1791 3736 1848 liber

527 1877 889 1948 praedicatio;
955 1877 1011 1932 in
1069 1876 1484 1932 Deuteronomio
1537 1875 1724 1930 ultima
1762 1875 2097 1959 benedictio.
2126 1884 2175 1944 Β
2203 1877 2306 1932 iste
2355 1877 2568 1935 dieatur
2608 1878 2843 1944 Exodus,
2891 1879 3019 1949 quia
3068 1881 3134 1935 de
3189 1881 3342 1936 exitu
3386 1880 3586 1936 illorum
3629 1883 3734 1954 agit,

529 1969 683 2025 Unde
707 1978 763 2024 et
787 1970 841 2024 in
863 1969 1324 2025 benedictionibus
1346 1969 1686 2024 terminatur.
1719 1968 1814 2023 Est
1837 1969 2018 2040 itaque
2044 1969 2101 2024 in

527 2057 726 2114 Genesi
780 2060 914 2115 ordo
962 2059 1290 2126 creationis;
1326 2061 1378 2115 in
1427 2060 1612 2116 Exodo
1657 2060 1975 2131 mysterium
2016 2075 2100 2115 re-

527 2154 817 2209 creationis
841 2171 854 2220 ;
892 2155 947 2209 in
969 2153 1210 2210 Levitico
1232 2155 1488 2210 sanctitas
1511 2153 1902 2210 Ecclesiastica:
1929 2153 2101 2207 admi-

525 2244 902 2310 nistrationis;
938 2245 992 2299 in
1041 2244 1182 2300 libro
1216 2243 1571 2300 Numerorum
1607 2244 1908 2300 consolatio
1937 2259 2099 2300 evan-

523 2333 706 2404 gelicae
743 2333 1178 2404 praedicationis;
1208 2335 1263 2388 in
1295 2335 1711 2390 Deuteronomio
1755 2350 2099 2390 consumma-

524 2425 600 2481 tio
627 2434 840 2481 aaternze
887 2426 1298 2503 benedictionis.
1348 2427 1494 2482 Inter
1524 2428 1622 2482 hos
1652 2436 1831 2482 autem
1859 2427 2099 2498 quinque

522 2515 691 2571 libros
713 2515 880 2588 Moysi
909 2517 1124 2572 excellit
1159 2517 1396 2582 Exodus,
1447 2534 1605 2587 quem
1636 2535 1783 2574 nunc
1814 2519 1881 2573 ad
1907 2534 2099 2574 manus

524 2605 804 2660 habemus.
833 2605 892 2660 In
923 2621 987 2661 eo
1016 2607 1162 2662 enim
1189 2615 1244 2661 et
1283 2623 1403 2676 quae
1452 2607 1576 2661 ﬁliis
1626 2607 1789 2662 Israel
1843 2607 1898 2662 in
1926 2607 2098 2678 ﬁgura

524 2695 930 2767 contingebant,
981 2704 1036 2752 et
1061 2698 1314 2767 mysteria
1342 2697 1499 2768 plene
1527 2699 1872 2753 continentur
1899 2697 2098 2753 Christi

533 2793 589 2839 et
638 2785 912 2842 Ecclesiae.
948 2786 1047 2858 Hic
1077 2793 1255 2841 tamen
1305 2788 1542 2858 primum
1589 2788 1656 2843 de
1699 2788 1847 2843 exitu
1899 2789 2098 2844 actuali

526 2877 824 2932 carnalium
849 2877 1088 2963 ﬁliorum
1119 2877 1305 2942 Israel,
1341 2878 1405 2933 de
1429 2877 1692 2933 historiali
1718 2877 1954 2950 Egypto
1985 2879 2098 2950 agi-

527 2975 635 3034 tur,
683 2968 738 3022 in
785 2983 891 3038 quo
921 2968 1259 3039 signiﬁcatur
1299 2969 1594 3039 spiritualis
1639 2969 1818 3024 exitus
1844 2969 2100 3040 spiritua-

526 3059 656 3113 lium
682 3059 1049 3114 lsraelitarum
1075 3060 1143 3115 de
1173 3074 1298 3114 vera
1322 3058 1582 3131 Egypto,
1607 3060 1815 3115 scilicet
1851 3061 1916 3115 de
1945 3069 2094 3115 tene-

525 3151 640 3206 bris
672 3151 948 3206 vitiorum.
982 3151 1176 3220 Agitur
1204 3151 1369 3206 etiam
1405 3151 1472 3206 de
1524 3151 1753 3206 transitu
1783 3151 1949 3206 maris
1991 3150 2098 3206 Ru-

2201 1987 2324 2026 cum
2360 1971 2412 2025 in
2442 1971 2706 2040 principio
2732 1987 2835 2027 non
2863 1971 2930 2027 de
2957 1973 3128 2038 exitu,
3154 1973 3252 2028 sed
3282 1975 3351 2028 de
3376 1973 3605 2044 ingressu
3637 1974 3733 2028 illo-

2201 2077 2320 2116 rum
2351 2069 2560 2133 agatur.
2583 2061 2665 2116 Ad
2694 2063 2836 2132 quod
2867 2062 2969 2118 dici
2997 2073 3195 2134 potest,
3222 2065 3350 2135 quia
3379 2064 3618 2134 quamvis
3641 2079 3736 2133 spe-

2198 2155 2409 2210 cialiter
2432 2155 2498 2210 de
2522 2155 2668 2211 exitu
2714 2154 2928 2210 illorum
2953 2171 3113 2228 agere
3143 2157 3410 2223 intendat,
3445 2165 3612 2212 tamen
3633 2159 3736 2227 quia

2200 2246 2430 2301 multum
2464 2255 2674 2315 tempus
2701 2245 2956 2316 proﬂuxit
3007 2247 3150 2304 inter
3195 2249 3424 2313 exitum,
3453 2247 3516 2303 de
3551 2263 3645 2317 quo
3668 2247 3737 2301 hic

2199 2337 2330 2408 agit,
2384 2344 2441 2392 et
2464 2336 2766 2407 ingressum
2797 2337 2851 2392 in
2879 2352 2988 2408 quo
3017 2338 3228 2410 primus
3279 2339 3417 2394 liber
3455 2339 3735 2394 terminatur

2198 2424 2284 2479 vel
2314 2425 2718 2493 terminaverat,
2747 2437 2808 2482 ut
2855 2429 3255 2499 competentius
3273 2427 3473 2498 jungat,
3512 2427 3737 2481 narratio-

2199 2530 2322 2570 nem
2355 2531 2508 2571 suam
2554 2519 2822 2584 breviter,
2852 2519 3002 2588 prius
3029 2519 3228 2590 repetit
3251 2521 3318 2576 de
3346 2520 3579 2584 introitu,
3605 2527 3654 2572 et
3678 2518 3734 2571 ita

2199 2605 2391 2662 melius
2422 2607 2697 2664 descendit
2748 2609 2816 2664 ad
2854 2610 3077 2665 exitum.
3135 2609 3230 2666 Sic
3256 2619 3314 2664 et
3356 2625 3455 2664 nos
3481 2609 3534 2664 in
3561 2605 3731 2662 nostris

2201 2700 2542 2756 sermonibus
2583 2700 2728 2756 facta
2759 2702 2918 2774 longa
2949 2703 3384 2774 interpositione,
3413 2701 3601 2757 dicturi
3627 2699 3733 2762 alia,

2201 2792 2498 2861 repetimus
2524 2795 2828 2864 superiora,
2880 2803 2940 2850 ut
2977 2796 3167 2852 melius
3197 2797 3346 2852 dicta
3376 2795 3732 2851 continuemus.

2200 2883 2296 2938 His
2325 2886 2704 2952 consideratis,
2729 2887 2959 2943 videnda
2997 2874 3082 2943 est
3109 2890 3362 2954 materia,
3402 2902 3518 2957 quae
3541 2893 3616 2941 est
3639 2898 3736 2939 cor-

2199 2975 2400 3045 poralis
2427 2977 2604 3033 exitus
2627 2977 2856 3032 ﬁliorum
2893 2978 3054 3034 Israel
3080 2979 3146 3034 de
3168 2979 3430 3051 Egypto,
3449 2986 3502 3034 et
3522 2977 3736 3048 spiritua-

2200 3067 2268 3122 lis
2301 3069 2480 3124 exitus
2509 3077 2726 3124 sanctus
2771 3081 3083 3133 sanctorum
3125 3070 3196 3125 de
3227 3071 3448 3126 mundo.
3477 3067 3737 3124 Intentione

2201 3159 2458 3215 admonet
2509 3175 2610 3215 nos
2674 3160 3028 3230 spiritualiter
3060 3161 3232 3228 exire
3285 3157 3736 3224 deconformitate

525 3245 609 3300 bri
633 3255 688 3299 et
711 3244 1080 3299 submersione
1121 3243 1421 3298 Pharaonis
1445 3252 1498 3297 et
1523 3243 1762 3298 exercitu
1791 3241 1928 3311 ejus,
1951 3251 2005 3298 et
2031 3243 2097 3298 de
2124 3233 2171 3296 C
2203 3252 2410 3317 mundi,
2442 3253 2583 3308 sicut
2612 3253 2686 3306 illi
2739 3253 2831 3324 qui
2861 3254 3216 3324 corporaliter
3240 3255 3491 3309 exierunt
3512 3251 3574 3307 de
3599 3249 3736 3318 Eg-

525 3333 842 3388 liberatione
867 3334 1046 3404 p0puli
1088 3333 1184 3388 Dei
1215 3352 1228 3387 :
1262 3334 1316 3387 in
1362 3349 1470 3404 quo
1498 3333 1760 3404 ﬁguratur
1801 3333 2100 3403 baptismus

527 3426 786 3497 sanguine
818 3425 1019 3480 Christi
1065 3435 1438 3491 consecratus,
1491 3426 1545 3480 in
1586 3441 1692 3495 quo
1738 3424 1935 3481 diaboli
1973 3425 2101 3480 vitia

527 3517 962 3587 submerguntur,
993 3525 1048 3574 et
1075 3519 1268 3573 animae
1297 3517 1533 3572 ﬁdelium
1560 3517 1878 3572 liberantur.
1909 3517 2102 3586 Agitur

528 3608 694 3662 etiam
723 3607 790 3663 de
834 3623 1009 3680 pugna
1037 3608 1406 3664 Israelitarum
1447 3623 1571 3663 cum
1598 3607 1880 3673 Amalech,
1912 3608 1966 3662 in
1994 3623 2100 3678 quo

525 3697 749 3753 victoria
789 3697 989 3752 Christi
1019 3707 1075 3754 et
1099 3714 1341 3764 suorum,
1372 3708 1427 3753 et
1461 3697 1710 3754 confusio
1740 3695 1937 3753 diaboli
1963 3696 2099 3767 ﬁgu-

529 3797 698 3843 ratur.
735 3787 972 3843 Tandem
1021 3789 1266 3860 catalogo
1296 3789 1639 3845 mansionum
1687 3788 1961 3858 descripto
1987 3787 2102 3859 agi-

530 3888 618 3934 tur
641 3879 707 3934 de
729 3878 848 3950 lege
875 3879 1000 3934 data
1025 3879 1078 3934 in
1107 3890 1290 3936 monte
1319 3880 1445 3935 Sina
1474 3897 1489 3946 ;
1521 3880 1575 3934 in
1597 3893 1706 3948 quo
1738 3879 1896 3933 nobis
1916 3879 2100 3934 innui-

530 3978 617 4024 tur
646 3977 727 4033 ut,
751 3984 782 4023 a
814 3970 1043 4025 terrenis
1081 3970 1339 4025 sublevati
1373 3971 1646 4026 discamus
1694 3971 1886 4038 subjici
1939 3970 2101 4026 coale-

529 4060 702 4114 stibus
743 4059 1058 4130 disciplinis.
1110 4060 1302 4131 Agitur
1352 4061 1550 4115 iterum
1587 4061 1654 4116 de
1703 4059 2102 4116 constructione

530 4151 864 4206 tabernaculi
907 4161 962 4208 et
1002 4167 1252 4208 vasorum
1295 4152 1432 4221 ejus,
1459 4154 1527 4208 de
1566 4153 1806 4208 vestibus
1844 4152 2100 4207 sacerdo-

532 4252 642 4296 tum
667 4250 721 4298 et
748 4243 1036 4310 unctione;
1067 4244 1119 4298 in
1154 4259 1260 4314 quo
1296 4243 1613 4316 intelligitur
1640 4257 1878 4316 praesens
1913 4240 2102 4296 Eccle-

529 4333 628 4398 sia,
679 4343 736 4388 et
785 4335 1012 4389 diversae
1059 4350 1305 4405 personae
1355 4335 1590 4390 ﬁdelium
1638 4334 1865 4390 diversis
1909 4331 2101 4387 olIiciis

449 4479 452 4482 .
529 4425 815 4494 deputatae,
847 4429 986 4484 sicut
1012 4443 1140 4482 vasa
1161 4427 1391 4484 diversis
1427 4428 1614 4484 usibus
1643 4428 1899 4497 deputata
1921 4433 2096 4490 erant,

529 4515 613 4569 vel
643 4513 850 4581 oﬁiciis,
897 4527 952 4572 et
995 4526 1454 4574 sacramentorum
1498 4527 1552 4574 et
1579 4518 1882 4574 orationum
1917 4530 2100 4572 sacra-

533 4616 710 4662 tarum
759 4611 1077 4666 suavissima
1123 4613 1488 4668 odoramenta.
1545 4613 1620 4668 De
1667 4612 1752 4667 his
1797 4612 2094 4676 hactenus;

533 4713 674 4754 nunc
718 4698 1001 4756 dicendum
1055 4710 1140 4757 est
1190 4704 1332 4774 quod
1380 4704 1672 4760 secundum
1710 4703 1957 4758 ordinem
2017 4702 2100 4757 hi-

2199 3350 2316 3411 pto,
2349 3351 2407 3396 ut
2449 3343 2588 3397 sicut
2635 3341 2837 3399 fuimus
2875 3344 3185 3401 conformes
3214 3344 3435 3408 saeculo,
3486 3343 3555 3397 ita
3598 3340 3737 3395 simus

2201 3433 2509 3487 conformes
2533 3433 2661 3488 Deo.
2693 3433 2878 3489 Modus
2904 3435 3030 3490 talis
3055 3445 3138 3490 est
3158 3453 3170 3488 :
3190 3436 3436 3491 breviter
3458 3442 3663 3500 tangens
3685 3426 3736 3480 de

2201 3521 2422 3576 introitu
2452 3523 2681 3577 ﬁliorum
2713 3523 2880 3579 Israel
2921 3525 2975 3578 in
3005 3523 3323 3596 Egyptum,
3361 3525 3467 3596 agit
3493 3523 3552 3576 de
3578 3529 3735 3574 eorum

2200 3613 2676 3683 multiplicatione;
2707 3615 2902 3670 deinde
2931 3615 2996 3670 de
3034 3631 3176 3670 novo
3203 3633 3356 3688 rege,
3393 3615 3480 3685 qui
3508 3606 3737 3684 ignoravit

2199 3702 2397 3774 Joseph
2423 3713 2478 3757 et
2505 3705 2670 3775 ccepit
2697 3703 2934 3776 aﬁligere
2963 3706 3218 3776 populum
3243 3723 3259 3773 ;
3295 3707 3484 3763 deinde
3511 3705 3573 3758 de
3593 3696 3735 3771 plagis

2200 3791 2442 3864 Eﬂpti,
2469 3794 2687 3849 tandem
2719 3794 2784 3850 de
2805 3796 2952 3850 exitu
2976 3797 3187 3851 illorum
3217 3806 3274 3853 et
3310 3799 3391 3863 de_
3404 3794 3620 3851 transitu
3642 3802 3734 3842 ma-

2200 3884 2276 3939 ris
2297 3883 2465 3938 Rubri
2491 3892 2546 3938 et
2575 3885 2945 3941 submersione
2970 3885 3369 3958 Egyptiorum.
3397 3883 3620 3940 Tandem
3638 3889 3737 3948 per-

2200 3975 2349 4028 venit
2377 3975 2443 4029 ad
2478 3983 2716 4030 montem
2755 3973 2906 4042 Sina,
2940 3977 2992 4031 in
3019 3993 3127 4048 quo
3157 3977 3240 4031 lex
3283 3979 3411 4033 data
3452 3963 3737 4037 estnam!"

2202 4068 2268 4122 de
2296 4067 2666 4133 tabernaculo;
2692 4078 2745 4124 et
2785 4069 2929 4125 vasis
2971 4070 3107 4140 ejus,
3137 4078 3194 4125 et
3232 4070 3302 4125 de
3327 4067 3560 4126 vestibus
3583 4071 3736 4117 sacer-

2202 4159 2386 4214 dotum
2417 4167 2471 4213 et
2499 4159 2774 4224 unctione,
2809 4167 2864 4213 et
2888 4161 2966 4216 sic
2987 4159 3332 4214 terminatur.

2271 4249 2408 4305 Nota
2439 4252 2581 4320 quod
2621 4267 2744 4306 cum
2794 4252 2982 4306 eadem
3032 4251 3104 4307 sit
3149 4260 3204 4308 et
3252 4251 3478 4308 indivisa
3521 4237 3731 4301 historia.

2203 4356 2364 4412 quam
2397 4342 2675 4412 proposuit
2703 4342 2804 4397 sibi
2856 4341 3065 4413 Moyses
3103 4342 3530 4402 describendam,
3581 4339 3732 4387 tamen

2200 4446 2298 4501 per
2335 4431 2567 4501 capitula
2603 4440 2659 4487 et
2689 4443 2867 4502 partes
2907 4435 3020 4488 sive
3048 4448 3146 4504 per
3193 4433 3361 4490 libros
3408 4445 3523 4486 eam
3572 4419 3735 4479 distin-

2202 4531 2388 4594 guunt,
2421 4532 2480 4578 ut
2503 4522 2796 4580 lectoribus
2848 4523 3126 4581 fastidium
3164 4525 3460 4588 auferatur,
3499 4520 3626 4575 sicut
3645 4510 3735 4564 via-

2207 4624 2292 4670 tor
2339 4615 2504 4681 viam,
2552 4632 2672 4686 quae
2716 4626 2799 4674 est
2826 4619 3076 4684 indivisa,
3127 4619 3319 4676 dividit
3364 4632 3460 4690 per
3486 4606 3736 4670 dictas,ut

2210 4704 2369 4762 labor
2400 4706 2674 4764 minuatur
2702 4719 2755 4765 et
2776 4711 2919 4767 absit
2945 4711 3244 4768 fastidium.

529 4863 3721 4901 ———————————_——-—-—————————‘

1673 5004 1976 5083 LIBER
2053 5002 2632 5087 LEVITICUS.

1751 5178 2008 5235 Hebraice
2059 5179 2284 5238 Vman
2321 5181 2550 5268 (mpm).

1916 5342 2331 5362 ψ

1112 5450 1499 5507 ΡΒᾸΕΕᾺΤΙΟ.

605 5539 852 5610 dsrcnms
881 5541 937 5594 in
985 5539 1170 5613 Leuit.)
1217 5542 1381 5599 Liber
1426 5543 1527 5598 iste
1579 5542 1854 5602 Leviticus
1903 5546 2101 5602 dicitur

535 5629 661 5700 quia
689 5630 895 5686 scilicet
921 5633 974 5686 in
1012 5631 1115 5686 hoc
1141 5635 1356 5689 nomine
1383 5634 1544 5690 totius
1578 5635 1697 5689 lihri
1723 5646 2097 5706 argumentum

535 5720 934 5778 manifestatur.
968 5722 1162 5777 Tribus
1194 5723 1320 5778 Levi
1363 5725 1692 5781 tabernaculi
1738 5727 2099 5782 ministerium

536 5812 724 5868 sortita
752 5821 854 5882 est,
883 5815 936 5868 in
969 5831 1074 5896 quo
1105 5816 1388 5884 sacriﬁcia,
1423 5826 1477 5873 et
1499 5819 1766 5889 primitias
1787 5861 1800 5886 ,
1825 5829 1881 5874 et
1901 5820 2101 5891 primo-

2125 5455 2181 5516 D
2207 5453 2509 5526 genitorum
2541 5453 2840 5509 oblationes
2891 5452 3073 5508 oﬁ‘erri
3128 5459 3448 5524 praeceme
3487 5452 3584 5508 est,
3628 5435 3731 5526 quia

2207 5523 2384 5599 omnia
2427 5545 2688 5600 sacriﬁcia
2722 5543 2789 5598 ad
2820 5542 3035 5597 Levitas
3065 5523 3335 5611 pertinent
3361 5538 3544 5612 (Num.
3580 5523 3727 5592 xvm).

2207 5636 2250 5690 Α
2280 5636 2473 5706 quibus
2506 5636 2642 5691 liber
2684 5636 2785 5690 iste
2828 5648 3121 5705 congruum
3163 5633 3384 5687 sortitus
3418 5629 3692 5682 estnomen
3717 5649 3729 5670 ς

2209 5727 2300 5797 qui
2340 5728 2453 5781 haec
2487 5727 2667 5780 omnia
2693 5724 2888 5795 digerit
2915 5739 3011 5794 per
3037 5721 3301 5778 ordinem.
3690 5788 3699 5799 .

2279 5817 2465 5871 Latine
2511 5816 2824 5885 Olfertorius
2854 5815 2938 5870 vel
2967 5813 3344 5880 sacriﬁcativus
3381 5806 3592 5865 dicitur.
3625 5801 3727 5861 tl'"a

3911 4265 3913 4396 γ

3911 4459 3913 4554 1

3911 4651 3913 4768 ί

3911 4925 3913 5002 l

3911 5141 3913 5232 φ

3911 5261 3913 5344 ι

3911 5681 3913 5712 ‹

3911 5725 3913 5764 l

3912 5771 3913 5808 ι
