3998 6332
199 421 307 478 297

197 538 270 591 de
296 535 584 592 sacriﬁciis
613 543 666 591 et
689 535 1026 592 caeremoniis
1054 537 1180 607 agit.
1213 536 1310 591 llic
1332 535 1470 592 bene
1496 547 1618 608 post
1644 538 1786 594 Exo-
1813 544 1870 604 Α

199 629 332 683 dum
377 629 600 697 ponitur
628 646 641 682 :
676 629 729 683 in
759 644 825 684 eo
848 630 993 684 enim
1025 627 1432 684 tabernaculum
1462 631 1747 685 ordinatur
1771 671 1786 696 ,

199 721 256 776 in
290 723 397 777 hoc
431 736 496 776 ea
523 723 869 778 continentur
895 738 1015 792 qua:
1041 722 1302 778 Dominus
1325 723 1492 794 Moysi
1516 726 1584 780 de
1609 726 1792 781 taber-

197 813 402 869 naculo
433 814 773 884 loquebatur,
799 823 855 869 et
885 815 1220 870 tabernaculi
1249 818 1607 873 caeremoniae.

271 905 334 961 Si
364 908 495 976 quis
517 918 696 962 autem
724 917 929 977 quaerat
956 924 1124 978 quare
1149 909 1272 965 libri
1297 910 1432 981 legis
1455 912 1613 967 divisi
1641 922 1785 979 sunt,

196 1013 328 1054 cum
367 999 597 1055 historia
629 1009 874 1070 tempore
915 1001 1144 1056 indivisa
1195 1003 1307 1068 sit,
1353 1005 1787 1073 respondendum

195 1101 284 1148 est
309 1111 324 1146 ε
352 1101 413 1147 ιιι
441 1092 712 1147 fastidium
763 1093 994 1160 scilicet,
1019 1092 1207 1148 lectori
1249 1093 1484 1149 auferret
1521 1095 1788 1152 librorum

195 1185 420 1251 divisio,
440 1186 576 1240 sicut
604 1195 658 1240 et
687 1187 787 1241 viae
813 1188 986 1256 spatia
1009 1187 1202 1243 dividit
1229 1189 1421 1256 viator,
1446 1199 1504 1245 ut
1531 1198 1788 1261 tauquam

196 1273 408 1331 divisus
436 1277 712 1330 minuatur
741 1277 912 1332 labor.

270 1365 530 1422 Rabanns
580 1367 647 1421 ab
685 1367 883 1423 lsichio
934 1368 1428 1441 Hierosolymorum
1489 1373 1783 1446 episcopo,

195 1457 291 1526 qui
321 1457 620 1513 Leviticum
669 1462 804 1515 satis
849 1461 1006 1530 plene
1033 1463 1302 1534 exposuit,
1330 1465 1498 1520 multa
1531 1467 1784 1538 collegit,

195 1557 255 1602 et
282 1549 356 1603 ab
381 1549 503 1604 aliis
534 1566 746 1620 quoque
777 1550 1030 1609 Patribus
1059 1595 1074 1619 ,
1123 1556 1215 1624 qui
1263 1554 1380 1623 ejus
1415 1557 1623 1628 aliquas
1657 1575 1783 1614 sen-

195 1644 402 1696 tentias
427 1654 815 1712 exposuerunt,
846 1647 1092 1716 quaedam
1120 1650 1269 1718 operi
1306 1665 1406 1706 suo
1433 1654 1705 1722 apposuit,
1729 1661 1785 1709 et

189 1747 263 1787 ex
288 1734 518 1790 confuso
563 1737 951 1792 sententiarum
999 1741 1187 1794 ordine
1234 1742 1521 1811 quemdam
1563 1745 1781 1815 exposi-

192 1824 362 1880 tionis
399 1826 646 1882 ordinem
687 1828 980 1885 multorum
1029 1831 1307 1888 doctorum
1349 1838 1651 1894 sententias
1698 1839 1779 1894 al-

189 1917 465 1973 ternando
500 1921 825 1990 composuit.

263 2008 516 2079 (ISIC'JUS
537 2011 591 2065 in
620 2010 808 2084 Leuit.)
835 2012 953 2068 Prae
974 2016 1224 2072 omnibus
1253 2033 1476 2074 necesse
1508 2029 1592 2075 est
1617 2021 1781 2077 inter-

182 2104 556 2172 pretationem
583 2104 719 2177 legis
761 2107 830 2162 ad
874 2122 1149 2180 anagogen
1176 2111 1336 2176 trahi,
1364 2122 1418 2167 et
1447 2114 1780 2182 spiritualem

183 2193 608 2266 intelligentiam
639 2197 691 2252 in
719 2196 900 2253 littera
929 2202 1280 2269 prescrutari.
1326 2201 1441 2258 Hoc
1482 2205 1626 2259 enim
1673 2221 1780 2261 non

180 2289 519 2344 contradicit
543 2289 670 2360 legi,
685 2292 778 2346 sed
801 2307 919 2346 eam
943 2292 1200 2349 defendit.
1219 2294 1565 2365 Spiritualem
1581 2299 1780 2368 quippe

183 2380 524 2436 intellectum
554 2383 840 2453 diligenter
885 2400 1006 2442 esse
1036 2386 1418 2457 inquirendum
1455 2389 1619 2444 etiam
1663 2391 1780 2462 ipse

180 2472 442 2528 Christus
467 2475 721 2539 ostendit,
760 2477 849 2546 qui
882 2477 937 2532 in
967 2478 1241 2548 parabolis
1271 2479 1383 2534 suis
1417 2478 1631 2552 (Matth.
1656 2480 1777 2553 xm)

184 2578 397 2634 agrum,
425 2566 714 2632 mundum;
746 2567 1038 2638 agricolam
1071 2570 1430 2623 seminantem
1467 2585 1650 2625 semen
1677 2573 1775 2627 bo-

183 2669 342 2718 num,
366 2653 576 2723 jnstos;
607 2657 838 2725 zizania,
869 2660 1162 2730 malignos;
1203 2676 1474 2717 messores
1521 2678 1736 2733 quoque
1757 2705 1773 2732 ,

181 2745 443 2817 angelos;
490 2757 546 2803 et
587 2749 864 2805 inimicum
911 2752 1452 2822 superseminantem,
1505 2755 1775 2811 diabolum

183 2833 500 2904 appellavit.
532 2836 662 2903 Quis
691 2855 819 2910 ergo
849 2849 994 2895 vetat
1024 2841 1216 2897 bovem
1239 2857 1367 2906 eum
1388 2845 1480 2914 qui
1519 2855 1776 2916 operatur

172 2925 474 2996 justitiam,
501 2929 800 2998 appellare;
832 2931 973 2986 sicut
1007 2946 1164 2986 ovem
1191 2973 1206 2998 ,
1249 2933 1583 3004 simplicem;
1612 2947 1668 2992 et
1692 2937 1777 2992 in-

177 3030 496 3087 nocentem,
529 3023 836 3079 columbam
871 3043 884 3078 :
915 3033 971 3080 et
1001 3033 1265 3082 turturem
1295 3027 1579 3084 sublimius
1611 3044 1775 3099 agen-

177 3120 266 3166 tes
292 3124 348 3167 et
383 3111 824 3183 contemplationi
865 3115 1162 3171 vacantes?
1204 3115 1456 3186 Nunquid
1495 3133 1604 3173 non
1640 3119 1774 3174 Eze-

1224 421 1490 478 GLOSSA
1528 422 1927 480 ORDINARIA.
1969 454 2037 464 -
2074 424 2201 480 LlB.
2238 399 2500 483 uath

1807 1901 1857 1962 B

3371 429 3480 490 298

1963 533 2168 606 (Otum,
2197 538 2390 592 homil.‘
2411 539 2462 604 1,
2486 539 2542 593 in
2563 536 2754 610 Levit.)
2786 537 2844 594 Si
2875 539 3172 598 secundum
3207 540 3476 612 quosdam

1891 627 2059 682 etiam
2083 637 2393 684 nostrorum
2419 630 2716 701 simplicem
2764 630 3096 688 intellectum
3137 646 3430 702 sequamur
3454 669 3476 699 ,

1892 727 1946 774 et
1975 720 2180 790 absque
2212 721 2318 775 ulla
2345 763 2360 786 ,
2407 731 2468 777 ut
2505 723 2605 793 ipsi
2649 738 2750 778 nos
2787 723 2964 779 ridere
2995 724 3170 780 solent
3192 766 3207 790 ,
3249 726 3473 796 stropha

1891 813 2040 867 verbi
2065 822 2121 868 et
2144 814 2410 886 allegoriae
2439 817 2637 884 nubilo
2669 834 2857 873 vocem
2884 818 3208 888 legislatoris
3232 820 3471 891 excipia-

1893 920 2031 970 mus,
2082 922 2179 973 ego
2222 908 2621 965 ecclesiasticus
2651 911 2752 966 sub
2781 911 2887 966 ﬁde
2910 911 3112 967 Christi
3153 913 3372 979 vivens,
3416 919 3473 968 et

1891 995 1946 1049 in
1985 997 2165 1051 medio
2199 999 2454 1053 Ecclesia:
2479 1003 2706 1069 positus,
2736 1004 2803 1057 ad
2831 1001 3246 1064 sacriﬁcandum
3270 1001 3469 1058 vitulos

1890 1087 1975 1144 vel
2005 1104 2174 1159 agnos
2198 1130 2212 1155 ,
2241 1099 2296 1145 et
2321 1093 2387 1146 ad
2413 1091 2742 1148 offerendam
2793 1094 3026 1149 similam
3061 1111 3184 1150 cum
3226 1095 3386 1150 thure
3411 1103 3472 1150 et

1889 1181 2049 1248 oleo,
2096 1183 2262 1238 divini
2289 1185 2543 1254 praecepti
2585 1186 2905 1242 auctoritate
2951 1187 3244 1260 compellor
3287 1202 3302 1241 :
3351 1188 3469 1258 ipse

1888 1288 2020 1344 ergo
2058 1274 2338 1343 Dominus,
2395 1277 2509 1348 ipse
2556 1276 2794 1348 Spiritus
2844 1288 3064 1335 sanctus
3094 1280 3469 1350 deprecandus

1888 1373 1988 1428 est,
2029 1375 2088 1420 ut
2113 1381 2330 1422 omnem
2376 1367 2628 1423 nebulam
2671 1371 2881 1440 peccati
2926 1386 3044 1440 quae
3073 1371 3249 1427 visum
3289 1371 3472 1429 cordis

1885 1457 2060 1513 nostri
2079 1459 2352 1526 obscurat,
2369 1460 2583 1516 auferre
2597 1462 2866 1532 dignetur,
2881 1471 2940 1517 ut
2953 1463 3290 1533 spiritualem
3311 1462 3470 1520 intel-

1881 1549 2160 1621 ligentiam
2190 1552 2518 1618 intueamur,
2553 1556 2846 1610 secundum
2878 1556 3007 1612 illud
3038 1575 3051 1610 :
3078 1555 3263 1612 Revela
3289 1556 3468 1612 oculos

1886 1657 2025 1696 meos
2048 1652 2094 1696 et
2120 1644 2462 1698 considerabo
2490 1645 2778 1712 mirabilia,
2809 1655 2914 1702 etc.
2949 1647 3122 1719 (Psal.
3149 1649 3361 1719 cxvm).

1955 1733 2127 1806 (lsm.)
2155 1733 2345 1790 Omnis
2373 1737 2671 1791 hostiarum
2701 1737 2988 1793 diversitas
3007 1737 3206 1794 Christi
3231 1739 3464 1793 hostiam

1883 1825 2285 1898 prteﬁgurabat.
2321 1827 2493 1894 Unde,
2523 1831 2738 1884 veritate
2773 1830 2979 1896 oblata,
3021 1833 3238 1886 cessavit
3279 1832 3466 1886 umbra

1885 1914 1932 1988 (I
1961 1915 2084 1971 Cor.
2116 1917 2226 1989 xv),
2255 1933 2442 1974 verum
2468 1919 2796 1976 sacriﬁcium
2823 1922 2938 1976 veri
2977 1931 3034 1978 et
3069 1924 3256 1978 aeterni
3287 1938 3466 1978 sat-er-

1884 2007 2026 2063 dotis
2076 2009 2447 2080 praeﬁgurans.
2497 2010 2622 2066 ldeo
2673 2020 2856 2067 autem
2904 2013 3098 2068 hostiis
3147 2014 3464 2068 animalium

1881 2109 2102 2171 pr0pter
2113 2104 2549 2158 emundationem
2563 2103 2780 2170 oblatis,
2795 2121 2898 2159 una
2911 2121 3038 2161 vera
3063 2106 3239 2162 hostia
3261 2106 3465 2162 Christi

1882 2191 2320 2262 promittebatur,
2369 2194 2421 2250 in
2475 2210 2582 2264 qua
2627 2193 2784 2250 ﬁeret
2824 2196 3076 2252 remissio
3113 2205 3464 2268 peccatorum

1879 2294 2287 2341 contractorum
2318 2287 2383 2342 de
2416 2303 2580 2344 carne
2601 2296 2656 2342 et
2684 2290 2968 2359 sanguine,
2988 2290 3082 2360 qui
3108 2305 3334 2362 regnum
3364 2290 3462 2346 Dei

1879 2393 1987 2432 non
2022 2377 2371 2447 possidebunt
2397 2396 2410 2433 :
2436 2380 2562 2450 quia
2606 2381 2906 2436 substantia
2947 2381 3243 2452 corporalis
3269 2383 3324 2436 in
3351 2396 3464 2438 cte-

1878 2466 2072 2524 lestem
2123 2469 2424 2525 mutabitur
2481 2470 2817 2541 qualitatem.
2875 2470 3125 2528 Christus
3189 2473 3246 2527 in
3293 2471 3464 2527 vitulo

1877 2569 2101 2630 propter
2124 2561 2378 2616 virtutem
2402 2563 2582 2618 crucis
2602 2562 2960 2629 offerebatur;
2989 2565 3041 2618 in
3066 2574 3465 2636 agno,propter

1878 2650 2265 2715 innocentiam;
2284 2654 2336 2708 in
2351 2655 2546 2721 ariete,
2561 2663 2783 2725 propter
2797 2657 3184 2726 principatum;
3211 2658 3263 2711 in
3279 2658 3455 2724 hirco,

1877 2754 2099 2814 propter
2125 2745 2535 2800 similitudinem
2585 2747 2765 2801 carnis
2796 2749 3043 2814 ncccati;
3081 2748 3135 2803 in
3169 2757 3382 2804 turture
3403 2757 3462 2804 et

1877 2836 2276 2908 columba,quia
2292 2837 2432 2894 Deus
2455 2848 2510 2894 et
2538 2839 2718 2894 homo.
2736 2839 2999 2895 Mediator
3013 2841 3154 2896 enim
3171 2841 3266 2896 Dei
3285 2851 3340 2897 et
3361 2842 3460 2896 ho-

1876 2927 2081 2981 minum
2100 2928 2154 2982 in
2185 2929 2416 2990 duarum
2450 2930 2875 2985 substantiarum
2901 2930 3282 3001 conjunctione
3303 2945 3460 2986 mon-

1877 3018 2181 3086 strabatur;
2228 3021 2281 3075 in
2341 3022 2660 3092 similaginis
2689 3017 3092 3092 conspersione,
3119 3024 3455 3080 credentium

1877 3125 1973 3181 per
2000 3125 2196 3182 aquam
2233 3115 2488 3185 baptismi
2509 3114 2788 3169 collectam
2815 3129 2936 3170 esse
2959 3115 3278 3182 Ecclesiam,
3302 3116 3355 3172 id
3375 3126 3461 3171 est

173 3200 322 3255 chiel
363 3199 699 3258 Hierusalem
743 3203 966 3260 leaenam
997 3205 1134 3260 dixit
1175 3224 1189 3260 :
1232 3214 1287 3262 et
1333 3207 1570 3263 catulum
1612 3210 1768 3282 ejus,
1802 3253 1846 3316 Ο
1878 3217 2074 3268 corpus
2101 3202 2322 3270 Christi.
2370 3206 2776 3261 ostendebatur.
2823 3205 2929 3261 Nos
2969 3212 3148 3262 autem
3179 3208 3458 3263 moraliter

173 3291 448 3316 DI:....I.:_-
505 3291 591 3316 _.-!
622 3293 811 3316 ,1---ι---
842 3303 917 3316 ..-ι
951 3295 1000 3316 ε..
1054 3293 1323 3316 n.__‘.____
1409 3306 1451 3316 Α.
1496 3297 1552 3316 ,s!
1616 3315 1640 3316 η
1690 3314 1729 3316 γ-
1882 3293 2149 3316 ,αι-ε..-η,
2176 3297 2396 3316 --ρμμιημ
2484 3313 2588 3316 κάη,
2631 3314 2712 3316 --η
2758 3314 2797 3316 ,_
2832 3314 2844 3316 μ
2872 3299 3064 3316 κέμνιοκ
3170 3300 3214 3316 γ·
3293 3301 3305 3311 ο

173 3291 471 3358 Eliachim,
501 3291 594 3362 qui
618 3293 814 3350 ductus
837 3303 923 3350 est
951 3295 1004 3350 in
1034 3293 1353 3367 Egyptum,
1401 3306 1455 3351 et
1483 3297 1648 3353 alium
1677 3314 1769 3354 ca-

171 3383 354 3438 tulum
379 3382 624 3438 Joacbim
653 3385 706 3440 in
739 3385 1066 3457 Babylonem
1095 3387 1354 3442 ductum?
1386 3388 1603 3461 (Ezech.
1630 3391 1768 3462 XIX.)

170 3472 292 3528 Non
327 3473 504 3530 solum
532 3490 653 3545 qua:
690 3475 744 3530 in
793 3477 1066 3546 parabolis
1095 3479 1240 3533 dicta
1267 3487 1416 3544 sunt,
1449 3481 1541 3534 sed
1570 3489 1624 3535 et
1650 3497 1770 3551 qure

168 3567 481 3622 secundum
527 3569 811 3624 historiam
844 3580 990 3637 sunt,
1022 3571 1089 3626 ad
1119 3571 1490 3629 sublimiorem
1523 3575 1768 3630 ducenda

167 3673 295 3713 esse
333 3658 672 3714 intellectum
711 3659 908 3716 Paulus
950 3663 1210 3728 ostendit,
1243 3664 1469 3719 dicens:
1500 3663 1766 3734 Scriptum

164 3762 244 3804 est
274 3751 533 3821 quoniam
567 3752 833 3806 Abraham
885 3754 1067 3808 habuit
1099 3755 1232 3810 duos
1267 3757 1440 3825 ﬁlios,
1477 3767 1614 3825 etc.;
1646 3769 1768 3830 post

165 3857 291 3910 qua:
321 3840 535 3896 addidit
569 3860 581 3895 :
618 3842 748 3907 Quae
778 3856 897 3898 sunt
929 3846 1216 3900 secundum
1241 3847 1546 3918 allegoriam
1579 3850 1721 3904 dicta
1745 3865 1764 3902 :

165 3933 281 3985 ha’c
308 3932 452 3984 enim
483 3943 601 3986 sunt
631 3933 734 3988 duo
772 3933 1133 4003 Testamenta,
1170 3947 1278 3993 etc.
1309 3937 1454 4010 (Gal.
1497 3941 1595 4013 tv).
1627 3941 1762 3997 For-

164 4024 340 4077 tassis
367 4032 546 4078 autem
576 4025 734 4079 noxia
767 4026 870 4080 erit
902 4026 1084 4081 littera
1109 4028 1335 4098 spoliata
1368 4031 1636 4100 spirituali
1681 4032 1764 4086 in-

162 4115 567 4184 telligentia;et
594 4117 758 4172 variis
780 4118 1292 4188 reprehensionibus
1319 4120 1571 4176 obnoxia.
1609 4120 1763 4177 Unde

161 4220 268 4274 per
321 4204 662 4260 Ezechielem
715 4215 769 4262 et
828 4208 1026 4262 bonam
1075 4207 1249 4279 legem
1277 4250 1290 4275 ,
1331 4219 1385 4264 et
1423 4225 1530 4264 non
1565 4211 1758 4269 bonam

161 4296 436 4352 Dominus
461 4296 717 4368 appellat,
751 4299 940 4355 dicens
978 4317 992 4353 :
1021 4300 1156 4354 Dedi
1186 4303 1260 4356 eis
1299 4314 1558 4374 praecepta
1601 4322 1715 4360 mea
1745 4347 1759 4372 ,

159 4398 210 4442 et
235 4388 458 4459 judicia
481 4406 594 4443 mea
625 4391 826 4445 ostendi
854 4393 952 4458 eis,
981 4410 1099 4464 qua:
1133 4394 1296 4464 faciat
1336 4396 1490 4450 homo
1532 4407 1581 4452 et
1622 4399 1760 4453 vivat

159 4481 216 4532 in
243 4480 346 4533 eis.
382 4479 448 4533 Et
478 4480 604 4534 alibi
643 4499 654 4534 :
687 4481 823 4536 Dedi
851 4483 925 4538 eis
966 4485 1221 4540 mandata
1266 4503 1372 4541 non
1417 4488 1572 4554 bona,
1599 4500 1646 4544 et
1668 4490 1761 4560 ju-

1877 3293 2152 3350 oﬁ‘erimus
2176 3297 2404 3352 vitulum
2433 3338 2447 3363 ,
2474 3313 2596 3353 cum
2621 3314 2803 3353 carnis
2825 3299 3135 3368 superbiam
3167 3300 3454 3367 vincimus;

1875 3402 2094 3458 agnum,
2121 3404 2240 3442 cum
2273 3389 2672 3444 irrationabiles
2711 3398 2889 3444 motus
2928 3391 3290 3462 corrigimus;
3346 3390 3457 3446 hae-

1873 3479 2020 3544 dum,
2058 3495 2180 3534 cum
2228 3479 2505 3534 lasciviam
2563 3495 2909 3548 superamus;
2939 3481 3243 3535 columbam
3271 3521 3286 3547 ,
3321 3480 3451 3535 dum

1872 3567 2144 3637 simplices
2180 3585 2400 3633 sumus;
2447 3577 2713 3623 turturem
2733 3610 2746 3634 ,
2779 3570 2905 3623 dum
2933 3571 3069 3625 casti
3114 3585 3300 3626 sumus
3321 3611 3337 3637 ,
3365 3571 3454 3626 vel

1870 3659 1997 3714 dum
2026 3661 2334 3715 castitatem
2369 3675 2680 3726 servamus;
2713 3670 2882 3730 panes
2911 3678 3156 3733 azymos,
3187 3678 3312 3718 cum
3342 3679 3455 3720 non

1868 3749 1923 3804 in
1954 3750 2221 3806 fermento
2249 3752 2488 3819 malitiae,
2540 3752 2634 3807 sed
2687 3753 2740 3807 in
2786 3755 2993 3824 azymis
3041 3754 3370 3812 sinceritatis
3397 3764 3454 3813 et

1867 3841 2115 3896 veritatis
2139 3843 2444 3913 epulamur.

1939 3931 2122 4004 (ΙὶΑιι.)
2153 3932 2373 4004 Singula
2403 3932 2694 4004 sacriﬁcia,
2714 3935 2822 3990 imo
2850 3935 3090 4006 singulas
3119 3951 3255 4006 pene
3282 3935 3446 4008 sylla-

1864 4021 1982 4087 bas,
2013 4030 2069 4078 et
2097 4031 2272 4079 vestes
2316 4023 2518 4090 Aaron,
2558 4034 2614 4080 et
2641 4033 2813 4081 totum
2851 4026 3150 4082 Leviticum
3199 4027 3449 4084 ordinem

1863 4114 2105 4170 caelestia
2135 4116 2265 4171 dicit
2287 4117 2496 4187 spirare
2528 4128 2888 4174 sacramenta.

1934 4205 2201 4274 Origenes
2245 4225 2460 4282 quoque
2508 4212 2586 4267 ait
2628 4231 2641 4266 :
2686 4211 2821 4280 Quia
2866 4213 3007 4269 sicut
3043 4215 3098 4268 in
3139 4215 3449 4275 novissimis

1863 4295 2053 4352 diebus
2085 4298 2318 4355 Verbum
2346 4301 2441 4357 Dei
2480 4317 2548 4358 ex
2577 4302 2745 4357 Maria
2769 4303 2980 4372 virgine
3000 4319 3165 4360 carne
3188 4306 3445 4361 vestitum

1861 4391 2128 4457 processit
2168 4393 2222 4446 in
2262 4394 2521 4447 mundum
2546 4410 2560 4458 ;
2586 4394 2740 4464 cujus
2761 4408 2890 4448 caro
2921 4395 2988 4450 ab
3016 4395 3267 4451 omnibus
3290 4397 3442 4454 vide-

1861 4479 2039 4544 batur,
2081 4480 2338 4536 divinitas
2363 4483 2550 4552 paucis
2574 4493 2630 4538 et
2662 4482 2848 4538 electis
2881 4484 3096 4555 cognita
3119 4486 3404 4556 tegebatur
3428 4507 3444 4542 :

158 4569 310 4622 dics'a
337 4571 394 4623 in
423 4572 612 4641 quibus
659 4590 762 4627 non
799 4575 996 4630 vivant.
1036 4574 1192 4630 Patet
1220 4592 1350 4646 ergo
1377 4579 1518 4634 bona
1549 4595 1672 4636 esse
1702 4591 1758 4637 et
1783 4611 1836 4672 υ
1862 4571 1941 4624 Sic
1981 4571 2204 4672 “imum
2243 4571 2341 4626 Del
2378 4589 2477 4643 Per
2518 4573 2810 4644 Prophetas
2854 4574 3128 4646 profertur
3173 4579 3242 4634 ad
3275 4578 3448 4636 δουλί-

157 4675 272 4714 non
316 4661 490 4727 bona;
523 4670 578 4717 et
601 4663 654 4717 in
678 4665 874 4734 quibus
896 4665 1081 4721 vivant
1111 4678 1167 4723 et
1205 4668 1260 4722 in
1298 4670 1495 4740 quibus
1523 4687 1628 4726 non
1675 4673 1757 4727 vi-

157 4759 300 4804 vant
325 4768 339 4803 :
374 4752 467 4820 qui
497 4753 640 4807 enim
669 4755 904 4810 custodit
951 4765 1200 4812 sanctum
1232 4759 1516 4830 Spiritum,
1545 4762 1676 4817 vivit
1697 4763 1754 4818 in

156 4841 278 4908 eis;
312 4842 408 4910 qui
437 4850 616 4898 autem
664 4847 962 4902 secundum
997 4865 1215 4904 carnem
1242 4891 1258 4916 ,
1314 4854 1574 4920 moritur,
1626 4857 1753 4927 quia

156 4934 336 4988 vitam
371 4948 479 4988 non
525 4937 802 5006 cognoscit
856 4939 910 4992 in
953 4940 1052 4995 eis.
1099 4940 1303 4998 Deinde
1330 4943 1608 5014 legislator
1644 4963 1751 5003 non

155 5040 421 5094 semper,
470 5027 565 5082 sed
615 5038 767 5084 certo
813 5039 1055 5102 tempore
1097 5032 1268 5088 voluit
1317 5036 1577 5091 custodiri
1616 5037 1753 5110 legis

155 5116 534 5185 superﬁciem,
568 5127 628 5172 ut
656 5121 978 5190 reprimeret
1021 5121 1212 5177 duram
1242 5123 1550 5181 Judaeorum
1579 5129 1753 5185 cervi-

156 5221 311 5272 cem;
347 5207 492 5262 unde
525 5227 538 5262 :
567 5208 690 5264 Scio
712 5211 851 5281 quod
878 5212 1102 5283 populus
1140 5213 1236 5268 iste
1273 5216 1422 5270 dura:
1446 5220 1659 5273 cervicis
1683 5201 1748 5274 sit

157 5295 364 5366 (Exod.
417 5299 625 5372 xxx");
671 5300 809 5356 Osee
849 5309 1031 5356 autem
1083 5314 1244 5360 vocat
1271 5305 1486 5364 Judaeos
1526 5309 1748 5366 vitulam

155 5398 604 5445 consternantem
626 5432 641 5456 ,
692 5407 811 5462 quae
839 5393 1052 5448 scilicet
1089 5394 1236 5452 nullo
1268 5400 1428 5455 modo
1474 5401 1745 5460 domatur.

154 5476 227 5532 Et
277 5479 448 5535 alibi:
483 5479 735 5552 Ephraim
782 5484 948 5538 vitula
988 5487 1140 5542 docta
1193 5488 1407 5561 diligere
1456 5497 1699 5548 trituram
1729 5539 1744 5563 ,

154 5571 381 5624 transivi
426 5589 584 5640 super
607 5573 1050 5643 pulchritudinem
1101 5578 1223 5633 colli
1274 5581 1389 5651 ejus
1431 5582 1605 5654 (Osee.
1650 5587 1742 5657 x);

155 5661 212 5714 in
253 5677 366 5731 quo
395 5664 705 5720 obedientia
758 5668 1111 5737 signiﬁcatur.
1163 5669 1360 5742 Jugum
1413 5676 1558 5730 enim
1613 5677 1747 5747 legis

153 5753 438 5824 imposuit,
470 5768 528 5811 ut
570 5759 836 5816 humiliati
874 5761 1106 5820 libenter
1149 5769 1484 5841 susciperent
1532 5773 1652 5830 leve
1693 5782 1746 5829 et

153 5860 325 5902 suave
341 5846 530 5920 jugum
560 5850 833 5923 Evangelii
862 5853 1076 5925 (Matth.
1104 5859 1222 5930 xu).

561 5944 836 6032 PATnOL.
885 5947 1109 6013 CXIII.
1205 5965 1208 5968 ’

1859 4679 1978 4729 nes,
2007 4663 2080 4719 ibi
2109 4667 2308 4732 carnis,
2339 4667 2428 4722 hic
2457 4668 2652 4724 litterae
2685 4669 2950 4727 velamine
2990 4681 3210 4729 tectum.
3239 4675 3445 4733 Littera

1859 4771 2114 4828 tanquam
2142 4775 2269 4816 caro
2295 4761 2556 4832 aspicitur
2583 4779 2597 4818 :
2631 4764 2926 4834 spiritualis
2969 4781 3161 4824 sensus
3187 4777 3443 4841 tanquam

1858 4848 2116 4906 divinitas
2142 4852 2392 4907 sentitur.
2659 4848 2676 4856 ’

2381 4944 2609 5002 CAPUT
2647 4947 2936 5007 PRIMUM.

1930 5032 2092 5091 Vens.
2120 5037 2170 5090 l.
2194 5035 2510 5106 ——-Vocavit,
2542 5049 2646 5097 etc.
2681 5043 2862 5114 (lsicn.
2886 5046 2940 5100 in
2967 5045 3156 5117 Levii.)
3187 5047 3291 5104 Per
3311 5065 3439 5106 con-

1852 5124 2188 5194 junctionem
2216 5133 2494 5200 sequentia
2519 5134 2698 5206 jungit
2719 5138 3173 5206 praecedentibus;
3201 5141 3434 5212 initium,
3475 5137 3480 5212 ί

1859 5221 2064 5276 scilicet
2120 5221 2242 5276 libri
2294 5223 2454 5294 hujus
2501 5242 2624 5282 cum
2678 5231 2782 5284 ﬁne
2827 5234 3183 5300 prtecedentis
3224 5238 3434 5293 :unius
3476 5225 3480 5230 ’

1857 5315 1999 5370 enim
2038 5325 2093 5370 et
2119 5317 2358 5387 ejusdem
2405 5320 2509 5375 diei
2553 5337 2687 5392 opus
2737 5323 2790 5376 in
2829 5333 3058 5394 utroque
3108 5329 3432 5384 continetur.

1854 5403 2016 5460 Liber
2045 5421 2259 5476 quoque
2286 5407 2505 5464 Numeri
2530 5452 2544 5475 ,
2577 5412 2702 5481 quia
2735 5413 2868 5467 nihil
2901 5415 3062 5469 habet
3091 5419 3325 5473 medium
3354 5421 3438 5474 in-

1855 5501 1938 5549 tcr
1966 5511 2024 5551 se
2055 5507 2109 5552 et
2137 5497 2462 5566 Leviticum,
2495 5502 2669 5556 simile
2690 5505 2917 5558 sortitur
2937 5509 3256 5576 proemium
3280 5527 3294 5575 ;
3332 5511 3436 5566 hoc

1841 5581 1930 5645 est
1961 5608 1974 5644 :
2010 5589 2340 5665 Locutusque
2377 5604 2450 5648 est
2483 5595 2738 5650 Dominus
2782 5598 2852 5652 ad
2872 5599 3087 5670 Moysen
3137 5603 3190 5656 in
3232 5603 3435 5660 deserto

1849 5680 2024 5748 Sinai,
2047 5694 2152 5740 etc.
2182 5684 2370 5756 (Num.
2398 5687 2458 5758 ι).
2504 5686 2646 5742 Nihil
2683 5706 2813 5760 ergo
2851 5702 2974 5761 post
3015 5693 3293 5750 historiam
3333 5697 3434 5754 Le-

1848 5767 2001 5832 vitici
2045 5787 2171 5833 ante
2210 5778 2494 5834 historiam
2538 5779 2760 5838 Numeri
2809 5784 3038 5854 populus
3079 5786 3226 5857 egit:
3256 5804 3430 5859 neque

1851 5870 1994 5924 enim
2037 5869 2213 5928 locum
2244 5880 2570 5940 mutaverat,
2606 5875 2730 5946 quia
2767 5877 2994 5933 necdum
3024 5879 3430 5942 tabernaculum

2955 5975 3029 6036 10
