3998 6332
585 351 690 409 299

1088 350 1489 407 WALAFNDI
1531 351 1778 408 STﬂABl
1815 349 2016 406 FULD.
2062 347 2225 405 HON.
2251 301 2414 405 CPP.
2455 348 2634 404 PARS
2673 347 2713 404 Ι.
2754 379 2822 389 -
2858 347 3310 406 THEOLOGICA.
3695 368 3773 428 δυο

584 470 952 534 dedicaverat,
985 481 1097 524 nec
1139 465 1368 522 multum
1396 467 1658 538 temporis
1705 466 2062 536 prreterierat.
2111 460 2167 516 In
2197 467 2245 524 Α
2275 463 2548 518 missionis
2576 471 2675 518 est.
2712 462 2917 532 Sponte
2944 464 3090 518 enim
3120 462 3296 530 oﬂ'ert,
3329 465 3449 535 quia
3498 469 3668 530 donum
3697 489 3773 548 est,

584 561 760 631 primo
799 559 996 631 quippe
1030 573 1215 614 mense
1253 558 1471 613 secundi
1503 558 1630 612 anni
1657 598 1671 622 ,
1697 557 1940 628 ejusdem
1971 554 2170 610 mensis

585 652 740 708 initio
775 666 938 723 agere
977 658 1280 722 creperum.
1328 648 1387 704 ln
1429 649 1616 706 Exodo
1639 659 1821 704 autem
1851 656 1908 703 et
1951 645 2169 711 Genesi,

2277 561 2333 606 et
2367 568 2528 608 omne
2558 553 2756 606 donum
2797 552 3160 608 voluntarium
3209 562 3309 608 est.
3355 553 3410 610 Si
3437 558 3567 614 enim
3591 571 3774 632 promis.

2275 643 2480 698 sionem
2531 659 2685 698 suam
2731 651 3072 714 trangressus
3109 643 3291 710 fuerit,
3322 647 3543 717 seipsum
3567 667 3774 727 accusat,

503 755 514 765 ·
585 743 712 810 quia
757 741 982 796 multum
1025 741 1281 812 temporis
1313 737 1548 795 medium
1572 781 1587 805 ,
1638 741 1827 796 mortis
1879 737 2074 808 Joseph
2117 745 2174 792 et
2275 749 2394 788 cum
2423 749 2613 803 poenas
2640 733 2818 787 luerit.
2855 733 2945 788 Sic
2971 743 3150 789 autem
3179 740 3512 808 acceptabilis
3541 745 3648 812 erit,
3665 757 3707 802 et
3724 751 3772 806 ad

588 831 919 902 egressionis
945 830 1178 886 ﬁliorum
1203 830 1396 896 lsrael,
1429 829 1658 886 ﬂuxerat
1679 871 1693 895 ,
1729 828 2038 897 conjunctio
2063 843 2169 883 non

583 922 790 979 obtinet
834 923 1182 996 principium,
1223 922 1318 977 sed
1364 931 1727 993 opportunum
1779 920 2168 991 dispensationi

583 1027 775 1070 eorum
807 1014 1160 1084 dispensatur
1197 1013 1480 1068 exordium
1533 1029 1546 1066 :
1602 1011 1734 1067 Ha'c
1785 1021 1905 1066 sunt
1956 1012 2167 1067 nomina

581 1104 814 1174 ﬁliorum
844 1103 1037 1169 Israel,
1069 1104 1158 1176 qui
1179 1105 1414 1174 ingressi
1445 1113 1566 1158 sunt
1598 1104 1910 1174 zEgyptum.

651 1196 860 1270 (istem)
877 1195 1184 1252 Secundum
1201 1195 1365 1249 LXX.
1383 1195 1676 1251 Revocavit.
1695 1194 1850 1250 Sicut
1870 1195 2166 1251 secundum

577 1301 673 1342 eos
723 1286 982 1340 revocavit
1047 1286 1188 1341 Deus
1242 1285 1486 1342 Beseleel
1540 1302 1607 1341 ex
1667 1287 1907 1351 nomine,
1949 1286 2168 1357 quando

579 1379 838 1448 prtecepit
863 1378 982 1432 ﬁeri
1015 1377 1421 1432 tabernaculum
1452 1378 1748 1432 secundum
1772 1378 2026 1448 ﬁguram,
2049 1395 2167 1448 qua:

577 1478 794 1524 ostensa
815 1469 969 1524 estin
994 1478 1177 1524 monte
1204 1486 1218 1521 :
1247 1483 1374 1539 ergo
1395 1477 1450 1522 et
1481 1483 1624 1523 nunc
1645 1471 1935 1539 quamdam
1959 1469 2166 1524 sacriﬁ-

576 1559 784 1614 ciorum
818 1559 1236 1630 intelligibilium
1286 1561 1576 1630 Imaginem
1626 1561 1936 1616 describere
1965 1578 2166 1633 praece-

575 1653 685 1720 pit;
709 1651 825 1707 baec
849 1652 1124 1706 revocatio
1158 1651 1356 1721 quippe
1383 1651 1673 1720 quamdam
1706 1652 2163 1720 dispensationem

577 1759 760 1800 rerum
812 1743 897 1800 vel
937 1743 1225 1800 verborum
1279 1744 1348 1798 ad
1413 1745 1698 1814 superiora
1757 1745 2162 1815 respicientium

578 1836 776 1892 innuit.

649 1926 830 1994 (Ome.
870 1928 1010 1982 Iram.
1057 1927 1081 1980 l
1132 1927 1184 1980 in
1233 1926 1421 1992 Leuit.)
1468 1926 1676 1982 Vocauit
1719 1940 1918 1992 autem,
1967 1940 2072 1984 etc.
2105 1929 2164 1984 in

578 2017 868 2088 principio,
893 2027 1025 2081 etc.,
1059 2035 1220 2088 usque
1249 2019 1318 2072 ad
1347 2021 1440 2087 qui
1473 2020 1539 2074 ad
1586 2021 1700 2076 haec
1730 2022 1996 2077 audienda
2030 2023 2166 2078 inte-

577 2111 750 2164 riores
776 2123 938 2164 aures
965 2107 1197 2162 aﬂ'erunt
1224 2109 1474 2164 mundas.

645 2201 826 2271 (lsrcn.
858 2201 911 2254 in
943 2199 1136 2270 Leuit.)
1165 2199 1317 2266 Quod
1342 2215 1450 2254 non
1478 2200 1665 2272 diligat
1693 2203 1834 2258 Deus
1856 2202 2163 2258 Judzcorum

574 2292 845 2348 sacriﬁcia
879 2333 893 2358 ,
943 2300 1050 2347 etc.
1081 2331 1096 2357 ,
1153 2307 1316 2361 usque
1351 2291 1420 2344 ad
1457 2301 1511 2345 et
1543 2303 1730 2361 aperte
1786 2295 1902 2349 haec
1951 2295 2163 2349 vocatio

575 2385 1030 2456 dispensationem
1069 2383 1360 2438 verborum
1400 2383 1483 2438 vel
1533 2399 1714 2439 rerum
1757 2387 2162 2456 respicientium

574 2475 643 2529 ad
669 2475 948 2546 superiora
975 2474 1174 2529 innuit.

648 2564 1121 2636 (0mc.lromil.l
1177 2565 1380 2637 Exod.)
1435 2565 1720 2623 Hominem
1769 2585 1930 2639 quem
1987 2569 2162 2640 primo

572 2656 752 2726 posuit
794 2655 861 2708 ad
898 2653 1234 2710 offerendum
1271 2655 1518 2722 Domino,
1547 2667 1676 2724 etc.,
1712 2677 1875 2730 usque
1897 2662 1965 2714 ad
1996 2663 2163 2716 sacri-

578 2747 759 2802 ﬁcium
791 2763 1006 2817 quoque
1037 2745 1232 2817 duplex
1265 2756 1350 2803 est
1388 2749 1533 2820 quod
1573 2760 1630 2805 et
1651 2753 1938 2807 terrestria
1968 2762 2022 2807 et
2046 2767 2158 2807 coe-

574 2837 729 2894 lestia
756 2839 949 2894 salvet.

650 2933 774 3004 (ln.,
816 2933 969 3006 ibid.)
1013 2933 1188 2991 Homo
1212 2936 1302 3004 qui
1335 2936 1401 2990 ad
1433 2937 1724 3008 imaginem
1747 2938 1842 2993 Dei
1882 2947 1937 2994 et
1970 2931 2162 2994 simili-

574 3025 818 3080 tudinem
849 3025 1026 3082 factus
1068 3026 1466 3082 rationabiliter
1507 3027 1661 3095 vivit,
1711 3037 1842 3095 etc.,
1881 3045 2042 3102 usque
2089 3029 2158 3083 ad

573 3126 628 3174 et
657 3117 856 3174 collum
880 3118 997 3189 ejus
1025 3117 1167 3172 sicut
1193 3119 1444 3174 turtur-is.

2197 1836 2237 1894 Β
2268 1828 2386 1900 ejus
2413 1831 2480 1884 ad
2528 1832 2700 1886 basim
2740 1832 2928 1886 altaris
2968 1847 2983 1886 :

2272 826 2634 896 expiationem
2667 840 2820 881 suam
2860 825 3170 896 proﬁciens,
3210 842 3332 883 cum
3362 832 3609 900 positione
3628 853 3775 896 manus

2273 919 2736 987 manifestaverit,
2769 920 2896 988 quia
2941 930 3132 989 sponte
3171 936 3277 977 non
3318 915 3626 983 necessitate
3659 931 3774 985 obtu-

2271 1009 2410 1064 lcrit.

2341 1101 2504 1156 Vens.
2535 1102 2589 1156 5.
2613 1133 2684 1142 --
2707 1101 3126 1174 lmmolabitque,
3162 1112 3268 1160 etc.
3311 1103 3501 1175 (lsr‘cn.
3544 1108 3594 1162 in
3625 1109 3776 1181 Leuit.)

2269 1189 2382 1246 Non
2416 1193 2588 1247 solum
2619 1193 2762 1248 enim
2805 1195 3076 1263 propriam
3111 1195 3492 1251 conscientiam
3519 1206 3569 1252 et
3602 1214 3776 1256 conver-

2269 1281 2534 1335 sationem
2567 1283 2674 1335 Deo
2698 1281 2960 1336 debemus
2983 1281 3200 1348 oﬁ'erre,
3227 1292 3358 1350 etc.,
3399 1301 3550 1354 usque
3583 1288 3643 1340 ad
3677 1289 3778 1343 sicut

2268 1371 2517 1429 Christus
2544 1375 2743 1429 ostium
2779 1375 3081 1446 appellatur
3103 1417 3117 1443 ,
3151 1377 3229 1432 sic
3259 1378 3499 1432 doctrina
3545 1381 3777 1451 apostolica

2269 1480 2428 1535 quam
2455 1466 2702 1536 largitur.

2339 1554 2468 1610 Filii
2491 1557 2686 1613 Aaron.
2725 1557 2902 1629 (Orno.
2926 1600 2942 1626 ,
2971 1562 3057 1615 ubi
3084 1563 3290 1632 supra.)
3321 1563 3396 1618 De
3425 1577 3605 1634 genere
3645 1566 3779 1619 Aaron

2266 1657 2421 1702 erant
2451 1650 2602 1702 Anna
2633 1660 2686 1704 et
2710 1649 2958 1720 Caiphas,
2991 1662 3046 1706 et
3073 1653 3164 1707 alii
3191 1655 3284 1723 qui
3315 1653 3576 1709 Christum
3597 1670 3780 1725 pronun-

2268 1739 2537 1794 tiaverunt
2559 1755 2678 1795 esse
2707 1755 2856 1796 reum
2887 1735 3096 1808 mortis,
3125 1751 3180 1798 et
3204 1742 3505 1799 eiludcruut
3531 1745 3781 1814 sanguinem

3028 1834 3108 1888 ibi
3157 1836 3306 1889 enim
3363 1843 3444 1891 est
3491 1836 3783 1899 occisus,ubi
3841 1825 3844 1828 ’
3899 1825 3901 1874 1

2257 1921 2437 1976 altare
2461 1932 2579 1976 erat
2609 1932 2662 1978 et
2692 1923 2834 1978 basis
2853 1923 2991 1993 ejus,
3017 1925 3158 1981 unde
3185 1945 3198 1979 :
3240 1925 3368 1980 Non
3390 1928 3522 1996 capit
3546 1927 3783 1997 prapltetam

2263 2016 2433 2083 perire
2458 2027 2605 2068 extra
2635 2015 2988 2072 Hierusalem.

2341 2105 2498 2158 Vens.
2530 2107 2582 2159 6.
2610 2136 2681 2145 -—
2705 2106 3076 2178 Detractaque,
3108 2117 3214 2164 etc.
3249 2109 3455 2182 (Onrc.,
3480 2109 3620 2180 ibid.)
3645 2109 3787 2165 Sacer-

2265 2195 2360 2249 dos
2395 2197 2586 2265 pellem
2628 2198 2881 2264 detrahit,
2916 2207 3047 2265 etc.,
3080 2218 3244 2272 usque
3269 2203 3340 2255 ad
3374 2210 3580 2258 terrena
3605 2201 3787 2257 ctelesti-

2263 2290 2363 2344 bus
2392 2299 2446 2344 et
2475 2292 2672 2348 divinis
2699 2293 2935 2348 humana
2976 2297 3222 2352 sociavit.

2335 2381 2410 2453 (lo
2439 2381 2456 2454 )
2485 2384 2739 2439 Intestina
2776 2402 2897 2441 cum
2929 2387 3157 2456 pedibus
3184 2387 3350 2457 jubet
3396 2403 3533 2461 aqua
3569 2389 3718 2454 dilui,
3753 2390 3790 2442 in

2263 2475 2714 2544 signiﬁcationem
2761 2477 3035 2548 baptismi.
3069 2475 3339 2534 Intestina
3381 2480 3561 2545 lavat,
3589 2481 3669 2550 qui
3699 2493 3792 2534 con-

2262 2564 2541 2618 scientiam
2584 2575 2810 2637 purgat;
2845 2568 3019 2636 pedes
3067 2569 3276 2637 abluit,
3319 2572 3412 2641 qui
3441 2570 3794 2627 consunnnatio-

2263 2670 2384 2709 nem
2418 2657 2643 2726 SllSt‘ipil
2667 2659 3013 2712 sacramenti.
3048 2659 3152 2725 Qui
3177 2663 3324 2715 enim
3364 2663 3584 2718 mundus
3613 2671 3693 2727 est,
3719 2675 3793 2714 non

2262 2746 2453 2817 indiget
2479 2749 2580 2801 nisi
2612 2759 2668 2802 ut
2697 2750 2851 2820 pedes
2873 2749 3136 2816 lauet,sed
3157 2762 3234 2808 est
3260 2753 3492 2808 mundus
3508 2763 3636 2807 totus
3653 2750 3791 2824 (Joan.

2261 2840 2351 2910 xv.)
2381 2859 2392 2894 ε
2427 2857 2524 2897 nec
2548 2843 2834 2912 quisquam
2867 2852 3044 2914 potest
3082 2844 3289 2901 habere
3317 2855 3530 2917 partem
3559 2861 3666 2900 cum
3683 2841 3792 2908 Jesu,

2261 2934 2361 2988 nisi
2395 2934 2588 2990 laverit
2615 2937 2780 3006 pedes
2809 2935 2947 3007 ejus.

2331 3026 2510 3097 (lsrcu.
2543 3029 2596 3080 in
2625 3026 2815 3100 Leuit.)
2867 3027 3028 3086 Pellis
3067 3030 3384 3087 detrahitur
3412 3046 3532 3088 cum
3559 3029 3731 3086 divitiis
3759 3035 3796 3081 et

2260 3116 2669 3186 quibuscunque
2697 3119 3048 3176 saecularibus
3081 3123 3461 3194 exspoliamur
3482 3164 3498 3188 ,
3529 3131 3652 3190 etc.,
3678 3134 3796 3190 usque

641 3210 823 3283 (lsrcrr.
857 3211 913 3265 in
951 3210 1139 3282 Leuit.)
1195 3211 1510 3281 Simplicem
1551 3213 1801 3284 designat
1838 3214 2111 3270 hominem
2139 3254 2154 3281 ,
2185 3199 2230 3261 Ο
2262 3207 2331 3261 ad
2371 3207 2646 3264 Christum
2676 3211 2952 3268 imitantes
2978 3213 3118 3268 sicut
3143 3231 3470 3284 possumus.

570 3308 705 3366 etc.,
737 3318 901 3371 usque
931 3303 999 3356 ad
1021 3300 1283 3371 jumentis
1312 3303 1477 3358 etiam
1502 3303 1651 3357 salus
1675 3304 2011 3358 conceditur.

639 3391 764 3465 (19.)
808 3391 1147 3450 Sacriﬁcium
1193 3394 1337 3450 Deus
1383 3395 1553 3466 exigit
1589 3403 1649 3449 ut
1681 3396 1844 3451 nobis
1886 3395 2153 3466 proﬁciat,

571 3497 676 3538 non
709 3484 835 3550 sibi,
861 3493 993 3550 etc.,
1042 3502 1203 3557 usque
1247 3486 1316 3540 ad
1358 3502 1482 3556 qua:
1513 3485 1728 3540 tandem
1759 3501 1856 3556 pro
1882 3488 2038 3544 nobis
2055 3496 2157 3542 aut

569 3583 760 3630 contra
783 3590 882 3630 nos
905 3576 1276 3631 testimonium
1306 3577 1513 3631 dicant.

640 3663 808 3722 Vens.
836 3665 889 3719 5.
911 3694 982 3705 —
1004 3665 1080 3720 De
1103 3676 1359 3732 armento,
1384 3676 1490 3722 etc.
1517 3666 1692 3740 (lsrn.)
1717 3667 1958 3723 Primum
1980 3669 2152 3724 sacri«

573 3759 756 3814 ﬁcium
787 3768 871 3814 est
903 3759 1103 3816 vitulus
1125 3800 1139 3824 ,
1169 3761 1222 3815 id
1248 3769 1333 3816 est
1365 3760 1616 3817 Christus
1645 3803 1661 3829 ,
1702 3763 1768 3817 de
1812 3774 2066 3828 armento,
2102 3765 2154 3820 id

572 3857 658 3904 est
689 3851 754 3904 de
781 3849 1210 3918 patriarcharum
1256 3851 1424 3920 stirpe
1471 3853 1818 3923 progenitus,
1848 3854 1940 3923 qui
1972 3863 2155 3909 aratro

573 3954 684 3994 suae
708 3939 886 3994 crucis
915 3947 1116 3994 terram
1141 3941 1327 3995 carnis
1352 3950 1550 3996 nostra:
1569 3943 1912 4012 perdomuit,
1945 3952 1998 3999 et
2029 3943 2153 4016 Spi-

573 4031 711 4086 ritus
737 4033 910 4086 sancti
942 4046 1127 4087 semen
1150 4033 1413 4086 virtutum
1440 4031 1593 4106 fruge
1619 4034 1832 4100 ditavit.

643 4123 854 4194 (0mm,
877 4134 934 4177 ut
961 4122 1169 4196 supra.)
1219 4123 1431 4178 Vitulus
1472 4127 1757 4196 superbus,
1791 4141 1919 4182 caro
1947 4135 2152 4195 nostra,

569 4225 698 4282 etc.,
747 4233 913 4288 usque
961 4215 1031 4270 ad
1077 4216 1256 4273 oleum
1300 4225 1482 4272 autem
1513 4219 1798 4276 cbaritatis
1827 4228 1880 4276 et
1923 4221 2074 4291 pacis
2100 4230 2153 4276 et

569 4310 798 4365 aliarum
822 4311 1081 4366 virtutum
1106 4325 1213 4366 non
1241 4311 1573 4366 habuerunt.

641 4401 721 4455 Ad
750 4401 1088 4470 placandum,
1123 4413 1229 4458 etc.
1261 4400 1424 4457 Juxta
1460 4402 1604 4458 LXX
1645 4413 1828 4459 autem
1859 4405 1963 4461 hoc
1998 4421 2154 4462 acce-

568 4500 722 4562 ptum
752 4492 884 4547 dicit
911 4491 1181 4559 offerenti,
1209 4494 1422 4550 scilicet
1448 4495 1494 4550 si
1520 4496 1665 4551 enim
1691 4505 1971 4566 acceptum
1996 4499 2152 4553 nobis

569 4599 698 4640 vere
741 4585 844 4650 sit,
880 4593 935 4641 et
961 4601 1056 4640 eor
1101 4595 1349 4642 nostrum
1390 4595 1540 4643 recte
1585 4588 1868 4660 judicans,
1913 4589 2150 4660 nullique

570 4675 850 4732 adhaerens
878 4677 1135 4747 passioni,
1161 4693 1357 4734 munus
1395 4681 1464 4734 ad
1499 4680 1902 4750 suscipiendum
1931 4681 2151 4752 dignum

569 4769 886 4838 probaverit
925 4787 937 4823 :
972 4779 1100 4826 tunc
1129 4786 1286 4826 orare
1325 4772 1380 4826 in
1415 4782 1705 4844 conspectu
1735 4773 1972 4840 Domini,
1998 4774 2049 4829 id
2071 4783 2154 4830 cst

570 4861 947 4918 remissionem
975 4878 1262 4933 possumus
1292 4865 1558 4920 obtinere.
1606 4865 1758 4921 Unde
1806 4881 1990 4922 coram
2033 4867 2152 4938 ipso

567 4954 920 5012 suadebimus
949 4957 1113 5012 corda
1138 4967 1344 5023 nostra,
1375 4960 1502 5030 quia
1535 4959 2024 5028 si.reprehenderit
2053 4975 2151 5014 nos

571 5058 665 5099 cor
711 5055 990 5113 nostrum,
1033 5045 1235 5102 scimus
1277 5049 1404 5118 quia
1453 5047 1625 5117 major
1671 5057 1756 5104 est
1801 5049 1942 5103 Deus
1983 5050 2148 5104 corde

568 5144 778 5203 nostro,
801 5146 856 5194 et
878 5139 1154 5208 cognoscit
1179 5138 1381 5203 omnia,
1415 5146 1520 5194 etc.

643 5228 808 5286 Vitas.
842 5229 898 5284 4.
926 5261 998 5272 -—-
1033 5228 1321 5302 Ponetque,
1354 5239 1457 5285 etc.
1491 5229 1643 5298 Quod
1675 5247 1775 5289 nos
1808 5233 2038 5288 hostiam
2069 5233 2148 5288 di-

569 5321 761 5388 cimus,
791 5320 977 5377 Graece
1004 5325 1261 5400 καρπώμα
1287 5322 1501 5389 dicitur,
1556 5322 1609 5377 in
1659 5339 1766 5394 quo
1813 5324 2148 5396 in-telligibile

569 5413 944 5470 holocaustum
977 5414 1332 5487 signiﬁcatur.
1371 5413 1738 5485 Spiritualiter
1784 5417 1928 5471 enim
1965 5416 2148 5472 fructi-

568 5504 714 5572 ﬁcat,
743 5507 836 5576 qui
883 5521 980 5576 per
1025 5505 1355 5574 spiritualcm
1406 5509 1868 5562 conversationem
1918 5508 2150 5564 ellicitur

569 5594 944 5651 holocaustum
979 5616 990 5649 :
1024 5605 1244 5666 prepter
1278 5597 1417 5667 quod
1448 5597 1538 5668 qui
1585 5596 1763 5662 oll'ert,
1817 5614 2036 5652 manum
2092 5600 2146 5653 in

565 5694 731 5756 caput
759 5687 946 5742 hostia:
974 5689 1145 5758 ponit,
1176 5687 1318 5756 quod
1347 5687 1616 5757 signiﬁcat
1636 5688 1848 5744 initium
1875 5690 2146 5759 praedictae

568 5777 1014 5842 conversationis,
1047 5793 1206 5848 quam
1239 5778 1329 5848 qui
1365 5777 1674 5850 oil'ert,ipse
1705 5781 1806 5836 sibi
1831 5795 1992 5836 causa
2016 5797 2143 5852 pro-

2330 3299 2521 3372 (Gssc.
2557 3302 2649 3358 lib.
2682 3319 2699 3357 ι
2727 3303 2950 3370 MoraL,
2976 3320 3094 3376 cap.
3126 3307 3248 3379 40.)
3303 3308 3511 3365 Pellem
3543 3309 3709 3364 hostia:
3729 3305 3797 3360 de—

2261 3393 2545 3459 trahimus,
2583 3404 2716 3461 etc.,
2746 3414 2907 3469 usque
2938 3399 3006 3452 ad
3035 3398 3172 3454 nihil
3207 3400 3486 3458 lubricum
3523 3403 3576 3458 in
3619 3416 3701 3456 ara
3722 3413 3802 3454 sum

2257 3484 2521 3541 orationis
2549 3487 2806 3558 impetrat.

2334 3597 2497 3655 Vsus.
2525 3599 2612 3654 10.
2638 3632 2708 3640 -
2741 3600 2894 3667 Quod
2925 3605 2989 3668 si,
3021 3613 3128 3661 etc.
3165 3606 3358 3678 (lsrcn.
3391 3609 3450 3663 in
3493 3607 3670 3680 Leuit.)
3705 3606 3804 3660 Pau-

2257 3689 2336 3744 cis
2385 3689 2686 3745 immutatis
2713 3691 2903 3748 eadem
2937 3694 3106 3760 dicit,
3161 3705 3304 3764 etc.,
3365 3713 3532 3770 usque
3564 3698 3628 3752 ad
3663 3693 3801 3750 unde:

2255 3781 2423 3837 Filius
2444 3799 2551 3838 non
2574 3783 2816 3853 portabit
2841 3785 3181 3856 iniquitatem
3205 3790 3411 3860 patris,
3443 3799 3554 3846 etc.

2325 3873 2665 3937 Auniculum,
2711 3885 2816 3930 etc.
2869 3875 3040 3948 (lsrn.)
3090 3872 3284 3949 Agnus
3326 3881 3567 3944 oblatus,
3609 3879 3805 3934 Christus

2256 3963 2520 4018 innocens
2568 3964 2881 4022 cruciﬁxus.
2936 3966 3090 4022 Unde
3138 3986 3150 4022 :
3196 3967 3346 4026 Ecce
3373 3989 3546 4043 agnus
3579 3971 3683 4036 Dei,
3725 3983 3808 4022 em

2254 4055 2344 4126 qui
2368 4054 2504 4109 tollit
2541 4066 2755 4125 peccata
2793 4059 2996 4113 mundi.
3033 4058 3178 4115 Bene
3206 4063 3416 4120 haedus
3449 4063 3682 4125 oil'ertur,
3711 4058 3805 4130 quia

2253 4162 2352 4217 per
2401 4157 2636 4203 mortem
2675 4147 2873 4204 Christi
2908 4150 3187 4220 jugulatur
3228 4155 3494 4212 diabolus
3521 4164 3696 4210 auctor
3719 4165 3809 4222 pec-

2254 4240 2384 4295 cati.

2326 4351 2531 4425 (isrcn.)
2564 4351 2678 4410 Hoc
2716 4355 2781 4410 de
2830 4356 3003 4412 bobus
3033 4373 3149 4413 non
3171 4363 3492 4434 praecepit,
3541 4370 3665 4428 etc.,
3693 4370 3813 4414 usam

2253 4443 2324 4497 ad
2357 4453 2643 4514 propterea
2676 4447 3047 4504 holocaustum
3076 4449 3285 4506 dicitur
3313 4455 3492 4509 etiam
3515 4455 3634 4510 sine
3668 4461 3812 4521 opere

2175 4552 2229 4612 D
2258 4534 2404 4591 tione
2425 4537 2668 4606 justitiae.

2327 4645 2491 4703 Vens.
2523 4649 2609 4703 Η.
2636 4681 2702 4690 -
2732 4649 2814 4705 Ad
2843 4650 3017 4718 latus,
3048 4653 3100 4708 id
3131 4664 3219 4710 est
3251 4655 3641 4713 Gentilitatem
3682 4651 3813 4707 altare

2255 4739 2509 4808 respicit,
2561 4743 2686 4810 quia
2737 4757 2836 4813 pro
2894 4744 3144 4814 gentibus
3195 4749 3494 4804 celebrata
3549 4755 3631 4803 est
3677 4739 3816 4814 passio

2253 4829 2476 4886 Christi.
2531 4831 2639 4886 Nos
2691 4848 2821 4888 vero
2864 4836 2930 4889 ad
2983 4837 3374 4905 aquilonarem
3431 4847 3642 4910 partem
3673 4828 3816 4890 allati5

2253 4921 2582 4978 sacriﬁcium
2623 4923 2928 4990 offerimus,-
2977 4927 3104 4981 dum
3161 4932 3508 4987 memoriter
3555 4928 3818 5002 passionem

2251 5015 2454 5092 Christi
2487 5033 2584 5086 pro
2612 5017 2858 5087 gentibus
2884 5016 3080 5073 factam
3103 5019 3426 5078 credimus.

2329 5129 2488 5184 Vrsas.
2521 5131 2608 5185 15.
2639 5161 2709 5170 —-
2747 5130 2938 5185 Omnia
2981 5132 3233 5188 adolebit.
3298 5135 3439 5192 Hinc
3475 5135 3658 5192 omnia
3697 5138 3822 5198 super

2253 5223 2422 5279 altare
2449 5222 2763 5279 cil'erentem
2796 5241 2998 5295 ponere
3044 5226 3197 5295 jubet
3235 5239 3302 5283 lit
3335 5246 3568 5287 omnem
3623 5232 3820 5284 nostrum

2252 5316 2551 5380 hominem,
2599 5317 2968 5386 spiritualibus
3000 5319 3299 5390 scripturis
3345 5339 3478 5393 qua:
3511 5326 3580 5378 de
3609 5309 3822 5383 intelligi-

2253 5405 2346 5461 bili
2376 5407 2532 5460 altari
2562 5406 2826 5462 Dominici
2871 5411 3114 5478 corporis
3145 5411 3318 5466 dict-te
3345 5423 3506 5480 sunt,
3533 5417 3824 5483 coaptemusi

2251 5507 2305 5554 et
2329 5499 2396 5552 ad
2427 5499 2782 5553 imitationem
2813 5497 2929 5569 ejus
2960 5501 3140 5556 vivere
3165 5505 3532 5561 Studeamus.

2323 5597 2390 5653 Et
2431 5600 2664 5654 odorem.
2705 5599 2930 5666 Quando
2989 5601 3336 5659 sacriﬁcium
3412 5615 3666 5662 nostrum
3710 5596 3825 5655 holo‘

2249 5701 2493 5747 causturn
2530 5689 2625 5754 ﬁt,
2655 5698 2708 5744 et
2737 5689 3015 5745 oﬁ‘erimus
3069 5691 3260 5747 omnia
3308 5711 3489 5766 super
3537 5683 3828 5762 intelligibile

2249 5782 2440 5849 altare,
2481 5789 2736 5850 tanquam
2785 5781 3085 5838 imitatores
3119 5781 3335 5840 Christi
3393 5785 3826 5845 com-'ersatiout‘tlt

3899 355 3901 490 1

3899 1755 3901 1844 1

3899 1939 3901 2022 1

3899 2085 3901 2202 1

3899 2707 3901 2824 1

3899 2863 3901 2990 1

3899 3039 3901 3146 1
