3998 6332
1294 415 1587 516 ’διοδελ
1625 461 2022 523 asumma.
2065 500 2136 510 —
2174 472 2301 528 us.
2344 474 2568 533 LEVIT.

281 639 428 697 odor
464 645 839 703 suavissimus.

362 735 533 793 Vsus.
563 736 650 793 η.
675 770 745 781 —
767 737 826 796 Si
845 744 1219 819 autem.(lsu>.)
1242 746 1471 819 Turtur,
1494 767 1621 810 caro
1640 753 1863 826 Christi,

281 829 588 886 secundum
616 830 745 888 illud
778 832 1123 894 Salomonis:
1161 838 1407 898 Pulchra:
1445 856 1565 900 sunt
1589 864 1734 919 gena:
1759 859 1866 905 tua:

279 922 426 978 sicut
474 926 698 981 turturis
732 941 753 979 :
790 927 1048 985 Columba
1089 930 1348 1002 Spiritum
1378 948 1622 993 sanctum
1653 942 1863 1012 signiﬁ-

276 1022 394 1070 cat.
432 1013 587 1072 Unde
616 1035 630 1071 :
660 1014 832 1089 Super
857 1036 1009 1092 quem
1035 1023 1227 1080 videris
1266 1025 1521 1097 Spiritum
1551 1031 1867 1090 descenden-

273 1114 385 1159 tem
423 1106 562 1161 sicut
584 1105 898 1174 columbam,
928 1111 1012 1166 hic
1034 1123 1109 1167 est
1130 1111 1180 1167 F
1181 1115 1306 1172 ilius
1326 1135 1490 1176 meus.
1516 1122 1720 1179 Turtur
1737 1141 1866 1198 ergo

280 1191 540 1249 columba
576 1209 706 1250 caro
734 1195 937 1253 Christi
967 1212 1049 1256 est
1078 1200 1301 1273 Spiritui
1326 1210 1529 1266 sociata
1566 1231 1579 1266 :
1618 1213 1732 1270 haec
1764 1191 1864 1274 tria

280 1283 561 1339 sacriﬁcia
595 1283 753 1341 bﬁ'ert
788 1286 970 1355 homo,
1002 1291 1055 1346 id
1082 1302 1164 1349 est
1179 1294 1445 1364 Christus,
1474 1300 1541 1357 de
1562 1301 1734 1360 bobus
1759 1305 1866 1362 sci-

1971 680 2148 742 pturze
2173 676 2456 735 scientiam
2502 683 2664 739 debet
2704 697 2978 758 appetere.
3023 690 3177 750 Unde
3209 714 3222 750 :
3260 695 3383 753 Non
3433 699 3556 771 plus

1969 780 2150 836 sapere
2168 784 2325 839 quam
2355 783 2576 843 oportet,
2607 780 2698 832 sed
2726 796 2907 850 sapere
2927 782 2999 837 ad
3029 784 3382 843 sobrietatem.
3409 790 3557 857 Quo-

1970 872 2088 910 rum
2118 875 2275 926 unus,
2306 871 2410 920 etc.
2443 865 2622 935 (Rom.
2660 872 2781 943 xu).
2811 871 3116 932 Notandum
3150 882 3293 950 quod
3315 885 3551 956 pugillus

1967 949 2157 1007 similae
2181 960 2235 1008 et
2263 955 2388 1022 olei,
2425 966 2595 1015 totum
2628 978 2760 1020 vero
2780 966 2902 1023 thus
2928 967 3110 1027 oﬁ’erri
3131 949 3388 1045 jubetu—r;
3420 979 3549 1050 quia

1967 1042 2229 1112 sapientia
2260 1062 2382 1117 quae
2410 1050 2464 1104 in
2504 1051 2699 1120 simila,
2724 1065 2782 1114 et
2804 1059 3041 1120 Charitas
3072 1066 3153 1121 vel
3174 1067 3549 1130 misericordia

1966 1150 2087 1205 qua:
2114 1136 2168 1191 in
2204 1137 2326 1195 oleo
2362 1141 2626 1214 signatur,
2663 1148 2718 1204 in
2755 1150 2858 1209 hac
2885 1154 2995 1211 vita
3022 1172 3130 1213 non
3168 1174 3398 1231 possunt
3423 1181 3549 1223 esse

1964 1225 2143 1296 plena.
2174 1227 2372 1286 Unde:
2418 1232 2664 1292 Videmus
2705 1256 2842 1297 nunc
2889 1261 2980 1316 per
3023 1225 3290 1323 speculum
3327 1254 3384 1312 in
3427 1240 3554 1313 aeni-

1963 1327 2139 1386 gmate
2165 1333 2184 1371 :
2214 1328 2287 1387 et,
2320 1338 2457 1378 nunc
2481 1342 2733 1397 cognosco
2761 1350 2826 1387 ea:
2849 1346 3016 1406 parte,
3037 1348 3146 1396 etc.
3177 1341 3230 1412 (Ι
3268 1341 3393 1401 Cor.
3424 1347 3549 1421 ιιι).

275 1370 437 1439 licet,
459 1375 768 1443 pecoribus,
801 1386 857 1432 et
890 1380 1099 1437 avibus.
1324 1462 1339 1476 .

347 1462 555 1534 (lsrcu.
600 1465 658 1520 in
701 1464 866 1522 Leuit.
900 1469 1249 1531 Admirabilis
1301 1462 1589 1537 verborum
1648 1483 1860 1539 subtili-

267 1562 379 1618 tas,
399 1566 529 1620 etc.,
542 1572 706 1629 usque
722 1559 810 1624 ad,
836 1564 1270 1635 contemplantur
1289 1578 1344 1626 et
1365 1573 1578 1643 sapiunt
1596 1576 1858 1645 coelestia,

264 1643 365 1701 ubi
388 1643 638 1702 Christus
657 1657 742 1704 est
765 1648 818 1707 in
846 1650 1066 1708 dextera
1097 1653 1190 1712 Dei
1219 1660 1433 1718 sedens.

884 1786 1113 1845 CAPUT
1140 1789 1208 1847 ll.

334 1909 505 1969 Vsus.
538 1912 596 1969 2.
628 1945 700 1956 —
733 1915 945 1985 Anima,
994 1930 1099 1976 etc.
1140 1922 1185 1976 Α
1232 1925 1441 1982 meliori
1477 1936 1630 1999 parte
1676 1938 1851 1988 totum
1885 1938 1930 1998 Β

256 2003 540 2061 hominem
585 2006 855 2078 signiﬁcat
904 2028 919 2065 :
969 2014 1196 2083 requirit
1239 2018 1385 2072 enim
1427 2021 1763 2090 spiritualem
1801 2033 1855 2079 et

254 2095 562 2166 perfectum
589 2100 909 2169 auditorem,
941 2105 1070 2174 quia
1095 2106 1276 2162 anima
1305 2119 1393 2165 est
1427 2111 1710 2183 sapientia:
1762 2131 1855 2171 ca-

255 2200 394 2259 pax,
424 2205 533 2245 non
575 2206 722 2247 caro.

332 2279 509 2353 (lsm.)
571 2283 804 2352 Anima,
852 2294 960 2343 etc.
1003 2288 1265 2358 Quartum
1310 2295 1636 2353 sacriﬁcium
1685 2297 1844 2358 oﬂert

254 2372 464 2428 anima.
516 2372 705 2429 Simila
730 2376 1030 2435 Ecclesiam
1084 2382 1374 2455 signiﬁcat,
1424 2401 1546 2458 qua:
1594 2388 1661 2444 de
1707 2392 1850 2446 mul-

254 2459 331 2514 tis
384 2464 633 2532 personis
700 2468 852 2534 quasi
905 2471 1087 2539 granis
1145 2482 1229 2529 est
1275 2475 1499 2532 collecta
1531 2518 1548 2547 ,
1602 2479 1736 2552 legis
1793 2494 1851 2540 et

254 2552 540 2626 Evangelii
566 2557 707 2613 mola
732 2558 878 2615 inter
903 2560 1139 2620 litteram
1184 2576 1240 2621 et
1283 2569 1531 2637 spiritum
1573 2582 1843 2643 separata,

250 2660 357 2716 per
380 2660 577 2717 aquam
613 2650 865 2719 baptismi
892 2654 1145 2722 adunata,
1172 2657 1467 2715 chrismate
1506 2674 1767 2732 peruucta
1790 2675 1848 2723 et

323 2916 529 2990 (Otum)
555 2919 677 2977 hom
702 2921 739 2977 2
757 2923 813 2978 in
838 2922 961 2981 Leu.
996 2926 1207 2985 Anima.
1235 2931 1365 3001 Qum
1388 2935 1598 2993 scilicet
1635 2954 1736 2996 nec
1760 2939 1842 2996 ti-

252 3005 431 3062 tulum
463 3008 647 3078 habet,
696 3020 838 3082 ete.;
870 3032 1032 3090 usque
1059 3020 1129 3074 ad
1153 3021 1273 3077 oleo
1311 3022 1506 3082 divinae
1536 3028 1841 3087 misericor-

247 3097 360 3154 dia:
398 3099 483 3154 vel
512 3101 722 3172 gratiae.

320 3188 566 3263 Mystice,
597 3195 881 3267 signiﬁcat,
908 3200 1049 3258 sicut
1069 3204 1144 3261 ibi
1190 3222 1204 3260 :
1242 3204 1460 3265 Cuncta:
1495 3213 1686 3271 anima:
1718 3232 1837 3288 qua:
1873 3294 1908 3301 _
1940 3188 2197 3301 magi};

238 3282 471 3353 ingessit,-
522 3296 645 3342 sunt
695 3305 815 3344 cum
862 3290 1030 3348 Iacob
1065 3296 1120 3352 in
1158 3296 1473 3372 Egyptum,
1521 3314 1626 3361 etc.
1679 3282 1832 3380 (Cen.
1862 3294 1909 3357 (ἶ

240 3374 419 3447 nvr.)
445 3374 620 3434 Lucas
648 3388 828 3438 autem
848 3380 957 3439 ait:
988 3385 1218 3444 Eramus
1245 3400 1421 3448 autem
1442 3410 1619 3451 omnes
1641 3400 1837 3456 anima:

238 3460 299 3517 in
333 3466 457 3520 navi
502 3467 738 3525 ducenta:
789 3478 1115 3547 septuaginta
1142 3496 1235 3535 sea:
1280 3480 1419 3555 (Act.
1459 3488 1653 3562 xxvu).
1694 3492 1832 3548 For-

240 3554 393 3609 sitan
424 3572 521 3627 per
543 3559 806 3627 animam,
842 3562 1110 3623 Gentilem
1140 3554 1429 3641 signiﬁcat.
1471 3554 1644 3648 Supra
1686 3583 1830 3637 enim

238 3642 372 3699 ﬁliis
394 3645 557 3702 Israel
587 3651 862 3721 praecepit,
894 3662 953 3709 ut
976 3658 1243 3716 sacriﬁcia
1273 3660 1530 3721 oﬁ’errent
1548 3642 1677 3722 cum
1701 3686 1833 3726 san—

156 3756 163 3763 ~
234 3733 425 3804 guine.
458 3733 558 3792 Hic
602 3746 783 3795 autem
823 3743 1021 3811 quiest
1064 3748 1182 3804 sine
1208 3749 1349 3822 lege,
1399 3750 1598 3812 oﬁ’erre
1634 3762 1829 3831 praeci-

230 3821 418 3894 piens,
444 3839 553 3880 non
577 3826 710 3884 dicit
734 3829 917 3901 homo,
944 3835 1085 3892 sicut
1110 3821 1295 3910 supra,
1334 3845 1429 3900 sed
1462 3821 1662 3902 animo:
1692 3851 1828 3905 Ani-

232 3912 401 3969 malis
425 3923 545 3971 erat
568 3914 818 3988 Gentilis,
846 3936 954 3980 non
975 3926 1282 4002 intelligens
1310 3947 1375 3989 ea
1395 3949 1519 4005 quae
1540 3948 1669 3995 sunt
1710 3939 1824 4008 Dei,

235 4003 345 4060 sed
394 4015 624 4064 vocatur
670 4010 740 4066 ad
806 4014 1134 4074 oblationem
1191 4003 1564 4083 misericordia
1603 4028 1723 4097 Dei,
1768 4003 1828 4090 ut

232 4095 514 4168 percipiat
538 4098 802 4168 salutem;
827 4119 953 4162 cum
985 4122 1086 4179 pro
1127 4116 1365 4182 peccatis
1404 4119 1674 4177 sacriﬁcia
1709 4095 1826 4179 dis-

221 4562 356 4618 que
396 4549 525 4607 licet
574 4556 897 4627 principium
949 4562 1025 4619 sit
1076 4567 1305 4636 salutis,
1351 4581 1531 4630 tamen
1583 4578 1710 4636 thus
1762 4549 1821 4637 et

219 4637 432 4705 oleum,
488 4646 935 4717 supponendum,
993 4660 1053 4708 ut
1102 4658 1274 4725 gratia
1338 4661 1405 4717 de
1462 4665 1820 4742 eleemosyuis
1849 4642 1899 4703 Β

218 4734 287 4782 et
320 4730 659 4792 orationibus
710 4738 1023 4797 misceatur.
1088 4744 1240 4803 Unde
1286 4752 1508 4822 angelus
1566 4758 1634 4812 ad
1685 4730 1819 4817 Cor-

216 4821 432 4879 nelium
482 4825 561 4881 ait
612 4845 627 4882 :
678 4828 957 4891 Orationes
1017 4846 1123 4893 tua;
1189 4849 1239 4896 et
1300 4844 1638 4920 eleemosyna:
1709 4863 1815 4911 tute

217 4914 576 4971 ascenderant
601 4918 672 4973 ad
698 4919 979 4980 Dominam
1014 4918 1153 4999 (Act.
1187 4932 1266 5003 ι).
1306 4935 1363 4991 ln
1394 4914 1556 4997 thure
1582 4943 1810 5003 interio-

217 5016 321 5059 res
346 5016 606 5064 curantur
629 5013 929 5082 passiones,
958 5026 1014 5074 et
1042 5020 1194 5078 fumo
1215 5025 1335 5094 ejus
1354 5042 1615 5089 sanantur
1634 5039 1810 5096 occuli

214 5105 293 5147 ex
351 5094 671 5193 inﬁrmitate
724 5102 1104 5177 lacrymantes.
1146 5114 1335 5173 Oratio
1378 5121 1574 5193 quippe
1613 5094 1809 5185 animas

214 5183 508 5256 passiones
562 5202 740 5257 sanat,
792 5197 980 5254 oculos
1025 5200 1308 5263 interiores
1354 5183 1524 5266 curat.
1544 5214 1614 5270 ah
1662 5218 1809 5288 igno-

220 5276 404 5332 rantia
446 5276 713 5353 iscrymas
740 5301 805 5342 es
842 5290 1162 5361 mgritudine
1202 5303 1405 5370 peccati
1448 5276 1804 5369 accendentes

218 5362 400 5438 fugat.

212 5725 341 5841 tulit
361 5729 731 5805 Evangelium,
752 5755 822 5796 ue
846 5743 898 5798 iu
927 5761 1157 5806 vacuum
1178 5725 1509 5819 cucurrisset
1533 5725 1790 5841 (—021.75.

290 5818 548 5887 Quorum.
588 5826 778 5888 Unitas
819 5835 1073 5896 Ecclesiae
1112 5847 1369 5917 pugillum
1400 5818 1590 5916 simila:

1964 1405 2077 1462 Olei
2116 1425 2331 1482 quoque
2365 1430 2494 1484 pars
2533 1418 2778 1488 oﬁ‘ertur,
2823 1428 2951 1495 quia
2996 1430 3370 1494 misericordia
3411 1456 3547 1497 nun-

1962 1513 2124 1568 quam
2156 1501 2429 1573 impletur,
2474 1509 2602 1575 quia
2634 1513 2740 1567 etsi
2795 1516 3106 1576 miserearis
3139 1534 3401 1593 quantum
3439 1544 3541 1601 p0-

1962 1598 2063 1656 tes,
2094 1591 2213 1663 plus
2237 1602 2412 1651 tamen
2440 1598 2604 1657 debes
2626 1603 2781 1660 velle.
2813 1605 3061 1667 Charitas
3092 1591 3254 1671 etiam
3282 1633 3402 1688 quae
3423 1591 3544 1679 oleo

1961 1680 2244 1753 ﬁguratur,
2270 1685 2325 1740 in
2354 1692 2611 1757 presenti
2651 1692 2957 1767 inchoatur,
2993 1700 3050 1756 in
3079 1701 3262 1761 futuro
3290 1709 3540 1778 perﬁcie-

1959 1782 2067 1830 tur.
2107 1777 2255 1835 Thus
2278 1792 2462 1838 autem
2488 1789 2659 1841 totum
2692 1799 2988 1859 crematur,
3025 1796 3154 1866 quia
3182 1777 3397 1871 semper
3415 1818 3540 1860 ora-

1961 1864 2091 1921 tioni
2123 1867 2410 1927 insistitur.

2189 1976 2255 2015 ce.
2314 1961 2568 2023 Scientias
2612 1970 2699 2026 vel
2746 1976 3072 2046 cognitionis
3129 1981 3247 2039 Dei.
3301 1974 3539 2060 Accepta

1957 2047 2103 2104 enim
2128 2059 2212 2107 est
2236 2053 2460 2110 scientia
2488 2072 2519 2112 a
2547 2058 2678 2127 Deo,
2714 2078 2879 2135 quam
2909 2069 3043 2126 ﬁdes
3069 2077 3537 2147 comprehendere

1956 2148 2155 2209 potest,
2181 2134 2249 2197 ef
2264 2145 2405 2201 sicut
2430 2148 2521 2218 qui
2552 2134 2755 2223 pugillo
2774 2157 2890 2212 vult
2912 2159 3032 2229 plus
3052 2134 3531 2239 comprehendere,

1955 2230 2090 2284 nihil
2116 2232 2350 2302 proﬁcit,
2387 2245 2561 2293 totum
2599 2243 2800 2315 quippe
2846 2247 3089 2325 decurrit
3120 2266 3136 2308 :
3168 2230 3250 2311 sic
3280 2256 3416 2315 ﬁdes
3451 2230 3539 2317 est

1954 2338 2208 2380 mensura
2235 2326 2475 2384 scientia:
2510 2331 2628 2387 Dei.
2662 2331 2886 2393 Credere
2907 2343 3043 2396 enim
3065 2355 3264 2415 oportet
3290 2351 3539 2407 acceden-

1952 2422 2055 2469 tem
2079 2415 2151 2469 ad
2198 2414 2385 2486 Deum,
2432 2429 2481 2477 et
2507 2424 2647 2495 quod
2674 2443 2777 2483 non
2799 2441 2875 2485 est
2896 2448 2963 2486 ex
2990 2414 3118 2505 ﬁde,
3162 2451 3434 2510 peccatum
3456 2453 3535 2500 est

1952 2502 2115 2576 (Heb.
2150 2507 2254 2581 x1),

2021 2594 2347 2668 Memoriale,
2376 2610 2508 2672 etc.,
2543 2608 2867 2679 cognitionis
2904 2612 2999 2671 Dei
3029 2618 3326 2687 perfectam
3358 2614 3535 2681 scien-

1949 2686 2102 2757 tiam,
2135 2692 2289 2763 cujus
2309 2710 2580 2755 memores
2598 2700 2824 2772 erimus,
2855 2722 2975 2778 quae
2993 2725 3269 2782 nunquam
3294 2715 3531 2773 destrui-

2010 3152 2176 3207 Vsus.
2207 3154 2262 3209 5.
2296 3187 2369 3197 —-
2394 3156 2473 3213 De
2508 3161 2796 3232 sacriﬁcio,
2838 3175 2945 3221 etc.
2980 3167 3161 3238 (Isrcn.
3190 3170 3245 3227 in
3270 3170 3418 3246 Lev.)
3449 3175 3528 3234 De

2198 3253 2252 3301 et
2272 3247 2511 3317 perfecta
2532 3260 2587 3306 et
2608 3251 2661 3307 in
2681 3253 2834 3311 coalis
2855 3256 3193 3327 abscondita,
3210 3262 3263 3316 in
3279 3262 3526 3321 Christo-

1939 3350 2045 3406 que
2072 3339 2308 3407 reposita
2347 3342 2598 3411 scientia,
2627 3346 2681 3400 in
2705 3364 2808 3419 quo
2835 3360 2956 3406 sunt
2985 3369 3163 3410 omnes
3189 3356 3423 3415 thesauri
3441 3377 3528 3419 sa-

1934 3413 2145 3494 pientia:
2174 3437 2225 3482 et
2245 3429 2477 3487 scientiae
2500 3413 2791 3490 absconditi
2822 3436 2956 3510 (Coi.
2988 3441 3073 3513 ιι).

2005 3513 2206 3583 Aaron,
2237 3526 2529 3577 montanus
2555 3523 2962 3596 interpretatur,
3002 3528 3054 3586 id
3085 3543 3189 3599 est,
3216 3533 3409 3592 altiora
3448 3538 3518 3595 de
3590 3564 3596 3571 ο

1935 3600 2048 3658 Deo
2077 3605 2415 3680 intelligens;
2453 3611 2539 3666 vel
2564 3629 2818 3683 arcanus,
2845 3621 3003 3689 quasi
3046 3621 3101 3677 in
3131 3639 3190 3680 se
3216 3624 3390 3699 legem
3421 3630 3518 3687 Dei

1933 3704 1990 3750 et
2025 3696 2238 3769 eloquia
2275 3701 2481 3760 habens
2522 3721 2538 3760 :
2574 3706 2664 3763 hic
2699 3711 3028 3770 sacriﬁcium
3068 3696 3513 3793 oﬁ'erre‘potest.

1932 3784 2195 3845 Sanctum
2235 3802 2573 3864 sanctorum,
2601 3807 2688 3855 est
2725 3800 2793 3857 de
2828 3804 3191 3865 oblationibus
3235 3784 3465 3871 Domino
3495 3836 3509 3870 z

1930 3878 2125 3946 partile
2164 3881 2307 3939 enim
2338 3894 2424 3942 est
2459 3888 2605 3959 quod
2644 3890 2915 3962 reliquum
2956 3907 3066 3966 est,
3093 3917 3284 3960 omnes
3328 3912 3507 3962 tamen

1929 3969 2185 4028 scientias
2208 3989 2469 4046 superans
2494 3988 2549 4035 et
2575 3982 2643 4037 ad
2663 3983 3050 4054 perfectionem
3074 3993 3323 4052 exaltaus

1999 4060 2165 4117 Vsus.
2195 4063 2251 4118 4.
2279 4097 2351 4107 -
2374 4067 2506 4124 Cum
2529 4071 2781 4131 obtuleris
2802 4080 3263 4153 sacriﬁcium,etc.
3298 4090 3507 4163 (lsrcu.,

1926 4149 2080 4224 ibid.)
2112 4151 2449 4214 Sacriﬁcium
2474 4159 2722 4221 Christus
2757 4183 2858 4238 pro
2883 4149 3038 4229 nobis
3065 4149 3396 4240 immolatus.

1996 4240 2212 4300 Coctum
2252 4248 2309 4303 in
2346 4248 2550 4307 clibano
2589 4256 2836 4327 virginis,
2863 4262 3069 4320 scilicet
3103 4274 3278 4324 utero.
3324 4271 3505 4330 Cliba-

1921 4420 2062 4492 ginis
2087 4439 2280 4494 panem
2304 4428 2452 4495 vitae,
2482 4430 2536 4485 id
2564 4440 2672 4501 est,
2702 4435 2797 4491 Dei
2821 4441 3065 4508 verbum,
3089 4453 3145 4499 et
3168 4445 3347 4519 ignem
3372 4451 3499 4526 Spi-

1921 4513 2059 4570 ritus
2080 4517 2253 4572 sancti
2277 4518 2344 4575 de
2371 4520 2509 4578 coelo
2533 4527 2789 4596 suscepit.
2817 4528 3005 4587 Unde:
3036 4513 3261 4606 Spiritus
3285 4513 3500 4603 sanctus

1923 4608 2243 4674 superveniet
2268 4610 2324 4665 in
2352 4621 2421 4679 te,
2446 4622 2551 4670 etc.
2584 4614 2735 4689 (Lac.
2762 4619 2823 4695 ι).
2855 4621 2913 4678 Si
2949 4638 3078 4698 ergo
3111 4629 3276 4688 offers
3300 4651 3498 4695 munus

1922 4694 2311 4757 incarnationis
2350 4700 2575 4774 Christi,
2623 4724 2744 4779 quae
2777 4694 2920 4770 facta
2956 4694 3042 4775 est
3068 4720 3125 4777 in
3166 4736 3357 4784 ventre
3386 4730 3497 4785 vir-

1919 4785 2076 4857 ginis,
2106 4805 2213 4847 non
2245 4801 2330 4849 est
2355 4806 2637 4868 acceptum
2665 4801 2798 4871 Deo,
2837 4806 2944 4864 nisi
2983 4809 3050 4867 de
3073 4812 3270 4884 simila,
3302 4817 3357 4874 id
3385 4828 3491 4888 est,

1914 4968 2187 5026 cntionem
2225 4974 2294 5030 ab
2341 4980 2598 5048 apostolis
2639 4993 2695 5041 et
2739 5002 2771 5042 a
2816 4994 3097 5062 prophetis
3141 4968 3482 5072 suscipimus,

1911 5056 2498 5165 Verbanapostolorum
2553 5086 2680 5133 sunt
2726 5056 2935 5151 panes;
2960 5086 3152 5159 lagana
3189 5056 3488 5165 propheta:

1912 5165 2052 5206 rum.
2090 5152 2305 5221 Quanto
2350 5161 2492 5219 enim
2521 5181 2690 5236 panes
2741 5171 2971 5245 laganis,
3018 5180 3086 5236 ad
3130 5152 3481 5246 adtriendum

1909 5242 2167 5311 aptiores,
2201 5256 2407 5307 tantum
2435 5258 2748 5325 prmcellunt
2776 5242 2938 5322 verba
2956 5242 3334 5340 apostolorum
3360 5295 3482 5336 ver-

1906 5327 1989 5431 bis
2014 5334 2418 5404 prophetarum.
2438 5342 2662 5419 Utrique
2687 5362 2864 5410 autem
2891 5327 3062 5431 azyini
3078 5363 3195 5421 sine
3215 5366 3481 5426 fermento

1906 5416 2148 5479 scientiae
2180 5429 2478 5488 saecularis.
2532 5416 2772 5509 Utraque
2822 5416 3004 5502 tamen
3052 5449 3105 5506 in
3154 5454 3276 5511 oleo
3317 5456 3473 5523 ﬁunt,

1898 5785 2272 5855 ostenderunt,
2300 5793 2441 5860 quod
2469 5794 2543 5850 illi
2564 5801 2882 5860 nuntiabant
2911 5785 3169 5870 futurum.

1968 5870 2204 5945 Lagona.
2235 5877 2399 5936 Panis
2434 5882 2574 5943 latus
2601 5894 2655 5943 et
2682 5895 2878 5964 tenuis,
2919 5901 3013 5969 qui
3050 5906 3384 5976 pmphetiam
3412 5919 3467 5967 ct
