3998 6332
527 378 731 434 503‘

1028 376 1420 434 WALAFMDI
1454 376 1702 435 S'I‘RABI
1741 378 1949 434 FULD.
1990 378 2094 436 ΜΟᾸ

2198 378 2348 434 ore.
2387 375 2565 431 rans
2602 375 2643 431 ι.
2684 405 2755 416 -
2792 372 3243 431 THEOLOGICA.
3637 388 3712 446 εοι

522 488 697 560 legem
735 487 1025 558 signiﬁcat,
1067 496 1329 558 quantum
1360 473 1506 545 enim
1535 488 1701 544 distat
1736 489 1880 543 inter
1916 489 2106 544 solidi-
2132 495 2183 553 Α
2199 489 2297 559 jus
2321 499 2370 544 et
2407 506 2570 560 genus
2597 503 2797 544 sumus.
2844 488 3001 557 Quod
3050 490 3193 545 enim
3236 491 3429 549 invenit
3470 512 3715 573 congruum

525 591 692 640 tatem
743 580 899 652 panis
954 588 1009 635 et
1065 580 1388 635 tenuitatem
1435 579 1643 651 lagani,
1706 588 1918 634 tantum
1966 579 2109 634 inter
2208 585 2448 643 scientia:
2484 585 2605 651 Dei,
2642 600 2751 641 non
2790 585 2996 658 respuit
3025 601 3041 640 :
3070 601 3179 642 non
3216 595 3391 644 tamen
3425 590 3552 650 ultra
3591 602 3714 656 ιεειί,

524 673 872 746 Evangelium
915 680 971 727 et
1016 671 1179 727 verba
1228 672 1363 743 legis
1405 680 1462 727 et
1507 671 1942 741 prophetarum:
1990 669 2106 726 haec

528 776 707 820 tamen
756 762 879 818 oleo
920 762 1036 821 lita.
1084 760 1209 833 quia
1238 761 1325 817 lex
1359 769 1413 816 et
1459 762 1744 832 prophetia
1783 760 2104 817 charitatem

520 856 721 911 Christi
756 854 1137 926 praedixerunt,
1182 868 1289 925 qua
1326 854 1381 909 in
1420 853 1649 909 salutem
1678 853 1901 909 humani
1943 867 2105 924 gene-

522 948 601 1003 ris
623 946 791 1001 venit.
929 938 943 949 “
1540 989 1551 999 .

586 1034 756 1092 Vens.
797 1035 850 1090 5.
882 1066 952 1075 —
988 1034 1049 1091 Si
1091 1030 1284 1088 oblatio
1329 1042 1423 1089 tua
1447 1033 1638 1103 fuerit,
1684 1039 1789 1088 etc.
1838 1032 2019 1103 (lsrcp.
2047 1034 2103 1088 in

517 1126 667 1199 Leu.)
698 1127 912 1184 Oblatio
940 1126 1006 1182 de
1027 1125 1324 1199 sartagine,
1355 1128 1489 1191 etc.,
1522 1140 1683 1195 usque
1711 1124 1780 1179 ad
1810 1134 1866 1180 et
1893 1125 2014 1180 ideo
2033 1126 2102 1180 ab

516 1219 880 1288 ejnsscicntia
911 1222 1158 1276 recessit.

587 1311 791 1377 Simila:
824 1328 1135 1385 conspersae,
1175 1321 1280 1368 etc.
1325 1312 1461 1380 Quia
1504 1320 1749 1367 mortuus
1793 1319 1876 1367 est
1904 1319 1958 1366 et
1993 1310 2098 1365 mi-

513 1412 695 1458 sertus
723 1403 917 1458 nostri.

581 1494 789 1567 Absque
819 1494 1094 1566 fermento,
1119 1495 1175 1551 id
1201 1504 1306 1563 est,
1343 1496 1463 1552 sine
1501 1495 1737 1552 macula.

582 1582 747 1640 Vens.
772 1584 825 1640 6.
852 1616 923 1626 -
948 1585 1159 1641 Divides
1180 1603 1295 1641 eam
1332 1586 1633 1641 minutatim
1660 1600 1678 1639 :
1701 1594 1762 1641 ut
1790 1599 2097 1642 sermonem

510 1678 825 1747 passionum
863 1668 1002 1745 ejus,
1042 1668 1137 1748 qui
1169 1677 1268 1749 per
1300 1674 1487 1747 partes
1520 1684 1923 1747 processerunt,
1964 1675 2098 1730 divi-

512 1770 722 1831 damus,
760 1768 966 1839 alapas,
1004 1767 1214 1824 scilicet
1254 1767 1533 1839 colaphos,
1571 1776 1727 1839 sputa
1770 1776 1826 1822 et
1869 1766 2096 1822 vulnera

512 1863 799 1935 diligenter
835 1862 1247 1935 distinguamus.

538 2020 545 2029 .
587 1952 654 2008 Et
679 1953 870 2025 fundes
908 1969 1084 2025 super,
1118 1963 1250 2020 etc.,
1286 1952 1348 2008 ut
1387 1951 1839 2024 quemadmodum
1884 1946 2099 2005 miseri-

510 2044 751 2100 corditer
772 2057 872 2115 pro
900 2043 1057 2100 nobis
1083 2052 1331 2100 mortuus
1351 2051 1462 2111 est,
1485 2056 1586 2098 nos
1613 2040 1842 2112 quoque.
1857 2040 1962 2112 pro
1984 2036 2098 2096 ἥτι-

510 2133 683 2190 trihus
706 2148 876 2203 usque
903 2133 971 2189 ad
1000 2141 1229 2189 mortem
1253 2133 1637 2189 misereamur.

577 2226 657 2280 De
672 2227 956 2298 sartagine.
976 2224 1130 2283 Sicut
1151 2227 1296 2283 enim
1322 2236 1539 2299 sartago
1560 2225 1739 2282 media
1760 2224 1902 2281 inter
1918 2224 2098 2296 ignem

507 2326 575 2379 et,
595 2316 798 2382 cibum,
829 2315 908 2372 sic
934 2316 1335 2387 quodammodo
1360 2331 1494 2372 crux
1535 2317 1677 2371 inter
1702 2314 2094 2386 impassibilem

506 2405 847 2463 divinitatem
878 2416 934 2462 et
956 2403 1374 2474 humanitatem,
1407 2422 1529 2478 qua:
1555 2406 1680 2477 igne
1716 2404 1986 2476 passionis
2012 2412 2099 2462 est

507 2509 709 2558 assuta.
741 2500 810 2555 Et
835 2501 982 2557 sicut
1020 2501 1075 2555 in
1109 2499 1384 2572 sartagine
1414 2498 1596 2553 mollia
1626 2497 1938 2562 durescunt,
1963 2496 2097 2551 dura

507 2591 854 2669 mollescunt,
907 2591 986 2647 sic
1034 2591 1090 2646 in
1136 2590 1391 2662 passione
1439 2588 1620 2643 crucis
1661 2586 1875 2656 lapidea
1926 2585 2094 2643 corda

506 2686 740 2753 mollita,
771 2684 952 2742 mollia
994 2693 1050 2740 et
1078 2682 1223 2739 ﬂuxa
1254 2682 1506 2739 solidata.
1540 2678 1616 2735 De
1653 2679 1930 2749 Sartagine
1967 2690 2096 2747 ergo

505 2779 836 2838 sacriﬁcium
882 2777 1078 2835 oﬁ‘erre
1117 2785 1202 2834 est
1237 2779 1306 2832 de
1346 2773 1607 2848 mysterio
1635 2767 1816 2829 crucis
1846 2786 1971 2827 cum
1996 2783 2094 2825 ve-

505 2872 793 2930 iteratione
822 2868 1124 2943 disputare.

580 2964 743 3021 Vens.
798 2965 851 3019 7.
884 2994 954 3006 —-
1002 2962 1099 3019 Sin
1134 2972 1309 3017 autem
1351 2960 1437 3028 de,
1488 2968 1593 3015 etc.
1629 2957 1812 3030 (lsrcn.
1852 2954 1908 3009 in
1947 2951 2093 3024 Lee.)

505 3059 659 3118 Sicut
690 3060 742 3115 in
771 3059 1044 3130 sartagine
1070 3071 1309 3125 crucem,
1328 3063 1463 3121 etc.,
1491 3070 1653 3126 usque
1687 3051 1757 3106 ad
1786 3065 1854 3106 ex
1886 3047 2098 3103 miseri-

505 3149 689 3207 cordia
729 3149 927 3223 quippe
958 3156 1189 3205 mortem
1227 3145 1506 3212 sustinuit,
1547 3152 1605 3199 et
1637 3137 2095 3198 resurrectionem

506 3240 861 3321 dispensavit.

573 3332 669 3390 Sin
716 3342 912 3397 autem,
952 3339 1058 3388 etc.
1096 3328 1392 3395 Moraliter,
1431 3328 1668 3385 similam
1706 3326 1867 3385 oﬂert
1904 3328 1997 3400 qui
2035 3327 2092 3383 in

501 3425 771 3496 aliquibus
820 3422 1125 3480 communis
1174 3423 1299 3476 vitae
1347 3420 1538 3476 usibus
1586 3419 1726 3475 bene
1780 3419 2094 3476 conversari

499 3516 700 3572 studet.
724 3502 849 3571 Ilaec
870 3513 990 3569 oleo
1011 3512 1416 3585 conspergenda
1434 3520 1536 3577 est,
1561 3511 1687 3582 quia
1713 3512 1892 3568 omnis
1911 3512 2093 3567 anima

500 3607 620 3663 oleo
641 3609 761 3678 eget
783 3593 1187 3669 misericordias,
1210 3618 1311 3658 nec
1332 3603 1498 3659 vitam
1519 3612 1841 3674 praesentem
1862 3603 2095 3659 evadere

500 3682 697 3766 potest,
746 3695 849 3752 nisi
880 3686 1248 3750 misericordia
1290 3694 1530 3749 caelestis
1571 3692 1805 3749 atl‘uerit.
1835 3693 2094 3752 Clihanus

503 3795 683 3842 autem
714 3774 923 3856 pondus
953 3784 1265 3842 tentationis
1290 3784 1570 3855 exprimit,
1593 3796 1811 3858 sartago
1839 3794 2094 3842 constan-

504 3878 637 3932 tiam
683 3887 738 3930 ct
783 3876 948 3931 robur
988 3864 1172 3941 animi,
1206 3873 1468 3931 craticula
1508 3874 1862 3946 multiplicem
1912 3877 2090 3951 impu-

502 3968 832 4040 gnationem.
2084 3964 2093 3971 ’

576 4063 737 4119 Vens.
772 4063 860 4116 Η.
909 4091 979 4103 -
1008 4048 1192 4116 Omnis
1240 4052 1457 4115 oblatio.
1503 4058 1686 4132 (Ome.
1732 4060 1916 4116 homil.
1959 4061 1997 4115 2
2037 4062 2091 4115 in

502 4150 647 4231 Leu.)
680 4153 836 4209 Dicat
858 4140 1077 4224 aliquis,
1106 4161 1240 4217 etc.,
1274 4169 1436 4223 usque
1478 4152 1547 4206 ad
1580 4153 1682 4209 hoc
1718 4153 1877 4208 modo
1910 4152 2092 4208 verius

501 4254 555 4323 et
582 4243 877 4315 perfectius
903 4243 1199 4298 secundum
1228 4241 1576 4314 Evangelium
1603 4242 1871 4297 sacriﬁcia
1903 4241 2087 4307 oﬁ’ers,

502 4352 621 4411 quae
652 4335 765 4405 jam
811 4334 1108 4391 secundum
1138 4335 1309 4405 legem
1338 4338 1445 4389 non
1475 4342 1655 4405 potest
1685 4332 1882 4392 oll'erre
1905 4334 2093 4393 Israel.

574 4426 839 4484 Fertnenti
862 4447 923 4484 ac
956 4414 1145 4484 mellis.
1171 4412 1314 4483 Nihil
1343 4426 1749 4497 voluptuosum,
1772 4428 1904 4483 nihil
1927 4443 2094 4484 suave

502 4522 680 4593 placet
708 4520 839 4587 Deo,
866 4520 962 4575 sed
998 4507 1144 4590 quod
1174 4505 1344 4574 habet
1378 4518 1583 4590 aliquid
1630 4519 2005 4575 mordacitatis
2034 4508 2090 4575 et

503 4610 830 4669 severitatis.
863 4608 1015 4673 Unde
1044 4610 1247 4679 pascha
1276 4612 1401 4666 cum
1431 4600 1887 4666 amaritudinibus
1931 4626 2088 4666 man-
2116 4603 2169 4664 D

501 4705 754 4759 ducatur.

572 4798 648 4849 Ac
670 4791 855 4848 mellis.
873 4790 1102 4849 Gentilis
1115 4793 1458 4865 eloquentiae,
1479 4809 1601 4867 quae
1624 4809 1755 4851 voce
1779 4796 1962 4853 suavis
1983 4804 2088 4864 est,

500 4902 608 4944 non
656 4899 736 4940 re.
786 4882 939 4942 Unde
981 4902 994 4939 :
1050 4882 1229 4941 Fauus
1272 4872 1546 4941 idistillans
1599 4872 1743 4941 labia
1803 4871 2091 4942 meretricis

501 4976 684 5051 (Prov.
732 4980 811 5045 v).
844 4974 997 5045 Quod
1036 4986 1219 5033 autem
1257 4976 1458 5032 dicitur
1489 4976 1542 5032 in
1573 4975 1816 5032 Canticis
1847 4995 1861 5031 :
1904 4960 2013 5032 Hel
2041 4986 2091 5031 et

499 5070 585 5125 lae
625 5067 719 5123 sub
747 5067 928 5139 lingua
969 5077 1063 5123 tua
1097 5066 1278 5140 (Cant.
1308 5067 1406 5138 iv),
1446 5067 1804 5136 praesentibus
1827 5083 1936 5125 non
1963 5083 2093 5124 con-

503 5160 738 5216 tradicit.
771 5156 883 5216 Sub
922 5158 1104 5231 lingua
1139 5159 1285 5214 enim
1323 5157 1545 5223 dicitur,
1582 5172 1689 5213 non
1718 5158 1773 5213 in
1806 5158 2007 5230 lingua,
2036 5169 2094 5215 ut

499 5253 821 5310 ostendatur
842 5268 1174 5325 paganorum
1196 5250 1482 5321 sapientia,
1505 5258 1560 5304 et
1580 5247 1890 5305 Judamrum
1911 5251 2093 5306 littera

498 5348 698 5420 lingua:
730 5346 1009 5408 Ecclesiae.
1050 5345 1105 5401 id
1138 5352 1224 5398 est
1252 5341 1513 5397 doctrinae
1547 5338 1788 5410 subjecta
1817 5356 1957 5399 esse.
1986 5341 2093 5400 Ho-

500 5456 620 5496 rum
644 5455 751 5497 non
780 5438 894 5494 vult
921 5438 1190 5510 integram
1221 5436 1525 5491 doctrinam
1548 5432 1765 5491 ollerre.
1802 5435 1954 5493 Unde
1973 5436 2051 5491 ait
2076 5454 2089 5491 :

502 5528 629 5587 Non
648 5530 947 5585 adolebitur
975 5530 1029 5582 in
1056 5524 1403 5595 sacri/icium,
1444 5523 1497 5580 id
1528 5533 1633 5591 est,
1667 5525 2041 5583 holocaustum
2074 5545 2089 5582 :

498 5621 759 5693 primitias
807 5628 1013 5675 tantum
1072 5633 1255 5673 eorum
1308 5617 1560 5689 a/I’eretis.
1613 5616 1893 5674 Primitias
1944 5620 2091 5677 enim

500 5712 645 5768 illius
679 5712 960 5791 sapientia:
996 5710 1297 5776 oll'crimus,
1328 5726 1439 5768 non
1481 5719 1674 5779 totam,
1717 5711 1858 5767 sicut
1893 5709 2093 5771 Paulus

503 5806 571 5860 ad
599 5805 983 5893 Atheuienses,
1004 5807 1205 5878 inquit:
1233 5808 1383 5864 Sicut
1414 5816 1580 5863 vester
1598 5816 1750 5878 poeta
1777 5806 1909 5864 dixit
1936 5826 1955 5863 :
1985 5808 2087 5864 ltu-

2205 677 2385 734 monia
2415 676 2811 748 multiplieavit,
2839 678 2966 747 quia
2994 677 3199 749 placuit
3223 679 3329 736 Deo
3356 697 3448 753 per
3481 686 3719 749 stultitiam

2203 770 2600 840 prmdicationis
2630 769 2806 825 salvos
2841 767 3022 825 facere
3050 771 3363 841 credentes;
3391 775 3521 831 unde
3551 777 3719 852 Moyses

2205 859 2321 914 ait:
2351 857 2522 931 Super
2560 859 2729 915 altare
2763 876 2881 916 vero
2910 876 3013 915 non
3042 860 3385 930 imponentur,
3413 874 3465 920 et
3482 883 3593 925 cum
3617 872 3716 929 lice-

2204 959 2288 1006 ret
2309 951 2414 1006 dici
2437 967 2541 1006 non
2564 959 2853 1023 ponentur,
2879 951 3051 1007 dicit:
3086 951 3211 1009 Non
3230 955 3541 1026 imponentur
3557 961 3606 1016 in
3619 964 3718 1019 odo-

2202 1056 2309 1095 rem
2331 1042 2646 1097 suavitatis:
2681 1041 3013 1113 signiﬁcans,
3052 1044 3179 1114 quia
3219 1045 3264 1100 si
3294 1049 3645 1108 tentaverimus
3666 1054 3718 1111 de

2202 1132 2566 1188 exterioribus
2597 1132 2897 1188 divinitatis
2921 1132 3145 1203 adipisci
3180 1135 3439 1205 notitiam,
3467 1140 3562 1197 tale
3581 1144 3717 1200 sacri-

2202 1220 2382 1276 ﬁcium
2429 1221 2494 1276 ad
2546 1220 2718 1277 altare
2760 1238 2868 1277 non
2899 1214 3169 1291 ascendit,
3221 1224 3314 1281 sed
3359 1227 3647 1287 deprimitur
3677 1232 3719 1289 in

2202 1311 2451 1377 terrenis,
2483 1311 2609 1381 quia
2635 1311 2703 1367 de
2727 1320 2869 1368 terra
2896 1323 2998 1368 est.
3433 1298 3443 1303 ”

2270 1400 2457 1472 (ΒεβΑ.
2491 1401 2547 1456 in
2585 1400 2735 1467 Lev.,
2769 1410 2900 1457 tom.
2933 1403 3019 1475 lt).
3053 1401 3210 1471 Quod
3258 1404 3363 1460 mel
3387 1407 3440 1462 in
3484 1396 3569 1465 Dei
3593 1411 3721 1467 sacri

2200 1491 2382 1548 licium
2407 1507 2512 1548 non
2539 1492 2848 1560 olferretur,
2875 1502 3006 1562 etc.,
3030 1511 3192 1567 usque
3215 1496 3285 1551 ad
3306 1497 3597 1571 imperfecta
3613 1518 3721 1575 qua-

2199 1582 2305 1654 q‘ue
2331 1584 2651 1641 omittimus.

2268 1673 2433 1731 Vatis.
2473 1676 2560 1730 15.
2589 1692 2660 1717 -—-'-
2690 1674 2814 1733 Sale
2839 1677 3050 1733 condias
3084 1696 3178 1735 nec
3202 1682 3412 1749 auferes
3436 1682 3513 1738 sal
3531 1683 3719 1753 (aderis.

2196 1766 2506 1836 Apostolica
2527 1768 2809 1840 sapientia.
2839 1769 2991 1827 Unde
3015 1789 3029 1827 :
3069 1769 3175 1827 Vos
3198 1772 3321 1829 estis
3344 1773 3425 1829 sal
3449 1784 3606 1842 terra,
3639 1785 3722 1834 etc.

2125 1862 2174 1921 B
2198 1853 2419 1929 (Matth.
2443 1856 2520 1933 v).
2555 1859 2708 1917 Sicut
2736 1862 2917 1919 omnis
2942 1864 3096 1920 cibus
3121 1864 3232 1921 sale
3254 1866 3515 1935 conditur,
3538 1869 3603 1924 ita
3626 1884 3724 1940 apo-

2197 1948 2388 2035 stolica
2419 1951 2665 2008 doctrina
2712 1968 2892 2037 sermo
2920 1955 3343 2024 praedicationis.
3381 1956 3502 2014 Ideo
3523 1960 3726 2031 praecipi-

2196 2050 2288 2097 tur
2319 2041 2403 2098 sal
2424 2043 2480 2098 in
2506 2045 2654 2101 omni
2680 2044 2953 2103 sacriﬁcio
2985 2044 3197 2115 oti'erri,
3236 2054 3298 2105 ut
3321 2049 3599 2131 secundum
3616 2053 3726 2122 Apo-

2196 2133 2446 2191 stOlicam
2474 2135 2774 2192 doctrinam
2812 2145 2868 2194 et
2905 2137 3301 2196 institutionem
3341 2141 3727 2199 et-imitationetn

2195 2220 2378 2292 operis
2404 2219 2671 2277 vivamus.
2712 2218 2870 2287 Unde
2907 2221 3127 2290 Paulus,
3164 2223 3246 2281 ait
3291 2242 3305 2278 :
3344 2220 3622 2282 Imitatores
3650 2227 3729 2281 mei

2195 2323 2377 2381 estote,
2401 2298 2537 2369 sicut
2558 2325 2608 2369 et
2634 2329 2729 2388 ego
2750 2312 2947 2371 Christi
2980 2314 3030 2388 (1
3071 2313 3197 2371 Cor.
3230 2314 3330 2389 rv‘j.
3362 2317 3428 2372 Et
3459 2318 3574 2373 alibi
3602 2333 3616 2371 :
3642 2316 3726 2373 Sa-

2195 2406 2537 2480 peraedi/icati
2570 2420 2726 2480 super
2756 2407 3159 2477 fundamentum
3204 2408 3550 2481 apostolorum
3574 2418 3727 2479 etpra-

2194 2500 2471 2571 plretarum
2513 2497 2674 2568 (Eph.
2719 2498 2804 2570 ιι).
2860 2496 3017 2554 Unde
3065 2488 3120 2554 et
3170 2482 3449 2571 legislator
3489 2514 3585 2555 non
3624 2498 3731 2553 dixit

2194 2590 2515 2663 simpliciter
2543 2588 2660 2646 sal:
2693 2589 2810 2655 sed,
2839 2588 2921 2644 sal
2942 2588 3152 2659 [aderis
3186 2584 3289 2646 Dei
3316 2592 3413 2646 tui.
3452 2588 3592 2647 Sicut
3618 2588 3729 2644 enim

2193 2665 2372 2739 fmdus
2399 2667 2683 2748 rationale,
2710 2680 2793 2736 sic
2822 2672 2988 2735 etiam
3018 2672 3097 2737 sal
3132 2680 3413 2739 rationale.
3448 2676 3729 2736 Testameati

2194 2786 2324 2842 ergo
2352 2770 2665 2843 Evangelici
2693 2779 2748 2826 et
2789 2770 2919 2827 salis
2951 2770 3253 2843 Apostolici
3300 2788 3400 2832 nos
3438 2783 3733 2829 commoneto

2194 2862 2386 2919 voluit.
2415 2861 2603 2918 Oleum
2640 2861 2697 2918 in
2724 2860 3052 2919 sacriﬁcium
3078 2861 3331 2930 oll'ertur,
3366 2863 3414 2918 si
3440 2878 3556 2918 cum
3584 2859 3732 2916 hilari-

2196 2964 2309 3012 tate
2336 2940 2645 3023 otl'eramus,
2687 2959 2799 3010 non
2839 2969 2905 3009 ex
2936 2954 3157 3011 tristitia
3201 2964 3300 3013 aut
3341 2971 3403 3011 ex
3434 2952 3732 3010 necessitate.

2196 3034 2436 3105 Hilarem
2464 3047 2610 3104 enim
2636 3046 2884 3103 datorem
2910 3045 3086 3117 diligit
3111 3046 3257 3103 Deus
3286 3045 3371 3120 (II
3399 3044 3517 3101 Cor.
3544 3044 3632 3116 ix).

2267 3138 2359 3195 Sal
2402 3139 2495 3210 qui
2544 3138 2831 3211 stypticam
2873 3139 2985 3193 vim
3016 3138 3203 3217 habet,
3250 3150 3309 3195 et
3351 3137 3636 3195 contrarius
3672 3137 3737 3188 est

2115 3221 2163 3286 C
2193 3228 2606 3300 melli,jubetur
2654 3230 2779 3286 addi
2834 3228 3120 3286 sacriﬁciis
3164 3247 3178 3284 :
3226 3231 3310 3287 sal
3360 3229 3639 3302 symbolum
3673 3231 3739 3281 est

2194 3323 2518 3394 prudentiae,
2544 3334 2665 3392 quae
2699 3321 2978 3390 restringit
3009 3329 3065 3376 et
3089 3320 3335 3379 exsiccat
3360 3308 3682 3391 voluptatem.

2265 3411 2335 3467 In
2355 3412 2497 3468 omni
2522 3409 2805 3477 oblatione,
2835 3421 2943 3466 etc.
2971 3409 3196 3465 Placere
3225 3411 3376 3466 enim
3412 3404 3521 3465 Deo
3550 3423 3645 3463 non
3665 3418 3739 3476 po.

2193 3505 2322 3563 terit
2347 3503 2493 3576 quod
2522 3519 2631 3560 non
2652 3503 2723 3561 ad
2747 3517 2995 3559 normam
3023 3502 3326 3559 voluntatis
3345 3501 3460 3572 ejus
3479 3505 3738 3557 correctum

2193 3597 2379 3653 fuerit.
2404 3594 2540 3652 Nam
2569 3595 2617 3653 si
2646 3595 2704 3651 in
2733 3595 2901 3652 rebus
2920 3594 3356 3675 humanistanta
3385 3593 3587 3652 cautela
3606 3605 3740 3663 agen-

2192 3689 2323 3746 dum
2365 3687 2649 3747 admonuit
2667 3687 2892 3760 quidam
2917 3686 2985 3743 de
3019 3686 3208 3742 mundi
3236 3687 3401 3759 hujus
3427 3684 3738 3757 sapientibus.

2193 3787 2254 3838 ut
2296 3780 2543 3837 diceret:
2585 3778 2775 3835 Omnis
2819 3776 2964 3834 actio
3008 3777 3415 3841 temeritate-et
3460 3771 3741 3847 negligentia

2192 3887 2389 3930 vacare
2412 3872 2574 3929 debet
2601 3890 2615 3926 :
2646 3871 2777 3942 quid
2812 3870 2879 3927 de
2916 3869 3013 3926 Dei
3050 3862 3218 3927 rebus
3245 3866 3617 3926 aestimandum
3644 3861 3741 3919 esti

2266 3964 2326 4021 Si
2364 3974 2540 4023 autem
2577 3962 2857 4030 obtuleris,
2901 3970 3011 4018 etc.
3063 3960 3285 4043 (Otum,
3318 3960 3412 4017 lib.
3450 3977 3469 4016 ι
3505 3960 3556 4015 in
3589 3955 3742 4019 Leuit.)

2194 4057 2448 4119 Secundo
2485 4057 2539 4113 in
2580 4055 2700 4112 loco
2734 4054 3121 4127 primitiarum,
3163 4062 3298 4122 etc.,
3341 4068 3505 4126 usque
3548 4049 3612 4105 ad
3643 4045 3742 4119 quia

2192 4147 2375 4205 littera
2403 4149 2762 4219 separabatur
2794 4164 2824 4203 a
2851 4147 3067 4220 spiritu.

2264 4238 2475 4313 (121cm)
2506 4237 2817 4311 Confringes
2841 4240 2899 4295 in
2933 4255 3153 4307 morem,
3178 4246 3287 4297 etc.
3322 4238 3445 4296 Non
3470 4236 3623 4294 modo
3639 4243 3745 4304 prte-

2193 4330 2339 4403 cepit
2378 4346 2475 4387 eos
2502 4331 2596 4387 Dei
2643 4333 2914 4399 notitiam,
2941 4340 3075 4399 etc.,
3119 4348 3285 4405 usque
3316 4332 3391 4387 ad
3433 4346 3531 4402 per
3556 4333 3746 4385 eteemo-

2192 4438 2385 4495 synam
2432 4423 2631 4494 quippe
2670 4432 2728 4479 et
2776 4424 3081 4495 orationem
3127 4422 3359 4479 scientia
3405 4422 3579 4479 divina
3618 4413 3746 4472 nobis

2191 4512 2377 4585 perﬁci
2386 4522 2490 4569 tur.

2811 4584 3039 4642 CAPUT
3074 4585 3159 4642 Ill.

2274 4698 2435 4754 Vens.
2467 4698 2520 4753 i.
2551 4730 2621 4739 —
2651 4696 2805 4765 Quod
2845 4699 2893 4753 si
2930 4699 3124 4765 hostia,
3153 4707 3262 4755 etc.
3313 4698 3496 4772 (Otus.
3542 4692 3701 4753 homil.
3722 4687 3750 4744 3

2192 4793 2249 4846 in
2274 4790 2464 4862 Leuit.)
2503 4790 2861 4846 Transmissis
2899 4791 3129 4855 caeteris,
3159 4790 3228 4846 de
3256 4791 3588 4847 salutaribus
3611 4781 3750 4842 sacri-

2194 4884 2334 4941 ﬁciis
2359 4884 2511 4952 dicit,
2541 4899 2663 4955 quae
2684 4885 2752 4940 de
2772 4883 3120 4951 animalibus,
3142 4884 3198 4941 id
3224 4894 3311 4942 est
3330 4885 3510 4943 bobus
3533 4892 3587 4942 et
3605 4876 3751 4951 capris

2194 4985 2250 5033 et
2275 4978 2469 5034 ovibus
2499 4975 2825 5043 offeruntur,
2856 4986 2913 5032 et
2950 4976 3088 5032 nihil
3122 4976 3265 5033 ultra
3296 4977 3369 5034 ad
3396 4972 3751 5034 immolandum

2195 5070 2584 5129 substituitur:
2630 5087 2734 5129 nec
2778 5086 2907 5128 aves
2943 5071 3185 5142 quidem,
3233 5086 3361 5142 qua:
3400 5071 3461 5127 in
3499 5060 3753 5128 aderandis

2193 5163 2514 5220 muneribus
2537 5165 2841 5221 substitute
2865 5172 2993 5221 sunt
3026 5163 3299 5236 superius.
3332 5163 3443 5232 Qui
3471 5164 3613 5218 enim
3644 5154 3754 5215 salu-

2196 5261 2343 5309 tares
2360 5252 2519 5313 oﬁert
2544 5254 2752 5312 hostias
2773 5254 2964 5311 salutis
2991 5270 3105 5311 sua:
3123 5255 3383 5312 conscius
3410 5263 3497 5313 est
3524 5272 3538 5309 :
3564 5260 3753 5309 necessc

2193 5359 2325 5416 ergo
2351 5344 2515 5401 habet
2539 5355 2598 5402 ut
2627 5361 2819 5417 magna
2845 5354 2900 5402 et
2928 5343 3168 5417 perfecta
3211 5344 3437 5414 oll'érat,
3459 5344 3601 5401 unde
3632 5341 3753 5409 Apo-

2195 5436 2368 5494 stolus
2392 5456 2408 5492 :
2436 5434 2800 5509 Perfectorum
2821 5448 2996 5492 autem
3016 5446 3093 5493 est
3117 5437 3262 5493 cibus
3287 5437 3498 5491 solidus
3524 5432 3672 5508 (Heli.
3692 5425 3751 5497 ν).

2268 5529 2474 5605 (lstcn.)
2503 5529 2656 5598 Quod
2680 5531 2727 5585 si
2751 5529 2946 5596 hostia,
2968 5538 3077 5586 etc.
3119 5527 3258 5585 Sunt
3300 5528 3605 5584 secundum
3636 5523 3755 5590 leget

2197 5621 2425 5681 diversa:
2477 5623 2758 5679 hominum
2803 5620 3274 5684 conversationes,
3330 5627 3471 5685 etc.,
3522 5626 3755 5687 usquea-

2193 5721 2410 5786 Opurtet
2445 5713 2593 5770 enim
2633 5728 2727 5771 eas
2762 5712 2923 5785 digne
2968 5709 3302 5776 conversari,
3358 5720 3422 5768 ut
3471 5704 3758 5784 perveth

2194 5808 2264 5867 ad
2286 5806 2534 5866 salutem.
