3998 6332
302 313 412 399 sos

1345 321 1611 390 CLD'SSA
1651 319 2045 385 ORNNARIA.
2081 315 2153 366 '—
2181 318 2316 382 LlB.
2355 319 2590 382 ιενιιί

3451 329 3557 384 ὖιὶϐ

388 453 592 512 Marem
627 451 732 507 sive
755 448 1020 520 feminam.
1051 455 1154 503 etc.
1182 445 1385 520 (lsrcn.)
1410 445 1670 516 Superius
1699 445 1753 497 in
1785 443 1881 496 ho-
1913 438 1960 497 A
1985 440 2064 496 dit
2117 441 2259 510 quod
2313 441 2566 511 ignorans
2609 447 2702 494 aut
2765 437 2952 494 nolens
2995 440 3300 510 peccaverit
3331 457 3346 495 :
3384 455 3559 509 neque

307 543 618 602 locaustum
662 549 869 597 tantum
916 543 1094 594 mares
1125 537 1440 600 offeruntur,
1474 544 1604 599 etc.,
1634 548 1792 602 usque
1815 529 1882 584 ad

307 636 368 694 id
397 645 482 692 est
507 633 719 690 inﬁrma
745 647 909 702 opera
945 646 1065 685 cum
1105 628 1439 684 fortioribus.

383 726 552 780 Vnus.
581 723 636 778 5.
674 753 748 764 -
773 722 987 791 Adipem
1006 720 1115 791 qui,
1140 729 1246 774 etc.
1291 718 1412 790 (lu.)
1442 717 1664 786 Oportet
1697 713 1887 768 intelli-

310 814 533 886 gibilem
563 813 773 883 adipem
805 810 1006 875 offerri,
1033 818 1162 872 etc.,
1193 825 1355 879 usque
1379 807 1447 860 ad
1474 816 1528 861 et
1557 821 1652 874 per
1681 803 1884 859 delibe-

312 905 580 959 rationem
602 917 838 957 massam
861 899 1280 956 sanctiﬁcemus.

391 994 611 1048 Vitalia.
635 992 814 1048 LXX:
842 990 1121 1054 Ventrem,
1155 989 1210 1044 id
1236 996 1317 1043 est
1339 1003 1454 1053 cor,
1477 985 1629 1054 cujus
1650 983 1887 1040 secundo
1967 1046 1976 1050 _

311 1085 440 1140 facil
471 1084 796 1140 mentionem
835 1081 990 1151 juxta
1027 1080 1192 1144 LXX,
1245 1080 1370 1150 quia
1414 1078 1680 1149 duplicem
1726 1077 1888 1132 habet

307 1178 682 1247 operationem
709 1176 998 1231 secundum
1023 1172 1279 1237 medicos,
1306 1172 1428 1242 quia
1455 1186 1552 1240 per
1573 1186 1732 1225 unam
1758 1185 1887 1239 par-

312 1275 426 1322 tem
459 1266 776 1321 alimentum
803 1265 993 1330 trahit,
1023 1279 1182 1333 quam
1221 1270 1420 1317 vocant
1455 1271 1698 1316 ventrem
1731 1275 1888 1330 supe-

314 1359 518 1414 riorem
550 1379 563 1413 :
594 1373 692 1430 per
731 1359 956 1413 alteram
991 1357 1368 1429 purgationem
1405 1355 1685 1432 discernit.
1725 1371 1886 1424 quam

313 1457 511 1504 vocant
537 1457 781 1504 ventrem
828 1447 1160 1502 inferiorem.
1198 1446 1376 1502 Renes
1414 1456 1541 1501 sunt
1576 1445 1888 1517 genitalium

311 1540 582 1595 seminum
626 1539 944 1604 ministeria,
975 1553 1094 1592 cum
1123 1547 1310 1592 ventre
1339 1545 1396 1593 et
1424 1536 1718 1592 femoribus
1736 1551 1886 1592 com-

312 1631 672 1686 municantes.
709 1629 948 1684 Primum
985 1643 1113 1700 ergo
1151 1629 1382 1698 adipem,
1422 1628 1512 1698 qui
1549 1643 1709 1698 supra
1754 1643 1888 1683 ven-

310 1727 452 1775 trem
474 1727 579 1785 est,
603 1728 658 1775 et
679 1719 812 1775 duos
837 1734 1016 1784 renes,
1041 1726 1094 1773 et
1129 1719 1340 1788 adipem
1374 1719 1464 1788 qui
1488 1732 1648 1786 super
1673 1732 1766 1772 eos
1781 1725 1880 1779 est,

1989 533 2131 587 enim
2162 533 2464 602 ignorantia
2496 537 2549 587 in
2593 548 2716 588 eum
2761 533 2956 589 cadere
3009 542 3206 604 potest,
3233 534 3324 604 qui
3366 544 3424 588 ut
3461 532 3556 588 do-

1988 629 2133 676 ceret
2163 633 2390 678 caeteros
2414 633 2700 693 pPOVCClllS
2727 634 2828 680 est.

2060 711 2182 784 (ln.)
2225 713 2286 768 Si
2333 715 2597 780 sacerdos,
2625 723 2728 770 etc.
2759 715 2958 771 Terror
2993 717 3152 772 simul
3178 723 3230 770 et
3255 717 3559 771 misericor-

1990 801 2094 865 dia,
2123 811 2250 869 etc.,
2272 821 2433 874 usque
2459 807 2529 859 ad
2553 807 2643 876 qui
2673 807 3002 862 conscientia
3041 808 3375 863 inﬁrmitatis
3413 823 3556 863 mor-

1990 891 2164 947 detur.

2062 982 2184 1056 (ld.)
2221 984 2282 1039 Si
2319 987 2584 1052 sacerdos,
2620 996 2723 1042 etc.
2759 987 3027 1052 Pontifex,
3054 1003 3246 1045 sensus
3270 989 3486 1060 pietatis
3509 997 3566 1044 et

1990 1073 2286 1143 religionis,
2318 1084 2445 1141 etc.,
2475 1094 2635 1147 usque
2659 1078 2729 1130 ad
2758 1079 2954 1133 Christi
2980 1088 3154 1133 morte
3189 1088 3489 1149 reparatur.

2062 1165 2226 1221 Vens.
2258 1167 2311 1221 5.
2351 1199 2421 1209 -
2458 1167 2687 1223 Vitulum
2715 1171 3108 1226 immaculatum
3155 1173 3400 1236 Domino,
3455 1182 3560 1227 etc.

1991 1254 2116 1326 (Ιυ.)
2137 1255 2387 1313 Secundo
2411 1258 2713 1314 invenimus
2738 1260 2921 1316 oll'erri
2960 1277 2989 1315 a
3035 1263 3286 1332 pontilice
3330 1263 3558 1317 vitulum

1991 1345 2043 1398 in
2085 1347 2478 1412 holocaustum,
2527 1358 2632 1405 etc.
2675 1368 2838 1422 usque
2889 1352 2958 1406 ad
2995 1352 3050 1406 in
3099 1368 3206 1410 auo
3245 1368 3437 1422 passus
3481 1362 3565 1408 est

2105 1441 2260 1494 istus.

2105 1441 2148 1493 's
2248 1482 2260 1494 .

1988 1437 2240 1566 Chatti?
2259 1512 2311 1566 5-.
2338 1543 2407 1552 —
2437 1512 2660 1574 Haurtet
2689 1532 2889 1587 quoque
2911 1517 2974 1570 de
3000 1533 3271 1586 sanguine,
3295 1525 3400 1571 etc.
3429 1507 3565 1570 uan-

1990 1601 2206 1671 guinem
2229 1604 2380 1666 vituli
2412 1606 2465 1660 in
2495 1606 2920 1672 tabernaculum,
2947 1607 2997 1662 id
3029 1617 3130 1673 est,
3178 1609 3230 1661 in
3262 1609 3454 1662 malum
3486 1609 3566 1661 in-

1992 1693 2114 1759 tulit
2141 1713 2153 1750 :
2186 1711 2307 1758 cum
2338 1707 2461 1767 post
2484 1701 2934 1755 resurrectionem
2956 1701 3122 1756 caelos
3169 1703 3562 1768 conscendens,

311 1811 366 1864 id
392 1819 478 1866 est
499 1824 660 1880 super
683 1808 920 1882 femora,
940 1785 1314 1879 quaerenibus
1337 1785 1463 1864 sunt
1502 1785 1700 1873 vicina,
1733 1807 1887 1876 jubet

2005 1785 2159 1841 vultui
2188 1786 2366 1844 Patris
2383 1790 2594 1856 astitit,
2623 1791 2780 1860 quasi
2830 1791 3066 1848 offerens
3095 1794 3417 1865 sanguinem
3440 1810 3564 1864 pas-

311 1899 497 1956 oﬁ'erri
549 1919 564 1956 :

310 1991 496 2059 positi.

388 2079 549 2137 Vens.
579 2082 633 2136 4.
669 2080 964 2136 Reticulum
991 2082 1226 2152 jecoris:
1255 2081 1314 2137 Id
1353 2088 1456 2146 est,
1485 2080 1679 2151 epatis,
1709 2080 1764 2134 in
1784 2093 1890 2149 quo

313 2170 602 2228 delectatio
667 2173 753 2228 vel
807 2173 1268 2244 concupiscentia.
1327 2171 1481 2226 Unde
1542 2169 1697 2239 juxta
1746 2167 1890 2225 LX-X

311 2262 478 2330 pinna
505 2262 675 2332 epatis
702 2279 826 2318 cum
857 2263 1084 2322 renibus.
1105 2263 1382 2320 auferetur
1413 2280 1426 2314 :
1453 2259 1609 2330 jecur
1638 2261 1781 2317 enim
1836 2263 1889 2314 in

307 2354 539 2409 renibus
564 2356 671 2408 vim
694 2353 1026 2424 operationis
1055 2354 1341 2408 ministrat.
1873 2409 1876 2412 ,

388 2443 550 2498 Vens.
585 2443 644 2498 6.
673 2473 742 2484 --
763 2441 820 2498 Si
863 2459 982 2502 vero
1025 2443 1092 2496 de
1131 2443 1307 2498 ovibus
1339 2443 1516 2513 fuerit,
1547 2451 1650 2499 etc.
1683 2441 1887 2514 (lstcn).

309 2533 486 2601 Quem
517 2534 794 2604 praecipiat
814 2533 1010 2588 oﬁ'crre
1024 2535 1239 2599 bovem,
1259 2542 1362 2591 etc.
1375 2575 1389 2601 ,
1408 2551 1568 2606 usque
1588 2535 1656 2588 ad
1680 2535 1734 2589 in
1756 2533 1893 2589 lum-

313 2627 403 2682 bis
419 2642 637 2696 quoque
656 2641 820 2696 opera
830 2627 902 2681 tio
923 2627 1308 2697 generationis.
1876 2647 1878 2650 ν

389 2718 552 2772 Vens.
588 2717 641 2772 9.
665 2746 735 2758 -—
764 2717 834 2771 Et
855 2718 1100 2771 caudam.
1134 2717 1278 2772 LXX
1309 2737 1322 2772 :
1346 2717 1610 2775 Lumbum
1633 2719 1752 2775 sine
1778 2735 1892 2775 ma-

308 2810 440 2865 cula
467 2810 757 2881 integrum,
784 2826 852 2866 ne
881 2810 1088 2866 scilicet
1118 2810 1265 2868 aliud
1286 2812 1546 2869 offeratur
1571 2813 1704 2881 Deo,
1745 2814 1893 2869 aliud

311 2899 652 2956 adversario.
684 2899 894 2956 Sulﬁcit
912 2902 1059 2957 enim
1089 2902 1216 2959 huic
1244 2904 1312 2959 ad
1333 2904 1545 2960 veniam
1577 2920 1696 2975 quae
1717 2905 1891 2959 virtu-

313 2991 388 3045 tis
421 2999 547 3046 sunt
569 3007 676 3046 non
699 3006 888 3061 agere;
914 2993 996 3048 sin
1017 3000 1200 3048 autem
1221 2993 1361 3048 mala
1383 3003 1656 3065 operatur,
1684 2995 1893 3050 veniam

311 3098 424 3137 non
471 3084 839 3154 consequitur.
871 3085 1026 3141 Unde
1059 3105 1072 3140 :
1114 3084 1294 3142 Estote
1328 3087 1586 3158 simplices
1628 3090 1762 3142 sicut
1808 3105 1895 3144 co-

311 3173 813 3231 lumbreﬁolumbte
837 3177 979 3232 enim
995 3177 1215 3232 nimiam
1243 3178 1644 3249 simplicitatem
1670 3179 1888 3247 habent,

311 3266 577 3322 malitiam
625 3269 848 3324 nullam.
897 3269 998 3336 Qui
1043 3272 1110 3326 de
1144 3271 1316 3327 bobus
1363 3271 1690 3328 sacriﬁcium
1713 3271 1892 3340 offert,

311 3358 557 3414 lumbum
580 3360 690 3418 Deo
710 3360 1030 3417 oﬁ‘errenon
1053 3370 1176 3433 eget
1215 3380 1228 3415 :
1272 3355 1430 3433 quem
1481 3365 1537 3419 in
1582 3364 1738 3420 bonis
1764 3379 1888 3434 ope-

311 3449 472 3504 ribus
514 3450 838 3522 constringit
859 3459 915 3506 et
943 3460 1178 3508 exercet.
1202 3453 1306 3520 Qui
1335 3453 1401 3509 de
1421 3455 1600 3524 capris
1631 3455 1892 3520 immolat,

310 3555 428 3595 non
470 3540 633 3598 habet
658 3540 894 3597 lumbum
919 3541 1319 3598 immaculatum
1344 3559 1503 3613 quem
1533 3544 1745 3609 offerat,
1770 3546 1895 3614 quia

311 3651 444 3690 etim
471 3636 600 3692 olim
647 3646 869 3707 peccato
893 3638 1202 3694 maculavit.
1234 3638 1334 3706 Qui
1380 3655 1509 3709 ergo
1555 3655 1658 3702 non
1688 3640 1787 3695 fuit
1840 3641 1895 3697 in

313 3727 586 3797 peccatis,
648 3728 1049 3784 immaculatum
1081 3728 1320 3784 lumbum
1349 3729 1544 3786 offerre
1568 3739 1764 3800 potest,
1790 3747 1895 3787 non

279 3818 412 3890 ,ηιιί
439 3826 693 3887 peccator
727 3817 847 3874 fuit.
884 3818 998 3882 Hac
1044 3834 1210 3882 causa
1244 3819 1298 3874 in
1335 3818 1605 3876 sacriﬁcio
1641 3820 1894 3891 paciﬁco-

311 3926 444 3966 rum
475 3925 666 3980 capras
695 3911 762 3966 ab
789 3911 941 3981 agnis
967 3911 1231 3979 distinxit.

393 4002 557 4058 Vens.
593 4002 680 4056 l7.
708 4033 779 4044 ——
801 4001 910 4057 Nec
933 4004 1156 4075 adipem.
1200 4004 1481 4078 Propriam
1510 4010 1896 4079 concupiscen-

317 4095 476 4159 tiam,
507 4093 560 4148 id
593 4102 673 4150 est
695 4093 965 4149 carnalem
992 4094 1193 4152 habere
1216 4111 1320 4163 non
1349 4097 1606 4154 debemus
1629 4118 1642 4160 :
1669 4099 1900 4172 Quisque

312 4189 459 4244 enim
489 4197 719 4242 tentatur
747 4206 780 4242 a
808 4189 1222 4259 concupiscentia
1247 4206 1344 4245 sua
1379 4191 1671 4248 abstractus
1701 4202 1749 4246 et
1787 4193 1901 4248 ille-

316 4289 459 4333 ctus.
514 4278 846 4349 Sanguinem
907 4280 1158 4349 prohibet
1206 4269 1436 4345 eomedi,
1465 4297 1544 4354 ne
1573 4298 1900 4356 quemquam

317 4369 755 4426 interﬁciamus:
795 4372 1111 4443 sanguinem
1162 4374 1306 4428 enim
1345 4375 1529 4440 edere,
1578 4373 1897 4440 bestiarum,

318 4463 377 4516 id
408 4469 493 4516 est
520 4461 843 4528 crudelium,
874 4470 978 4517 est.
1019 4462 1146 4519 ldco
1176 4473 1268 4518 aut
1292 4466 1510 4520 omnino
1539 4465 1756 4532 additur
1789 4483 1800 4518 :
1840 4476 1898 4520 ut

315 4563 378 4607 ct
401 4552 663 4622 proximis
699 4568 997 4630 parcamus
1045 4563 1099 4607 et
1147 4554 1321 4609 nobis.
1376 4555 1486 4620 Deo
1513 4564 1690 4610 autem
1741 4556 1900 4618 debet

318 4635 506 4698 anima
535 4632 825 4709 immolari,
855 4641 1171 4722 undejussit
1205 4645 1517 4716 sanguinem
1567 4644 1719 4701 fundi
1751 4646 1896 4702 circa

318 4738 503 4792 basim
531 4736 740 4815 altaris.

945 4849 1172 4907 CAPUT
1202 4850 1291 4906 IV.

397 4999 564 5054 Vsus.
589 4998 698 5054 1-2.
713 4998 1122 5068 -Locutusque
1138 5009 1244 5056 etc.
1263 5001 1448 5055 Anima
1461 5019 1579 5072 quis
1593 5007 1898 5072 peccauerit.

321 5099 433 5146 etc.
459 5089 661 5162 (Ome,
687 5091 828 5145 hom.
851 5091 887 5144 2
915 5092 974 5144 in
997 5090 1203 5160 Leuit.)
1252 5091 1418 5146 Recte
1463 5093 1697 5148 animam
1747 5094 1897 5158 dicit,

319 5194 456 5266 etc.,
490 5201 651 5309 uls?“
673 5183 741 5238 ad
763 5191 819 5239 et
839 5183 1059 5254 spiritus
1083 5183 1189 5239 dux
1212 5185 1279 5240 ad
1299 5184 1575 5250 virtutem,
1598 5187 1643 5242 si
1674 5201 1797 5242 eum
1817 5202 1901 5241 se-

319 5270 421 5309 aui
449 5270 512 5308 ve
535 5271 550 5309 ι
577 5293 594 5308 .

319 5270 421 5326 qui
439 5270 594 5320 ,vent,

401 5346 612 5418 (lsrcu.)
647 5346 838 5400 Anima
872 5362 989 5400 cum
1010 5347 1317 5416 peccauerit,
1345 5356 1452 5404 etc.
1487 5348 1630 5404 Nihil
1653 5364 1901 5404 necessa-

321 5439 469 5494 rium
495 5437 770 5508 legislator
796 5437 1000 5504 omisit,
1024 5445 1155 5504 etc.,
1180 5455 1340 5509 usque
1368 5440 1438 5492 ad
1461 5441 1622 5506 unde,
1656 5439 1759 5505 Qui
1817 5457 1903 5494 ue-

319 5530 492 5586 scibat
519 5543 806 5600 peccatum,
827 5547 922 5600 pro
950 5531 1094 5584 nobis
1115 5542 1380 5601 peccatum
1407 5531 1576 5600 factus
1605 5543 1697 5586 est.

401 5621 562 5674 Vens.
596 5620 649 5674 5.
696 5650 766 5660 —
797 5619 854 5675 Si
889 5620 1153 5683 sacerdos,
1207 5630 1312 5675 etc.
1370 5621 1548 5690 (Ome.
1597 5621 1902 5678 Observan-

322 5713 458 5768 dum
485 5712 726 5782 estquod
759 5712 810 5768 in
834 5721 1056 5782 peccato
1082 5713 1352 5783 pontiﬁcis
1377 5713 1650 5784 legislator
1673 5731 1779 5771 non
1810 5716 1906 5772 ad-

618 1901 672 1956 in
727 1879 926 1956 medio-
952 1875 1096 1958 enim
1142 1899 1362 1956 femoris
1410 1907 1465 1954 et
1507 1875 1888 1956 venti-isisunt

2005 1875 2174 1942 tionis,
2205 1879 2551 1952 interpellans
2579 1898 2676 1952 pro
2707 1883 2882 1939 nobis.
2977 1945 2980 1948 ,

2058 1972 2220 2028 Vens.
2251 1972 2305 2026 6.
2333 2003 2404 2012 ——
2434 1973 2636 2043 Septies
2665 1990 2682 2028 :
2709 1990 2808 2042 pro
2825 1975 3159 2038 dimissione,
3191 1976 3414 2044 scilicet
3441 1991 3566 2046 pec-

1989 2075 2235 2124 catorum
2268 2072 2322 2119 et
2353 2063 2452 2126 sub
2480 2063 2876 2119 ministratione
2921 2065 3240 2134 spiritalium
3276 2065 3560 2120 donorum.

1991 2157 2223 2229 Sanguis
2251 2163 2432 2210 autem
2457 2155 2760 2224 passionem
2779 2154 3064 2227 signiﬁcat,
3085 2160 3376 2214 secundum
3395 2159 3519 2213 illud
3549 2177 3561 2212 :

1991 2249 2223 2319 Mundus
2262 2264 2355 2318 ego
2391 2263 2559 2300 suma
2588 2247 2840 2316 sanguine
2881 2247 3019 2316 justi
3042 2248 3219 2317 hujus.
3277 2249 3342 2303 Et
3392 2249 3516 2304 alibi
3549 2268 3562 2302 :

1992 2336 2218 2410 Sanguis
2243 2337 2357 2408 ejus
2386 2352 2540 2406 super
2579 2351 2693 2400 nos,
2717 2343 2822 2390 etc.
2869 2335 2944 2389 De
2997 2337 3098 2390 hac
3125 2339 3436 2407 aspersione
3463 2339 3562 2394 Pe-

1991 2439 2106 2485 trus
2125 2429 2202 2484 ait
2222 2448 2234 2480 :
2253 2429 2317 2483 In
2339 2426 2679 2482 obedientiam
2701 2436 2749 2480 et
2764 2428 3111 2498 aspersionem
3128 2430 3394 2500 sanguinis
3413 2429 3563 2484 Clari-

1992 2520 2081 2585 sti,
2131 2530 2236 2575 etc.

2071 2607 2277 2676 Velum,
2327 2608 2713 2665 humanitatem
2765 2607 2986 2666 Christi.
3045 2611 3178 2666 Nam
3226 2607 3570 2667 sicutveluui

1993 2709 2110 2758 erat
2141 2702 2283 2758 inter
2308 2711 2494 2759 sancta
2533 2712 2844 2759 sanctorum
2876 2712 2931 2759 ct
2959 2705 3196 2761 exterius
3247 2707 3566 2761 tabernacu-

1993 2796 2124 2861 lum,
2154 2795 2226 2850 ita
2257 2810 2384 2850 caro
2409 2793 2608 2849 Christi
2645 2803 2728 2849 est
2757 2795 2896 2850 inter
2942 2811 3060 2862 nos,
3091 2797 3181 2864 qui
3211 2784 3450 2851 exterius
3489 2807 3568 2850 ta-

1992 2885 2342 2943 bernaculum
2373 2902 2579 2952 sumus,
2611 2894 2667 2942 et
2703 2887 3067 2952 divinitatem,
3090 2904 3206 2958 qua:
3255 2904 3354 2958 per
3381 2885 3571 2944 sancta

1995 2987 2303 3036 sanctorum
2337 2979 2690 3050 signiﬁcatur.
2727 2981 2926 3036 Contra
2961 2981 3137 3036 velum
3167 2997 3295 3052 ergo
3327 2982 3567 3036 testimo-

1995 3072 2072 3127 nii
2102 3072 2357 3128 sacerdos
2376 3071 2690 3141 sanguinem
2720 3071 2869 3126 vituli
2891 3072 3142 3142 aspersit,
3174 3073 3297 3142 quia
3320 3072 3568 3128 Christus

1995 3177 2216 3219 carnem
2243 3175 2395 3217 suam
2421 3155 2738 3232 sanguinem
2797 3161 3064 3232 passionis
3087 3164 3410 3220 cruentavit.

2067 3253 2262 3308 Contra
2284 3251 2474 3317 velum,
2506 3261 2612 3306 etc.
2649 3250 2829 3307 Multis
2857 3253 3419 3323 nominibus_carnem
3463 3253 3569 3306 Do-

1993 3342 2128 3399 mini
2175 3342 2426 3414 appellat,
2463 3342 2589 3412 quia
2615 3342 2860 3412 operatio
2906 3341 3021 3410 ejus
3049 3342 3238 3396 multa.
3276 3341 3426 3400 Unde
3455 3343 3568 3412 ipse

1994 3434 2253 3490 Dominus
2278 3433 2534 3504 seipsum,
2551 3432 2710 3488 modo
2729 3432 3053 3487 sacriﬁcium
3075 3433 3225 3504 (Luc.
3253 3433 3386 3504 xxi),
3412 3433 3571 3488 modo

1993 3533 2286 3595 pastorem,
2301 3538 2489 3577 rursus
2503 3522 2687 3586 vitem,
2702 3521 2896 3576 deinde
2923 3537 3114 3589 panem
3137 3521 3322 3576 vitaeet
3344 3538 3572 3594 granum

1997 3615 2184 3682 tritici,
2207 3614 2484 3670 translatis
2509 3613 2784 3670 vocabulis
2810 3615 3335 3685 nominavit..(.loan.
3378 3633 3434 3678 x.
3480 3632 3568 3678 xv,

1993 3722 2068 3772 vi,
2100 3707 2200 3778 ιιι)
2232 3706 2323 3762 Sic
2343 3716 2399 3762 et
2432 3706 2652 3777 Moyses.
2667 3721 2889 3761 carnem
2905 3705 3030 3779 ejus
3051 3707 3225 3762 velum
3267 3708 3568 3778 appellavit.

1998 3795 2152 3854 Unde
2183 3796 2382 3852 Paulus
2429 3815 2441 3850 :
2474 3795 2716 3850 Initiavit
2742 3796 2887 3850 nobis
2929 3797 3062 3850 viam
3093 3814 3184 3866 per
3217 3798 3466 3863 velamen,
3511 3799 3568 3852 id

1996 3895 2070 3940 est
2095 3901 2479 3947 cernemsuam
2503 3883 2662 3957 (Heb.
2697 3883 2790 3954 x)-
2807 3883 3014 3946 Velum,
3038 3901 3251 3956 quoque
3281 3888 3574 3941 sanctuarii

1998 3979 2194 4034 exhinc
2217 3978 2549 4049 appellatur,
2568 3978 2693 4048 quia
2718 3977 2772 4032 in
2792 3992 2856 4034 eo
2882 3979 3055 4034 sancti
3081 3986 3392 4034 sanctorum
3439 3994 3569 4035 caro

2001 4068 2282 4143 ﬁguratur.

2071 4159 2234 4218 Vens.
2287 4160 2339 4214 7.-
2369 4160 2635 4232 -—_Super
2658 4179 2874 4216 cornua.
2903 4162 3017 4217 Hoc
3039 4162 3208 4217 altare
3240 4165 3420 4217 sedem
3455 4163 3571 4226 Dei,

1999 4250 2054 4305 id
2088 4259 2180 4306 est
2203 4250 2470 4322 Seraphin
2520 4250 2812 4322 signiﬁcat,
2862 4253 3005 4306 unde
3053 4253 3156 4306 Esa
3191 4269 3205 4308 :
3275 4252 3474 4306 Volavit
3506 4256 3573 4306 ad

1999 4359 2080 4397 me
2094 4359 2228 4397 unus
2257 4343 2321 4396 de
2369 4341 2652 4412 Seraphin,
2673 4352 2722 4396 et
2747 4343 2802 4396 in
2837 4359 2995 4396 manu
3015 4343 3129 4413 ejus
3145 4342 3400 4406 calculus,
3424 4361 3575 4414 quem

2003 4434 2195 4503 forcipe
2216 4433 2357 4498 tulit,
2383 4433 2447 4486 de
2470 4433 2630 4487 altari
2646 4433 2779 4505 (lsa.
2799 4433 2896 4504 vl).
2915 4433 3250 4502 Thymiama,
3277 4441 3573 4490 secundum

2002 4524 2168 4590 LXX,
2213 4525 2629 4594 compositiones
2671 4525 2910 4579 omnium
2963 4526 3240 4582 virtutum.
3293 4528 3389 4583 Ubi
3432 4529 3576 4583 enim

2003 4619 2155 4673 decet
2177 4615 2500 4685 compositas
2533 4631 2654 4670 esse
2678 4615 2925 4680 virtutes,
2962 4617 3065 4672 nisi
3099 4618 3150 4672 in
3190 4619 3316 4672 sede
3349 4618 3481 4672 Dei?
3511 4619 3578 4672 de

2003 4708 2142 4764 ccelo
2187 4721 2421 4774 namque
2480 4705 2548 4760 ad
2597 4721 2696 4761 nos
2757 4705 3106 4761 descendunt.
3155 4708 3307 4764 Unde
3346 4706 3578 4764 lacubus

2005 4802 2080 4855 ait
2108 4818 2119 4853 :
2152 4799 2282 4865 Qum
2307 4809 2477 4852 autent
2515 4799 2788 4853 desursum
2811 4799 3065 4869 sapientia
3097 4800 3237 4871 (Jac.
3283 4797 3385 4870 ιιι).
3439 4801 3578 4867 Qua-

2007 4901 2126 4947 tuor
2172 4899 2352 4944 aulem
2388 4889 2636 4952 virtutes,
2689 4889 2972 4958 sapientia,
3015 4890 3242 4960 justitia,
3296 4891 3572 4950 fortitudo.

2009 4979 2382 5050 temperantia,
2412 4979 2537 5049 quia
2585 4989 2898 5034 exterarum
2934 4981 3199 5036 virtutum.
3221 4997 3418 5051 genera
3445 4996 3575 5036 cou-

2007 5074 2198 5137 tinent,
2247 5071 2596 5126 nominantur
2621 5087 2823 5126 cornua
2851 5089 2866 5127 :
2894 5073 2992 5127 has
3036 5072 3244 5143 inungit
3275 5071 3416 5128 Deus
3450 5089 3575 5143 pro-

2006 5163 2125 5233 prio
2153 5161 2428 5233 sanguine
2481 5161 2813 5228 confortans,
2859 5164 3064 5228 scilicet
3087 5164 3276 5234 majori
3307 5173 3362 5218 et
3405 5164 3582 5234 perfe-

2005 5257 2160 5312 ctiori
2193 5257 2414 5320 virtute,
2442 5264 2500 5310 ut
2528 5256 2735 5326 possint
2759 5265 2946 5311 contra
2983 5256 3320 5312 adversarias
3345 5265 3580 5315 potesta-

2009 5355 2088 5402 tes
2126 5345 2576 5415 fortitudinesque
2596 5346 2908 5416 praevalere.

2076 5439 2294 5503 Altaris,
2325 5447 2432 5494 etc.
2467 5438 2844 5508 Angelicarum
2874 5439 3153 5494 virtutum.
3187 5440 3243 5494 Si
3282 5439 3426 5493 enim
3478 5437 3578 5492 ho-

2009 5532 2179 5585 mines
2213 5539 2424 5601 gratum
2477 5529 2588 5584 Deo
2637 5530 2856 5583 odorem
2915 5528 3174 5584 bonorum
3204 5541 3427 5596 operum
3455 5527 3580 5581 rod-

2009 5623 2161 5688 dunt,
2198 5632 2402 5690 quanto
2426 5621 2596 5690 magis
2619 5619 2788 5675 sancti
2817 5620 2988 5690 angeli
3023 5622 3074 5674 in
3103 5619 3334 5690 puritate
3374 5626 3583 5672 natum

2011 5713 2426 5777 permanentes?
2453 5711 2508 5766 Si
2537 5720 2714 5767 autem
2742 5717 3015 5780 peccatum
3045 5706 3188 5776 quod
3223 5705 3423 5763 Christi
3461 5721 3582 5762 san~
