3998 6332
519 281 622 339 507

1017 281 1409 342 WALAFRlDl
1449 289 1696 346 STRABI
1734 289 1938 346 FULD.
1981 289 2083 347 ΜΟ

2187 291 2338 348 ΟΡΡ.
2381 291 2563 351 PARS
2601 293 2643 350 1.
2682 323 2754 336 -
2792 295 3246 360 THEOLOGICA.
3638 307 3717 370 508

517 394 681 466 guine
704 392 964 462 piaretur,
1000 410 1106 450 non
1153 395 1511 464 admiserunt,
1539 414 1636 470 per
1671 400 1988 471 sanguinem
2019 410 2099 458 ta-
2124 407 2174 467 Λ
2199 421 2298 475 que
2327 406 2396 460 ad
2426 422 2526 477 pro
2565 407 2700 481 ipsis
2729 407 2876 466 enim
2902 409 3314 467 cruciﬁsoribus
3342 413 3505 470 oravit
3532 432 3546 472 :
3572 415 3718 492 Pater,

517 501 640 542 men
687 485 804 555 ejus
859 485 1013 542 nobis
1055 487 1323 558 paciﬁcati
1373 499 1520 556 sunt,
1545 498 1600 546 et
1624 505 1883 548 numerus
1909 506 2098 550 eorum

517 589 826 649 reparatus.

586 671 656 728 In
688 673 872 727 basim.
903 672 1078 740 Basis,
1109 691 1232 746 pars
1259 675 1444 731 altaris
1474 675 1720 741 inferior,
1750 675 2099 730 inﬁrmosho-

515 767 691 822 mines
717 767 1004 838 signiﬁcat.
1031 768 1306 839 Sanguine
1347 769 1493 822 enim
1549 768 1755 823 Christi
1812 783 1918 822 non
1950 767 2096 822 solus

515 875 776 914 numerus
807 860 1119 931 angelorum
1147 861 1429 914 restitutus
1449 868 1552 924 est,
1584 861 1678 914 sed
1728 867 1783 913 et
1819 861 1981 913 homo
2012 873 2097 913 re-

515 950 766 1018 demptus
797 967 810 1002 :
844 951 964 1005 ideo
989 950 1299 1019 angelorum
1351 965 1567 1021 quoque
1609 949 1906 1028 redemptio
1940 947 2097 1004 Chri-

514 1049 634 1096 stus
668 1041 866 1096 dicitur
903 1040 1041 1112 (Col.
1078 1041 1140 1110 1).

582 1150 782 1205 Altaris
838 1152 1149 1206 holocausti.
1196 1150 1450 1222 Corporis
1497 1151 1722 1208 Christi.
1777 1150 1896 1220 Ipse
1946 1148 2093 1204 enim

512 1253 599 1300 est
627 1245 900 1311 sacerdos,
945 1245 1058 1314 ipse
1083 1244 1434 1310 sacriﬁcium,
1464 1245 1576 1315 ipse
1606 1253 1662 1300 et
1704 1243 1893 1298 altare.
1941 1239 2095 1296 Sicut

511 1338 658 1392 enim
685 1337 850 1391 multa
894 1346 1171 1407 cperatur,
1204 1337 1275 1391 ila
1301 1336 1682 1392 convenienter
1711 1334 1895 1390 multis
1925 1331 2096 1387 nomi-

510 1429 670 1482 nibus
701 1419 1017 1498 appellatur.
1071 1428 1219 1484 Unde
1269 1427 1504 1482 Paulus:
1541 1426 1805 1481 Habemus
1829 1427 1997 1480 altare
2029 1424 2095 1478 de

511 1538 615 1591 quo
638 1537 741 1575 non
787 1520 974 1574 habent
989 1529 1291 1590 potestatem
1324 1521 1472 1574 edere
1522 1520 1612 1590 qui
1640 1515 1975 1572 tabernaculo
2011 1515 2098 1568 de-

508 1613 736 1667 serviunt
777 1611 935 1682 (Ileb.
969 1613 1091 1682 xm)
1134 1630 1146 1666 :
1181 1613 1400 1676 hocest,
1423 1626 1620 1682 corpus
1641 1609 1864 1672 Christi,
1897 1607 1964 1662 de
1985 1621 2093 1677 quo

506 1725 614 1763 non
662 1709 788 1763 licet
840 1709 1002 1763 edere
1049 1707 1281 1774 Iudaeis;
1310 1709 1412 1766 hoc
1435 1707 1606 1762 altare
1654 1713 1737 1761 est
1765 1706 1816 1759 in
1867 1703 2090 1758 introitu

2199 497 2407 568 ignosce
2435 500 2541 555 illis
2563 502 2686 572 quia
2713 503 2947 556 nesciunt
2975 501 3102 573 quid
3130 502 3348 572 faciunt.

2271 591 2434 646 Vens.
2487 593 2578 646 21.
2603 624 2672 633 -
2718 592 2956 648 Vitulum
2997 596 3172 664 e/feret
3224 606 3369 652 extra
3409 609 3567 657 castra
3604 603 3718 682 (111.)

2199 682 2406 739 SulIicit
2444 687 2601 741 nobis
2639 686 2914 742 conclusio
2954 687 3088 758 legis
3121 688 3187 742 ad
3223 689 3591 750 manifestanda
3613 713 3720 767 pra-

2197 776 2392 840 sentia,
2421 777 2556 830 nihil
2585 777 2728 831 enim
2759 777 3068 846 prmcipitur
3095 779 3181 833 hic
3211 782 3405 836 mutari
3428 797 3518 851 pro
3540 797 3719 854 peccato

2197 866 2576 922 multitudinis.
2629 866 2971 922 Manifestum
3012 877 3096 922 est
3132 869 3272 939 quod
3323 869 3457 927 idem
3490 887 3718 944 peccatum

2194 957 2368 1030 plebis
2399 968 2454 1014 et
2493 959 2791 1018 sacerdotis
2828 958 3094 1030 intelligit,
3139 960 3258 1016 ideo
3293 960 3346 1015 in
3367 971 3579 1036 utroque
3609 966 3719 1022 idem

2195 1051 2520 1107 sacriﬁcium
2553 1053 2844 1107 ordinavit.

2267 1141 2430 1198 Vens.
2458 1143 2550 1196 22.
2581 1174 2652 1182 -
2679 1141 2740 1197 Si
2763 1144 3050 1212 peccaverit
3078 1144 3315 1215 princeps
3342 1156 3390 1200 et
3412 1146 3588 1216 fecerit.
3615 1147 3717 1221 (111.)

2195 1232 2352 1288 Sicut
2384 1234 2438 1288 in
2467 1233 2781 1304 spontaneis
2807 1234 3114 1301 sacriﬁciis,
3138 1243 3270 1302 etc.,
3297 1253 3452 1306 usque
3478 1238 3540 1293 ad
3563 1241 3717 1296 sabba-

2194 1331 2308 1379 tum
2344 1325 2487 1380 enim
2521 1326 2588 1380 ad
2616 1326 2785 1380 otium
2809 1325 3072 1380 malorum
3108 1327 3291 1382 datum
3321 1338 3421 1384 est.

2264 1416 2501 1489 (Ontc.)
2552 1417 2813 1488 Princeps
2858 1419 2960 1473 iste
3011 1427 3188 1489 potest
3238 1421 3342 1475 dici
3396 1421 3476 1477 vis
3518 1424 3718 1492 rationis,

2192 1523 2313 1579 quae
2334 1508 2474 1564 intra
2506 1525 2606 1565 nos
2629 1517 2734 1574 est,
2773 1525 2895 1579 qua:
2920 1510 2965 1565 si
2994 1519 3203 1580 peccet,
3240 1520 3302 1566 ut
3330 1512 3522 1583 aliquid
3542 1515 3719 1570 stultu

2193 1614 2437 1672 agamus,
2499 1601 2827 1661 sententiam
2871 1601 3018 1656 illam
3053 1602 3375 1658 timeamus:
3418 1602 3512 1659 Vos
3531 1607 3634 1660 estis
3661 1606 3720 1661 sal

2193 1697 2366 1744 terrae.
2396 1689 2454 1745 Si
2483 1707 2601 1746 vero
2626 1691 2706 1746 sal
2737 1691 3057 1762 infamatum
3081 1692 3240 1762 fuerit
3266 1734 3282 1759 ,
3309 1695 3377 1748 ad
3401 1695 3602 1752 nihilum
3619 1697 3721 1752 calet

505 1800 865 1866 tabernaculi,
897 1801 947 1855 id
975 1808 1058 1856 est
1099 1801 1242 1864 cmli,
1276 1799 1401 1868 quia
1456 1814 1554 1870 per
1582 1801 1758 1869 ipsum
1788 1798 2083 1868 ingressum

2199 1783 2299 1836 nisi
2347 1783 2658 1853 projiciatur
2688 1785 2857 1855 foras,
2892 1794 2940 1839 et
2983 1785 3316 1841 conculcetur
3357 1788 3422 1842 ab
3455 1788 3720 1844 hominibus.

506 1889 770 1945 habemus
800 1891 854 1944 in
884 1890 1102 1945 caelum.

582 2001 647 2055 Et
692 1990 925 2073 adipem.
987 2001 1231 2072 Mystice,
1291 2000 1676 2057 delectationes
1721 2008 1776 2055 et
1825 1997 2092 2054 desideria

505 2095 716 2160 carnis;
751 2110 870 2164 qua:
899 2103 1077 2149 tamen
1110 2093 1292 2149 omnia
1323 2109 1429 2148 non
1455 2103 1580 2149 sunt
1606 2095 1660 2149 in
1697 2095 1974 2150 Christum
2002 2106 2091 2147 re-

501 2187 775 2256 cipienda,
816 2187 955 2240 sicut
976 2186 1136 2256 gulae,
1183 2194 1237 2241 et
1263 2185 1437 2242 coitus
1469 2186 1814 2242 desiderium.
1841 2183 1970 2252 Quae
1999 2198 2094 2238 au-

505 2287 614 2332 tem
647 2279 930 2344 habuerat,
963 2279 1151 2336 habuit
1175 2294 1241 2336 cx
1268 2278 1441 2345 nobis,
1479 2289 1540 2335 ut
1577 2279 1721 2335 sitim
1749 2287 1806 2334 et
1833 2277 2087 2342 esuriem,

481 2378 556 2428 -ει
590 2370 1071 2440 hujusmodhﬂzec
1120 2384 1298 2431 autem
1339 2373 1488 2430 Patri
1535 2371 1751 2436 obtulit,
1809 2371 1876 2425 ad
1937 2367 2090 2437 cujus

499 2466 775 2520 transtulit
800 2466 1050 2535 gloriam,
1080 2477 1136 2522 et
1156 2468 1310 2523 nobis
1343 2469 1396 2522 in
1418 2466 1726 2536 exemplum
1748 2462 1999 2535 protulit,
2029 2467 2087 2514 ut

501 2559 570 2612 ad
599 2557 768 2612 Deum
791 2559 1057 2614 desideria
1087 2570 1272 2614 nostra
1302 2559 1622 2616 referamus.

571 2668 737 2725 Vens.
771 2670 824 2725 9.
858 2702 928 2711 —
957 2670 1104 2726 Duos
1151 2671 1464 2726 ranunculos
1504 2681 1553 2726 et
1602 2667 1903 2735 reticulum,
1951 2665 2089 2739 quod

506 2771 581 2815 est
608 2777 764 2831 super
784 2778 871 2814 eos
890 2761 1049 2831 juxta
1080 2761 1193 2818 ilia.
1229 2763 1446 2834 (lsncn.)
1501 2761 1630 2829 Qua-
1653 2761 1788 2816 ﬁunt
1823 2769 1880 2816 et
1923 2760 1978 2814 in
2009 2774 2091 2814 sa-

504 2853 717 2910 criﬁcio
737 2855 1112 2923 paciﬁcorum,
1138 2855 1220 2910 vel
1265 2855 1512 2910 salutari.
1537 2854 1604 2908 Et
1635 2855 1686 2909 in
1729 2854 1836 2909 duo
1883 2850 2088 2908 sacriﬁ-

507 2946 652 3002 cium
693 2945 913 3012 dividit,
967 2956 1026 3002 nt
1081 2946 1406 3002 sacriﬁcium
1446 2946 1648 3002 Christi
1690 2945 1851 3001 liceat
1907 2941 2087 2998 omni-

497 3039 602 3092 bus
627 3037 828 3091 imitari
861 3046 968 3091 tam
994 3038 1079 3092 his
1107 3038 1314 3093 scilicet
1340 3039 1431 3107 qui
1481 3037 1760 3094 inferioris
1803 3046 1929 3093 sunt
1953 3052 2087 3092 con-

494 3125 847 3191 versationis,
889 3127 1084 3196 quibus
1111 3127 1436 3183 sacriﬁcium
1467 3127 1822 3198 paciﬁcorum
1877 3146 2076 3188 conve-
2105 3121 2151 3186 C

494 3218 594 3281 nit,
625 3233 788 3288 quam
820 3219 905 3274 his
926 3221 1017 3288 qui
1053 3219 1248 3274 altiora
1280 3229 1600 3292 sequuntur,
1651 3220 1848 3292 quibus
1879 3221 2080 3279 sufﬁcit

493 3308 541 3363 si
567 3309 849 3378 sequentia
879 3309 1183 3366 imitantur.

567 3421 730 3476 Vnns.
769 3421 853 3476 11.
882 3453 954 3464 --
987 3421 1182 3478 Pellem
1209 3441 1326 3479 vero
1347 3433 1395 3479 et
1418 3441 1593 3480 omnes
1619 3443 1802 3481 carnes
1833 3443 1952 3481 cum
1990 3445 2078 3482 ca.

489 3513 597 3583 pite
632 3522 679 3566 et
706 3514 922 3583 pedibus
951 3525 999 3570 et
1025 3526 1234 3572 cratera.
1289 3517 1402 3574 lloc
1431 3519 1675 3589 praecipit
1711 3528 1771 3574 ut
1799 3519 2077 3576 Christum

495 3621 603 3660 111111
640 3606 870 3673 dividas,
901 3609 1281 3679 sicutquidam
1304 3611 1808 3669 dividuntdicentes
1836 3631 1849 3667 :
1880 3613 1982 3681 Qui
2011 3613 2078 3670 de
2141 3635 2148 3640 ·

492 3694 662 3750 Maria
690 3712 902 3766 passus,
923 3700 1014 3769 qui
1043 3700 1110 3754 de
1140 3702 1252 3756 Deo
1272 3717 1465 3771 passus
1488 3718 1595 3758 non
1621 3712 1733 3771 est;
1780 3703 1948 3760 Nobis
1974 3723 2074 3759 au-

491 3797 593 3842 tem
634 3805 769 3843 unus
797 3801 871 3848 est
900 3789 1040 3845 Deus
1094 3790 1252 3846 Iesus
1293 3792 1531 3849 Christus
1579 3813 1670 3866 per
1701 3814 1852 3868 quem
1898 3800 2075 3854 omnia

495 3875 547 3948 (I
572 3876 694 3932 Cor.
729 3879 869 3950 vni).
898 3880 1040 3936 Caro
1065 3883 1207 3936 enim
1244 3883 1296 3937 in
1350 3882 1578 3940 Domino
1603 3887 1779 3942 omnis
1826 3889 2076 3944 humani-

493 3975 580 4024 tas
599 3976 705 4034 est,
728 3971 1024 4028 secundum
1045 3973 1188 4041 quod
1208 3971 1409 4028 dicitur
1433 3991 1446 4027 :
1479 3973 1701 4030 Verbum
1723 3993 1846 4031 caro
1875 3978 2074 4048 factum

489 4070 568 4114 est
595 4060 776 4131 (Joan.
803 4062 862 4135 1).
891 4062 1045 4118 Unde
1069 4063 1144 4117 ait
1175 4081 1188 4116 :
1222 4063 1419 4120 Carne:
1445 4065 1557 4135 ejus
1574 4083 1689 4120 cum
1716 4069 1882 4138 capite
1906 4078 1956 4122 et
1981 4086 2072 4139 pe-

489 4153 642 4208 dibus
695 4153 779 4208 vel
830 4156 1091 4211 extremis
1137 4159 1431 4212 secundum
1477 4157 1629 4224 alios,
1692 4167 1752 4214 ut
1797 4175 1895 4231 per
1957 4161 2072 4217 haec

488 4245 672 4310 verba,
696 4260 819 4300 eum
850 4247 942 4316 qui
974 4262 1074 4317 pro
1099 4246 1256 4303 nobis
1276 4263 1468 4318 passus
1496 4256 1598 4315 est,
1629 4250 1861 4320 primum
1883 4257 1939 4305 et
1975 4265 2073 4306 no-

486 4336 768 4392 vissimum
795 4353 914 4392 esse
944 4339 1229 4394 credamus
1261 4357 1273 4392 :
1315 4340 1430 4410 ipse
1480 4341 1623 4395 enim
1673 4349 1758 4396 est
1804 4350 1930 4396 ante
1953 4356 2071 4398 om-

487 4427 604 4491 nia,
633 4435 689 4482 et
713 4428 766 4482 in
795 4428 910 4498 ipso
928 4431 1395 4486 constantomnia.
1419 4431 1820 4486 Cumintestinis
1843 4441 1890 4486 et
1917 4432 2067 4500 ﬁmo,

488 4515 632 4573 LXX
657 4534 669 4569 :
696 4532 817 4572 cum
848 4528 1035 4574 ventre
1058 4529 1112 4574 et
1137 4528 1400 4578 stercore.
1430 4520 1632 4576 Venter
1654 4532 1834 4579 autem
1857 4522 2066 4591 signiﬁ-

487 4614 579 4662 cat
621 4616 885 4673 mentem;
940 4624 1063 4664 eum
1103 4626 1232 4683 ergo
1285 4612 1376 4682 qui
1419 4628 1517 4683 pro
1557 4614 1713 4669 nobis
1738 4630 1932 4684 passus
1959 4624 2062 4681 est,

486 4707 725 4755 mentem
740 4700 1032 4755 humanam
1057 4702 1308 4758 habuisse
1335 4704 1554 4759 minime
1577 4705 1901 4771 dubitemus,
1921 4707 2067 4776 quod

487 4788 710 4859 quidam
727 4789 1106 4845 haereticorum
1135 4804 1352 4863 negant.
1402 4792 1609 4859 Fimus,
1637 4803 1917 4863 peccatum
1963 4796 2066 4850 hu-

486 4882 633 4937 mani
664 4882 896 4954 generis,
937 4884 1113 4952 signat
1139 4887 1281 4955 quod
1325 4887 1615 4942 cruciﬁxus
1643 4888 1695 4941 in
1725 4902 1784 4942 se
1810 4887 2064 4957 suscepit.

481 4977 688 5041 Fimus,
718 4992 842 5032 cum
871 4977 942 5032 sit
977 4979 1305 5045 immundus,
1358 4989 1633 5051 gerentem
1687 4995 1794 5034 non
1837 4980 2061 5050 polluit;

482 5081 660 5138 neque
683 5075 887 5122 natura:
916 5076 1118 5124 nostra:
1156 5077 1262 5134 est,
1300 5069 1546 5138 quamvis
1587 5069 1642 5122 in
1668 5069 1821 5125 nobis
1844 5071 1916 5124 sit
1941 5089 1952 5124 :
1985 5071 2067 5126 sic

481 5163 704 5226 peccata
738 5166 949 5224 nostra,
980 5173 1098 5228 quae
1150 5158 1410 5213 Dominus
1455 5160 1710 5228 portavit,
1756 5161 1932 5216 aliena
1995 5163 2063 5217 ab

445 5243 457 5256 '
483 5245 576 5301 illo
608 5247 843 5313 fuerunt,
872 5264 973 5304 nec
1002 5265 1125 5304 eum
1161 5249 1487 5320 polluerunt.

557 5336 824 5392 lntestim's
854 5347 901 5392 et
954 5340 1100 5407 ﬁmo,
1127 5348 1231 5394 etc.
1259 5339 1436 5408 (Ontc.
1466 5340 1483 5408 )
1533 5341 1696 5396 Forte
1745 5344 1811 5398 ad
1848 5359 2065 5414 compa-

481 5427 767 5491 rationem,
793 5437 926 5493 etc.,
953 5445 1113 5499 usque
1133 5431 1202 5482 ad
1231 5429 1440 5499 plenius
1460 5431 1733 5504 legislator
1753 5434 1806 5487 in
1835 5450 2066 5504 sequen-

483 5514 627 5568 tibus
655 5514 852 5585 ﬁgurat
895 5516 1012 5586 ejus
1043 5520 1379 5588 mysterium.

556 5607 714 5661 Vens.
756 5608 842 5662 15.
875 5639 945 5650 -ο-
978 5607 1133 5674 Quod
1165 5610 1210 5664 si
1244 5612 1412 5666 omnis
1449 5613 1619 5667 turba.
1645 5614 1663 5683 (
1686 5614 1882 5684 lsmn.)
1913 5617 2063 5676 idem

484 5698 724 5772 praeripit
757 5699 808 5754 in
852 5699 1116 5756 sacriﬁcio
1157 5701 1326 5757 turbae
1365 5711 1418 5758 et
1451 5703 1765 5774 sacerdotis,
1800 5716 1929 5771 etc.,
1971 5726 2058 5762 us-

2199 1871 2417 1943 (Matth.
2450 1873 2540 1946 ν.)

2266 1967 2428 2026 Vens.
2457 1971 2548 2025 25.
2573 2001 2644 2012 --
2667 1971 2890 2026 Hircum
2942 1973 3007 2030 de
3048 1975 3245 2044 capris.
3277 1974 3391 2029 Non
3421 1990 3633 2044 capram,
3659 1976 3720 2032 ia-

2195 2059 2351 2116 cilem
2380 2062 2591 2118 scilicet
2627 2062 2710 2117 vel
2741 2063 3088 2128 mediocrem,
3125 2064 3220 2119 sed
3257 2064 3512 2122 diﬁicilem
3537 2075 3586 2120 et
3602 2081 3724 2137 aspe-.

2195 2167 2310 2208 ram
2341 2154 2734 2225 paenitentiam.
2759 2154 2974 2222 Quanto
2993 2156 3137 2212 enim
3179 2157 3303 2227 quis
3349 2157 3597 2214 intellectu
3619 2174 3724 2229 plae-

2193 2247 2413 2313 eminet,
2449 2256 2620 2314 tanto,
2665 2248 2712 2304 si
2748 2255 2960 2320 peccat,
2987 2263 3085 2319 pro
3108 2248 3302 2319 majori
3332 2249 3481 2320 culpa
3508 2248 3720 2318 majorem

2192 2354 2409 2409 poenam
2440 2341 2691 2394 sustinet.

2268 2430 2429 2485 Vens.
2461 2429 2551 2486 24.
2577 2462 2649 2471 -
2678 2429 2848 2492 Ponet
2871 2448 3108 2500 manum,
3137 2442 3269 2500 etc.,
3301 2449 3398 2504 per
3424 2433 3720 2503 semetipsum

2193 2529 2473 2590 peccatum
2526 2521 2902 2585 manifestans,
2975 2531 3031 2578 et
3090 2522 3325 2580 oﬂ‘erens
3381 2523 3719 2579 confessionem

2193 2626 2367 2665 suam.
2396 2611 2516 2680 ipse
2545 2620 2727 2666 autem
2756 2613 2911 2682 juxta
2936 2611 3104 2678 LXX,
3136 2629 3247 2669 non
3277 2615 3488 2679 occidit,
3513 2613 3596 2668 sed
3621 2611 3715 2676 alii;

2193 2705 2316 2774 quia
2345 2704 2418 2758 illi
2442 2714 2525 2760 est
2555 2705 2923 2761 necessarium
2950 2706 3180 2761 aliorum
3216 2707 3490 2771 auxilium,
3512 2707 3566 2760 ut
3581 2703 3718 2775 peni-

2190 2794 2358 2849 tentia
2383 2795 2731 2865 suscipiatur,
2754 2810 2857 2851 nec
2881 2797 3137 2853 sacerdos
3163 2798 3415 2854 occidere
3439 2795 3718 2868 praecipitur,

2189 2884 2266 2940 ait
2294 2886 2438 2940 enim
2472 2903 2486 2940 :

2261 2977 2494 3049 Cumque
2539 2977 2900 3044 immolaverit,
2955 2987 3087 3047 etc.,
3131 2993 3236 3036 nec
3270 2981 3488 3045 addidit,
3514 2977 3620 3049 quis
3645 2975 3722 3030 im—
3811 3049 3814 3056 Ι

2190 3069 2395 3124 molare
2441 3070 2657 3136 debeat,
2691 3069 2821 3126 licet
2851 3071 2995 3126 enim
3035 3072 3089 3126 in
3131 3072 3403 3128 sacriﬁcio
3440 3066 3721 3142 ptenitentia

2181 3159 2403 3215 alterius
2432 3161 2509 3215 uti
2549 3159 2874 3229 adjutoriis:
2913 3162 3056 3218 unde
3091 3160 3212 3218 Jac.
3259 3182 3273 3218 :
3308 3161 3464 3218 Orate
3509 3176 3592 3232 pro
3619 3154 3724 3212 iuri-

2181 3266 2310 3313 cem,
2337 3260 2392 3304 ut
2417 3250 2709 3306 salremini.

2253 3340 2356 3396 Ubi
2396 3341 2526 3396 solet
2559 3344 2803 3410 mactari,
2829 3352 2936 3399 etc.
2966 3342 3104 3411 Quia
3128 3343 3384 3400 similiter
3409 3343 3608 3414 placent
3635 3337 3724 3393 Deo

2180 3436 2342 3506 digna
2401 3445 2752 3507 peccatorum
2805 3438 3128 3509 paenitentia
3186 3447 3246 3495 et
3291 3439 3449 3495 fortia
3486 3437 3720 3508 justorutn

2179 3542 2367 3598 opera.

2253 3643 2412 3700 Vens.
2442 3645 2534 3700 25.
2567 3675 2636 3685 -
2679 3643 2892 3700 Cornua
2920 3643 3126 3712 altaris,
3169 3655 3280 3702 etc.
3329 3645 3499 3717 Super
3537 3653 3715 3698 crucem

2178 3734 2480 3792 offeruntur
2507 3737 2762 3806 primitiae
2793 3739 3072 3808 sanguinis
3096 3739 3188 3808 qui
3225 3755 3327 3810 pro
3357 3746 3567 3810 peccato
3587 3731 3718 3789 oﬁ'er-

2176 3832 2285 3892 tur,
2315 3826 2442 3895 quia
2479 3841 2617 3897 opus
2648 3826 2828 3882 crucis
2857 3836 2911 3882 et
2937 3826 3162 3884 eﬂ'ectus
3187 3838 3526 3900 peccatorum
3547 3831 3721 3880 nostro-

2177 3933 2296 3974 rum
2336 3918 2577 3989 perfecta
2609 3921 2860 3977 remissio
2892 3930 2994 3976 est.

2244 4032 2315 4086 Et
2343 4033 2598 4105 reliquum
2627 4035 2871 4104 fundens.
2890 4034 3115 4091 Omnem
3144 4035 3354 4091 scilicet
3393 4029 3717 4105 paenitentiam

2174 4125 2497 4195 evangelica:
2536 4126 2906 4195 prazdicationi
2947 4126 3188 4180 tribuens
3215 4127 3371 4196 cujus
3412 4123 3622 4182 intentio
3654 4125 3718 4174 est

2173 4223 2234 4270 ut
2259 4230 2316 4271 se
2339 4217 2580 4286 corrigat
2613 4225 2670 4271 et
2697 4216 2935 4272 salvetur
2960 4217 3048 4288 qui
3073 4217 3321 4286 poenitet.
3355 4217 3502 4274 Unde
3529 4215 3577 4268 in
3600 4210 3718 4282 prin-

2172 4308 2312 4377 cipio
2341 4308 2616 4380 Evangelii
2645 4309 2902 4363 Dominus
2933 4309 3107 4378 inquit
3163 4309 3508 4379 providenter
3533 4323 3545 4360 :
3578 4300 3717 4357 Pani-

2173 4403 2388 4456 tentiam
2429 4403 2587 4474 agite,
2637 4402 3018 4473 appropinquat
3061 4403 3200 4456 enim
3251 4417 3463 4473 regnum
3486 4395 3711 4452 caelorum.

2097 4483 2149 4542 D
2177 4494 2392 4548 (Matth.
2419 4495 2527 4564 111.)

2240 4603 2402 4660 Vens.
2434 4605 2756 4671 27.—Quod
2780 4606 2826 4660 si
2846 4608 3153 4677 peccaverit,
3179 4615 3285 4662 etc.
3313 4605 3494 4679 (Onto.
3521 4603 3646 4657 hom.
3664 4595 3709 4650 2.

2167 4695 2222 4748 in
2255 4694 2452 4765 Levit.)
2484 4695 2712 4751 Faciens
2740 4713 2908 4750 unum
2948 4699 3015 4752 ab
3055 4697 3308 4752 omnibus
3351 4689 3710 4751 mandatisDo-

2170 4785 2324 4849 mini,
2350 4793 2480 4849 etc.,
2508 4801 2669 4855 usque
2699 4785 2768 4838 ad
2790 4801 2912 4840 cum
2945 4785 3194 4858 agnoscit
3227 4785 3504 4842 immolare
3539 4775 3711 4836 sacriﬁ-

2169 4874 2314 4927 cium
2342 4874 2544 4938 laudis.

2235 4985 2314 5042 De
2341 4987 2552 5058 populo,
2575 4995 2681 5045 etc.
2701 4988 2902 5062 (Omc.)
2925 4987 3006 5043 Ad
3031 4987 3430 5044 distinctionem
3454 4983 3582 5054 ejus,
3599 4985 3689 5035 etc.

2166 5093 2327 5147 usque
2355 5079 2424 5131 ad
2450 5087 2670 5150 propter
2698 5096 2798 5135 nos
2828 5079 3193 5135 necessarium
3221 5078 3386 5134 ducit.

2236 5169 2298 5224 Si
2339 5181 2514 5225 autem
2565 5173 2626 5226 de
2663 5173 2952 5243 pecoribus.
3009 5172 3216 5244 (l5tcn.)
3265 5167 3527 5228 Oblationi
3562 5172 3708 5232 ωρηε

2165 5273 2324 5327 quam
2347 5257 2580 5313 oﬂ'erunt
2609 5261 2702 5330 qui
2733 5261 2798 5315 de
2819 5262 3016 5332 populo
3045 5271 3190 5328 sunt,
3226 5269 3357 5325 etc.,
3387 5271 3544 5329 usque
3572 5251 3634 5307 ad
3653 5247 3706 5303 de

2167 5362 2329 5417 capra
2357 5357 2412 5402 et
2435 5363 2536 5405 ove
2557 5350 2752 5406 similia
2776 5352 3038 5422 praecipit.

2793 5483 3019 5541 CAPUT
3053 5487 3118 5542 V.

2233 5618 2394 5674 Vens.
2434 5620 2484 5675 1.
2509 5620 2652 5676 —Si
2678 5623 2965 5692 peccaverit
2993 5622 3196 5689 anima,
3222 5631 3326 5680 etc.
3358 5621 3510 5694 (Anc.
3539 5619 3698 5688 qua“.

2166 5712 2192 5766 1
2237 5713 2288 5770 in
2337 5713 2524 5776 Lcrit.)
2569 5713 2791 5770 Videtur
2820 5714 2997 5770 dicere
3022 5731 3250 5786 peccare
3277 5715 3560 5778 hominem,
3589 5713 3698 5769 ειειι
