3998 6332
261 336 370 392 δοε

1266 323 1528 384 GLOSSA
1569 321 1967 382 OﬁDlNARlA.
2006 353 2079 366 -
2115 323 2242 380 LlB.
2283 325 2512 381 LEVlT.

3429 323 3536 378 310

261 464 433 519 usque
470 444 539 500 ad
563 442 657 500 sed
695 439 877 499 statim
919 435 1196 511 subjunxit
1239 453 1251 492 :
1296 435 1488 493 Anima
1523 453 1641 508 qua!
1680 435 1854 507 tetige-
1881 437 1932 498 Α
2030 435 2182 502 Quod
2217 438 2262 493 si
2302 454 2405 493 non
2441 437 2680 510 quiverit.
2718 436 2853 505 Quia
2892 453 2998 494 non
3033 454 3196 494 omns
3225 446 3437 508 tempus
3467 436 3536 492 ad

262 542 338 593 rit
369 535 570 605 aliquid
596 533 943 596 immundum,
991 539 1100 587 etc.

345 629 551 701 (131cm)
592 625 651 683 Si
685 626 988 696 peccaverit,
1026 631 1133 680 etc.
1165 623 1283 679 Non
1321 624 1516 694 repetit
1545 638 1664 694 quae
1693 637 1853 693 supe-

263 722 386 777 rius
427 720 587 786 dixit,
624 725 759 782 etc.,
791 733 952 788 usque
988 716 1057 769 ad
1097 715 1222 786 quia
1262 713 1484 770 alterius
1509 713 1744 784 peccatis
1770 711 1854 770 vel

265 811 447 867 errori
479 825 587 866 non
620 808 880 866 debemus
908 807 1240 872 consentire,
1273 806 1368 861 sed
1399 819 1647 876 arguere.

342 903 510 958 Vens.
554 903 611 958 2.
638 927 708 942 ~—
727 901 919 955 Anima
959 899 1048 970 qui
1077 900 1320 969 tetigerit.
1351 897 1556 969 (151cm)
1586 896 1702 952 Non
1734 911 1879 952 corr

264 997 440 1066 poris,
488 1002 622 1060 etc.,
651 1010 811 1064 usque
838 992 910 1047 ad
945 993 1040 1048 sed
1063 999 1240 1062 potest
1265 991 1448 1047 dicere
1479 1005 1602 1046 cum
1642 990 1811 1046 David
1838 1009 1852 1044 :

263 1087 465 1141 Anima
503 1094 686 1140 nostra
733 1085 867 1138 sicut
904 1099 1086 1153 passer
1111 1091 1288 1153 erepta
1325 1081 1496 1136 estde
1538 1081 1722 1152 laqueo
1775 1097 1857 1136 oe-

263 1179 516 1233 nantium
547 1175 734 1247 (Psal.
758 1174 972 1246 cum).

237 1282 248 1290 ”
339 1269 535 1341 (Gneo.
555 1267 648 1324 lib.
688 1265 1070 1328 xxngoraL,
1097 1279 1218 1336 cap.
1243 1264 1278 1318 ι
1302 1272 1432 1321 ιοιιι.
1455 1265 1544 1337 ll.)
1573 1263 1860 1319 iuramen-

265 1370 385 1416 tum
415 1360 658 1430 proferre
681 1369 766 1414 est
790 1367 916 1413 voto
949 1372 1048 1414 nos
1071 1358 1266 1414 divinae
1302 1358 1582 1414 servitutis
1613 1357 1854 1429 alligare,

262 1461 403 1514 etc.,
431 1467 596 1521 usque
619 1449 826 1520 adligni
851 1448 1055 1505 doloris
1079 1448 1353 1504 ardemus.
1497 1457 1500 1460 '

339 1542 502 1596 Vens.
529 1539 660 1596 4.-
678 1539 868 1594 Anima
888 1556 1008 1611 qui:
1024 1539 1302 1610 juraverit,
1320 1547 1424 1595 etc.
1459 1539 1641 1610 (Auc.,
1666 1546 1848 1610 quaest.

260 1633 298 1688 2
330 1633 388 1687 in
417 1631 609 1702 Leuit.)
639 1630 779 1699 Quid
813 1639 900 1686 est
937 1631 1080 1702 quod
1123 1646 1223 1702 pro
1251 1631 1418 1686 tacito
1465 1629 1726 1702 periurio,
1771 1630 1857 1685 vel

1956 530 2329 602 pmoitentiam
2363 531 2553 594 facile,
2585 531 2800 602 quando
2829 531 3037 586 scilicet
3065 533 3180 601 ipsa
3217 529 3536 601 pmnitentia

1957 622 2251 689 abutimur,
2285 632 2342 678 et
2368 622 2601 678 fructum
2632 619 2779 690 ejus,
2814 623 2882 678 ad
2909 627 3189 692 peccatum
3221 621 3536 688 redeuntes,

1958 713 2272 779 abolemus,
2321 713 2597 784 legislator
2644 713 2819 768 innuit
2862 713 3088 769 dicens:
3139 710 3292 779 Quod
3340 713 3386 767 si
3431 727 3538 767 non

1953 803 2170 876 quiverit
2198 819 2384 860 manus
2405 805 2547 875 ejus,
2579 812 2684 860 etc.

2029 896 2185 967 (Auc.
2209 907 2395 968 qutest.
2419 897 2454 954 8
2477 897 2532 952 in
2555 897 2744 962 Leuit.,
2775 903 2905 951 tom.
2925 894 3325 967 ill.)Qu:eritur
3351 903 3532 950 utrum

1958 988 2158 1058 ubique
2181 989 2557 1059 accipiendum
2581 989 2653 1044 sit
2677 988 2820 1058 quod
2845 989 3050 1045 dictum
3074 997 3158 1045 est
3175 1029 3190 1054 ,
3218 997 3348 1052 etc.,
3374 1005 3536 1058 usque

1958 1079 2029 1133 ad
2058 1084 2119 1136 ut
2146 1089 2340 1136 cetera
2367 1081 2548 1137 omnia
2577 1081 2646 1136 ab
2678 1081 2797 1137 istis
2826 1081 2895 1136 ad
2937 1081 3082 1136 illam
3125 1081 3532 1153 generalitatem

1958 1171 2318 1240 pertinerent.

2033 1263 2198 1321 Vens.
2232 1265 2317 1320 11.
2346 1265 2600 1338 --Ephi.
2657 1265 2895 1338 (151011.)
2942 1265 3191 1322 Mensura
3238 1273 3323 1322 est
3371 1265 3537 1320 trium

1958 1370 2333 1411 mensurarum
2350 1397 2366 1423 ,
2392 1365 2522 1422 etc.,
2553 1373 2714 1428 usque
2740 1358 2808 1412 ad
2845 1372 2950 1413 non
2975 1357 3156 1429 perire
3199 1373 3294 1415 eos
3319 1357 3412 1428 qui
3439 1357 3542 1414 sub

1963 1466 2126 1506 manu
2155 1450 2272 1520 ejus
2296 1450 2516 1507 fuerint.
3305 1436 3330 1455 ⁸

2032 1545 2156 1599 Non
2182 1546 2346 1599 mittet
2372 1545 2427 1599 in
2456 1561 2574 1599 eum
2594 1585 2608 1610 ,
2633 1551 2743 1600 etc.
2779 1544 2947 1612 Quasi
2975 1563 2989 1600 :
3023 1560 3130 1600 non
3161 1552 3244 1600 est
3270 1543 3387 1598 haec
3413 1557 3539 1612 per-

1959 1632 2100 1690 fecta
2131 1635 2449 1705 poenitentia
2466 1675 2482 1702 ,
2513 1635 2636 1692 ideo
2656 1635 2834 1690 oleum
2861 1652 2967 1691 non
2994 1636 3185 1701 habet,
3212 1635 3265 1690 id
3291 1645 3404 1698 est,
3431 1634 3541 1702 spi-

263 1732 416 1778 tacto
454 1722 763 1787 morticino,
790 1721 876 1777 vel
905 1721 1086 1792 aliquo
1111 1721 1390 1778 immundo
1417 1721 1622 1778 nullum
1647 1719 1858 1782 sacriﬁ-
1885 1792 1921 1797 _
1959 1725 2210 1786 ritualem
2258 1726 2504 1782 iustitiam
2549 1727 2872 1792 hilaritatis,
2922 1743 3022 1783 nec
3067 1727 3220 1792 thus,
3270 1727 3396 1797 quia
3440 1739 3541 1781 nec

265 1815 416 1868 cium
445 1813 802 1884 praccipitur?
838 1811 944 1867 Pro
972 1827 1038 1868 eo
1060 1827 1191 1867 vero
1219 1813 1364 1882 quod
1389 1813 1621 1884 quisque
1655 1811 1849 1867 falsum
1885 1792 1930 1851 Β
1958 1817 2336 1874 conﬁdendum
2375 1826 2461 1874 est
2487 1818 2537 1873 ei
2567 1818 2621 1872 in
2648 1819 2986 1874 orationibus
3017 1835 3030 1872 :
3061 1817 3158 1872 sed
3197 1792 3412 1881 tradat,
3445 1815 3546 1886 qui

267 1906 526 1960 nesciens
538 1902 709 1971 jurat,
728 1919 920 1973 agnam
940 1903 1026 1958 vel
1053 1918 1272 1973 capram
1300 1902 1480 1957 offerri
1505 1902 1769 1958 decernit?
1788 1918 1856 1956 an

263 2011 369 2066 pro
403 1996 655 2051 omnibus
683 1995 1008 2066 supradictis
1047 1995 1148 2050 hoc
1188 1995 1750 2067 sacriﬁeiumpportet
1772 1995 1855 2048 in-

263 2085 476 2154 telligi?
514 2083 776 2142 Omnibus
811 2086 958 2140 enim
985 2085 1282 2142 enuntiatis
1319 2083 1850 2140 intulitsacriticium

264 2179 616 2249 expiationis.
910 2167 918 2180 “
1059 2183 1066 2190 ’

339 2269 668 2326 lntellexerit
715 2271 987 2328 delictum.
1039 2271 1296 2343 (151cm)
1346 2271 1651 2328 Notandum
1708 2272 1854 2342 quod

264 2361 547 2427 delictum,
592 2372 725 2429 etc.,
763 2381 924 2434 usque
950 2364 1021 2418 ad
1051 2364 1192 2419 sicut
1229 2365 1510 2434 sequentia
1539 2365 1854 2420 ostendunt.

337 2453 505 2508 Vens.
537 2455 589 2508 7.
615 2486 681 2495 —
709 2454 804 2512 Sin
827 2465 1003 2510 autem
1027 2472 1131 2512 non
1159 2456 1406 2524 potuerit,
1439 2464 1544 2510 etc.
1580 2453 1714 2526 (ln.)
1743 2455 1858 2510 lloc

262 2545 604 2616 adjiciamus,
643 2556 706 2602 ut
752 2547 796 2604 si
835 2546 966 2618 quid
1001 2547 1196 2602 horum
1239 2547 1492 2618 princeps
1531 2547 1855 2617 peccaverit,

262 2636 480 2691 hircum
508 2636 703 2693 offerat
735 2637 803 2692 de
828 2638 1040 2709 capris,
1086 2638 1411 2708 condignam
1456 2638 1662 2694 scilicet
1683 2636 1859 2708 pleni-

264 2731 492 2783 tentiam
519 2729 642 2795 sibi,
679 2729 771 2799 qui
809 2745 910 2784 nec
947 2744 1177 2800 peccare
1199 2729 1403 2794 debuit,
1436 2743 1536 2784 nec
1557 2728 1858 2784 communi-

263 2833 392 2874 care
423 2818 566 2882 aliis,
615 2834 715 2874 nec
759 2819 1003 2875 subditos
1047 2820 1114 2874 ad
1163 2821 1499 2890 peccandum
1537 2833 1853 2890 provocare.

259 2908 420 2976 Quod
447 2924 578 2981 ergo
610 2909 834 2966 evenire
859 2925 965 2966 non
993 2910 1196 2975 debuit,
1230 2910 1594 2965 indiscussum
1616 2909 1854 2980 reliquit.

341 2997 440 3054 Sin
472 3009 650 3054 autem
673 3041 688 3067 ,
719 3010 826 3056 etc.
858 3001 977 3072 (lu.
1004 3000 1021 3072 )
1051 3000 1154 3068 Qui
1187 3015 1294 3055 non
1331 3009 1510 3071 potest
1536 2999 1769 3072 allligere
1800 3015 1858 3058 se

262 3091 557 3158 continue,
611 3101 750 3157 etc.,
802 3108 965 3164 usque
998 3092 1066 3146 ad
1097 3093 1223 3162 quia
1257 3092 1494 3162 seipsum
1543 3093 1857 3164 plenissime

265 3183 385 3239 Deo
423 3184 716 3240 sacriﬁcat.

337 3278 504 3333 Vens.
563 3277 707 3331 8.—-
737 3277 1066 3349 Retorquebit
1118 3287 1274 3349 caput
1330 3277 1568 3348 (Gnec.,
1598 3277 1739 3332 liam.
1795 3277 1860 3333 in

263 3367 515 3440 Eucti.)
571 3367 717 3424 Mors
753 3367 956 3424 Christi
1005 3369 1075 3423 ad
1123 3369 1557 3440 conjunctionem
1603 3369 1685 3434 sui
1731 3383 1855 3424 cor-

261 3459 455 3528 poris,
506 3466 652 3524 etc.,
709 3475 869 3530 usque
913 3459 982 3513 ad
1029 3474 1217 3516 omnes
1263 3474 1364 3515 nos
1410 3459 1514 3514 sibi
1560 3458 1743 3514 verius
1796 3457 1853 3514 in

261 3553 445 3622 ipsam
477 3563 706 3608 mortem
737 3567 890 3607 suam
921 3553 1219 3624 conjunxit.

339 3641 555 3714 (Cane.
580 3643 599 3715 )
632 3643 996 3715 Retorquebit,
1027 3652 1135 3700 etc.
1167 3643 1223 3700 ln
1252 3643 1521 3709 sacriﬁcio
1552 3642 1646 3698 Dei
1677 3651 1859 3698 turtur

257 3751 390 3792 csse
417 3736 678 3792 debemus
697 3778 714 3802 ,
742 3745 801 3790 ut
831 3745 992 3806 caput
1017 3743 1266 3791 nostrum
1297 3734 1362 3789 ad
1387 3733 1650 3804 pennulas
1679 3741 1856 3789 retor-

267 3835 527 3898 queatur,
577 3827 632 3883 id
681 3835 798 3890 est,
850 3842 1042 3882 sensus
1094 3824 1162 3882 ad
1210 3825 1458 3884 virtutes.
1506 3823 1611 3879 Per
1660 3833 1855 3894 caput,

266 3927 510 3982 mentem
549 3919 935 3990 intelligimus,
977 3919 1102 3990 quia
1142 3918 1284 3973 sicut
1317 3927 1479 3988 caput
1513 3933 1742 3990 corpus,
1784 3918 1858 3972 ita

259 4027 425 4073 mens
449 4013 688 4073 actiones
731 4013 890 4084 regit.
933 4012 1040 4068 Sed
1078 4021 1240 4082 caput
1276 4011 1414 4067 collo
1449 4012 1680 4066 inhaeret
1702 4050 1718 4075 ,
1758 4024 1860 4066 nec

265 4102 515 4168 funditus
545 4103 905 4170 abscinditur,
937 4103 1063 4174 quia
1095 4118 1249 4158 mens
1281 4111 1467 4158 nostra
1499 4116 1531 4156 a
1557 4101 1740 4157 carnis
1769 4101 1861 4156 de-

264 4203 562 4260 lectatione
595 4203 1051 4274 estseparanda,
1091 4218 1196 4258 non
1245 4217 1275 4256 a
1324 4202 1505 4256 carnis
1551 4199 1860 4256 necessaria

257 4308 432 4359 cura,
457 4309 555 4348 nec
579 4308 767 4352 curam
793 4293 974 4349 carnis
997 4292 1258 4348 faciamus
1281 4292 1332 4345 in
1357 4291 1640 4346 desideriis
1670 4288 1856 4359 (Rom.

261 4400 369 4439 xm
398 4386 436 4454 ).
475 4384 648 4456 Caput
682 4400 811 4456 ergo
859 4386 1088 4446 turturis
1135 4385 1333 4456 partim
1385 4383 1753 4442 abscindatur.
1804 4388 1888 4447 et,

259 4477 472 4548 partim
502 4478 638 4532 collo
660 4478 940 4532 inhzereat.

339 4568 728 4638 Abrumpatur,
765 4577 874 4625 etc.
913 4567 1041 4622 Vult
1075 4583 1174 4623 nos
1210 4582 1320 4622 non
1359 4567 1562 4622 servire
1599 4567 1854 4636 corpori,

259 4657 366 4714 sed
404 4657 651 4729 abrumpi
693 4658 776 4714 vel
811 4658 1116 4728 retorqueri
1146 4697 1161 4722 ,
1198 4673 1266 4712 ne
1304 4657 1386 4711 lex
1427 4657 1631 4726 peccati
1667 4664 1857 4727 regnet

261 4752 324 4807 in
359 4751 620 4810 membris
650 4751 873 4806 nostris.
906 4750 1041 4818 Quia
1070 4766 1200 4804 vero
1233 4765 1431 4819 corpus
1463 4757 1707 4803 nostrum
1750 4763 1855 4802 non

261 4842 536 4897 debemus
567 4841 693 4897 odio
731 4842 964 4908 habere,
1006 4857 1106 4896 nec
1137 4842 1332 4897 diaboli
1364 4841 1629 4896 facturam
1661 4855 1842 4896 secun-

259 4931 402 4988 dum
452 4931 738 4990 haereticos
785 4933 1130 4997 existimare,
1177 4935 1270 4988 sed
1312 4934 1479 4988 menti
1518 4947 1852 5003 supponere,

257 5037 381 5078 non
431 5025 678 5094 prmcipit
729 5027 971 5094 separari
1019 5040 1217 5095 corpus
1272 5041 1303 5079 a
1351 5025 1526 5090 collo,
1565 5034 1855 5095 utrumque

261 5112 416 5167 enim
447 5114 607 5170 unius
635 5115 984 5186 ejuslemque
1015 5125 1266 5171 creatura
1297 5125 1402 5172 est.

341 5203 509 5260 Vens.
552 5205 604 5260 9.
636 5234 706 5246 —-
731 5203 1192 5272 Fundamentum,
1253 5216 1361 5264 etc.
1418 5207 1585 5272 LXX,
1642 5208 1852 5273 basim,

261 5299 417 5366 quod
453 5307 534 5354 est
557 5299 938 5372 Evangelium,
980 5301 1128 5370 quia,
1168 5303 1460 5358 secundum
1504 5304 1854 5360 intentionem

262 5389 534 5446 sacriﬁcii
583 5391 787 5447 Christi
841 5401 896 5448 et
951 5393 1260 5463 Evangelii.
1318 5396 1477 5451 debet
1531 5397 1856 5456 sacriﬁcium

259 5495 372 5554 pro
406 5483 648 5551 peccatis
681 5482 886 5538 offerri.
927 5484 1080 5540 Unde
1116 5486 1267 5540 addit
1299 5505 1310 5540 :
1351 5486 1489 5553 Quia
1523 5505 1617 5559 pro
1648 5499 1856 5558 peccato

259 5583 380 5636 est,
415 5573 550 5631 nihil
577 5576 722 5631 enim
751 5575 834 5631 sic
865 5593 893 5630 a
923 5585 1148 5646 peccan
1177 5577 1371 5646 eripit,
1403 5579 1855 5648 quemadmodum

264 5663 510 5721 imitatio
544 5665 749 5723 Christi
787 5675 841 5722 et
876 5667 1183 5724 obedientia
1222 5669 1557 5741 Evangelicm
1593 5671 1852 5742 pricdica-

267 5751 457 5809 tionis.

1961 1907 2120 1963 ollert
2156 1909 2514 1976 oblationem,
2554 1911 2860 1977 sacerdoti,
2898 1910 2950 1964 id
2986 1918 3101 1974 est,
3151 1925 3302 1981 spem
3351 1910 3540 1965 salutis

1962 2000 2268 2056 committat
2295 2001 2489 2057 divinae
2515 2001 2726 2070 pietati.

2035 2092 2140 2158 Qui
2191 2109 2286 2163 pro
2329 2102 2560 2163 peccato.
2605 2094 2742 2161 Quia
2776 2095 2946 2149 nescit
2980 2101 3160 2149 utrum
3199 2093 3325 2149 boui
3359 2093 3542 2150 odoris

1961 2182 2032 2238 sit
2060 2183 2237 2238 oratio
2265 2183 2383 2253 ejus
2419 2184 2511 2253 qui
2568 2183 2882 2254 frequenter
2907 2187 3310 2256 prmvaricatur.
3343 2185 3497 2241 Unde
3523 2200 3540 2238 :

1963 2273 2096 2340 Quis
2123 2276 2220 2329 scit
2247 2274 2292 2328 si
2323 2285 2652 2329 convertatur
2671 2287 2721 2330 et
2747 2277 2977 2346 ignoscat
3004 2277 3146 2330 Deus
3163 2317 3178 2342 ,
3205 2286 3253 2330 et
3283 2275 3543 2346 relinquat

1960 2373 2077 2433 post
2120 2380 2173 2418 se
2221 2364 2628 2419 benedictionem
2680 2363 2882 2437 (Joan.
2914 2366 3058 2436 111)?
3095 2365 3213 2420 Non
3249 2365 3378 2420 sinit
3412 2378 3543 2434 ergo

1963 2456 2253 2526 desperare
2287 2471 2388 2511 nec
2427 2467 2606 2512 tamen
2637 2472 2966 2527 praesumere
2987 2499 3000 2523 ,
3039 2472 3107 2512 ne
3143 2458 3338 2512 iterum
3376 2458 3545 2526 negli-

1961 2555 2150 2618 gentes
2181 2546 2311 2601 sint.

2032 2635 2197 2693 Vens.
2234 2638 2319 2692 12.
2347 2669 2415 2679 -
2438 2636 2725 2710 Pagi/lum.
2756 2639 2812 2694 ln
2840 2639 3038 2712 pugillo
3066 2639 3342 2710 Scriptura
3374 2641 3541 2712 signi-

1961 2728 2178 2793 ﬁcatur,
2225 2745 2333 2800 quo
2377 2731 2652 2785 scribitur.
2697 2731 2967 2802 Scriptum
3003 2740 3088 2788 est
3133 2742 3312 2788 autem
3349 2752 3362 2788 :
3417 2733 3542 2788 Non

1961 2820 2078 2875 dico
2108 2822 2200 2876 tibi
2229 2824 2414 2894 septies
2432 2865 2446 2890 ,
2475 2824 2565 2878 sed
2591 2841 2755 2896 usque
2779 2828 3069 2897 septuagies
3095 2827 3280 2898 septies
3305 2826 3323 2898 (
3348 2825 3543 2881 Matth.

1962 2929 2132 2969 xxvm
2154 2915 2195 2987 ).
2225 2915 2328 2970 Per
2359 2917 2618 2988 pugillum
2649 2935 2778 2990 ergo
2809 2919 2982 2974 innuit
3011 2920 3177 2976 Deum
3209 2919 3542 2975 exorandum

1961 3019 2111 3070 esse,
2149 3013 2208 3060 ut
2242 3007 2549 3064 meminerit
2585 3009 2800 3079 scripta:
2849 3009 3236 3065 miscricordire
3283 3025 3426 3075 suae,
3479 3019 3540 3064 ut

1961 3112 2086 3154 eam
2122 3099 2280 3154 nobis
2315 3099 2479 3154 donet
2507 3119 2519 3153 :
2552 3101 2692 3156 sicut
2717 3101 2976 3158 fratribus
3004 3103 3191 3157 donari
3214 3101 3406 3172 jubet;
3439 3103 3544 3158 hoc

1883 3167 1929 3232 (ἶ
1962 3187 2107 3244 enim
2139 3197 2385 3246 orantem
2417 3191 2698 3246 mundabit
2733 3192 2986 3249 sacerdos
3013 3209 3258 3264 magnus.

2031 3279 2196 3334 Vens.
2230 3279 2318 3335 l5.
2344 3312 2415 3320 —
2436 3281 2626 3336 Anima
2660 3283 2708 3337 si
2737 3286 3120 3353 prteoaricans,
3153 3293 3262 3340 etc.
3296 3285 3318 3358 (
3337 3285 3495 3342 lsrcu.
3523 3283 3544 3355 )

1957 3371 2042 3428 Ab
2079 3374 2226 3428 omni
2264 3383 2488 3444 peccato
2519 3377 2898 3433 abstinendum
2932 3387 3012 3434 est
3033 3419 3046 3444 ,
3079 3380 3172 3434 sed
3212 3379 3445 3434 maxime
3474 3379 3543 3433 ab

1957 3478 2026 3520 eo
2050 3465 2195 3535 quod
2221 3474 2408 3521 contra
2433 3476 2618 3522 sancta
2647 3469 3002 3524 committitur
3027 3485 3042 3523 :
3071 3478 3333 3539 quantum
3362 3477 3540 3525 autem

1959 3555 2033 3611 sit
2080 3557 2410 3614 horrendum
2460 3559 2664 3613 oblatio
2711 3565 2958 3616 testatur.
3007 3557 3282 3629 Nusquam
3319 3560 3462 3615 enim
3513 3577 3541 3615 ι

1959 3645 2228 3718 principio
2262 3647 2523 3713 historiae,
2557 3648 2662 3702 nisi
2690 3649 2792 3704 hoc
2819 3648 2870 3703 in
2905 3648 3042 3714 loco,
3076 3649 3218 3704 aries
3245 3647 3426 3703 oll'erri
3449 3646 3539 3717 ju-

1959 3735 2136 3802 betur,
2168 3738 2221 3792 in
2259 3752 2366 3807 quo
2401 3739 2697 3794 necessitas
2732 3747 2781 3794 et
2807 3739 3039 3796 utilitas
3085 3739 3335 3796 sacrificii
3365 3739 3546 3811 perhi-

1961 3829 2120 3884 betur
2146 3847 2158 3883 :
2187 3844 2291 3883 non
2323 3829 2549 3886 oll'ertur
2574 3831 2661 3885 hic
2690 3831 2896 3897 hircus,
2924 3847 3030 3887 non
3059 3847 3244 3903 capra,
3271 3847 3375 3888 non
3404 3833 3541 3898 ovis,

1961 3933 2068 3971 non
2097 3933 2196 3988 par
2222 3926 2492 3975 turturum
2512 3962 2526 3985 ,
2559 3929 2652 3974 aut
2682 3921 2788 3975 duo
2816 3923 2942 3992 pulli
2975 3923 3369 3978 columbarum.

2032 4012 2385 4070 eremonias
2431 4029 2544 4084 per,
2587 4023 2692 4070 etc.
2745 4014 2948 4086 (0310.)
2981 4015 3158 4071 Multae
3185 4019 3398 4085 species
3419 4032 3544 4072 san—

1960 4105 2304 4162 ctiﬁcationis
2331 4117 2476 4162 sunt.
2511 4108 2607 4163 Est
2633 4109 2840 4175 oleum,
2872 4126 2980 4180 quo
3006 4111 3227 4183 ungitur
3256 4111 3427 4167 solum
3460 4123 3540 4166 ta-

1961 4199 2311 4256 bernaculum
2341 4217 2356 4267 ;
2383 4210 2454 4256 et
2491 4203 2818 4272 thymiama,
2869 4204 2934 4259 de
2977 4218 3084 4273 quo
3129 4203 3372 4258 dicitur:
3422 4203 3546 4270 Qui.

1963 4305 2164 4361 cunque
2189 4290 2344 4345 talem
2371 4294 2792 4361 compositionem
2817 4293 3030 4359 fecerit,
3053 4293 3237 4363 peribit
3260 4293 3323 4346 de
3341 4293 3545 4364 populis

1962 4383 2118 4437 suis:
2146 4398 2314 4453 panes
2341 4400 2557 4454 quoque
2595 4385 2977 4455 prepositionis
3015 4384 3115 4442 soli
3154 4398 3332 4440 mares
3368 4399 3547 4440 come.

1964 4473 2130 4538 dunt,
2162 4475 2253 4544 qui
2292 4485 2417 4529 sunt
2451 4476 2516 4530 de
2547 4471 2959 4544 stirpe'Aaron.
3012 4475 3234 4547 Mystice
3270 4484 3450 4532 autem
3491 4477 3544 4532 in

1965 4566 2050 4621 his
2080 4582 2199 4636 qua:
2229 4567 2563 4622 sanctiﬁcata
2595 4575 2720 4622 sunt
2741 4609 2754 4632 ,
2785 4577 3007 4638 peccat,
3039 4569 3127 4639 qui
3159 4569 3214 4624 in
3242 4583 3400 4624 sacro
3432 4568 3547 4625 loco

1965 4656 2164 4727 aliquid
2192 4658 2553 4714 irreverenter
2577 4670 2829 4729 usurpat,
2860 4659 2944 4715 vel
2975 4675 3062 4716 res
3087 4659 3296 4716 divinas
3329 4660 3546 4733 indigne

1965 4757 2186 4804 tractat.

2035 4841 2201 4897 Vens.
2234 4840 2608 4897 15.—Duobus
2631 4840 2792 4895 siclis.
2824 4841 2938 4896 D111)
2965 4841 3080 4897 sicli
3103 4883 3116 4906 ,
3145 4841 3252 4897 duo
3281 4850 3544 4913 praecepta

1965 4933 2249 4991 charitatis
2265 4939 2411 4997 sunt,
2434 4932 2628 5001 quibus
2639 4941 2884 5002 peccator
2898 4933 3026 4987 emit
3045 4932 3146 4988 sibi
3163 4932 3543 4988 conﬁdentiam

1962 5025 2316 5080 remissionis.
2338 5021 2477 5078 Nihil
2497 5023 2638 5076 enim
2651 5023 2794 5076 valet
2809 5024 3124 5094 poenitentia
3139 5023 3256 5078 sine
3269 5023 3443 5094 gratia
3460 5036 3546 5103 re;

1961 5117 2266 5181 missionis;
2294 5115 2434 5169 unde
2451 5116 2604 5185 juxta
2627 5114 2766 5169 LXX
2792 5117 2932 5171 aries
2962 5118 3353 5187 quinquaginta
3393 5112 3544 5182 siclii
3623 5155 3626 5158 .

1960 5209 2180 5275 emitur,
2214 5209 2339 5279 quia
2373 5225 2470 5280 per
2498 5210 2870 5281 pmnitentiam
2908 5223 2962 5266 ct
2993 5211 3221 5282 gemina!
3260 5211 3546 5267 charitatis

1962 5302 2361 5356 observantiam
2377 5299 2613 5372 perfecta
2635 5302 2851 5372 requies
2877 5302 3196 5372 acquiritur,
3215 5304 3431 5374 quando
3461 5316 3546 5356 re-

1967 5391 2153 5446 missio
2180 5400 2519 5462 peccatorum
2549 5392 2723 5446 datur.
2751 5390 2912 5456 LXX,
2939 5391 3140 5462 argenti
3161 5391 3542 5464 quinquaginta

1965 5483 2149 5551 siclis,
2199 5484 2324 5539 siclo
2394 5495 2591 5540 sancto.
2629 5483 2797 5540 Nemo
2848 5485 2991 5538 enim
3043 5485 3276 5555 acquirit
3328 5481 3544 5540 Domini

1965 5577 2288 5633 sacriﬁcium
2326 5578 2427 5632 nisi
2468 5593 2564 5647 per
2600 5576 2862 5648 Spiritum
2903 5587 3186 5642 sanctum,
3226 5575 3352 5645 quia
3391 5589 3543 5630 nemo

1961 5678 2126 5738 potest
2169 5669 2340 5723 dicere
2386 5667 2639 5722 Dominus
2685 5667 2838 5722 Iesus
2883 5668 2983 5721 nisi
3028 5668 3082 5720 in
3122 5664 3322 5735 Spiritu
3362 5673 3544 5719 sancto

1966 5761 1984 5833 (
2011 5762 2037 5820 1
2066 5762 2187 5818 Cor.
2225 5764 2358 5836 x11).
2391 5763 2788 5834 Quinquaginta
2821 5777 2947 5818 vero
2978 5759 3209 5832 Spiritus
3240 5759 3413 5816 sancti
3450 5758 3545 5813 ad;
