3998 6332
537 293 636 347 511

1031 295 1425 352 WA‘LAFRIDI
1467 295 1714 352 STRABI
1751 296 1954 352 FULD.
1997 294 2164 352 MON.
2208 295 2360 352 OPP.
2397 295 2578 352 PARS
2613 295 2656 350 Ι.
2695 325 2766 338 --
2805 293 3268 353 THEOLOGICA.
3679 301 3759 358 3ίῖ

538 415 761 464 ventum
811 409 1113 480 signiﬁcat,
1161 413 1287 480 quia
1335 411 1422 465 die
1466 411 1846 476 Pentecostes,
1895 409 1950 464 id
1993 417 2118 476 est,
2148 413 2196 472 Α
2297 409 2563 480 Tolleth
2607 410 2837 475 cineres,
2883 418 2990 466 etc.
3033 407 3185 464 Cinis
3237 419 3622 467 consummatio
3663 415 3760 474 boui

535 498 986 568 quinquagesima
1019 501 1088 554 ad
1119 503 1388 572 apostolos
1424 502 1590 557 venit.
1631 501 1811 556 LXX:
1843 501 1972 557 siclo
1998 519 2125 557 san-

538 600 644 644 cto.
677 589 734 644 ln
765 591 900 647 siclo
931 601 1138 658 sancto,
1168 593 1402 664 Spiritus
1427 595 1599 650 sancti
1629 595 1886 650 virtutem
1913 603 1969 650 et
1995 609 2122 664 ope-

539 682 808 736 rationem
834 683 1180 750 signiﬁcavit.
1215 685 1425 739 Siculus
1448 686 1519 740 20
1547 687 1816 740 obolorum
1844 697 1919 740 est
1938 727 1953 752 ,
1981 687 2123 741 vice-

541 774 729 829 narius
752 775 1017 830 obnoxius
1041 778 1250 846 peccati
1279 793 1384 831 non
1416 785 1502 832 est
1529 793 1544 830 :
1574 779 1714 833 unde
1739 779 1832 848 qui
1859 779 1926 832 de
1955 777 2123 847 Egy-

540 875 637 936 pto
665 868 948 933 exierunt,
976 859 1098 924 cum
1130 851 1312 924 essent
1344 870 1535 940 viginti
1575 886 1838 925 annorum
1858 913 1871 934 ,
1914 871 2122 941 peccati

539 959 722 1029 populi
752 976 968 1030 pinnam
997 977 1103 1016 non
1135 969 1492 1031 susceperunt
1531 961 1734 1032 (Num.
1767 977 1855 1016 x1v
1877 961 1932 1033 );
1968 977 2123 1015 mun-

543 1050 647 1106 dus
675 1052 873 1122 quippe
901 1060 986 1106 est
1009 1053 1076 1106 ab
1104 1053 1250 1106 omni
1282 1061 1509 1122 peccato
1537 1051 1837 1122 spiritualis
1867 1052 2047 1106 homo.

611 1140 775 1196 Vens.
806 1142 892 1197 16.
913 1173 985 1182 —
1005 1140 1072 1196 Et
1100 1145 1336 1214 quintam
1363 1152 1593 1213 partem,
1620 1151 1725 1196 etc.
1758 1141 1989 1212 (lsrcn.)
2018 1139 2122 1206 Qui

538 1244 670 1285 vase
705 1240 897 1286 sancto
933 1232 1018 1285 vel
1058 1233 1211 1296 cibo,
1249 1241 1379 1297 etc.,
1420 1247 1582 1302 usque
1617 1232 1685 1285 ad
1717 1232 1796 1286 sic
1831 1231 1977 1286 enim
2023 1245 2120 1302 pro

537 1333 762 1394 peccato
790 1334 978 1380 nostro
1004 1327 1405 1396 deprecabitur.

611 1413 778 1471 Vens.
812 1417 898 1471 17.
924 1447 992 1458 —
1017 1418 1209 1472 Anima
1233 1419 1280 1472 si
1306 1421 1626 1488 peccaverit,
1665 1427 1774 1475 etc.
1813 1417 1832 1490 (
1851 1419 1926 1474 ln.
1951 1420 1992 1491 ).
2028 1419 2121 1474 Vi-

538 1507 697 1564 detur
743 1509 941 1564 oblitus
986 1510 1129 1579 quod
1176 1518 1548 1580 praeceperat;
1597 1526 1696 1580 pro
1737 1509 1936 1580 quibus
1973 1509 2119 1565 enim

538 1599 783 1668 peccatis
829 1615 1050 1670 capram
1079 1599 1164 1655 vel
1219 1614 1373 1654 ovem
1421 1599 1606 1654 offerri
1651 1601 1926 1670 praecepit,
1974 1614 2119 1655 nunc

538 1686 766 1742 arietem
800 1687 983 1742 oll‘erri
1019 1689 1316 1758 praecipere
1354 1689 1610 1753 videtur;
1649 1689 1742 1744 sed
1781 1704 1884 1744 nec
1919 1687 2119 1743 oblitus

2223 499 2422 569 operis.
2456 499 2678 554 Cineres
2706 509 2860 554 extra
2898 508 3082 555 castra
3109 498 3305 554 efferet
3328 499 3506 554 Aaron
3525 542 3538 566 ,
3565 505 3645 572 qui
3670 520 3761 576 post

2223 591 2364 646 hanc
2408 591 2576 645 vitam
2629 591 2768 646 bona
2823 606 2986 661 opera
3029 607 3125 661 per
3167 591 3453 646 Christum
3499 594 3760 662 pontiﬁcem

2224 688 2477 753 magnum
2509 683 2620 738 Deo
2663 683 2811 738 Patri
2849 692 3204 754 praesentiant.
3237 683 3308 737 Et
3353 683 3428 738 ibi
3473 685 3524 738 in
3568 686 3760 744 favillam

2223 773 2558 840 rediguntur,
2587 774 2712 827 dum
2739 773 2942 828 assistit
2968 773 3139 826 vultui
3170 773 3268 827 Dei
3300 788 3401 842 pro
3423 774 3590 831 nobis.
3611 776 3758 834 Castra

2223 863 2369 918 enim
2419 872 2546 917 sunt
2593 878 2831 932 praesens
2872 863 3021 927 vita,
3082 863 3135 917 in
3198 878 3309 932 qua
3361 878 3570 934 semper
3610 878 3759 923 contra

2224 953 2531 1023 spirituales
2585 955 2856 1024 nequitias
2905 969 3210 1025 pugnamus
3267 953 3428 1025 (Heb.
3487 958 3581 1029 ις).
3637 957 3759 1016 Juxta

2224 1045 2394 1099 altare
2435 1055 2727 1114 ponuntur,
2774 1045 2902 1099 dum
2942 1045 3343 1099 consummatio
3374 1046 3627 1102 bonorum
3659 1067 3760 1120 ope-

2223 1149 2343 1189 rum
2371 1136 2425 1189 in
2456 1151 2582 1191 arca
2611 1137 2791 1192 cordis
2824 1137 3154 1191 reconditur.
3202 1135 3398 1191 Altare
3442 1139 3578 1192 enim
3615 1140 3659 1193 in
3685 1143 3761 1198 hoc

2223 1226 2342 1281 loco
2365 1242 2462 1282 cor
2486 1227 2777 1298 signiﬁcat.
2807 1226 2988 1282 Gloria
3012 1237 3191 1282 nostra
3221 1228 3337 1281 htec
3364 1238 3438 1283 est
3464 1231 3760 1306 testimonium

2223 1318 2582 1382 conscientitc,
2619 1329 2726 1373 etc.
2766 1318 2926 1390 (Eph.
2957 1318 3076 1390 ult.)
3169 1359 3180 1367 .

2265 1437 2268 1440 -
2293 1409 2456 1464 Vens.
2489 1411 2574 1464 11.
2604 1441 2674 1450 —
2703 1409 3030 1481 lndutusque
3055 1411 3199 1466 aliis.
3243 1410 3452 1482 (Οιηα.)
3493 1411 3752 1468 Observan-

2223 1505 2349 1560 dum
2377 1504 2668 1574 quod-aliis
2696 1504 3026 1559 indumentis
3053 1505 3226 1558 utitur
3247 1505 3504 1560 sacerdos
3529 1505 3579 1558 in
3612 1507 3750 1560 sacri-

2222 1595 2466 1650 ﬁciorum
2498 1593 2772 1666 mysterio,
2803 1603 2860 1648 et
2877 1593 2998 1648 aliis
3021 1595 3240 1663 quando
3263 1593 3506 1664 procedit
3524 1594 3586 1647 ad
3613 1609 3746 1664 popu-

2221 1687 2352 1742 lum.
2412 1687 2563 1742 Unde
2614 1706 2627 1742 :
2675 1685 3002 1756 Sapientiam
3053 1685 3323 1756 loquimur
3363 1687 3501 1739 inter
3545 1685 3754 1755 perfector

537 1784 623 1832 est
651 1778 922 1832 anteriora
941 1819 955 1843 ,
989 1757 1090 1835 nec
1119 1757 1389 1834 contraria
1418 1779 1675 1849 praecepit
1701 1797 1714 1832 :
1747 1779 1818 1834 ibi
1847 1779 1990 1834 enim
2019 1793 2120 1848 per
2145 1757 2193 1816 Β
2229 1777 2315 1850 (II
2346 1776 2468 1833 Cor.
2497 1779 2560 1850 ι).
2597 1779 2666 1833 Ει
2695 1778 2824 1834 alibi
2856 1795 2868 1831 :
2911 1777 3068 1849 longe
3107 1777 3356 1832 infcriori
3387 1777 3519 1833 stola
3546 1778 3751 1842 indutus,

540 1869 809 1934 animam,
839 1870 1105 1932 Gentilem
1135 1871 1462 1940 signiﬁcavit
1489 1889 1506 1926 ε
1535 1872 1625 1928 hic
1652 1880 1834 1927 autem
1873 1887 1997 1928 eum
2031 1872 2125 1942 qui

543 1975 645 2030 per
672 1961 1032 2032 ignorantiam
1063 1964 1460 2035 transgreditur
1481 1965 1734 2020 mandata
1753 1965 1904 2038 legis.

612 2050 770 2123 (Anc.
802 2063 986 2123 queret.
1021 2054 1052 2107 7
1082 2055 1137 2108 in
1166 2054 1356 2127 Leuit.)
1393 2055 1663 2122 Quaeritur
1697 2059 1970 2128 quomodo
2009 2059 2122 2115 dis-

539 2143 782 2199 cernitur
818 2143 920 2198 hoc
954 2143 1208 2199 delictum
1257 2146 1324 2201 ab
1351 2147 1430 2202 eis
1466 2162 1588 2217 quae
1617 2148 1946 2218 generaliter
1973 2164 2126 2205 com-

537 2236 734 2307 plexus
778 2245 896 2304 est,
941 2245 1072 2304 etc.,
1105 2254 1268 2309 usque
1297 2239 1367 2294 ad
1405 2239 1490 2294 vel
1517 2240 1698 2312 aliqua
1730 2239 1785 2296 in
1815 2241 1988 2298 sacris
2015 2256 2125 2298 ser-

539 2327 710 2382 vitiis.

608 2417 776 2474 Vens.
810 2419 895 2477 18.
923 2451 993 2476 -—.-.
1017 2419 1215 2491 Oﬂ'eret
1251 2421 1501 2488 arietem,
1542 2430 1650 2479 etc.
1689 2421 1954 2494 Superius
1985 2439 2123 2495 prae-

538 2513 685 2584 cepit
715 2520 776 2567 ut
809 2513 1080 2582 paenitens
1110 2528 1328 2583 capram
1359 2512 1612 2579 offerret,
1643 2515 1732 2569 hic
1761 2516 1988 2570 arietem
2017 2517 2118 2570 im-

536 2607 734 2663 molari
757 2607 943 2678 jubet,
975 2607 1102 2678 quia
1139 2606 1275 2662 nihil
1310 2608 1530 2677 prodest
1564 2608 1910 2677 asperitatem
1948 2607 2122 2677 poeni-

538 2699 722 2755 tentiae
767 2699 1081 2765 immolare,
1119 2699 1224 2754 nisi
1273 2700 1528 2755 statueris
1564 2699 1616 2753 in
1649 2699 1850 2755 Christi
1877 2697 2123 2754 immola-

537 2790 686 2846 tione
715 2789 930 2862 plenam
959 2790 1341 2847 conﬁdentiam
1369 2791 1590 2845 habere.

1149 2922 1376 2980 CAPUT
1418 2923 1486 3000 vi

614 3059 785 3126 Vsus.
812 3058 945 3124 1,2.
967 3088 1038 3097 —
1058 3056 1290 3118 Locutus
1315 3065 1390 3111 est
1410 3097 1426 3122 ,
1453 3065 1557 3115 etc.
1586 3056 1776 3112 Anima
1801 3073 1917 3127 qua:
1940 3073 2120 3128 pecca-

2229 1869 2360 1922 niltil
2379 1869 2637 1939 judicavi,
2664 1870 2863 1940 inquit,
2899 1884 2981 1922 me
3019 1869 3154 1922 scire
3176 1870 3319 1922 inter
3344 1885 3431 1924 vos
3453 1910 3467 1934 ,
3498 1869 3592 1922 nisi
3616 1865 3758 1921 letam

2227 1956 2516 2026 Christum,
2546 1971 2594 2015 et
2620 1962 2758 2015 hunc
2788 1959 3099 2028 cruciﬁxum
3135 1957 3216 2031 (Η
3247 1959 3374 2014 Cor.
3399 1959 3461 2032 ι).

2298 2050 2462 2106 Vens.
2492 2052 2579 2106 12.
2609 2082 2681 2093 —
2707 2051 2854 2122 Ignis
2874 2053 2951 2107 in.
3007 2052 3164 2119 (Anc.
3205 2063 3396 2124 quiest.
3437 2053 3502 2106 1‘2
3527 2054 3575 2106 in
3613 2051 3756 2121 Levii.)

2225 2145 2344 2202 Non
2369 2145 2484 2200 vult
2512 2146 2690 2216 ignem
2736 2159 2962 2214 prorsus
2987 2147 3262 2218 exstingui
3285 2191 3298 2209 ,
3348 2147 3443 2202 sed
3479 2161 3592 2200 cum
3630 2159 3758 2213 usque

2226 2249 2386 2298 mane
2433 2237 2632 2290 arserit
2675 2234 3051 2298 holocaustum
3075 2277 3089 2302 ,
3136 2237 3337 2292 ablatis
3361 2236 3576 2306 reliquis
3609 2235 3758 2289 iterum

2225 2327 2489 2391 renovati,
2522 2342 2632 2398 quo
2662 2327 2888 2382 ardeant
2910 2328 3016 2382 alia
3043 2343 3165 2397 quae
3201 2329 3566 2398 imponuntur.

2297 2419 2464 2486 Quem
2491 2421 2685 2475 nutriet
2713 2439 2882 2476 sacer.
2916 2421 3226 2492 Allegorice.
3258 2421 3418 2476 Mane
3440 2419 3684 2490 judicatus
3699 2426 3759 2472 est

2225 2510 2473 2566 Christus
2500 2553 2514 2578 ,
2563 2528 2789 2583 vespere
2831 2512 3144 2568 cruciﬁxus.
3202 2512 3349 2582 ignis
3397 2527 3525 2580 ergo
3567 2515 3756 2564 manest

2224 2617 2449 2673 vespere
2479 2603 2766 2673 subjicitur
2797 2621 2809 2657 :
2837 2603 2963 2672 quia
2987 2603 3232 2657 Charitas
3253 2602 3350 2657 Dei
3378 2603 3431 2656 in
3458 2601 3604 2655 nobis
3623 2597 3756 2652 nutri-

2225 2699 2334 2757 tur,
2365 2693 2490 2747 dum
2526 2691 2799 2748 Christum
2845 2708 3005 2748 mane
3026 2692 3359 2764 judicatum,
3386 2705 3600 2762 vespere
3623 2685 3755 2742 cruci-

2227 2785 2415 2850 ﬁxum,
2453 2787 2762 2842 recolimus.

2295 2876 2488 2947 (Gnnc.
2517 2877 2612 2932 lib.
2647 2893 2753 2932 xxv
2779 2877 3002 2943 Μαι-αι,
3048 2891 3171 2948 cap.
3225 2876 3306 2948 7.)
3360 2875 3538 2930 Altare
3575 2873 3656 2928 Dei
3687 2885 3758 2926 cur

2222 2975 2467 3024 nostrum
2495 2977 2610 3035 est,
2639 2978 2772 3035 etc.,
2819 2984 2981 3039 usque
3018 2968 3088 3028 ad
3135 2975 3198 3022 ut
3243 2983 3353 3038 quo
3394 2967 3558 3037 magis
3585 2963 3753 3018 videtur

2227 3059 2396 3125 Deus,
2423 3061 2596 3132 magis
2620 3061 2897 3132 diligatur.

535 3151 688 3216 verit,
719 3119 826 3216 etc.
897 3148 1099 3220 lsxcn.)
1134 3147 1280 3204 Ideni
1317 3157 1602 3218 peccatum
1633 3157 1716 3204 est
1743 3109 1888 3219 qujod
1913 3109 1968 3204 in
1996 3164 2119 3205 san-
2149 3109 2195 3186 C
2296 3153 2366 3208 Et
2381 3109 2634 3223 ⁷ὶηιρέεἰιο
2652 3109 2956 3207 holocausta
2977 3151 3202 3223 desuper
3223 3151 3474 3214 adolebit,
3495 3157 3590 3205 etc.
3614 3147 3753 3217 (Ave.

536 3250 625 3300 cta
645 3282 662 3308 ,
691 3250 797 3298 etc.
816 3283 830 3306 ,
865 3257 1025 3313 usque
1060 3240 1131 3294 ad
1163 3239 1340 3295 simile
1367 3247 1449 3295 est
1478 3241 1699 3310 rapinae.

610 3330 810 3404 (Onte.
835 3331 978 3386 hom.
1011 3330 1044 3384 4
1071 3332 1128 3384 in
1167 3329 1358 3401 Leuit.)
1403 3329 1598 3384 Anima
1638 3346 1757 3400 qua:
1797 3332 2121 3401 peccaverit,

535 3431 642 3480 etc.
667 3422 781 3494 Ego
807 3430 941 3492 puto
963 3421 1106 3492 quod
1135 3421 1368 3475 animam
1392 3430 1657 3487 nostram,
1681 3430 1813 3487 etc.,
1837 3439 2000 3494 usque
2020 3423 2122 3477 ad:

537 3513 716 3568 Nemo
738 3514 876 3578 enim
909 3512 1064 3586 mittit
1094 3511 1267 3566 vinum
1305 3528 1490 3566 novum
1512 3513 1567 3566 in
1589 3523 1731 3566 utres
1755 3523 1963 3568 veteres.

609 3604 738 3666 Rem
779 3605 1066 3675 perditam,
1111 3613 1217 3660 etc.
1260 3603 1483 3677 (Οιιιο.)
1527 3603 1707 3660 LXX:
1757 3606 2122 3674 perditionem.

534 3699 815 3766 Laborant
836 3701 1082 3757 haeretici
1098 3702 1150 3756 in
1170 3701 1467 3772 Scripturis
1488 3703 1847 3772 perditionem
1861 3704 2124 3771 invenire,

537 3791 680 3846 unde
709 3793 920 3861 possint
956 3807 1199 3848 errorem
1239 3802 1525 3848 astruere:
1569 3794 1664 3848 sed
1705 3793 1846 3850 forte
1869 3795 2127 3851 ecclesia-

536 3883 676 3938 stica
722 3884 888 3938 verba
931 3883 1214 3938 audientes
1249 3885 1608 3952 resipiscunt,
1638 3892 1690 3940 et
1722 3887 1866 3955 quod
1907 3886 2129 3941 invene-

539 3983 686 4038 rant,
715 3974 1075 4044 perditionem
1103 3990 1224 4030 esse
1249 3975 1556 4045 intelligunt
1583 3987 1638 4032 et
1661 3976 1912 4043 reddunt,
1936 3978 1991 4033 id
2020 3985 2124 4045 est,

537 4064 749 4120 auctori
775 4079 874 4120 suo
904 4064 1201 4120 dimittunt.
2107 4091 2112 4096 ι

607 4157 772 4216 Vens.
808 4156 864 4212 5.
894 4187 963 4199 —
998 4155 1066 4210 Et
1088 4155 1324 4227 quintam
1353 4157 1566 4226 insuper
1591 4166 1829 4228 partem,
1860 4167 1964 4214 etc.
2000 4158 2128 4213 Lin-

537 4265 720 4322 guam,
750 4249 957 4315 scilicet
978 4247 1035 4302 in
1061 4263 1168 4319 qua
1189 4263 1331 4302 unus
1351 4247 1418 4304 de
1439 4249 1680 4319 quinque
1706 4251 1988 4305 sensibus:
2013 4251 2128 4306 hau:

538 4339 790 4404 offertur,
835 4349 896 4395 ut
924 4340 990 4406 de
1022 4349 1222 4395 caetero
1261 4354 1366 4393 non
1397 4348 1612 4408 peccet,
1646 4341 1774 4409 quia
1814 4355 1909 4410 per
1954 4342 2126 4410 ipsam

535 4430 960 4500 unumquodque
985 4429 1368 4499 prmdictorum
1398 4431 1746 4486 commissum
1777 4440 1880 4486 est.

613 4519 819 4592 (0316.)
860 4519 998 4574 LXX
1029 4539 1042 4574 :
1091 4535 1197 4576 non
1227 4521 1466 4590 quintam
1505 4530 1726 4590 partem,
1759 4521 1851 4576 sed
1881 4521 2122 4592 quintas,

538 4621 598 4668 ut
624 4611 709 4666 bis
739 4609 1010 4681 quinque,
1051 4618 1193 4676 etc.,
1241 4627 1404 4684 usque
1447 4610 1518 4678 ad
1564 4627 1730 4666 unum
1776 4613 1945 4667 Deum
1983 4611 2124 4668 refe-

539 4717 745 4759 ramus.

610 4790 777 4848 Vens.
807 4791 957 4848 8.—
983 4790 1312 4863 Locutusque
1351 4801 1425 4856 est
1465 4791 1721 4850 Dominus
1765 4793 1835 4846 ad
1875 4793 2123 4864 Moysen,

533 4884 737 4940 dicens.
796 4880 1006 4957 (15mm)
1030 4881 1131 4939 llic
1155 4884 1220 4937 de
1243 4883 1355 4954 jugi
1387 4884 1658 4953 sacriﬁcio
1696 4883 1962 4953 loquitur,
1995 4893 2122 4952 etc.,

533 4991 702 5048 usque
727 4976 796 5032 ad
825 4984 881 5032 et
907 4982 1076 5030 totam
1100 4974 1265 5028 vitam
1290 4989 1443 5029 suam
1469 4974 1537 5036 ad
1565 4973 1952 5046 periectionem
1979 4990 2128 5030 com-

536 5075 723 5137 ponat.

619 5157 776 5213 Vens.
827 5157 915 5213 10.
961 5189 1032 5198 —
1079 5157 1294 5224 Lineis,
1349 5173 1457 5213 non
1507 5161 1719 5228 laneis,
1774 5162 2013 5222 tunicam
2072 5171 2130 5218 et

538 5247 816 5304 feminalia
844 5247 984 5304 linea
1009 5248 1124 5304 vult
1151 5263 1302 5315 esse,
1333 5264 1442 5304 non
1471 5249 1629 5304 lanea
1659 5250 1857 5322 (Ex-od.
1901 5252 2123 5324 xxvnt).

539 5334 724 5394 Vestis
761 5338 908 5394 enim
933 5339 1074 5398 linea
1101 5339 1300 5396 habilis
1324 5349 1380 5396 et
1406 5340 1584 5396 mollis
1606 5349 1724 5406 est,
1754 5349 1810 5396 et
1844 5342 2128 5400 adhaerens

536 5429 793 5500 corpori;
840 5429 995 5492 lanea
1049 5440 1234 5503 autem
1283 5446 1508 5504 aspera,
1559 5433 1687 5500 quia
1730 5433 1936 5488 habiles
1987 5436 2127 5496 mul—.

537 5525 764 5589 tumque
802 5521 1132 5582 coluereutes
1161 5532 1290 5588 sunt
1326 5523 1522 5578 animae
1546 5523 1756 5594 justitia
1785 5537 1842 5581 ct
1879 5529 2122 5584 castitas.

538 5607 706 5672 Linea
759 5627 972 5681 quoque
1015 5615 1182 5668 vestis
1229 5613 1387 5670 facile
1433 5622 1613 5685 potest
1670 5616 1896 5684 haberi,
1941 5619 2016 5676 sic
2071 5631 2125 5678 et

546 5699 774 5775 virtutes
792 5743 810 5779 ι
837 5704 882 5757 si
913 5705 1032 5774 quis
1065 5705 1292 5762 voluerit
1317 5722 1409 5762 eas
1436 5707 1712 5780 consequi.

2223 3254 2408 3318 qua'sl.
2440 3244 2507 3298 15
2531 3243 2587 3296 in
2613 3241 2801 3315 Leuit.)
2823 3241 3125 3298 Videndum
3153 3251 3243 3300 est
3267 3252 3445 3298 utrum
3472 3239 3632 3296 nullus
3671 3235 3756 3288 dies

2225 3335 2753 3408 praetermitteretur,
2783 3342 2918 3399 etc.,
2960 3350 3123 3405 usque
3148 3334 3219 3388 ad
3248 3334 3391 3405 quod
3435 3332 3614 3387 mirum
3637 3334 3703 3383 est
3721 3323 3755 3378 si

2227 3437 2452 3494 taceret,
2483 3443 2584 3483 nec
2611 3428 2928 3482 admoneret
2955 3427 3084 3482 talia
3113 3442 3344 3498 vespere
3367 3423 3562 3480 offerri.

2300 3520 2466 3576 Vens.
2514 3519 2602 3574 14.
2633 3548 2704 3560 -
2729 3517 2859 3573 Hau:
2886 3527 2984 3573 est.
3023 3519 3255 3574 Videtur
3296 3517 3563 3590 legislator
3600 3512 3754 3566 iterare

2228 3627 2350 3684 quae
2373 3611 2530 3676 dixit,
2559 3610 2877 3664 memoriam
2907 3625 3174 3665 renovans
3201 3611 3519 3682 repetitione
3544 3597 3751 3660 mandati,

2228 3707 2284 3759 et
2310 3704 2604 3759 ostendens
2628 3703 2915 3757 utilitatem
2948 3711 3002 3757 et
3030 3704 3413 3758 necessitatem
3453 3699 3589 3770 legis.
3622 3693 3753 3748 inter-

2229 3797 2383 3867 ponit
2411 3803 2592 3850 tamen
2621 3794 2824 3864 aliquid
2854 3794 2976 3850 novi
3009 3795 3062 3850 in
3095 3810 3202 3864 quo
3231 3793 3536 3849 mandatum
3559 3793 3756 3841 necessa-

2230 3887 2372 3940 rium
2403 3893 2459 3940 et
2486 3883 2855 3940 inexcusabile
2882 3884 3078 3939 innuit.
3109 3885 3261 3940 Sicut
3301 3899 3427 3955 ergo
3469 3881 3532 3934 de
3556 3874 3754 3932 holocau-

2231 3977 2330 4032 stis
2363 3977 2632 4031 sacriﬁcia
2672 3975 2922 4040 iteravit,
2953 3980 3293 4046 permiscens
3312 3976 3390 4031 eis
3418 3967 3752 4026 assiduitatem

2229 4077 2291 4124 ut
2315 4077 2400 4123 est
2443 4068 2572 4122 illud
2615 4085 2627 4120 :
2670 4066 2816 4138 Ignis
2847 4068 2901 4120 in
2936 4066 3095 4120 altari
3135 4083 3340 4137 semper
3367 4063 3541 4118 ardeat
3573 4065 3615 4111 et
3655 4064 3754 4105 nun-

2228 4179 2388 4233 quam
2415 4161 2625 4230 deﬁciat
2654 4179 2672 4215 :
2707 4161 2789 4216 sic
2817 4162 2869 4216 in
2902 4161 3169 4216 sacrilicio
3211 4160 3431 4221 similae,
3461 4155 3510 4210 id
3537 4160 3610 4207 est
3636 4147 3752 4200 theo-

2229 4256 2385 4325 logia:
2415 4256 2581 4316 addit,
2614 4255 2742 4324 quia
2773 4262 2991 4325 oportet
3015 4254 3068 4309 in
3096 4253 3214 4308 loco
3237 4262 3446 4309 tantum
3469 4251 3653 4303 sancto,
3671 4245 3752 4291 θιε

2232 4345 2476 4400 masculo
2496 4345 2727 4400 comedi.
3277 4373 3280 4375 -
3628 4372 3630 4374 -
3700 4416 3710 4427 _

2301 4438 2370 4493 Et
2399 4455 2597 4493 coram.
2642 4438 2952 4494 Secundum
2979 4437 3123 4508 quod
3163 4435 3414 4492 Christus
3459 4423 3750 4508 revelavcrit,

2182 4505 2206 4548 '1
2234 4531 2326 4601 qui
2350 4539 2440 4586 est
2460 4545 2647 4585 verum
2676 4529 2866 4584 altare.
2905 4529 2962 4584 In
2997 4505 3083 4584 bis
3112 4544 3241 4600 ergo
3269 4522 3576 4594 theologiam
3596 4505 3750 4569 consti-

2233 4633 2452 4680 tuamus
2475 4638 2596 4694 qua:
2624 4623 2782 4677 nobis
2806 4623 3028 4677 tradidit
3069 4623 3320 4677 Christus
3369 4619 3674 4674 incarnatus,
3709 4603 3750 4694 tl!

2234 4715 2449 4771 Patrem
2477 4717 2530 4770 in
2563 4731 2646 4777 eo,
2679 4722 2734 4770 et
2777 4716 2952 4784 ipsum
2980 4715 3033 4768 in
3066 4713 3224 4769 Patre
3259 4713 3562 4784 cogitemus,
3590 4701 3748 4762 ειαιιιει

2235 4809 2470 4880 Spiritus
2491 4817 2576 4863 est
2597 4807 2718 4862 Filii
2745 4815 2844 4862 eta
2871 4807 3032 4862 Patre
3055 4806 3315 4876 procedit.

2307 4899 2472 4953 Vens.
2523 4897 2607 4952 16.
2657 4929 2731 4938 —-
2780 4896 3087 4968 Reliquam,
3133 4905 3262 4962 etc.,
3312 4903 3369 4950 ut
3395 4907 3494 4948 non
3519 4901 3576 4941 ex
3600 4884 3692 4935 toto
3723 4883 3745 4922 ἃ

2236 4991 2505 5063 theol0gia
2528 5005 2825 5057 cessemus,
2843 4989 2968 5060 quia
2983 4977 3207 5043 summa
3229 4985 3473 5049 scientia:
3486 4980 3536 5034 in
3558 4973 3746 5029 futurum

2235 5089 2607 5135 conversatur.

2305 5169 2373 5224 In
2399 5170 2532 5224 loco.
2574 5169 2837 5235 Ecclesia,
2869 5185 2990 5240 quae
3009 5180 3093 5225 est
3121 5170 3373 5225 introitus
3395 5173 3448 5220 et
3475 5146 3740 5240 vestibulum

2234 5259 2357 5316 coeli
2377 5299 2392 5324 ,
2438 5259 2492 5312 in
2535 5273 2600 5314 ea
2629 5229 2846 5330 oportet
2865 5229 2930 5317 de
2955 5260 3238 5316 divinitate
3279 5256 3449 5328 loqui,
3483 5246 3607 5304 unde
3638 5229 3738 5332 p5le

2236 5320 2387 5406 vau
2414 5369 2425 5404 :
2468 5349 2536 5404 In
2565 5320 2792 5406 ecclesiis
2820 5351 3106 5405 benedicite
3133 5350 3274 5416 Deo,
3323 5320 3403 5404 est
3441 5339 3642 5413 quisque
3664 5320 3739 5378 sibi

2236 5440 2530 5494 domestica
2552 5439 2782 5494 ecclesia
2801 5480 2816 5505 ,
2858 5439 2986 5494 dum
3022 5456 3054 5495 a
3077 5440 3306 5495 terrenis
3331 5429 3543 5505 negotiis
3566 5416 3736 5505 cessiii

2235 5531 2325 5588 hic
2357 5531 2459 5586 sibi
2484 5531 2552 5586 de
2583 5530 2695 5586 Deo
2719 5502 2866 5601 loqui
2893 5539 2948 5586 et
2980 5532 3304 5604 theologiam
3330 5502 3564 5584 exercere
3584 5502 3735 5604 ulla“

2235 5621 2396 5684 Tales.
2443 5630 2568 5680 sunt
2619 5596 2816 5693 quibus
2863 5639 2994 5693 pars
3036 5596 3291 5682 sacriﬁcii
3319 5619 3488 5680 datur,
3530 5606 3586 5662 de
3621 5596 3732 5652 Da"

2235 5714 2464 5782 scilicet,
2489 5714 2736 5778 meditari
2767 5725 2819 5770 ct
2847 5715 3010 5785 loqui.

3691 5737 3900 6332 Α
