3998 6332
206 334 324 392 315

1207 328 1477 386 GLOSSA
1516 325 1918 387 0RDINARIA.
1959 358 2031 369 —
2068 329 2195 386 LlB.
2237 331 2462 389 LEVIT.

3343 297 3490 392 "su

285 447 454 504 Vsus.
483 426 574 501 Π.
602 473 673 486 —
701 442 852 500 Sicut
897 457 993 513 pro
1020 451 1250 513 peccato.
1281 441 1470 498 Simile
1497 441 1672 496 innuit
1696 441 1800 495 hoc
1830 439 1880 500 A
1903 455 1963 494 eo
1988 457 2054 495 ex
2082 441 2210 510 ﬁliis
2255 443 2370 512 ejus
2416 443 2574 513 faciet
2622 460 2704 498 ea.
2733 443 2982 500 Christus
3004 444 3147 501 enim
3185 462 3278 514 pro
3306 445 3488 503 Aaron

211 539 547 598 sacrificium
572 537 655 603 ei,
685 537 826 606 quod
865 544 921 591 et
958 550 1056 606 pro
1080 544 1306 606 peccato
1333 545 1390 591 et
1429 551 1529 606 pro
1558 534 1752 590 delicto
1785 553 1798 588 :

211 651 404 693 sermo
429 633 574 689 enim
605 633 672 687 de
704 631 816 685 Deo
857 629 1096 684 maxime
1136 629 1202 682 ad
1232 628 1592 698 expiationem
1633 634 1688 681 et
1736 627 1804 681 ad

212 726 661 784 emundationem
683 722 878 776 animat
899 722 1147 785 habetur,
1171 719 1390 789 quando
1409 719 1529 774 oleo
1556 727 1610 774 et
1634 719 1800 783 thuri,

212 817 274 874 id
296 827 402 882 est,
431 815 789 884 eleemosyna:
808 821 863 866 et
889 811 1142 876 orationi,
1166 809 1491 866 sacrificium
1511 809 1660 864 verbi
1683 809 1822 876 Dei,

212 909 270 965 id
305 920 410 970 est,
441 905 746 976 theologiaa,
773 903 1188 972 conjunguntur.

289 999 456 1054 Vens.
493 1000 581 1054 i8.
608 1027 677 1038 —
703 994 878 1049 Mares
901 1003 1125 1047 tantum.
1176 991 1291 1047 Non
1331 992 1572 1046 omnium
1609 999 1693 1046 est
1736 991 1802 1046 de

215 1093 333 1147 Deo
360 1090 660 1161 disputare,
691 1087 784 1141 sed
812 1101 998 1140 eorum
1023 1085 1115 1154 qui
1141 1083 1273 1138 nihil
1305 1082 1596 1138 femineum
1617 1123 1632 1147 ,
1669 1079 1803 1135 nihil

215 1181 428 1234 ﬁuxum
458 1180 513 1234 in
559 1176 979 1250 cogitationibus
1009 1174 1090 1231 vel
1120 1175 1376 1244 operibus
1401 1174 1618 1227 habent.
1647 1172 1803 1242 Legi-

213 1275 406 1328 timum
435 1288 500 1326 ac
543 1270 914 1340 sempiternum
941 1277 1037 1321 est.
1075 1267 1152 1323 De
1191 1267 1302 1321 Deo
1341 1265 1486 1320 enim
1529 1264 1805 1335 disputare

214 1377 551 1435 praesumere
581 1377 688 1416 non
721 1361 998 1424 debemus,
1029 1361 1156 1414 dum
1185 1373 1283 1429 per
1313 1358 1603 1414 smeulares
1632 1358 1806 1428 phan-

216 1457 392 1511 tasias
418 1471 450 1509 a
479 1446 838 1508 masculorum
869 1450 1130 1520 dignitate
1153 1449 1509 1505 declinamus.

291 1547 476 1601 Omnis
498 1546 587 1616 qui
618 1543 859 1614 tetigerit.
892 1541 1100 1613 (Ιειειι.)
1131 1540 1244 1597 Hoc
1278 1541 1345 1596 ad
1383 1541 1622 1595 litteram
1663 1546 1808 1594 stare

215 1655 328 1695 non
355 1633 534 1708 potest
567 1636 846 1704 :nunquid
883 1636 1028 1690 enim
1057 1635 1105 1690 si
1143 1635 1382 1705 tetigerit
1411 1619 1680 1689 homicida
1715 1640 1809 1686 aut

215 1731 481 1803 pmlanus
505 1729 968 1786 sanctiﬁcabitur?
994 1727 1174 1782 nullus
1203 1728 1348 1783 enim
1381 1727 1666 1796 excipitur.
1700 1725 1804 1780 Sed

1903 542 2004 597 est,
2032 549 2137 588 non
2174 535 2226 588 in
2257 535 2376 590 loco
2414 535 2548 604 ejus,
2581 537 2708 606 quia
2745 537 3024 593 transtulit
3049 539 3104 593 in
3145 554 3205 594 se
3239 541 3491 596 sacerdo-

1901 625 2059 691 tium,
2091 636 2147 681 et
2176 629 2397 683 abstulit
2421 628 2623 685 Aaron.
2653 630 2739 684 Ex
2763 631 2890 699 ﬁliis
2913 632 3052 700 ejus,
3082 631 3209 701 quia
3232 631 3298 686 de
3323 629 3490 688 Jacob

1901 731 1999 786 per
2025 716 2252 772 Mariam
2280 719 2558 774 descendit
2585 730 2638 776 et
2665 737 2730 776 ex
2760 723 2946 778 eadem
2975 723 3140 778 tribu.

1975 809 2078 874 Qui
2098 812 2254 880 patri.
2283 811 2432 868 Unus
2456 812 2713 869 Dominus
2737 814 2893 870 Jesus
2919 815 3190 881 Christus,
3210 833 3309 888 per
3329 833 3489 888 quem

1901 901 2081 956 omnia
2110 901 2282 973 (Rom.
2305 903 2404 972 ιι).
2422 903 2681 960 Dominus
2701 906 2844 960 enim
2869 907 3053 976 gloria:
3073 908 3365 963 cruciﬁxus
3385 917 3485 969 est,

1903 1006 1958 1053 et
2012 999 2281 1052 incarnati
2332 997 2495 1053 Verbi
2547 1001 2728 1068 passio
2782 1009 2884 1068 est,
2934 1017 3053 1072 qua:
3084 1001 3182 1056 fuit
3230 1002 3284 1057 in
3329 1017 3492 1057 carne

1902 1086 2105 1143 Christi
2160 1106 2172 1141 :
2205 1088 2310 1154 Qui
2340 1091 2674 1160 semetipsum
2705 1101 2870 1145 totum
2919 1093 3233 1158 exinanivit,
3268 1093 3491 1162 formam

1903 1179 2038 1233 serui
2083 1179 2340 1250 accipiens
2390 1187 2439 1233 et
2493 1179 2735 1236 obediens
2783 1183 3108 1253 patriusque
3159 1183 3228 1236 ad
3274 1191 3492 1236 mortem

1905 1285 2094 1324 σηιετε.

1975 1361 2139 1416 Vens.
2169 1361 2258 1416 25.
2287 1393 2358 1403 —
2379 1362 2544 1418 Omne
2565 1367 2721 1418 enim.
2753 1365 3096 1437 Quaecunque
3117 1367 3181 1454 in
3223 1368 3491 1424 sacriﬁcio

1903 1451 2256 1522 paciﬁcorum
2278 1452 2333 1506 in
2365 1452 2466 1507 hoc
2491 1469 2707 1524 quoque
2737 1454 2892 1525 jubet
2926 1455 3068 1520 ﬁeri,

1981 1542 2092 1597 Nec
2137 1545 2431 1616 quisquam.
2489 1545 2642 1614 Quod
2684 1548 2988 1603 comeditur
3040 1549 3426 1605 comminuitur
3473 1564 3489 1603 ξ

1907 1633 2234 1689 sacrificium
2295 1634 2500 1690 Christi
2551 1638 2898 1704 comminuit,
2961 1639 3053 1710 qui
3102 1656 3202 1710 pro
3254 1642 3494 1711 peccatis

1909 1737 2180 1782 mortuum
2211 1727 2360 1792 dicit,
2393 1743 2514 1782 cum
2542 1738 2824 1798 peccatum
2866 1745 2974 1784 non
2999 1729 3208 1786 fecerit.

216 1790 490 1886 Christus,
537 1822 592 1875 in
636 1818 791 1888 cujus
817 1827 944 1888 typo
966 1819 1083 1874 haec
1106 1790 1529 1889 praecesserunt:
1561 1817 1806 1872 immola-
1833 1790 1882 1851 Β
1981 1817 2186 1890 (Οηισ.)
2219 1817 2330 1873 Nec
2347 1790 2631 1890 quisquam
2657 1821 2912 1881 comedet.
2945 1820 3285 1878 Sacriﬁcium
3317 1822 3370 1876 iu
3391 1822 3496 1878 hoc

216 1924 351 1969 tur:
395 1913 560 1984 hujus
601 1925 820 1967 carnem
852 1911 944 1978 qui
993 1911 1255 1982 tetigerit,
1304 1912 1357 1966 id
1386 1919 1499 1976 est,
1527 1911 1618 1980 qui
1665 1909 1808 1965 ﬁdeli

216 2006 389 2062 corde
409 2013 578 2060 totam
609 2018 762 2074 spem
807 2001 998 2056 salutis
1027 2002 1081 2056 in
1110 2002 1363 2072 passione
1389 2000 1508 2070 ejus
1541 2009 1596 2055 et
1623 2015 1806 2056 resur-

217 2099 471 2154 rectione
497 2096 757 2167 posuerit,
789 2095 1048 2150 continuo
1077 2094 1520 2150 sanctiﬁcabitur.

293 2189 420 2259 (11).)
439 2187 619 2243 Omnis
640 2187 753 2257 qui,
769 2195 874 2241 etc.
894 2184 1081 2242 Omnis
1102 2185 1549 2242 commemoratio
1577 2185 1670 2241 Dei
1687 2200 1810 2241 san-

220 2277 614 2334 cliﬁcationem
637 2284 872 2346 praestat.
903 2275 1085 2331 Unde:
1111 2275 1484 2344 Sanctiﬁcatur
1517 2285 1688 2329 autem
1717 2291 1811 2346 per

217 2368 432 2424 uerbum
464 2367 558 2421 Dei
586 2376 634 2421 et
667 2367 976 2420 orationem.
1011 2364 1118 2420 Sed
1143 2381 1267 2420 cum
1297 2365 1463 2430 dicit,
1499 2372 1808 2436 tangentem

216 2459 576 2524 sanctiﬁcat-i,
595 2457 755 2527 plane
791 2456 1028 2512 ostendit
1077 2455 1202 2526 quia
1225 2455 1549 2525 disputando
1573 2456 1640 2510 de
1673 2455 1806 2520 Deo,

219 2553 276 2608 id
305 2561 412 2616 est,
443 2550 872 2620 theologizando,
899 2545 1098 2603 suﬁicit
1122 2547 1282 2602 nobis
1309 2555 1518 2602 tantum
1547 2555 1765 2617 tangere
1791 2564 1804 2600 ε

217 2645 316 2715 qui
339 2645 485 2702 enim
514 2647 632 2701 vult
657 2645 928 2711 caleﬁeri,
961 2645 1006 2700 si
1032 2660 1250 2700 manum
1277 2644 1330 2698 in
1363 2644 1544 2716 ignem
1575 2643 1808 2710 miserit,

213 2755 320 2812 pro
349 2741 704 2797 calefactione
730 2741 1070 2795 adustionem
1099 2739 1413 2794 sustinebit.

293 2831 426 2887 Htec
465 2842 540 2887 est
579 2833 791 2886 oblatio.
834 2832 1018 2904 (Auo.,
1049 2840 1234 2902 qutest.
1275 2832 1342 2887 M
1376 2831 1430 2885 in
1464 2829 1653 2902 Leuit.)
1692 2829 1808 2885 Alia

219 2932 350 2978 sunt
385 2923 654 2980 sacriﬁcia
683 2939 802 2995 qua:
831 2923 1277 2978 commemoravit
1307 2923 1361 2976 in
1391 2922 1584 2988 Exod,
1610 2923 1810 2992 quibus

211 3028 318 3084 per
346 3013 552 3084 septem
575 3015 690 3070 dies
711 3013 1121 3070 sanctiﬁcantur
1142 3012 1472 3079 sacerdotes,
1498 3019 1559 3067 ut
1581 3011 1810 3082 fungan-

218 3115 313 3160 tur
343 3106 670 3162 sacerdotio.
704 3104 864 3160 Aliud
914 3113 1002 3161 est
1032 3104 1176 3174 quod
1215 3106 1808 3172 commemorat,‘quod

215 3199 417 3256 oﬁ'erat
444 3215 686 3255 summus
713 3199 990 3262 sacerdos,
1008 3198 1223 3268 quando
1248 3197 1623 3261 constituitur,
1653 3195 1706 3252 id
1725 3204 1811 3252 est

215 3292 442 3362 quando
469 3293 692 3363 ungitur
717 3310 730 3346 :
751 3292 893 3346 unde
918 3290 1067 3345 addit
1088 3307 1103 3343 :
1121 3288 1188 3342 In
1209 3289 1294 3343 die
1314 3305 1418 3360 qua
1435 3289 1642 3358 auxerit
1664 3305 1813 3368 eum,“

214 3400 331 3440 non
353 3399 470 3450 eos,
493 3399 616 3440 cum
645 3383 810 3438 etiam
841 3380 1110 3446 secundos
1131 3379 1441 3435 sacerdotes
1467 3379 1603 3449 ungi.
1618 3380 1810 3448 praeci-

215 3477 366 3547 piat;
392 3477 496 3532 hoc
525 3476 853 3532 sacriﬁcium
875 3484 959 3530 est
980 3474 1368 3544 sempiternum
1395 3488 1494 3544 per
1515 3473 1814 3529 successio-

215 3583 373 3630 nem,
403 3567 610 3623 scilicet
648 3569 1011 3623 sacerdotum.
1041 3565 1136 3622 Vel
1166 3566 1292 3636 quia
1321 3565 1464 3637 quod
1509 3566 1687 3638 signat
1729 3574 1815 3646 est.

199 3660 639 3729 sempiternum.
1321 3685 1324 3688 ~
1535 3683 1538 3686 η
1811 3663 1814 3668 ’

292 3750 430 3806 Ηιεο
473 3760 572 3815 est,
618 3760 724 3807 etc.
775 3751 953 3808 Aaron
1005 3767 1160 3807 mons
1197 3751 1568 3831 fortitudinis,
1609 3751 1662 3807 id
1705 3760 1808 3820 est,

215 3842 502 3908 Christus;
526 3843 618 3898 ﬁlii
639 3844 754 3915 ejus
774 3859 963 3899 omnes
987 3843 1199 3911 ﬁdeles;
1225 3843 1341 3899 dies
1361 3843 1651 3909 unctionis,
1680 3832 1815 3898 tem;

215 3951 328 4006 pus
360 3936 772 4004 incarnationis,
802 3952 910 4009 quo
953 3945 1151 3993 unctus
1189 3946 1273 3994 est
1299 3937 1419 4012 oleo
1467 3936 1814 4014 lmtitia3~prag

214 4026 583 4097 participibus
610 4028 745 4082 suis.

295 4115 459 4186 Ερὴἱ.
506 4117 709 4184 Christi
776 4118 1189 4174 humanitatem.
1261 4118 1398 4190 pri
1431 4117 1649 4189 quidem
1700 4126 1814 4174 tres
1883 4165 1906 4183 ,

215 4207 439 4264 modios
464 4209 680 4291 capiens
722 4209 990 4282 signiﬁcat
1019 4209 1360 4276 Trinitatem,
1394 4210 1439 4264 si
1465 4217 1644 4264 tamen
1686 4208 1812 4279 ephi

221 4297 452 4352 Domini
478 4313 605 4353 caro
621 4306 725 4364 est,
746 4307 806 4353 ut
829 4299 1232 4372 demonstretur
1253 4299 1550 4354 divinitatis
1572 4299 1815 4354 eminen—

218 4390 322 4454 tia,
340 4398 396 4444 et
409 4383 699 4444 Dominicte
715 4393 894 4446 carnis
917 4406 1041 4446 cum
1059 4406 1121 4446 ea
1137 4390 1590 4461 inseparabilitas,
1615 4390 1810 4446 nihilo-

219 4481 412 4537 minus
439 4483 765 4538 sacriﬁcium
782 4493 1100 4555 perpetuum
1124 4493 1226 4539 est.
1246 4477 1364 4540 Una
1381 4484 1525 4540 enim
1539 4484 1810 4540 oblatione
1835 4504 1891 4564 D

217 4577 624 4632 consummavit
645 4577 697 4630 in
726 4580 1112 4646 sempiternum
1143 4577 1548 4633 sanctiﬁcatos:
1576 4577 1719 4633 unde
1759 4585 1814 4632 et

213 4664 434 4722 saluere
458 4667 513 4720 in
542 4676 843 4738 perpetuum
870 4676 1054 4738 potest.

295 4754 369 4810 In
403 4757 685 4825 sacri/icio.
739 4756 945 4830 (Otum)
990 4757 1102 4814 Lex
1142 4758 1312 4830 Moysi
1361 4758 1687 4814 sacriﬁcium
1731 4766 1816 4816 est

215 4848 549 4912 sacerdotis,
579 4855 712 4914 etc.,
743 4865 904 4920 usque
926 4848 995 4902 ad
1026 4849 1079 4902 in
1105 4864 1212 4919 quo
1241 4848 1376 4904 nihil
1405 4849 1476 4904 sit
1503 4847 1812 4914 remissum,

223 4939 372 5000 nihil
403 4928 977 5012 luxuriosum'(Matth.
1003 4940 1140 5009 va).

299 5031 484 5087 Hane.
519 5031 675 5088 Mane
702 5033 868 5102 cmpit
890 5034 1071 5102 passio
1106 5033 1318 5088 Domini
1344 5049 1410 5088 ex
1445 5047 1553 5104 quo
1589 5032 1642 5095 in
1674 5030 1814 5086 atrio

216 5123 447 5194 Caiphae
518 5124 687 5194 alapis
738 5140 910 5181 caesus
938 5135 1053 5192 est,
1105 5135 1159 5183 et
1199 5141 1369 5188 usque
1416 5125 1484 5180 ad
1529 5139 1815 5195 vesperum

213 5212 496 5286 protelata
538 5222 640 5279 est,
674 5214 914 5270 tenebris
943 5216 1087 5270 enim
1117 5231 1237 5272 eam
1269 5215 1742 5285 interpolantibus,
1782 5228 1814 5269 a

218 5313 381 5358 sexta
404 5304 540 5359 hora
557 5319 728 5375 usque
749 5305 818 5360 ad
836 5305 1023 5360 horam
1045 5320 1242 5360 nonam
1261 5305 1315 5360 in
1338 5320 1498 5362 mane
1520 5312 1576 5359 et
1591 5319 1814 5375 vespere

215 5394 508 5454 dividitur.

301 5486 467 5544 Vens.
509 5489 600 5544 2i.
627 5521 697 5530 —
746 5489 878 5556 Quae
906 5490 960 5545 in
986 5491 1271 5562 sartagine.
1313 5490 1507 5561 (Gneo.
1561 5491 1700 5546 hom.
1750 5491 1820 5545 η

215 5581 282 5637 in
317 5580 539 5653 Bacch.)
589 5580 807 5638 Nullum
854 5583 965 5639 Deo
1011 5583 1119 5639 tale
1155 5581 1487 5639 sacriﬁcium
1534 5591 1657 5651 est,
1686 5592 1818 5651 etc.,

215 5691 396 5744 usque
432 5674 502 5726 ad
529 5674 903 5732 holocaustum
937 5676 1050 5731 Deo
1079 5675 1387 5745 deputatur.

301 5767 468 5823 Vens.
501 5767 590 5834 22.
616 5800 682 5810 —
710 5765 984 5824 Sacerdos.
1017 5765 1158 5822 LXX
1185 5785 1196 5821 :
1229 5767 1484 5824 Sacerdos
1511 5779 1696 5824 unctus
1725 5785 1818 5838 pro

1909 1908 2028 1965 loco
2049 1910 2284 1965 Verbum
2316 1910 2490 1981 ipsum
2521 1911 2897 1982 accipiendum
2923 1921 3027 1978 est,
3057 1921 3112 1969 et
3137 1913 3404 1980 doctrina,
3431 1913 3497 1967 de

1910 2016 2016 2070 qua
2043 2000 2221 2056 nullus
2244 2001 2393 2068 edit,
2437 2001 2492 2056 id
2536 2010 2641 2068 εει,
2673 2003 2912 2072 disputat
2939 2003 3021 2059 vel
3050 2010 3345 2069 retractat;
3399 2004 3496 2059 sed

1910 2094 2284 2150 holocaustum
2311 2102 2414 2150 est.
2448 2094 2718 2164 dequid
2743 2097 2888 2151 enim
2916 2096 3074 2162 dixit,
3098 2095 3361 2167 quidquid
3387 2104 3498 2151 sta-

1911 2187 2034 2250 tuit,
2065 2195 2268 2241 aeterna
2291 2187 2701 2242 consecratione
2734 2188 3010 2258 perdurat.

1984 2276 2245 2333 Sacerdos
2293 2279 2404 2349 qui,
2437 2287 2542 2332 etc.
2575 2277 2732 2348 (Anc.
2763 2289 2949 2350 quam.
2979 2280 3045 2336 18
3073 2280 3129 2333 in
3155 2276 3351 2351 Leuit.)
3379 2279 3497 2334 Non

1910 2371 2054 2442 quod
2095 2372 2346 2444 imponit,
2385 2382 2518 2438 etc.,
2557 2390 2717 2444 usque
2740 2373 2810 2427 ad
2839 2374 2941 2430 hoc
2977 2381 3033 2430 et
3069 2373 3232 2430 modo
3261 2371 3498 2428 breviter

1909 2472 2316 2538 commemorat.

1981 2554 2158 2627 (Ome.
2190 2556 2371 2611 Iromil.
2396 2555 2430 2611 5
2453 2557 2507 2610 in
2527 2555 2716 2628 Leuit.)
2739 2555 2997 2624 Quaedam
3026 2557 3328 2612 hostiarum
3375 2565 3500 2612 sunt

1909 2649 2075 2704 solius
2120 2650 2248 2716 Dei,
2275 2658 2382 2706 etc.
2404 2691 2418 2716 ,
2445 2666 2606 2721 usque
2643 2650 2713 2704 ad
2744 2651 2937 2706 melius
2964 2650 3068 2706 ista
3100 2651 3211 2722 igni
3255 2664 3499 2706 reserva-

1911 2759 2052 2799 mus.

1979 2855 2146 2911 Vens.
2192 2855 2282 2910 27.
2317 2886 2387 2896 ——
2416 2856 2686 2928 Quidquid
2710 2857 2954 2927 tetigerit.
2995 2823 3254 2924 Quamvis
3290 2856 3498 2912 oblatio

1910 2948 1980 3023 sit
2025 2948 2277 3014 alterius,
2322 2949 2376 3004 id
2425 2956 2510 3004 est
2539 2949 2890 3018 pmnitentis,
2935 2948 3364 3006 sanctiﬁcahitur
3391 2948 3497 3004 etsi

1909 3055 2018 3095 non
2046 3041 2326 3111 paeniteat.
2367 3039 2648 3095 Similiter"
2668 3041 2711 3100 si
2745 3039 2999 3110 parvulus
3035 3039 3344 3110 baptizatus
3377 3037 3497 3094 fue-

1835 3138 1884 3203 ο
1913 3131 2006 3196 rit,
2033 3131 2126 3202 qui
2152 3145 2252 3200 per
2284 3144 2344 3185 se
2370 3130 2606 3185 nondum
2631 3129 2880 3201 peccavit
2904 3169 2920 3196 ,
2963 3130 3255 3186 mundatur
3286 3129 3356 3184 ab
3380 3130 3496 3186 ori-

1912 3223 2099 3295 ginali.

1982 3337 2046 3395 Si
2074 3340 2139 3393 de
2165 3339 2420 3410 sanguine
2443 3379 2459 3406 ,
2490 3339 2542 3394 id
2572 3347 2678 3405 est,
2720 3339 2766 3394 si
2809 3339 3110 3396 substantia
3139 3339 3326 3396 carnis
3367 3354 3495 3410 pec-

1910 3431 2046 3485 catis
2074 3429 2237 3486 i'uerit
2284 3429 2570 3486 maculata.
2611 3430 2760 3486 Unde
2807 3447 2820 3484 :
2858 3428 3238 3484 Vestimentum
3280 3429 3495 3484 mistum

1909 3523 2163 3592 sanguine
2180 3522 2276 3576 erit
2307 3522 2362 3574 in
2387 3520 2774 3585 eombustione,
2802 3530 2850 3575 et
2879 3520 3028 3574 cibus
3051 3519 3187 3606 ignis
3229 3517 3365 3590 (Isa.
3418 3517 3498 3590 rx)
3533 3559 3538 3564 ς

1913 3611 2216 3674 infernalis,
2255 3610 2462 3666 scilicet
2506 3609 2777 3665 lavabitur
2805 3610 2858 3664 in
2886 3610 3006 3664 loco
3052 3617 3275 3673 sancto,
3319 3609 3372 3664 id
3417 3617 3502 3665 est

1910 3717 2061 3772 spem
2089 3700 2309 3757 habebit
2351 3701 2405 3754 in
2429 3701 2719 3770 baptismo,
2753 3701 2844 3772 qui
2875 3717 2982 3757 non
3021 3700 3195 3755 solum
3220 3701 3496 3770 pmterita

1911 3792 2105 3857 abluit,
2129 3791 2224 3846 sed
2251 3790 2473 3846 instruit
2501 3797 2563 3844 ut
2591 3789 2657 3844 de
2683 3789 2881 3844 futuris
2910 3789 3182 3860 poenitere
3201 3790 3394 3858 possit.

1980 3905 2145 3961 Vens.
2195 3905 2294 3980 28.
2331 3936 2401 3944 —
2433 3903 2540 3959 Vas
2577 3913 2749 3958 autem
2793 3903 2971 3974 fictile,
3021 3911 3129 3958 etc.
3172 3902 3424 3957 inﬁrmus
3479 3919 3494 3955 :

1912 3995 2139 4060 scilicet,
2167 3994 2472 4068 imbecillis,
2502 3995 2593 4064 qui
2636 4003 2853 4065 peracta
2885 3993 3203 4063 pmnitentia
3231 3992 3497 4047 relabitur

1912 4089 1982 4144 ad
2009 4096 2251 4159 peccata,
2278 4087 2364 4142 bis
2387 4086 2810 4158 confringendus
2835 4094 2918 4141 est
2950 4096 3157 4140 terrore
3176 4082 3383 4152 iudicii.

1983 4182 2148 4238 Vsus.
2182 4180 2273 4235 29.
2297 4211 2367 4222 —-
2394 4180 2578 4235 Omnis
2605 4177 2893 4243 masculus,
2927 4186 3032 4232 etc.
3062 4176 3329 4232 Sacerdos
3358 4175 3498 4228 inte-

1913 4290 2066 4346 grum
2095 4273 2421 4329 sacriﬁcium
2448 4271 2681 4328 oﬁ'erens
2703 4280 2758 4326 et
2779 4269 3092 4333 comedens,
3117 4267 3368 4322 Christus
3388 4275 3495 4332 est,

1913 4367 2006 4437 qui
2031 4375 2268 4420 nostram
2307 4363 2681 4434 paenitentiam
2730 4361 2916 4423 olfert,
2950 4369 3003 4414 ct
3035 4358 3268 4413 comedit
3297 4372 3494 4427 pecca-

1916 4468 2096 4514 torum
2128 4457 2379 4512 salutem.
2404 4455 2612 4510 Carnes
2640 4461 2818 4507 autem
2850 4449 3130 4515 sacriﬁcii,
3161 4449 3286 4518 quia
3329 4449 3500 4519 perti-

1918 4561 2049 4605 nent
2095 4549 2162 4603 ad
2193 4547 2594 4618 pmnitentiam,
2627 4543 2804 4597 omnis
2838 4541 3111 4596 mascuius
3153 4540 3219 4595 de
3251 4539 3503 4594 sacerdo-

1920 4640 2061 4694 tibus
2083 4638 2337 4702 comedit,
2362 4635 2537 4700 l'ortis,
2561 4634 2835 4690 scilicetet
2856 4641 3130 4696 strenuus,
3155 4631 3240 4686 eui
3261 4631 3461 4685 dicitur
3485 4648 3498 4684 :

1933 4728 2163 4783 Viriliter
2213 4743 2346 4798 age,
2400 4737 2448 4781 et
2487 4725 2812 4794 confortetur
2842 4739 2932 4777 eor
2974 4731 3162 4788 tuum,
3217 4731 3264 4776 et
3304 4721 3502 4777 sustine

1919 4819 2206 4875 Dominum
2240 4817 2413 4891 (Psal.
2450 4816 2625 4888 xxvi).

1992 4932 2154 4990 Vens.
2183 4931 2271 4988 50.
2303 4963 2372 4972 ——
2404 4931 2527 4986 Non
2565 4932 2882 4997 comedetur,
2913 4939 3017 4986 etc.
3060 4928 3195 4996 Quia
3248 4927 3316 4983 ad
3341 4925 3500 4981 Chri-

1923 5038 2064 5084 stum
2111 5026 2362 5100 pertinet,
2403 5024 2490 5094 qui
2534 5023 2752 5095 propria
2799 5022 3146 5086 auctoritate,
3187 5029 3241 5073 et
3282 5017 3500 5088 propria

1922 5119 2219 5176 divinitatis
2261 5117 2460 5171 virtute
2502 5115 2878 5171 remissionem
2927 5113 3134 5168 tribuit.
3184 5107 3313 5178 Ejus
3356 5108 3501 5163 enim

1923 5211 2103 5283 passio
2126 5251 2142 5275 ,
2196 5224 2294 5279 per
2322 5222 2483 5278 quam
2530 5206 2686 5261 nobis
2715 5213 3037 5275 procuratur
3078 5193 3368 5266 remissio,
3392 5213 3500 5254 non

1925 5303 2025 5357 fuit
2046 5300 2282 5355 hominis
2310 5298 2454 5369 puri,
2481 5296 2574 5351 sed
2605 5296 2701 5350 Dei
2730 5293 3022 5351 incarnali.
3049 5291 3174 5348 ideo
3196 5307 3304 5345 non
3326 5290 3505 5346 editur

1921 5394 1989 5449 ab
2001 5391 2328 5454 hominibus,
2352 5387 2446 5444 sed
2468 5390 2590 5460 igne
2611 5387 2965 5450 consumitur,
2981 5386 3106 5455 quia
3133 5383 3502 5439 remissionem

1922 5485 2051 5540 dare
2080 5482 2174 5536 Dei
2205 5481 2370 5536 solius
2397 5488 2500 5543 est,
2528 5479 2619 5550 qui
2651 5494 2749 5548 per
2778 5477 2955 5548 ignem
2977 5474 3334 5548 signiﬁcatur,
3363 5471 3502 5526 Deus

1922 5576 2055 5632 enim
2081 5585 2252 5632 noster
2281 5573 2415 5645 ignis
2443 5587 2750 5627 consumens
2780 5578 2854 5625 est
2888 5567 3064 5641 (Deut.
3097 5567 3193 5638 tv).
