3998 6332
506 290 611 348 515

1109 413 1333 471 CAPUT
1372 411 1484 466 Vll.

580 579 739 636 Vens.
770 581 821 633 l.
849 605 917 616 ——
947 573 1170 629 Delicta.
1230 569 1438 642 (lsrcn)
1480 567 1746 622 Delictum
1792 565 2084 634 aliquando

504 672 656 737 dicit,
686 681 815 732 etc.,
836 683 998 737 usque
1025 663 1094 718 ad
1115 661 1316 718 oblatio
1343 668 1521 714 autem
1547 671 1736 712 renum
1764 665 1820 712 et
1850 653 2084 726 pinnulae

505 762 679 834 epalis
703 770 757 814 et
777 758 1044 813 femorum
1075 751 1435 810 sanctimonia
1465 757 1568 806 est.

575 853 756 924 (Ome.
801 858 985 922 quast.
1019 847 1053 902 5
1085 849 1139 900 in
1189 842 1377 913 Levit.)
1439 841 1666 908 Quidam
1720 839 1909 893 dicunt
1965 849 2085 891 esse

505 946 761 1000 delictum
789 957 910 997 cum
938 956 1044 995 non
1067 937 1296 993 facimus
1319 934 1463 1005 quod
1491 933 1749 987 debemus
1771 948 1784 984 ς
1804 937 2084 998 peccatum

505 1053 634 1092 vero
663 1051 786 1091 cum
815 1050 919 1090 non
949 1032 1178 1088 facimus
1216 1028 1359 1100 quod
1396 1042 1506 1082 non
1545 1025 1826 1088 debemus,
1854 1022 1949 1077 sed
1975 1036 2082 1076 non

509 1131 712 1198 ubique
745 1129 846 1183 hoc
875 1127 1216 1182 observatur.

581 1219 744 1274 Vens.
779 1219 833 1272 2.
862 1248 934 1258 —-
958 1216 1188 1287 Sanguis
1211 1231 1346 1283 ejus,
1372 1220 1478 1268 etc.
1507 1209 1714 1282 (lsrcn.)
1741 1209 2085 1276 Quaecunque

504 1309 641 1364 ﬁunt
683 1311 736 1365 in
775 1307 1040 1366 sacriﬁcio
1068 1305 1434 1378 pacilicorum,
1469 1303 1524 1359 in
1555 1303 1657 1358 hoc
1690 1314 1903 1371 quoque
1932 1300 2087 1371 jubet

507 1400 648 1454 ﬁeri.
841 1409 873 1441 δ

573 1490 734 1546 Vens.
761 1490 895 1544 7.-
914 1487 1063 1544 Sicut
1089 1503 1182 1557 pro
1210 1492 1442 1556 peccato,
1473 1492 1577 1539 etc.
1597 1481 1780 1552 (Anon
1799 1486 1984 1552 quaest.
2015 1475 2088 1534 ‘20

503 1583 557 1636 in
582 1580 770 1651 Levii.)
800 1579 1092 1636 Peccatum
1136 1585 1221 1632 est
1263 1573 1589 1646 perpetratio
1639 1570 1787 1637 mali,
1831 1568 2088 1624 delictum

503 1673 740 1728 desertio
755 1671 901 1727 boni.
938 1670 1091 1725 Sicut
1113 1669 1256 1721 enim
1289 1665 1430 1720 aliud
1457 1672 1541 1720 est
1568 1663 1840 1719 declinare
1864 1675 1894 1714 a
1923 1659 2083 1724 malo,

1005 283 1398 341 WALAF‘RIDI
1435 277 1679 336 STRABI
1715 275 1914 331 FULD.
1961 273 2120 330 MON.
2163 273 2314 330 OPP.
2359 275 2536 332 PARS
2575 275 2615 329 Ι.
2653 305 2724 317 -
2764 275 3225 334 THEOLOGICA.

2105 391 2153 450 Α
2184 395 2476 457 unguntur,
2508 387 2633 456 quia
2659 387 2834 456 majus
2865 397 2951 444 est
2991 388 3174 444 lumen
3202 396 3257 444 et
3281 389 3455 460 gratia
3499 389 3634 449 Novi
3657 394 3770 454 ,Το-

3657 283 3770 339 516

2185 479 2438 534 stamenti
2473 494 2636 548 quam
2659 481 2880 555 veteris.

2257 570 2570 643 Coctamque
2591 571 2836 638 similam,
2853 583 2900 627 et
2925 572 3212 643 collyridas
3233 574 3354 642 olei,
3379 583 3487 631 etc.
3517 575 3770 635 Divinam

2187 660 2396 716 scilicet
2443 662 2786 732 sapientiam,
2823 679 2944 733 quae
2983 665 3238 734 coquitur
3295 666 3422 736 igne
3459 668 3766 726 charitatis.

2186 748 2319 803 Nam
2351 751 2598 806 Christus
2626 752 2721 806 Dei
2771 753 3038 822 sapientia
3065 763 3288 824 propter
3315 755 3540 813 nimiam
3582 756 3768 836 citari;

2187 851 2349 898 tatem
2371 859 2430 899 se
2465 845 2629 900 tradit
2653 848 2833 902 morti.

2261 935 2422 989 Vens.
2451 935 2537 988 14.
2562 966 2630 976 ——
2653 935 2919 1005 Oﬂ'eretur
2947 937 3195 1004 Domino,
3236 947 3284 994 et
3317 940 3418 994 erit
3456 941 3778 1009 sacerdotis,

2188 1034 2293 1081 etc.
2327 1025 2468 1080 LXX
2497 1045 2508 1080 :
2537 1025 2604 1080 Et
2637 1028 2817 1096 θίγεν-ει
2847 1029 2910 1082 de
2925 1029 3164 1084 omnibus
3189 1031 3626 1088 muneribussuis
3647 1032 3769 1088 lau-

2191 1116 2451 1172 dationem
2480 1115 2577 1170 Dei
2622 1118 2880 1172 sacerdoti
2903 1119 3241 1189 profundenti
3279 1123 3592 1193 sanguinem
3625 1123 3772 1178 sals-

2191 1216 2322 1262 tarts
2346 1208 2423 1262 illi
2443 1209 2559 1262 erit.
2593 1209 2719 1264 Non
2755 1211 2892 1263 enim
2917 1209 3133 1265 volentis
3163 1228 3326 1282 neque
3353 1216 3641 1279 currentis,
3679 1215 3771 1270 sed

2192 1302 2290 1356 Dei
2320 1301 2609 1354 miserentis
2655 1309 2728 1356 est.
2760 1299 2939 1371 (Rom.
2970 1300 3066 1370 Ix).
3116 1301 3334 1358 Christo
3381 1312 3562 1358 autem
3611 1305 3772 1360 mini-

2190 1390 2386 1448 stranti
2412 1399 2466 1447 et
2499 1389 2802 1460 perﬁcienti
2835 1390 3162 1446 sacriﬁcium
3194 1393 3448 1462 primitias
3482 1393 3772 1452 oﬁ‘erenda:

2191 1493 2335 1544 sunt.

2266 1576 2428 1630 Vens.
2454 1575 2544 1631 15.
2569 1605 2638 1615 -
2669 1573 2834 1645 Cujus
2861 1591 3045 1630 carnes
3083 1574 3264 1630 eadem
3301 1576 3643 1632 comederunt
3665 1577 3776 1643 die,

2190 1676 2296 1724 etc.
2327 1667 2530 1740 (Otum,
2570 1667 2658 1721 ubi
2678 1666 2886 1738 supra.)
2911 1663 3064 1720 Alius
3077 1666 3272 1724 animae
3301 1666 3454 1722 cibus
3476 1676 3564 1722 est
3589 1667 3780 1735 lactis,

503 1761 756 1833 aliudque
774 1761 951 1816 facere
975 1761 1202 1824 bonum,
1227 1759 1300 1812 ita
1325 1765 1379 1810 et
1406 1755 1546 1810 aliud
1577 1754 1850 1809 abstinere
1872 1769 1903 1806 a
1920 1754 2082 1817 bono,
2113 1739 2161 1799 Β
2187 1767 2318 1824 etc.,
2338 1739 2508 1832 rusque
2527 1757 2595 1811 ad
2619 1771 2636 1809 :
2661 1756 2802 1823 sint,
2834 1756 3030 1826 inquit,
3058 1773 3192 1811 ηουα
3217 1765 3266 1810 ει
3292 1767 3482 1811 uetera.
3507 1813 3512 1818 _

505 1865 560 1909 et
590 1853 737 1907 aliud
775 1852 956 1908 facere
985 1850 1206 1914 malum,
1245 1856 1300 1903 et
1332 1845 1461 1901 illud
1493 1844 1749 1902 delictum
1801 1844 1905 1898 hoc
1954 1857 2086 1912 pec-

510 1955 689 2000 catum
717 1945 806 2000 sit.
840 1943 938 2000 Vel
968 1943 1220 1998 delictum
1245 1949 1329 1994 est
1362 1938 1506 2009 quod
1537 1938 1873 2006 ignoranter,
1895 1947 2088 2005 pecca-

508 2044 622 2091 tum
646 2035 790 2106 quod
816 2034 1054 2089 scienter
1080 2030 1460 2086 committitur.

577 2124 782 2196 (Ontc.,
815 2123 902 2177 ubi
927 2126 1133 2193 supra.)
1165 2119 1312 2175 Sicut
1337 2136 1431 2190 pro
1451 2127 1682 2189 peccato,
1702 2126 1809 2172 etc.
1831 2115 2092 2172 Similiter

499 2216 762 2289 jubentur
786 2215 971 2286 adipes
1002 2212 1210 2277 arietis,
1251 2227 1414 2282 usque
1443 2209 1512 2263 ad
1543 2209 1597 2264 id
1636 2216 1740 2276 est,
1773 2207 1918 2278 quod
1945 2223 1974 2262 a
2004 2206 2090 2261 via

504 2308 716 2379 peccati
744 2314 1086 2377 peccatorem
1107 2312 1448 2360 convertunt.

575 2398 657 2452 Ad
683 2398 1028 2462 sacerdotem,
1057 2405 1164 2452 etc.
1199 2395 1495 2459 Christum,
1536 2394 1628 2464 qui
1654 2410 1752 2466 pro
1782 2393 1940 2448 nobis
1966 2406 2093 2463 pro-

504 2489 716 2559 pitiatio
755 2487 930 2543 factus
979 2497 1080 2542 est.
1134 2487 1191 2541 In
1232 2487 1350 2558 ipso
1384 2499 1515 2556 ergo
1557 2500 1716 2540 omne
1767 2484 2093 2540 sacriﬁcium

507 2582 866 2643 ministratur,
911 2586 966 2633 et
991 2578 1190 2648 agitur,
1220 2586 1274 2631 et
1301 2576 1444 2647 quod
1467 2591 1530 2630 ex
1553 2576 1870 2645 pmnitentia
1906 2590 2096 2630 conse-

507 2671 711 2740 quitur,
739 2670 806 2725 ad
832 2684 956 2724 eum
987 2669 1240 2724 refertur.
1274 2668 1394 2739 Ipse
1425 2669 1589 2731 enim,
1614 2677 1672 2722 ut
1697 2683 1797 2724 nos
1832 2668 2106 2733 salvaret,

507 2761 654 2815 venit
678 2761 862 2815 dicens
891 2779 905 2814 :
933 2758 1058 2813 Non
1081 2759 1190 2814 veni
1221 2775 1405 2813 vocare
1421 2759 1617 2828 justas,
1660 2758 1750 2812 sed
1789 2768 2096 2830 peccatores

431 2863 445 2877 ο
510 2847 729 2920 (Matth.
758 2849 860 2920 ιι).

581 2940 892 2996 Holocausti
920 2942 1204 2995 victimam.
1235 2941 1439 3012 (lsrcn.)
1484 2939 1598 2995 Non
1635 2941 1836 2995 bonum
1890 2939 2098 2994 scilicet

509 3042 603 3088 aut
630 3033 835 3099 ovium,
869 3042 1001 3098 etc.,
1033 3049 1196 3103 usque
1217 3033 1288 3087 ad
1317 3031 1471 3101 cujus
1507 3040 1753 3102 respectu
1777 3031 2098 3101 patientiam

511 3125 778 3180 habemus
802 3125 855 3178 in
876 3124 1240 3194 passionibus.

583 3215 747 3272 Vens.
771 3217 826 3271 9.
859 3247 926 3256 -—
957 3216 1182 3270 [lubebit
1212 3215 1416 3286 pellem.
1444 3215 1922 3272 Circumstantiam
1956 3215 2094 3270 divi-

513 3309 734 3372 tiarum,
765 3322 902 3378 quas
932 3307 1131 3362 debent
1163 3305 1359 3361 oll'crre
1386 3321 1518 3362 vero
1561 3305 1851 3370 sacerdoti,
1881 3305 1972 3375 qui
2003 3320 2098 3359 vo-

515 3399 632 3454 lunt
679 3397 1054 3454 holocaustum
1093 3397 1233 3453 ﬁeri.
1267 3397 1471 3452 Sathan
1513 3396 1924 3452 circumstantia
1965 3396 2106 3452 divi-

509 3489 708 3544 tiarum
728 3487 922 3558 pellem
942 3485 1258 3552 nominavit,
1283 3487 1468 3541 dicens
1495 3501 1508 3539 :
1538 3482 1738 3544 Pellem
1767 3500 1860 3554 pro
1879 3484 2028 3555 pelle,
2051 3493 2101 3539 et

511 3583 689 3636 omnia
715 3597 832 3652 qua:
857 3577 1010 3635 ltab'et
1035 3580 1211 3642 homo,
1235 3579 1381 3634 dabit
1420 3595 1514 3649 pro
1537 3578 1715 3632 anima
1741 3593 1840 3632 sua
1864 3576 1986 3650 (Job
2013 3575 2096 3647 ιι).

515 3669 667 3726 Hanc
693 3670 839 3726 dedit
867 3669 970 3726 Job
999 3680 1059 3726 ut
1086 3672 1302 3743 pellem,
1349 3672 1402 3727 id
1427 3680 1510 3727 est
1546 3671 1864 3742 patientiam
1896 3670 2100 3725 retine-

515 3769 616 3822 ret.
647 3775 768 3831 quae
795 3762 958 3833 pellis
985 3764 1182 3818 dicitur
1209 3779 1276 3818 ex
1314 3779 1420 3833 qua
1445 3764 1584 3818 ﬁunt
1621 3763 1789 3818 multa
1817 3762 1992 3816 utilia.

588 3847 657 3902 Et
695 3849 950 3920 quidquid
979 3851 1032 3904 in
1062 3850 1339 3916 craticula,
1366 3860 1472 3906 etc.
1509 3849 1648 3917 Quia
1675 3851 1792 3906 hmo
1821 3847 2102 3920 theologia:

516 3938 906 3994 incarnationis
953 3941 1199 4010 proxima
1243 3949 1410 4006 sunt,
1464 3942 1776 3998 necessario
1827 3939 2106 3995 oll'erentis

516 4029 814 4086 sacerdotis
851 4037 996 4097 sunt,
1037 4029 1091 4085 id
1135 4039 1224 4086 est
1273 4030 1474 4087 Christi
1522 4031 1659 4096 nati,
1698 4031 1864 4103 passi,
1898 4039 1954 4086 et
2009 4031 2103 4102 qui

521 4121 844 4178 resurrexit.

589 4216 753 4273 Vens.
777 4217 862 4272 10.
893 4241 962 4256 -
981 4214 1102 4272 Sive
1137 4215 1247 4271 oleo
1275 4233 1576 4288 conspersa,
1605 4224 1710 4271 etc.
1747 4215 1926 4287 (Ome.
1957 4216 2100 4270 hom.

515 4309 552 4365 5
578 4309 633 4364 in
655 4307 842 4380 Leuit.)
878 4307 1217 4367 Sacrilicium
1243 4308 1478 4364 salutare
1502 4309 1723 4379 jubetur
1749 4308 1865 4362 ﬁeri
1901 4308 1954 4361 in
1983 4307 2102 4362 oleo

516 4409 649 4463 etc.,
680 4415 841 4470 usque
860 4402 929 4456 ad
951 4401 1090 4456 alter
1115 4401 1168 4454 in
1192 4399 1484 4470 sartagine,
1513 4399 1704 4453 tertius
1735 4399 1788 4453 in
1813 4397 2098 4454 craticula.

592 4488 800 4562 (Ιειοιι.)
847 4492 1210 4563 Conspersum
1259 4492 1378 4546 oleo
1426 4489 1754 4546 sacriﬁcium
1809 4490 1878 4544 de
1926 4489 2103 4546 simila

521 4581 678 4646 dicit,
705 4591 840 4649 etc.,
861 4600 1023 4654 usque
1051 4584 1119 4638 ad
1157 4583 1279 4638 ﬁliis
1301 4585 1484 4638 Aaron
1513 4583 1809 4653 deputavit.

594 4671 759 4728 Vens.
779 4672 864 4728 12.
879 4675 1022 4730 —Si
1045 4692 1139 4745 pro
1159 4677 1450 4745 gratiarum
1472 4676 1676 4729 actione
1703 4675 1861 4744 fuerit
1889 4673 2104 4729 oblatio.

524 4763 606 4819 Ad
626 4762 858 4819 litteram
883 4779 982 4834 pro
1028 4765 1324 4832 gratiarum
1363 4768 1573 4820 actione
1605 4766 1664 4820 lit
1707 4765 1932 4824 oblatio.
1983 4779 2110 4820 cum

525 4855 649 4926 quis
675 4854 741 4910 de
776 4869 969 4925 magna
1025 4855 1372 4912 tribulatione
1419 4857 1680 4913 liberatus
1723 4858 1926 4927 gratias
1973 4857 2110 4929 agit,

524 4949 669 5005 sicut
718 4945 930 5019 Moyses
989 4955 1112 5016 post
1160 4949 1444 5002 transitum
1494 4949 1659 5003 maris
1707 4948 1874 5003 Rubri
1907 4948 2105 5022 (Exod.

527 5041 638 5112 xv).
672 5039 894 5112 ltlystice
922 5055 1159 5113 quoque,
1192 5041 1283 5112 qui
1308 5042 1512 5112 majora
1546 5044 1776 5097 crimina
1818 5058 1924 5096 non
1956 5058 2106 5098 com—

528 5133 760 5200 miserit,
825 5133 918 5190 Dei
968 5134 1355 5190 misericordiae
1385 5134 1574 5189 laudes
1622 5135 1902 5205 persolvit,
1936 5135 2026 5204 qui
2052 5149 2109 5188 sc

530 5224 826 5280 immunem
850 5226 918 5282 ab
940 5226 1227 5282 horrendis
1253 5225 1573 5280 criminibus
1602 5225 1915 5279 custodivit.

601 5311 672 5366 Et
689 5312 877 5384 lagano
895 5333 1081 5387 azyma
1108 5325 1262 5369 uncta
1277 5315 1408 5369 oleo.
1431 5315 1654 5379 Panem,
1670 5314 1877 5370 scilicet
1894 5323 2108 5368 tenuem

529 5413 585 5460 et
602 5405 792 5471 latum,
809 5407 899 5476 qui
920 5407 1201 5462 scientiam
1221 5407 1602 5479 prephetarum
1621 5405 1907 5477 signiﬁcat.
1935 5404 2114 5472 Quan-

533 5505 647 5553 tum
679 5505 861 5552 autem
895 5496 1059 5553 distat
1106 5499 1248 5554 inter
1288 5499 1617 5554 soliditatem
1648 5496 1802 5567 panis
1830 5503 1884 5548 et
1909 5492 2113 5550 teneri-

532 5589 777 5646 tudinem
805 5587 1002 5658 lagani,
1035 5598 1243 5647 tantum
1300 5591 1441 5646 inter
1476 5588 1761 5645 scientiam
1810 5585 2010 5640 veteris
2062 5592 2116 5637 et

537 5677 670 5736 Novi
694 5679 1052 5753 Testamenti;
1075 5699 1240 5756 panes
1269 5699 1399 5755 ergo
1425 5677 1898 5753 spargunturolco,
1925 5677 2114 5745 lagana

2130 4461 2182 4520 D

2263 1847 2435 1918 Usque
2465 1865 2637 1905 mane.
2663 1847 2927 1904 Futurum
2959 1847 3346 1911 saeculum,ubi
3361 1848 3468 1904 erit
3482 1863 3649 1904 verus
3663 1849 3792 1905 dies-

2189 1943 2295 2013 qui,
2318 1942 2463 1998 nocti
2495 1939 2654 2011 hujus
2693 1940 2872 1996 sreculi
2923 1939 3185 2004 succedit,
3228 1953 3336 1994 non
3375 1938 3492 1993 vult
3527 1947 3792 1996 nostram.

2189 2037 2354 2091 vitam
2397 2033 2767 2104 imperfectam
2803 2025 3034 2102 relinqui
3071 2046 3169 2101 per
3209 2047 3370 2102 quam
3405 2047 3507 2088 nos
3559 2039 3796 2102 oportet.

2191 2125 2388 2182 salvari
2423 2143 2435 2179 :
2473 2124 2529 2179 in
2547 2122 2741 2179 -futuro
2769 2123 2911 2179 enim
2939 2138 3044 2178 non
3073 2122 3258 2178 licebit
3286 2121 3522 2190 operari.

2266 2217 2428 2272 Vens.
2458 2216 2543 2271 16.
2566 2245 2636 2256 --
2655 2213 2714 2270 Si
2739 2225 2852 2270 voto
2880 2213 2956 2269 vel
2996 2223 3200 2284 sponte,
3229 2221 3334 2270 etc.
3370 2212 3546 2269 Omne
3569 2211 3780 2272 sacriﬁ-

2193 2309 2338 2366 cium
2386 2306 2756 2379 pacjﬁcorum,
2806 2305 2890 2362 vel
2941 2305 3178 2361 salutare
3232 2309 3592 2373 spontaneum
3655 2312 3782 2367 est,

2195 2403 2338 2457 unde
2385 2402 2528 2457 inter
2573 2399 2717 2454 dOna
2769 2397 3020 2468 superius
3080 2395 3315 2466 positum
3345 2402 3451 2448 est.
3497 2392 3610 2448 Sed
3654 2408 3782 2464 gra-

2197 2497 2396 2552 tiarum
2457 2490 2686 2546 actionis
2737 2487 2826 2543 vel
2874 2486 3052 2542 laudis
3115 2484 3467 2548 sacriﬁcium,
3531 2483 3802 2552 quamvis-

2197 2584 2405 2656 species
2431 2581 2546 2652 ejus
2563 2580 2653 2642 sit,
2678 2579 2806 2650 quia
2821 2575 3140 2633 rationabile
3162 2583 3268 2640 est,
3281 2574 3653 2632 voluntarium
3677 2586 3802 2630 non-

2199 2679 2396 2734 dicitur
2425 2694 2436 2728 :
2463 2675 2614 2745 quia,
2645 2689 2767 2728 cum
2796 2669 3088 2727 rationales
3115 2684 3323 2733 sumus,
3371 2666 3616 2722 debitum
3644 2680 3786 2736 quo-

2199 2766 2488 2824 dammodo
2528 2764 2858 2838 prmeipuum
2895 2759 3138 2816 Creatori
3165 2759 3424 2814 debemus
3464 2755 3787 2812 rationabile

2201 2858 2555 2916 sacriﬁcium.

2272 2947 2473 3003 Eadem
2493 2945 2753 3001 similiter.
2769 2944 2904 3012 Quia
2921 2941 3139 3013 quidam
3155 2949 3282 3012 post
3299 2939 3460 3010 hujus
3472 2939 3600 2995 vita:
3619 2937 3788 2994 ﬁnem
3807 2991 3812 2994 _

2203 3039 2364 3094 aliam
2403 3049 2564 3094 talem
2598 3035 3052 3106 descripserunt“
3081 3031 3482 3100 introdueentes
3511 3029 3789 3100 quoddam

2125 3097 2172 3160 Ο
2202 3129 2459 3188 smculum
2489 3127 2638 3184 mille
2657 3097 2921 3182 annorum
2947 3097 3132 3195 iniquo
3159 3097 3458 3182 Jerusalem
3483 3097 3790 3177 aediﬁcatur

2199 3230 2254 3278 ct
2278 3219 2534 3290 templum
2571 3215 2704 3286 ejus,
2735 3225 2790 3272 et
2821 3222 3010 3271 sancta
3058 3220 3366 3269 sanctorum
3398 3210 3794 3266 restaurabun-

2201 3322 2310 3380 tur,
2350 3320 2405 3366 et
2429 3309 2696 3366 sacriﬁcia
2744 3306 3058 3363 ollerentur.
3091 3302 3198 3360 Sed
3228 3303 3274 3358 si
3305 3304 3428 3372 quis
3453 3302 3560 3358 hoc
3590 3298 3793 3362 credit,

2199 3411 2257 3458 et
2281 3399 2677 3472 quodammodo
2717 3400 2773 3454 in
2816 3408 2998 3458 mente
3040 3396 3303 3462 comedit,
3347 3410 3575 3467 sperans
3627 3407 3689 3450 se
3725 3408 3794 3448 eo

2201 3503 2442 3562 tempore
2461 3489 2764 3554 comedere,
2786 3488 2930 3558 quod
2957 3494 3041 3542 est
3070 3485 3424 3557 impossibile,
3440 3485 3644 3542 oblatio
3668 3482 3795 3553 ejus

2200 3599 2308 3640 non
2331 3581 2643 3652 suscipitur,
2672 3579 2799 3651 quia
2832 3576 3058 3647 polluta,
3089 3584 3373 3646 peccatum
3409 3587 3625 3645 quoque
3650 3587 3792 3627 con-

2203 3676 2392 3740 trahit,
2442 3673 2584 3728 undc
2629 3673 2702 3728 ait
2743 3669 3126 3738 :Quwcuuque
3171 3666 3350 3728 anima
3388 3665 3483 3719 tali
3513 3679 3566 3718 se
3611 3661 3818 3718 edulio.

2203 3766 2658 3829 contaminaverit,
2676 3772 2784 3818 etc.
3097 3760 3099 3762 ’

2275 3859 2383 3916 Sed
2414 3868 2461 3913 et
2487 3857 2532 3912 si
2555 3857 2836 3929 quid,etc.
2865 3853 3071 3926 (0mm,
3103 3852 3191 3918 ubi
3221 3849 3429 3922 supra.)
3463 3849 3608 3907 Duos
3645 3845 3785 3909 dies,

2203 3952 2400 4024 quibus
2437 3949 2561 4004 licet
2593 3949 2737 4003 vesci
2763 3947 3016 4002 carnibus
3053 3943 3329 4008 sacriﬁcii,
3357 3948 3491 4006 etc.,
3521 3954 3684 4009 usque
3711 3937 3785 3992 ad

2203 4059 2310 4106 non
2334 4058 2465 4114 ergo
2485 4055 2762 4098 assumam
2790 4039 2947 4105 nobis
2967 4047 3285 4095 cunctorum
3322 4034 3632 4090 scientiam.

2277 4135 2442 4192 Vens.
2478 4135 2651 4190 l7.——
2675 4133 2880 4187 Tertius
2903 4188 2906 4190 _
2931 4130 3182 4185 invenerit
3227 4127 3358 4190 dies.
3390 4124 3658 4188 Futurum
3696 4137 3794 4178 sae—

2205 4228 2386 4285 culum
2433 4227 2485 4282 in
2523 4241 2631 4296 quo
2663 4222 2930 4298 generalis
2973 4219 3324 4284 resurrectio,
3354 4231 3541 4287 (quam
3584 4214 3792 4269 Christi

2205 4319 2533 4376 resurrectio
2559 4317 2903 4389 signiﬁcavit,
2941 4315 3096 4370 Mane
3135 4314 3276 4368 facto
3305 4310 3452 4371 tertii
3495 4309 3628 4372 diei,
3666 4319 3795 4362 tunc

2208 4411 2348 4479 quod
2387 4409 2652 4478 reliquum
2700 4415 2785 4462 est
2832 4408 2956 4478 igne
2988 4411 3340 4460 consumetur
3373 4419 3386 4456 :
3429 4400 3794 4471 quodcunque

2209 4503 2352 4556 enim
2379 4501 2614 4556 salutare
2639 4498 3014 4570 imperfectum
3042 4494 3443 4564 reliquerimus,
3476 4499 3570 4546 aut
3591 4489 3793 4546 malum

2209 4593 2520 4656 fecerimus,
2560 4599 2816 4661 tanquam
2850 4591 3013 4662 ligna,
3053 4590 3255 4651 fenum,
3297 4593 3389 4640 aut
3419 4581 3641 4652 stipula,
3673 4581 3794 4652 igne

2213 4690 2560 4739 consumetur
2592 4699 2606 4735 :
2635 4695 2738 4736 nos
2764 4690 2945 4735 autem
2993 4678 3378 4736 detrimentum
3424 4672 3702 4744 patiemur
3741 4667 3792 4739 (Ι

2214 4774 2338 4830 Cor.
2370 4773 2474 4846 ιιι).

2291 4868 2450 4922 Vens.
2485 4867 2645 4922 i9.—
2672 4863 2810 4926 Caro
2828 4881 2962 4934 quae,
2997 4870 3104 4916 etc.
3139 4858 3340 4932 (Omns,
3374 4858 3517 4910 Itoni.
3544 4854 3578 4909 5
3619 4856 3680 4908 in
3700 4852 3797 4907 Le—

2213 4957 2322 5029 uit.)
2346 4958 2555 5012 Carnes
2581 4965 2782 5012 sancta:
2808 4956 2988 5010 divina
3019 4954 3184 5008 verba
3215 4948 3796 5019 intelliguntur,usque

2214 5050 2282 5104 ad
2313 5059 2367 5104 et
2401 5051 2573 5106 aliena
2601 5049 2942 5104 immunditia
2967 5046 3201 5116 pollutus
3225 5051 3329 5099 est.

2286 5140 2448 5195 Vens.
2479 5141 2570 5195 Si].
2594 5170 2663 5179 —
2697 5137 2788 5192 Vel
2821 5137 3066 5206 jumenti.
3097 5133 3347 5190 lamenta
3371 5127 3654 5186 immunda
3677 5133 3802 5182 sunt

2214 5233 2304 5303 qui
2345 5232 2634 5286 immundis
2681 5241 2736 5286 et.
2788 5229 3017 5285 terrenis
3056 5227 3361 5286 actionibus
3410 5221 3611 5278 intenti
3651 5228 3800 5285 sunt,

2217 5324 2359 5378 unde
2389 5321 2743 5377 fornicatores
2765 5321 2880 5390 equi
2907 5318 3166 5373 emissarii
3190 5316 3320 5370 dicti
3347 5322 3494 5369 sunt.

2292 5412 2452 5466 Vens.
2483 5411 2574 5466 23.
2605 5411 2912 5480 ——Adipem
2953 5409 3084 5472 ovis,
3128 5416 3235 5462 etc.
3266 5404 3410 5460 idest
3465 5416 3566 5457 nec
3619 5398 3798 5460 fortis,

2221 5521 2321 5561 nec
2348 5504 2674 5568 innocentis,
2721 5518 2820 5558 nec
2875 5498 3208 5572 pccuitentis,
3257 5497 3399 5552 bona
3458 5492 3691 5548 intentio
3721 5488 3800 5544 vel

2222 5602 2548 5656 desiderium
2599 5599 2823 5655 sinistra
2891 5593 3334 5665 interpretatione
3397 5584 3800 5658 depravandum

2227 5706 2476 5761 tanquam
2503 5709 2598 5763 per
2625 5691 2950 5764 hypocrisin]
2976 5690 3046 5744 sit
3065 5689 3285 5752 factum,
3313 5696 3379 5739 ne
3396 5681 3518 5753 quis
3533 5677 3664 5734 velit
3689 5689 3800 5730 mc-
