3998 6332
130 332 240 388 51⁵1

1134 331 1403 390 GLOSSA
1437 291 1839 390 onoINsnIs.
1881 363 1950 374 -
1988 334 2116 390 LlB.
2157 334 2383 393 LEVlT.

3309 339 3417 398 518

133 452 313 508 ritum
374 448 598 510 alterius
649 447 1034 513 exterminare,
1089 456 1144 505 et
1189 449 1342 519 quasi
1391 446 1724 505 comedendo
1750 451 1796 510 Α
1829 447 1894 501 de
1915 446 2039 504 ﬁliis
2059 449 2239 504 Aaron
2265 451 2520 506 sacerdos
2545 450 2748 505 scilicet
2769 448 3058 523 singularis
3082 459 3138 509 et
3167 453 3222 508 in
3247 454 3418 509 omni-

134 540 497 598 imminuere.

215 631 403 704 (Anc.,
453 639 640 701 quiest.
665 629 728 684 ΩΙ
783 630 840 684 in
889 627 1053 684 Leuit.
1083 637 1213 684 tom.
1243 628 1358 698 lll.)
1387 628 1536 684 Dixit
1571 642 1729 696 supe-

133 723 279 788 rius,
313 733 443 788 etc.,
473 739 634 794 usque
659 721 729 775 ad
757 721 858 777 sibi
888 721 1168 791 elegerunt
1189 729 1416 774 mortem
1447 720 1674 792 peccati.

217 817 382 874 Vens.
415 816 506 870 24.
547 846 608 858 -
629 814 696 869 In
730 815 898 870 varios
931 833 1075 869 usus.
1111 815 1226 869 Non
1255 815 1430 870 solum
1461 815 1726 868 bonorum

137 909 412 965 imitando
441 924 626 978 opera,
657 908 750 962 sed
779 907 941 960 etiam
973 907 1239 960 malorum
1276 907 1430 960 nobis
1461 907 1514 960 in
1544 921 1730 960 exem-

135 1001 296 1070 plum
323 1000 608 1054 trahendo.
635 999 888 1067 Legimus
935 999 1077 1053 enim
1124 999 1389 1053 Herodem
1417 999 1613 1054 natalis
1645 999 1727 1054 sui

151 1092 292 1148 .‘iem
328 1089 653 1165 celebrasse,
681 1097 738 1144 et
774 1087 962 1158 epulas
1009 1090 1270 1160 sanguine
1299 1089 1535 1146 foedasse
1564 1090 1729 1162 (Mat-

142 1181 224 1235 th.
251 1181 396 1252 xw):
431 1181 535 1235 tale
562 1180 888 1235 desiderium
936 1181 989 1234 in
1029 1196 1185 1236 usum
1233 1182 1496 1237 habemus
1527 1190 1586 1237 ut
1639 1198 1729 1238 ca-

141 1287 393 1337 veamus,
427 1273 519 1327 sed
571 1273 878 1328 econtrario
919 1273 1089 1327 nostri
1122 1273 1316 1328 natalis
1350 1274 1490 1328 diem
1534 1290 1640 1345 quo
1671 1275 1724 1329 in

141 1365 404 1435 paradiso
455 1362 678 1430 fuimus,
731 1380 854 1420 cum
891 1363 1038 1418 luctu
1081 1372 1134 1420 et
1190 1364 1476 1421 alllictione
1527 1381 1731 1422 memo-

145 1471 358 1511 rcrnus.
397 1457 706 1510 Pharis'eus
735 1457 1050 1526 superbiens
1099 1457 1174 1510 ait
1206 1455 1572 1527 :Gratias'ago
1611 1458 1724 1523 tibi,

143 1549 271 1617 quia
303 1567 406 1602 non
446 1565 564 1602 sum
606 1551 740 1603 sicut
764 1549 938 1602 cwteri
970 1549 1221 1611 homines,
1251 1557 1356 1605 etc.
1377 1549 1528 1618 (Luc.
1549 1549 1726 1622 vaII.)

143 1638 255 1693 Nos
291 1639 602 1694 econtrario
641 1639 885 1693 dicamus
923 1655 936 1690 :
965 1637 1126 1704 Deus,
1161 1640 1404 1694 miserere
1447 1641 1569 1706 mei,
1602 1642 1728 1711 quia

142 1749 250 1786 non
281 1749 399 1786 sum
441 1731 628 1786 similis
671 1732 831 1786 servis
877 1731 1002 1796 tuis,
1043 1730 1134 1800 qui
1190 1731 1487 1802 angelicam
1525 1731 1726 1788 ducunt

143 1822 312 1876 vitam
344 1821 398 1875 in
433 1822 615 1876 terris.

220 1913 383 1967 Vens.
416 1912 507 1966 ‘23.
542 1943 613 1960 ——.
644 1910 704 1966 Si
727 1912 845 1982 quis
892 1911 1122 1982 adipem,
1163 1918 1269 1966 etc.
1292 1910 1492 1984 (OnIG.)
1524 1912 1720 1980 Quasi:

137 2015 305 2055 nemo
335 2001 665 2056 scandalizet
698 2016 864 2056 unum
897 2016 962 2054 ex
1008 2001 1091 2056 his
1137 2001 1399 2068 minimis,
1425 2003 1517 2073 qui
1554 2003 1606 2057 in
1639 2017 1726 2058 me

135 2095 398 2157 credunt,
427 2102 527 2148 etc.
574 2093 807 2164 Sanguis
844 2092 1052 2149 comedi
1096 2095 1428 2164 prohibetur,
1459 2095 1633 2164 quasi,
1663 2111 1726 2149 ne

131 2182 387 2253 glorieris
415 2186 660 2238 adversus
685 2184 882 2253 fractos
926 2200 1116 2250 ramos,
1150 2201 1213 2238 ne
1265 2194 1320 2238 tu
1350 2186 1629 2250 excidaris,
1677 2192 1724 2239 et

133 2274 240 2340 illi,
267 2275 318 2328 si
360 2292 463 2329 non
505 2276 884 2345 permanserint
928 2277 982 2329 in
1011 2274 1395 2342 incredulitate,
1427 2276 1727 2330 inserantur

135 2365 323 2434 (Rom.
356 2367 456 2436 XI).
483 2365 718 2436 Sanguis
763 2376 944 2421 autem
985 2365 1291 2421 Judmorum
1324 2367 1552 2436 populus
1578 2375 1725 2423 recte

135 2457 463 2526 intelligitur
495 2477 506 2510 :
534 2474 640 2512 non
668 2458 813 2512 enim
843 2473 906 2512 ex
937 2457 1038 2512 ﬁde
1053 2473 1227 2527 neque
1247 2473 1308 2512 ex
1335 2459 1527 2528 spiritu
1550 2457 1726 2512 Abra-

139 2547 248 2614 hze,
285 2547 379 2602 sed
411 2557 620 2602 tantum
649 2548 716 2602 de
734 2549 1003 2618 sanguine
1031 2548 1146 2618 ejus
1168 2549 1464 2605 descendit.

210 2635 378 2692 Vens.
421 2638 512 2692 ‘29.
553 2669 624 2677 -—
663 2636 766 2704 Qui
794 2638 942 2707 o/fert
973 2638 1252 2692 victimam.
1305 2638 1482 2710 (Ontc.
1511 2639 1652 2693 hom.
1690 2639 1724 2694 5

129 2726 191 2780 in
228 2726 420 2797 Leuit.)
464 2728 582 2782 Alia
622 2729 823 2794 littera,
847 2736 974 2794 etc.,
1017 2745 1179 2800 usque
1212 2730 1280 2782 ad
1309 2739 1363 2786 et
1387 2730 1574 2786 salutis
1614 2747 1724 2788 sum

141 2821 391 2874 aonscius
421 2822 628 2890 gratias
657 2821 884 2876 Domino
914 2821 1098 2878 refert.

212 2909 335 2980 (10.,
363 2911 518 2978 ibid.)
552 2910 887 2966 Sacriﬁcium
918 2912 1059 2983 quod
1095 2913 1292 2969 dicitur
1322 2914 1572 2984 salutare,
1591 2923 1720 2983 etc.,

127 3013 298 3072 usque
328 3001 397 3054 ad
427 3001 518 3072 qui
541 3011 757 3073 portant
780 3019 904 3057 vasa
929 3004 1160 3058 Domini.

211 3091 374 3147 Vens.
407 3093 496 3147 50.
523 3123 594 3134 ——
619 3093 826 3148 Tenebit
853 3095 1122 3172 manibus,
1145 3103 1250 3152 etc.
1277 3097 1722 3170 (Hienon.,'epist.

130 3184 204 3239 ad
237 3182 555 3252 Fabiolam,
591 3197 720 3240 tom.
746 3185 820 3257 l.)
867 3187 941 3241 De
973 3187 1208 3243 victimis
1247 3188 1572 3244 salutaribus
1609 3189 1726 3243 adi-

128 3291 257 3345 pem
296 3274 535 3330 oil‘erunt
577 3277 922 3340 sacerdotes,
959 3285 1092 3344 etc.,
1133 3295 1294 3348 usque
1339 3280 1408 3334 ad
1453 3287 1514 3334 ut
1560 3281 1732 3336 discat

127 3376 490 3422 contemnere
516 3383 636 3437 qua:
656 3383 714 3422 se
735 3368 881 3422 videt
904 3368 956 3421 in
979 3381 1250 3424 secessum
1269 3371 1556 3440 projicere.

201 3457 398 3514 LXX:
437 3457 675 3528 Olferens
717 3460 1035 3529 sacri/icium
1076 3459 1308 3515 salutare
1358 3461 1615 3527 Domino,
1652 3461 1736 3532 of-

130 3551 265 3620 feret
297 3544 489 3604 munus
518 3566 671 3604 suum
717 3549 938 3604 Domino
961 3550 1025 3604 de
1057 3551 1316 3620 sacri/icio
1348 3551 1571 3605 salutari
1593 3551 1728 3621 ejus.

129 3641 293 3709 Quod
337 3657 614 3711 exponens
655 3641 896 3712 adjungit
933 3661 946 3696 :
1005 3642 1214 3697 Teuebit
1252 3644 1492 3698 manibus
1529 3644 1733 3714 adipem

127 3733 347 3786 hostica.
391 3730 489 3786 Vel
523 3733 677 3804 juxta
723 3733 865 3796 LXX
893 3752 904 3786 :
935 3751 1122 3790 manus
1157 3734 1270 3804 ejus
1311 3736 1526 3804 o/ferent
1565 3753 1629 3790 ex
1671 3753 1746 3794 ea.

125 3824 370 3878 Domino
396 3841 414 3878 :
443 3824 618 3896 lpsum
645 3827 789 3881 enim
818 3835 1031 3897 oportet
1061 3843 1179 3897 quae
1221 3829 1289 3883 ad
1321 3828 1548 3884 salutem
1581 3845 1733 3885 suam

125 3918 417 3989 pertinent
440 3919 651 3993 operari
681 3937 693 3972 :
725 3920 846 3990 quia
865 3920 1075 3991 justitia
1094 3920 1228 3990 justi
1257 3937 1414 3991 super
1449 3937 1568 3975 eum
1602 3923 1732 3990 erit,

123 4021 175 4064 et
210 4010 459 4080 impietas
478 4010 622 4080 impii
655 4012 750 4064 erit
779 4026 934 4079 super
962 4027 1078 4064 eum
1109 4011 1324 4081 (Ezech.
1352 4014 1532 4084 xvm).

205 4099 585 4156 Pectusculum
622 4111 796 4154 autem
830 4102 960 4166 erit,
1004 4110 1108 4156 etc.
1151 4100 1322 4172 (ιειο.)
1349 4101 1546 4157 Pectus
1576 4102 1735 4157 datur

131 4194 448 4256 sacerdoti,
476 4201 537 4248 ut
563 4194 946 4266 cogitationem
993 4195 1244 4250 mundam
1271 4204 1325 4249 et
1347 4195 1606 4249 doctrina:
1635 4194 1734 4247 ha-

130 4285 266 4340 heat
307 4284 581 4338 notitiam.
633 4284 919 4338 Brachium
961 4284 1244 4349 dextrum,
1285 4293 1342 4339 ut
1392 4285 1531 4339 bona
1571 4298 1734 4352 Opera

129 4375 340 4429 habeat
359 4414 373 4439 ,
399 4383 454 4429 et
483 4373 547 4426 ad
571 4389 804 4443 pugnam
831 4382 1016 4428 contra
1042 4373 1312 4428 diabolum
1348 4382 1552 4428 armata
1573 4389 1734 4428 manu

1830 535 1932 592 bus
1960 541 2262 609 prazcipuus
2283 581 2298 605 ,
2321 541 2407 596 cui
2429 541 2570 596 cedit
2589 557 2772 598 armus
2801 541 2992 598 dexter
3017 543 3072 598 in
3093 544 3417 615 portionem,

1830 627 1883 684 id
1908 638 2013 696 est,
2045 633 2220 687 omnis
2247 634 2391 688 actio
2421 633 2560 688 bona
2588 642 2644 689 et
2662 634 2920 704 perlecta.

1899 724 2064 780 Vens.
2095 725 2184 781 55.
2215 727 2430 782 -Ηανε
2450 739 2523 783 est
2548 730 2742 782 unctio.
2771 728 2974 801 (ISIcn.)
3002 729 3265 787 Videntur
3290 746 3418 806 ergo

1828 817 1944 872 haec
1972 818 2039 873 ad
2080 821 2388 876 unctionem
2422 823 2760 880 sacerdotum
2777 823 3068 892 pertinere,
3095 833 3228 889 etc.,
3255 841 3420 896 usque

1829 909 1897 964 ad
1927 910 2052 978 quid
2088 919 2265 966 autem
2297 927 2393 982 per
2411 913 2721 982 przedictam
2755 915 3063 972 unctionem
3091 916 3418 973 intellexerit

1828 1004 1883 1059 in
1917 1005 2265 1074 sequentibus
2289 1005 2546 1059 ostendit.
3375 1015 3381 1022 '

1898 1095 2061 1151 Vens.
2103 1094 2194 1151 57.
2225 1125 2295 1134 —
2330 1094 2443 1149 Ista
2467 1106 2542 1150 est
2585 1095 2668 1151 lex
2695 1097 3020 1166 holocausti,
3065 1108 3170 1155 etc.
3210 1099 3415 1170 (ORIG.,
3495 1141 3499 1146 -

1827 1186 1968 1240 hom.
1997 1186 2075 1258 5.)
2107 1186 2240 1242 Cum
2268 1189 2608 1258 proposuerit
2634 1188 2925 1259 lcgislator,
2944 1199 3074 1258 etc.,
3093 1209 3252 1264 usque
3277 1192 3347 1246 ad
3363 1193 3418 1247 in

1828 1293 1932 1349 qua
1955 1277 2247 1349 ﬁgurarum
2274 1280 2475 1334 veritas
2497 1288 2872 1346 conservatur.

1896 1369 2010 1424 Ista
2044 1380 2118 1425 est
2147 1371 2261 1436 lex,
2284 1379 2390 1426 etc.
2424 1371 2629 1443 (lsmn.)
2658 1373 2822 1430 Vides
2852 1372 3160 1430 diiTerentes
3193 1389 3420 1430 conver-

1828 1460 2065 1516 sationes
2096 1477 2214 1530 quae
2238 1464 2348 1518 Deo
2379 1463 2740 1534 coniungunt,
2767 1465 3026 1522 honorem
3061 1463 3300 1533 sc‘ﬂicet,
3331 1483 3419 1522 sa-

1827 1548 2042 1619 pientiae
2060 1548 2358 1619 perfectum
2377 1592 2392 1616 ,
2413 1553 2504 1620 qui
2528 1552 2861 1622 signiﬁcatur
2883 1569 2980 1624 per
3011 1555 3414 1621 holocaustum;

1827 1637 1911 1691 vel
1929 1639 2193 1708 justitiam
2232 1641 2593 1707 mediocrem,
2623 1658 2742 1711 quae
2767 1653 3020 1713 operatur
3049 1660 3110 1700 ea
3142 1661 3262 1716 qua:
3293 1654 3423 1701 sunt

1831 1727 1895 1782 ad
1923 1729 2169 1784 salutem.
2201 1729 2478 1787 Sacriﬁcia
2517 1733 2661 1788 enim
2697 1734 3044 1804 paciﬁcorum
3081 1737 3164 1792 vel
3202 1752 3300 1808 per
3323 1738 3422 1794 bo-

1753 1801 1800 1861 Β
1829 1817 2127 1876 locaustum
2150 1821 2232 1876 vel
2259 1837 2358 1891 per
2380 1801 2713 1878 oblationem—
2743 1826 2888 1880 rec'te
2911 1841 3032 1882 esse
3064 1801 3217 1881 utilia
3239 1828 3304 1882 ad
3333 1843 3421 1884 sa-

1827 1911 2152 1967 cerdotalem
2176 1913 2492 1983 dignitatem
2522 1914 2607 1970 lex
2627 1915 2908 1970 intellexit.
2944 1917 3096 1972 Unde
3118 1918 3170 1972 in
3199 1919 3287 1974 die
3313 1936 3420 1990 qua

1825 1999 1998 2071 legem
2028 2002 2302 2058 unctionis
2342 2004 2651 2070 mandavit,
2699 2007 2935 2062 subdidit
2961 2023 3023 2063 ea
3049 2024 3169 2079 qua:
3204 2021 3331 2066 sunt
3355 2013 3422 2068 de

1826 2095 2109 2150 sacriﬁciis
2136 2096 2404 2167 simulque
2427 2100 2608 2155 omnia
2634 2101 2875 2157 breviter
2895 2105 3236 2161 memoravit.

1896 2187 2059 2243 Vens.
2090 2187 2180 2243 28.
2207 2220 2279 2230 —
2306 2189 2375 2244 In
2400 2201 2572 2245 monte
2599 2190 2772 2248 Sinai.
2814 2193 2914 2261 Qui
2941 2195 3106 2250 rubus
3127 2197 3212 2252 vel
3245 2205 3420 2253 tenta-

1824 2279 1900 2334 tio
1941 2277 2330 2349 interpretatur
2363 2299 2376 2334 :
2412 2279 2603 2336 similis
2641 2291 2725 2336 est
2755 2293 2931 2338 autem
2973 2285 3110 2338 rubo
3149 2287 3414 2342 tentatio:

1826 2386 2078 2441 asperum
2105 2372 2249 2428 enim
2287 2372 2574 2444 virgultum
2615 2383 2698 2430 est
2725 2385 2781 2430 et
2805 2375 3018 2432 dillicile
3062 2379 3309 2447 capitur:
3341 2379 3422 2434 sic

1825 2477 2024 2518 corona
2054 2463 2210 2518 bonae
2239 2464 2362 2519 vitae
2393 2465 2446 2519 in
2481 2467 2868 2522 tentationibus
2898 2476 2952 2521 et
2979 2467 3420 2523 tribulationibus

1825 2555 1909 2609 vix
1953 2555 2202 2611 habetur.
2235 2556 2390 2613 Unde
2414 2573 2428 2612 :
2452 2557 2645 2612 Beatus
2688 2560 2766 2613 vir
2787 2561 2876 2632 qui
2904 2561 3124 2615 sustinet
3172 2563 3420 2615 tentatio-

1824 2647 2118 2717 nem,quia,
2145 2664 2263 2702 cum
2288 2648 2533 2719 probatus
2564 2649 2743 2719 fuerit,
2774 2651 2989 2721 accipiet
3020 2668 3267 2706 coronam
3301 2653 3419 2707 vita

1825 2734 1990 2806 (Jac.,
2021 2735 2104 2808 II).

2413 2847 2644 2906 CAPUT
2680 2849 2810 2906 VIII.

1893 3000 2059 3054 Vens.
2086 3001 2140 3054 2.
2167 3029 2238 3042 υ·-
2259 3000 2406 3056 Duos
2435 3003 2642 3056 arietes.
2687 3002 2887 3060 Christi
2926 3007 3106 3075 passio
3147 3005 3418 3078 signiﬁca-

1828 3102 1935 3156 tur,
1965 3091 2054 3162 qui
2083 3099 2166 3146 est
2203 3092 2311 3146 dux
2338 3093 2536 3163 populi.
2573 3095 2716 3164 Bene
2739 3105 2920 3150 autem
2949 3097 3054 3153 duo
3079 3099 3278 3154 arietes
3307 3099 3416 3154 im-

1832 3184 2144 3250 molantur,
2204 3185 2330 3254 quia
2375 3183 2625 3240 Christus
2676 3185 2759 3241 bis
2815 3187 2970 3242 nobis
3010 3190 3266 3260 mysteria
3304 3204 3416 3244 sua:

1831 3277 2103 3348 passionis
2137 3277 2412 3333 commisit
2438 3294 2451 3331 :
2476 3277 2711 3346 primum
2741 3281 2958 3349 quando
2987 3294 3187 3348 agnum
3220 3280 3414 3352 mysti-

1832 3385 1954 3425 cum
2002 3371 2054 3425 in
2084 3384 2237 3426 caena
2282 3371 2540 3436 comedit,
2567 3372 2805 3427 secundo
2833 3373 3049 3442 quando
3078 3373 3270 3428 eadem
3299 3387 3417 3443 my-

1834 3463 1997 3518 steria
2038 3464 2091 3516 in
2124 3464 2277 3534 panis
2297 3474 2352 3519 et
2379 3463 2487 3518 vini
2518 3465 2927 3520 consecratione
2962 3465 3265 3521 constituit.

1907 3553 2065 3610 Vens.
2107 3555 2160 3610 5.
2189 3585 2258 3595 -
2287 3555 2356 3608 Et
2409 3555 2764 3624 congregabis.
2816 3555 3146 3612 Convocavit
3195 3556 3408 3628 Moyses

1832 3657 2046 3700 omnem
2097 3659 2443 3714 synagogam,
2483 3645 2730 3714 quamvis
2769 3646 3030 3721 Dominus
3077 3645 3329 3718 elegisset
3357 3656 3413 3702 et

1832 3735 2194 3806 praecepisset,
2226 3745 2556 3790 convocatur
2598 3745 2777 3792 tamen
2830 3752 3103 3808 synagoga
3133 3755 3146 3792 :
3177 3738 3410 3807 requiri-

1835 3837 1923 3884 tur
1950 3828 2092 3883 enim
2123 3829 2178 3882 in
2219 3828 2518 3883 ordinando
2551 3829 2834 3884 sacerdote
2880 3829 3168 3898 praesentia
3199 3827 3404 3899 populi,

1835 3928 1895 3974 ut
1948 3920 2123 3975 sciant
2161 3934 2352 3974 omnes
2383 3927 2438 3974 et
2470 3919 2604 3974 certi
2642 3919 2749 3974 sint
2785 3919 2910 3989 quia
2942 3921 3032 3988 qui
3065 3919 3412 3988 praestantior

1834 4021 1918 4068 est
1944 4027 2012 4066 ex
2041 4010 2186 4067 omni
2212 4011 2426 4082 populo,
2455 4011 2688 4076 doctior,
2713 4011 2954 4067 sanctior
2973 4019 3028 4064 et
3053 4011 3257 4066 virtute
3277 4011 3410 4067 emi‘

1835 4101 2069 4170 nentior,
2091 4103 2417 4172 illeeligitur
2444 4104 2511 4158 ad
2535 4105 2916 4159 sacerdotium.
2945 4103 3098 4161 Lavit
3123 4119 3254 4175 ergo
3285 4119 3411 4167 eum

1834 4202 1889 4249 et
1939 4195 2131 4248 induit.
2172 4193 2326 4262 Quali
2381 4193 2742 4249 indumento?
2775 4195 2977 4259 tunica,
3024 4203 3080 4249 et
3127 4194 3414 4266 praecinxit

1835 4300 1958 4340 eum
1986 4301 2142 4339 zona.
2197 4285 2262 4340 Et
2317 4285 2510 4340 iterum
2543 4300 2558 4338 :
2597 4283 2812 4339 Vestivit
2842 4301 2960 4338 eum
3008 4286 3241 4339 tunicam
3271 4285 3412 4338 tala-

1837 4391 1942 4429 rem
1970 4375 2159 4447 (Eccli.
2184 4375 2332 4448 κων),
2351 4375 2456 4442 vel,
2484 4383 2546 4429 ut
2573 4375 2702 4429 alibi
2734 4375 2980 4444 legimus,
3009 4375 3303 4428 interiorem
3327 4373 3413 4444 (II

128 4466 430 4538 procedat,
475 4467 698 4535 etquod
727 4467 889 4522 corde
916 4467 1258 4536 conceperit,
1288 4481 1511 4536 eperum
1542 4481 1731 4520 exem-
1758 4505 1809 4564 ο
1838 4466 1966 4536 Reg.
2022 4466 2135 4537 xv).
2189 4464 2360 4521 Video
2405 4474 2586 4520 autem
2642 4464 2849 4518 duabus
2901 4463 3100 4518 tunicis
3163 4463 3414 4518 indutqu

127 4559 224 4634 plo
261 4557 530 4627 perﬁciat.
574 4557 740 4612 Datur
794 4565 848 4611 et
888 4556 954 4610 de
999 4557 1209 4626 privato
1244 4556 1490 4620 maxilla,
1521 4563 1580 4610 ut
1623 4556 1732 4610 elo-

127 4650 368 4722 quentia
411 4649 608 4717 polleat
641 4666 654 4703 :
691 4650 850 4704 datur
876 4657 931 4703 et
961 4657 1168 4715 venter,
1209 4657 1269 4702 ut
1319 4648 1588 4704 luxuriam
1635 4665 1729 4702 ex-

126 4745 382 4812 stinguat
399 4781 414 4806 ,
449 4750 502 4796 et
521 4741 697 4812 gulam
722 4751 1045 4797 contemnat.

205 4837 380 4892 Vens.
407 4833 497 4888 59..
522 4865 593 4874 ——
626 4828 946 4889 sacerdotis.
986 4832 1164 4905 (Ann)
1194 4835 1429 4898 Christi,
1465 4834 1520 4888 in
1543 4849 1726 4889 sacer-

134 4928 264 4982 dote
288 4925 528 4997 ﬁgurati.
565 4924 716 4979 Unde
741 4923 886 4980 solus
913 4925 1164 4979 sacerdos
1203 4931 1378 4994 potest
1396 4924 1723 4981 sacriﬁcium

134 5019 245 5075 hoc
279 5018 565 5086 petticere.
613 5015 856 5084 Incipere
895 5015 1040 5069 enim
1083 5015 1283 5070 bonum
1323 5024 1568 5070 nostrum
1596 5023 1720 5070 est:

135 5108 410 5180 perﬁcere
449 5114 505 5161 et
555 5105 623 5160 ad
669 5105 830 5159 ﬁnem
878 5105 1106 5168 ducere,
1151 5104 1345 5158 divinae
1389 5105 1575 5176 gratize
1621 5114 1722 5159 est.

142 5199 272 5254 Non
305 5206 382 5252 est
421 5196 636 5252 volentis
675 5211 836 5266 neque
875 5196 1156 5258 currentis,
1192 5195 1281 5249 sed
1320 5195 1413 5248 Dei
1448 5195 1738 5249 miserentis

140 5296 372 5364 dirigere
423 5295 653 5348 actiones
679 5310 692 5346 :
719 5291 860 5346 unde
881 5300 936 5345 et
956 5291 1239 5346 brachium
1281 5291 1372 5344 Dei
1409 5291 1733 5346 nominatur-

1839 4555 2170 4626 pontiﬁcem.
2203 4555 2360 4610 Jcsus
2397 4563 2574 4610 autem
2615 4555 2866 4624 prohibet
2893 4554 3166 4623 apostolos
3202 4553 3412 4610 duabus
3495 4567 3500 4573 '

1839 4647 2035 4700 tunicis
2082 4647 2249 4710 Indui,
2293 4660 2414 4700 cum
2461 4645 2668 4716 Moyses
2717 4652 2772 4700 et
2821 4643 3000 4720 Jesus,
3043 4645 3094 4700 id
3130 4654 3213 4700 est
3245 4645 3330 4701 lex
3358 4655 3414 4702 et

1839 4738 2186 4808 Evangelinm
2246 4739 2533 4793 convenire
2579 4739 2808 4793 debeant
2855 4737 3069 4810 (Matth.
3111 4738 3188 4810 x).
3221 4737 3416 4793 Dicunt

1837 4831 1928 4886 alii
1967 4831 2109 4900 quod
2137 4831 2292 4886 Jesus
2319 4831 2574 4901 praecepit
2623 4832 2756 4886 duas
2807 4831 3016 4885 tunicas
3045 4847 3148 4885 non
3189 4831 3410 4898 habere,

1829 4938 1934 4976 non
1964 4937 2081 4977 esse
2106 4922 2435 4976 contrarium
2473 4921 2595 4992 legi,
2641 4921 2733 4976 sed
2771 4921 3059 4992 perfectius
3085 4923 3239 4992 lege:
3273 4922 3414 4976 sicut

1829 5019 1883 5066 et
1905 5027 2024 5067 cum
2057 5013 2144 5064 lex
2172 5011 2519 5066 homicidium
2543 5019 2688 5066 vetat
2721 5011 2915 5084 (Exod.
2944 5012 3059 5084 xx),
3105 5012 3261 5067 Jesus
3285 5027 3413 5066 vero

1830 5105 2166 5160 iracundiam
2197 5111 2408 5158 resecat
2440 5102 2653 5175 (Matth.
2682 5102 2735 5176 ν)
2761 5122 2774 5170 ;
2824 5114 3020 5158 etcum
3050 5103 3132 5156 lex
3168 5101 3415 5172 prohibet

1839 5195 2160 5250 adulterium
2185 5235 2198 5257 ,
2254 5194 2410 5250 Jcsns
2451 5210 2580 5250 vero
2623 5195 3114 5266 concupiscentiam
3161 5191 3411 5248 abscidit.

1839 5285 1949 5355 Ego
1973 5301 2078 5340 non
2105 5285 2242 5340 intra
2271 5285 2430 5354 hujus
2466 5286 2826 5357 intelligentiae
2847 5285 3168 5357 angusﬁam,
3194 5285 3412 5355 pontiﬁ-

145 5388 304 5443 Unde
347 5394 495 5440 recte
535 5400 745 5439 armum
776 5383 892 5452 vel,
916 5383 1070 5454 juxta
1111 5381 1252 5436 LXX
1281 5401 1292 5435 :
1323 5382 1602 5436 brachium
1647 5397 1738 5438 ac-
1838 5379 1971 5433 calia
2002 5387 2338 5432 sacramenta
2367 5377 2664 5433 concludo:
2697 5378 2924 5449 amplius
2949 5378 3078 5432 mihi
3117 5376 3318 5446 aliquid
3347 5391 3414 5430 ex

139 5478 311 5533 canit.

251 5494 311 5532 ιι.

211 5494 387 5622 ‘Vens.
420 5566 509 5622 53.
537 5596 608 5608 —-
649 5565 752 5631 Qui
787 5565 1024 5620 obtulerit
1065 5537 1402 5634 sanguinem,
1434 5571 1539 5618 etc.
1576 5559 1735 5618 Chri-

145 5670 264 5716 stus
285 5661 499 5731 est,qni
518 5673 707 5714 verum
729 5658 1040 5730 sanguinem
1063 5654 1409 5727 paciﬁcorum
1431 5663 1484 5708 et
1501 5655 1732 5724 adipem,

148 5752 363 5806 animas
394 5751 598 5808 scilicet
621 5759 676 5805 et
702 5749 900 5807 desidet
919 5751 964 5806 ia
991 5744 1305 5801 salutarium
1331 5743 1482 5800 oii'crt
1499 5784 1512 5810 ,
1533 5745 1622 5815 qui
1653 5753 1736 5800 cst

1842 5470 1943 5524 ista
1997 5468 2168 5523 forma
2214 5470 2425 5525 videtur
2470 5470 2700 5524 ostendi.
2755 5469 2974 5524 Sciebat
3012 5468 3255 5538 pontifex
3302 5465 3410 5529 ille,

1841 5576 1999 5630 quem
2026 5569 2152 5615 tunc
2179 5561 2461 5616 ordinabat
2498 5560 2692 5626 Moses,
2737 5561 2861 5629 quia
2889 5559 3232 5614 circumcisio
3270 5563 3414 5611 esset

1841 5652 2170 5722 spiritualis:
2215 5652 2464 5708 servabat
2507 5662 2685 5707 tamen
2713 5660 2768 5707 et
2808 5652 3269 5707 circumcisionem
3293 5663 3414 5705 car-

1844 5744 1952 5810 nis,
2000 5745 2122 5814 quia
2168 5745 2576 5800 incircumcisns
2617 5759 2735 5800 esse
2775 5759 2880 5799 non
2908 5751 3152 5814 poterat,
3204 5739 3417 5800 habebat

3984 4709 3985 4766 l

3984 4809 3985 4846 ι

3983 4849 3985 4898 4

3983 4947 3985 4984 l

3984 5169 3985 5228 l
