3998 6332
643 331 750 386 519

1151 327 1547 386 WALAFRIDI
1586 326 1833 384 STRABI
1872 324 2076 382 FULD.
2118 323 2227 380 ΜΟ]

2331 281 2493 378 opp.
2519 318 2701 376 PARS
2739 319 2780 374 ι.
2819 348 2890 360 -
2929 317 3382 377 THEOLOGICA.
3753 335 3820 394 δίο

643 458 773 514 ergo
810 445 942 500 duas
961 445 1193 509 tunicas,
1224 460 1386 499 unam
1415 443 1647 499 carnalis
1671 435 1946 513 mySterii,
1965 441 2125 495 aliam
2153 439 2236 493 in-
2261 440 2312 500 Α
2339 437 2501 490 cinxit
2529 452 2714 490 zonam
2763 445 2812 490 et
2840 436 3035 491 vestivit
3071 453 3189 492 eum
3238 436 3530 508 epomidem.
3573 441 3824 508 lncamatio-

645 532 956 605 tc‘lligentiaa
985 533 1296 604 spiritualis.
1345 533 1462 589 Non
1488 534 1631 589 enim
1657 537 1872 602 poterat
1903 546 2023 586 esse
2058 529 2234 601 ponti-

646 623 738 680 fex
786 640 974 680 eorum
1007 625 1097 694 qui
1150 633 1278 679 tunc
1317 632 1515 689 erant,
1548 623 1653 678 nisi
1685 622 1922 678 carnalia
1967 619 2232 676 sacriﬁcia

645 713 884 780 oﬁ‘erret,
913 715 1160 785 quamvis
1184 714 1484 784 spiritualia
1513 729 1633 769 esse
1658 715 1854 768 debere
1881 712 2063 768 sciret.
2093 711 2234 765 Con-

646 809 926 864 venienter
955 822 1084 878 ergo
1110 807 1346 862 habebat
1388 805 1521 859 duas
1558 805 1788 859 tunicas.
1835 802 2074 872 Apostoli
2104 815 2234 855 vero

646 901 737 973 qui
762 901 954 957 dicturi
1003 909 1195 956 erant':
1233 899 1294 954 Si
1335 898 1790 963 circumcidimini,
1842 895 2078 951 Christus
2104 893 2233 948 nihil

645 998 790 1052 vobis
828 997 1057 1068 proderit
1097 993 1239 1067 (Gal.
1277 993 1356 1064 v),
1387 1003 1443 1048 et
1490 992 1784 1048 litteralem
1833 989 2230 1046 observantiam

644 1091 860 1159 penitus
889 1089 1247 1160 reprobaturi,
1277 1088 1471 1143 merito
1500 1087 1633 1141 duas
1661 1085 1872 1140 tunicas
1893 1084 2094 1138 habere
2115 1095 2234 1151 pro-

645 1183 934 1247 hibentur;
976 1181 1171 1237 suﬁicit
1211 1182 1291 1237 eis
1334 1197 1478 1242 una,
1529 1189 1584 1234 et
1633 1181 1749 1234 haec
1799 1176 2060 1240 interior,
2110 1190 2229 1230 eam

643 1291 773 1330 vero
800 1292 920 1346 qua:
953 1276 1085 1332 foris
1118 1283 1200 1330 est
1225 1274 1358 1346 legis
1389 1273 1624 1327 tunicam
1668 1272 1875 1334 nolunt,
1909 1269 2035 1340 quia
2067 1283 2228 1322 unam

641 1365 800 1420 Jesus
827 1375 883 1420 et
910 1367 1082 1436 ipsam
1114 1365 1426 1420 interiorem
1453 1363 1652 1417 habere
1677 1361 1964 1433 permittit.
2149 1431 2153 1434 _

719 1457 880 1514 Vens.
922 1447 974 1514 6.
1009 1489 1080 1499 ——
1104 1457 1338 1528 Cumque
1364 1455 1590 1511 lavisset.
1623 1455 1874 1527 (HIERON.
1912 1454 2001 1509 ubi
2023 1453 2228 1526 supra.)

641 1548 762 1605 Jam
818 1559 946 1605 tunc
980 1550 1359 1621 purgationem
1400 1549 1626 1615 mundi,
1674 1556 1800 1612 etc.,
1860 1564 2024 1619 usque
2069 1546 2139 1599 ad
2171 1536 2237 1624 ut:

641 1641 786 1710 quod
809 1648 989 1696 mente
1015 1641 1368 1710 concipimus,
1399 1653 1562 1710 Opere
1586 1648 1977 1710 perpetremus.

715 1731 916 1800 (Ome,
958 1731 1098 1785 hom.
1131 1733 1164 1786 6
1197 1733 1251 1786 in
1289 1731 1478 1802 Lavit.)
1523 1731 1690 1786 Lavet
1724 1740 1774 1786 te
1825 1730 2055 1804 Moyses,
2095 1739 2225 1799 etc.,

645 1840 808 1894 usque
831 1824 899 1877 ad
925 1823 1072 1894 quali
1102 1824 1293 1878 ordine
1321 1822 1563 1894 pontifex
1593 1822 1972 1878 constituatur.

715 1913 880 1968 Vsus.
930 1913 982 1966 '7.
1029 1943 1099 1953 ——
1159 1911 1386 1967 l’estivit.
1442 1911 1716 1984 (Ηιειιοιηη
1755 1911 1922 1990 ibid.)
1951 1911 2241 1984 Discamus,

641 2006 795 2076 prius
816 2019 1131 2060 communes
1168 2004 1510 2061 sacerdotum
1551 1992 1752 2069 vestes,
1799 2012 1929 2069 etc.,
1969 2020 2134 2078 usque
2163 2003 2232 2057 ad

642 2099 767 2170 quia
798 2098 851 2153 in
879 2097 982 2153 tela
1011 2114 1116 2152 non
1147 2105 1326 2168 potest
1355 2096 1470 2152 ﬁeri
1500 2093 1808 2172 huiusmodi
1837 2110 1992 2173 opus.
2225 2081 2229 2085 ζ

650 2195 658 2206 ·
716 2186 836 2259 (ἰυ.)
885 2186 1132 2242 Secunda
1161 2197 1244 2242 est
1277 2203 1345 2241 ex
1383 2186 1491 2242 lino
1532 2186 1782 2256 poderis,
1829 2185 1882 2240 id
1923 2192 2008 2240 est
2042 2185 2232 2255 talaris

641 2277 840 2348 duplici
884 2278 1124 2348 syndone
1149 2318 1164 2343 ,
1213 2293 1375 2347 quam
1417 2276 1686 2346 Josephus
1731 2283 1888 2332 vocat
1929 2261 2238 2346 byssinam,

640 2366 757 2423 haec
782 2367 1018 2424 adhaeret
1043 2368 1258 2438 corpori
1300 2368 1374 2422 ita
1402 2377 1550 2423 arcta
1581 2376 1638 2422 et
1661 2363 1867 2422 strictis
1892 2367 2138 2433 manicis,
2172 2375 2232 2421 ut

639 2458 784 2512 nulla
809 2459 862 2513 in
901 2469 1055 2514 veste
1082 2475 1212 2529 ruga
1244 2457 1338 2525 sit,
1366 2466 1422 2512 et
1445 2473 1616 2526 usque
1641 2458 1709 2512 ad
1737 2473 1897 2512 crura
1919 2457 2226 2531 descendat.

641 2548 801 2605 'l'ales
830 2549 1004 2604 solent
1035 2549 1236 2605 habere
1267 2549 1466 2603 milites
1498 2548 1672 2603 lineas
1694 2563 1829 2619 quas
1857 2548 2108 2603 camisias
2133 2564 2227 2603 vo-

635 2648 790 2706 cant,
813 2649 966 2710 aptas
999 2640 1258 2694 membris
1288 2647 1343 2694 et
1380 2639 1656 2703 astriCtas,
1675 2624 1746 2692 ut
1769 2638 1836 2694 ad
1857 2639 2037 2717 omnia
2062 2653 2226 2717 expe-

638 2731 740 2785 diti
781 2733 912 2785 sint.
955 2731 1068 2786 llac
1092 2731 1402 2786 sacerdotes
1449 2737 1675 2784 utuntur
1721 2730 1924 2796 tunica,
1970 2713 2230 2786 habentes

637 2818 958 2874 vestitorum
987 2819 1464 2890 pulchritudinem,
1494 2827 1549 2875 et
1572 2819 1840 2876 nudorum
1866 2819 2224 2879 celeritatem.

641 2925 761 2980 quae
785 2909 980 2966 dicitur
1003 2911 1166 2966 linea.

710 3001 950 3075 Tertium
982 3004 1278 3076 cingulum,
1320 3007 1590 3078 serpentis
1617 3007 1740 3086 pelli
1766 3023 1928 3080 quam
1952 3008 2005 3086 in
2039 3016 2232 3084 testate

639 3093 791 3149 exuit
818 3095 1173 3163 simillimum,
1215 3107 1275 3154 ut
1325 3099 1541 3171 longum
1582 3084 1912 3170 marsppium
1948 3084 2001 3156 in
2032 3109 2226 3157 rotun-

2335 541 2460 580 nem
2491 524 2691 582 Christi
2733 527 3068 595 exsequitur.
3103 526 3298 583 Totum
3318 529 3459 584 enim
3488 530 3722 594 hominem
3740 557 3820 600 sus.

2335 620 2498 690 cepit,
2553 635 2750 690 corpus
2776 620 2981 676 scilicet
3007 627 3062 675 et
3082 622 3354 690 animam;
3383 627 3597 683 tunicam
3619 641 3821 698 terrenum

2335 710 2644 781 appellavit,
2684 711 2810 780 quia
2838 711 2904 766 de
2933 721 3098 767 terra.
3119 721 3240 779 est;
3275 717 3562 784 epomidem
3601 699 3820 794 caelestum

2333 804 2458 872 quia
2485 806 2687 876 ὑπωμίς
2719 804 2937 875 poderis
2961 813 3064 860 est.
3106 805 3171 860 Et
3198 807 3546 877 hyacinthina,
3574 815 3654 883 qui
3685 826 3820 876 estco-

2334 892 2416 980 lor
2449 893 2684 948 caelestis
2716 911 2730 947 :
2765 902 3054 964 utrumque
3074 895 3219 950 enim
3244 899 3496 969 suscepit,
3537 911 3587 957 et
3611 911 3820 980 utrumque

2334 979 2580 1035 salvavit.

2403 1072 2680 1146 (Hreno-4.)
2716 1074 2774 1129 In
2809 1076 2990 1131 tunica
3027 1077 3404 1148 hyacinthina,
3435 1083 3564 1137 mala
3585 1084 3762 1154 Punica,
3786 1099 3823 1148 et

2333 1162 2728 1219 tintinnabula:
2771 1166 2895 1234 quia
2931 1173 3079 1220 tanta
3118 1168 3277 1223 debet
3302 1184 3420 1224 esse
3447 1174 3686 1240 pontiﬁcis
3707 1179 3824 1234 scien-

2332 1253 2427 1319 tia,
2487 1262 2544 1308 ut
2564 1269 2780 1324 gressus
2806 1257 2924 1326 ejus
2955 1264 3008 1312 et
3037 1266 3216 1313 motus
3240 1268 3294 1315 et
3321 1263 3497 1316 omnia
3533 1265 3706 1320 vocalia
3736 1269 3819 1334 sint,

2331 1352 2387 1398 et
2415 1345 2720 1411 veritatem,
2748 1362 2908 1417 quam
2937 1356 3116 1403 mente
3141 1352 3410 1420 concepit,
3449 1353 3620 1409 habitu
3645 1369 3818 1426 resonet;

2330 1435 2592 1506 quidquid
2623 1439 2752 1508 agit,
2801 1438 3064 1510 quidquid
3091 1439 3348 1511 loquitur,
3392 1445 3620 1501 doctrina
3641 1448 3712 1502 sit.
3735 1448 3820 1504 Sine

2331 1519 2729 1596 tintinnabulis,
2777 1530 3047 1586 coloribus
3077 1531 3326 1599 diversis,
3358 1537 3600 1606 gemmis,
3639 1536 3818 1596 ﬂoribus-

2329 1632 2434 1688 que
2459 1620 2720 1676 virtutum
2787 1635 2888 1677 nec
2907 1623 2962 1702 in
2984 1621 3282 1704 Ecclesiam
3304 1625 3602 1698 ingreditur,
3639 1643 3818 1698 uecpoa-

2331 1711 2462 1768 tifex
2486 1722 2590 1768 est.

2251 1813 2300 1874 Β
2401 1805 2707 1872 Humeralc,
2735 1815 2842 1887 etc.
2895 1808 3120 1887 (Ome)
3153 1809 3413 1885 Imposuit
3437 1812 3627 1884 Moyses
3647 1815 3816 1884 pontiﬁci

2333 1885 2794 1976 superbumerale,
2841 1901 2984 1970 quod
3008 1909 3094 1957 est
3116 1885 3488 1958 humerorum
3512 1920 3573 1958 ex
3596 1904 3818 1959 circumdu-

2333 1990 2512 2046 ctiOne
2533 1993 2702 2048 vestis
2719 2001 2945 2068 ornatus
2977 2011 2989 2048 :
3038 1994 3254 2050 humeri
3279 2002 3454 2050 autem
3471 1994 3660 2066 (laboris
3681 2004 3722 2049 et
3739 2009 3818 2063 ope-

2331 2083 2409 2139 ris
2457 2085 2653 2141 indicra
2683 2094 2828 2142 sunt.
2886 2084 3016 2141 Vult
3041 2102 3170 2156 ergo
3219 2087 3522 2158 pontiﬁcem
3561 2088 3610 2142 in
3642 2087 3819 2158 operibus

2331 2189 2451 2230 esse
2475 2165 2766 2250 ornatum:
2807 2193 2916 2251 non
2957 2177 3100 2232 enim
3131 2173 3327 2250 sumcit
3369 2178 3478 2234 sola
3518 2169 3731 2241 scientia,
3763 2175 3820 2230 sed

2331 2265 2420 2337 qui
2448 2267 2628 2340 fecerit
2670 2279 2718 2322 et
2747 2269 2985 2323 docuerit
3024 2268 3108 2344 hic
3143 2285 3367 2340 magnus
3399 2270 3643 2338 vocabitur
3660 2257 3702 2338 ’(1
3731 2265 3816 2320 Tim.

2331 2355 2392 2414 ιιι
2416 2376 2430 2426 ;
2459 2359 2649 2434 Matth.
2677 2361 2754 2434 v).
3251 2351 3276 2358 “’

2404 2451 2860 2524 δαρετιηιηιεναιε.
2915 2457 3122 2529 (“ll-In.)
3174 2453 3612 2530 Superhumerale
3654 2451 3819 2530 et‘duts

2331 2543 2548 2620 lapides.
2580 2547 2953 2619 smaragdinos
2999 2550 3084 2605 vel
3134 2551 3471 2623 onychinos,
3529 2546 3610 2616 qui
3658 2544 3819 2610 ἀθευνετ

2331 2637 2587 2717 humeros
2633 2648 2849 2720 tegunt,
2897 2643 3330 2714 interpretantur
3373 2641 3476 2700 duo
3514 2633 3820 2703 hemisphazria.

2331 2743 2561 2798 quorum
2612 2731 2757 2787 aliud
2785 2748 2951 2804 super
2994 2744 3198 2810 terram
3223 2777 3239 2801 ,
3283 2733 3427 2790 aliud
3469 2731 3561 2788 sub
3601 2736 3740 2788 terra;
3768 2720 3819 2776 νει

2330 2819 2499 2876 solem
2524 2830 2580 2876 et
2605 2821 2785 2876 lunam
2814 2823 2907 2894 qui
2940 2827 3172 2896 desuper
3200 2825 3442 2900 rutilant.

2401 2909 2524 2982 (-10.)
2573 2912 2688 2966 Duo
2725 2913 2929 2984 lapides
2987 2915 3043 2970 in
3095 2899 3524 2986 superbumerali
3571 2907 3765 2984 Christus
3786 2911 3819 2956 et

2331 3001 2595 3069 Ecclesia,
2632 3003 2913 3073 duo-decim
2958 3007 3332 3078 apostolorum
3375 3006 3464 3076 qui
3488 3003 3547 3058 ad
3572 2993 3820 3072 praedicatio-

2331 3107 2456 3149 nem
2477 3094 2628 3150 missi
2645 3104 2770 3175 sun‘t
2792 3085 3008 3175 nomina
3034 3078 3498 3175 continentes,_vel
3521 3092 3672 3175 littera
3693 3093 3735 3140 et
3753 3081 3820 3175 spi-

637 3181 764 3238 dum
795 3193 1024 3252 textum,
1059 3189 1159 3244 sub
1187 3167 1442 3260 tegmine-
1455 3177 1632 3255 cocci,
1677 3167 1950 3262 purpurae,
1999 3167 2302 3268 hyacin-lC
2335 3186 2562 3256 ritusin
2586 3170 2782 3258 quibus
2806 3174 2988 3244 omnia
3013 3177 3150 3261 legis
3170 3169 3470 3262 mysteria;
3502 3167 3731 3256 ειίάθιιῑίε
3751 3174 3819 3268 ⁵Ρίῖ

636 3275 733 3339 thi,
768 3283 826 3330 et
866 3278 1050 3348 byssi:
1103 3289 1324 3352 propter
1351 3281 1604 3338 decorem
1627 3291 1683 3338 et
1706 3282 2104 3351 fortitudinem,
2151 3285 2228 3341 ita

634 3368 890 3440 polymite
917 3369 1230 3427 distinctum
1255 3414 1286 3448 ,ί
1315 3381 1374 3428 ιιι
1414 3373 1656 3440 diversos
1687 3375 1847 3440 ﬂores
1887 3383 1942 3432 et
1986 3359 2236 3448 gemmas.

633 3458 858 3514 artiﬁcis
888 3475 1050 3515 manu
1078 3477 1184 3517 non
1211 3447 1474 3536 intextas,
1511 3450 1619 3520 'sed
1648 3465 1860 3532 additas
1899 3447 2079 3538 putes.
2113 3450 2230 3524 Hoc

635 3548 816 3604 balteo
847 3543 986 3606 inter
1013 3551 1328 3624 umbilicum
1355 3561 1411 3624 et
1451 3563 1644 3624 pectus
1684 3554 1824 3611 linea
1851 3559 2030 3614 tunica
2056 3559 2227 3615 strin-

635 3642 803 3712 gitur,
839 3644 930 3714 qui
961 3654 1192 3715 quatuor
1225 3637 1516 3717 digitorum
1558 3632 1764 3705 habens
1803 3631 2143 3708 latitudinem
2175 3635 2229 3709 et

637 3748 834 3803 magna
866 3730 935 3790 ex
963 3746 1118 3806 parte
1157 3731 1240 3792 ad'
1269 3731 1427 3793 crura
1465 3725 1838 3808 descendens,
1862 3757 1983 3796 cum
2012 3723 2238 3812 expedis.

638 3825 785 3880 tione
811 3827 879 3881 ad
905 3828 1174 3884 sacriﬁcia
1203 3845 1341 3908 opus
1362 3823 1566 3910 est,gin'
1585 3831 1777 3887 laevum
1817 3834 2103 3895 humerum
2145 3817 2232 3890 re;

641 3923 944 3985 torquetur.

709 4005 984 4082 (HIERON.)
1013 4012 1274 4079 Quartum
1309 4015 1739 4095 est‘rotundum,
1785 4023 1919 4080 etc.,
1971 4033 2132 4087 usque
2159 4018 2234 4097 αα¹

637 4101 818 4156 statim
844 4103 1158 4158 moriturus.
1787 4104 1792 4112 '

662 4203 668 4210 '
712 4194 834 4267 (ιιι.)
865 4196 1089 4253 Sextum
1127 4197 1413 4267 Hebraice,
1455 4209 1584 4276 etc.,
1625 4217 1790 4272 usque
1814 4201 1883 4278 ad
1912 4201 1964 4255 in
1990 4201 2231 4279 humeris

637 4296 837 4358 portet.
1523 4297 1526 4300 ‘

668 4455 672 4458 _
711 4377 834 4452 (lo.)
860 4379 1159 4451 Septimum
1183 4381 1464 4452 parvulum
1490 4390 1590 4450 est,
1614 4391 1747 4448 etc.,
1771 4397 1934 4453 usque
1961 4381 2032 4435 ad
2047 4388 2103 4436 et
2125 4396 2230 4437 una

638 4483 852 4532 textura
877 4477 1184 4536 videntibus
1211 4488 1516 4551 putaretur.

721 4566 840 4641 (lo.)
871 4570 1072 4626 Octava
1101 4581 1185 4627 est
1221 4571 1420 4627 lamina
1453 4588 1636 4640 aurea,
1665 4582 1794 4642 etc.,
1845 4591 2006 4645 usque
2043 4573 2112 4628 ad
2142 4581 2227 4629 to-

640 4675 856 4736 tamque
893 4665 1164 4736 pontiﬁcis
1192 4665 1662 4736 pulchritudinem
1710 4667 1809 4731 Dci
1842 4682 2039 4724 nomen
2070 4681 2229 4722 coro-

561 4743 564 4747 ’
640 4764 732 4811 net
755 4764 810 4809 et
830 4763 1095 4824 protegat.

711 4845 848 4900 Mala
873 4855 1052 4900 autem
1080 4845 1283 4901 Punica
1316 4855 1371 4901 et
1397 4845 1756 4903 tintinnabula
1786 4848 1840 4902 in
1879 4847 2226 4903 inferioribus

638 4939 813 5012 posita
843 4938 1054 5008 fulgura
1102 4937 1480 4993 demonstrant
1509 4947 1565 4993 ct
1592 4939 1851 5004 tonitrua,
1898 4938 1984 4992 vel
2020 4946 2224 4993 terram

637 5040 694 5087 et
715 5045 911 5101 aquam
937 5037 992 5085 et
1020 5030 1202 5085 omnia
1226 5029 1492 5084 elementa
1517 5027 1656 5083 inter
1687 5043 1744 5082 se
1773 5028 2146 5094 consonantia,
2171 5035 2227 5082 et

641 5120 720 5175 sic
748 5119 850 5175 sibi
884 5119 1158 5190 perplexa,
1185 5128 1246 5174 ut
1271 5118 1384 5174 sint
1407 5117 1461 5172 in
1489 5115 1715 5187 singulis
1741 5116 1944 5172 omnia.

669 5205 672 5208 ’
712 5209 985 5281 (Ιιιειιοιπ.)
1015 5210 1228 5266 Hebraei
1273 5216 1508 5280 quatuor
1535 5207 1762 5274 colores,
1789 5215 1922 5276 etc.,
1962 5225 2124 5278 usque
2151 5209 2222 5262 ad

637 5301 977 5374 providentia
1006 5308 1252 5372 penetrat
1289 5299 1562 5354 universa.

712 5383 916 5462 (0310.,
947 5392 1087 5446 hom.
1111 5391 1144 5446 6
1175 5392 1229 5445 in
1258 5389 1441 5456 Levit.)
1496 5389 1554 5445 In
1583 5389 1789 5457 Exodo,
1835 5391 1924 5446 ubi
1950 5391 2016 5446 de
2042 5406 2224 5446 sacer-

639 5483 906 5539 dotalibus
934 5483 1223 5538 mandatur
1247 5481 1508 5546 vestibus,
1547 5490 1679 5546 etc.,
1714 5499 1874 5552 usque
1911 5482 1982 5537 ad
2010 5497 2076 5537 ne
2106 5497 2202 5537 san

637 5587 785 5632 ctum
813 5577 968 5632 detur
993 5574 1218 5630 canibus
1245 5581 1300 5629 et
1324 5573 1601 5644 magaritm
1623 5581 1896 5643 ponantur
1940 5581 2066 5629 ante
2093 5588 2223 5644 por-

641 5685 734 5724 cos
774 5667 966 5744 (Marc.
1004 5666 1124 5739 vn).
1316 5667 1318 5669 ’

669 5753 672 5756 ’
713 5759 777 5814 Et
810 5759 1089 5825 inducens,
1133 5769 1238 5815 etc.
1292 5757 1435 5814 LXX
1466 5776 1477 5814 :
1513 5757 1692 5814 Induit
1743 5761 1972 5817 tunicam
2009 5769 2055 5816 ct
2085 5776 2224 5831 prte-

751 5983 798 6020 ἢ

2331 3276 2492 3343 ritus,
2525 3291 2554 3331 a
2596 3277 2832 3334 sinistris
2879 3278 3059 3335 littera
3083 3279 3168 3352 (II
3197 3261 3324 3337 Cor.
3350 3277 3452 3351 ιιι).
3482 3276 3578 3333 Ρει·
3602 3273 3763 3328 litteras
3779 3261 3819 3316 ad

2330 3366 2514 3440 verba,
2542 3383 2642 3439 per
2664 3370 2830 3424 verba
2855 3371 3103 3426 venimus
3125 3371 3194 3426 ad
3239 3386 3475 3428 sensum.
3516 3363 3709 3422 Pulcher
3735 3355 3820 3412 orJO

2330 3459 2450 3529 ipso
2499 3460 2690 3515 habitu
2743 3472 3082 3518 sacramenta
3137 3463 3493 3534 signiﬁcans:
3554 3457 3602 3511 in
3646 3445 3816 3508 humeris

2331 3564 2516 3620 opera,
2545 3551 2600 3604 in
2636 3561 2855 3622 pectore
2877 3553 3040 3622 ratio,
3086 3554 3228 3610 unde
3253 3565 3309 3612 et
3347 3545 3819 3625 pectusculum‘come-

2331 3641 2467 3697 dunt
2493 3644 2824 3700 sacerdotes.
3055 3631 3058 3634 ’
3234 3631 3239 3634 ’
3379 3643 3384 3648 ’
3481 3630 3483 3632 ’

2349 3749 2352 3752 ’
2405 3727 2568 3790 Vsus.
2599 3736 2651 3791 8.
2669 3767 2745 3815 A——-
2773 3721 2926 3815 Quod
2972 3738 3285 3815 astringcns.
3333 3734 3528 3814 (0mm,
3574 3729 3648 3788 ulti
3681 3719 3819 3791 supra.)

2331 3825 2513 3881 Cinxit
2534 3813 2974 3884 cumsecundum
3019 3813 3287 3893 facturam
3313 3813 3607 3886 humeralis.
3631 3825 3732 3876 ειοοι

2330 3903 2430 3987 que
2461 3918 2531 3971 ad
2581 3919 2706 3988 quia
2747 3919 3043 3975 secundum
3087 3905 3254 3990 opera
3303 3935 3397 3976 sua
3435 3911 3632 3992 cingulo
3672 3902 3820 3957 virtutis

2333 4007 2523 4062 utitur.
2637 4003 2642 4016 ³
3009 3997 3014 4001 ’
3180 3997 3184 4000 ’
3389 3998 3394 3999 ί

2402 4086 2612 4172 Aptavit
2641 4100 2919 4176 rationali,
2950 4110 3055 4156 etc.
3089 4100 3367 4174 (l-ltsnox.)
3413 4088 3670 4178 Rationale
3691 4085 3732 4178 in
3753 4088 3820 4131 ωε·

2331 4191 2422 4247 dio
2448 4191 2703 4262 positum,
2746 4178 2945 4248 terram
2978 4194 3194 4275 indicat,
3229 4179 3350 4264 quae
3373 4176 3820 4275 instarpunt‘ilhwm

2251 4313 2256 4318 -
2331 4277 2511 4340 omnia
2537 4285 2591 4340 in
2618 4301 2678 4342 se
2708 4286 2922 4351 habeat,
2955 4271 3164 4342 cunctis
3186 4287 3419 4342 vallatur
3443 4271 3707 4350 elementis

2403 4373 2606 4446 (Omo.,
2628 4377 2715 4430 ubi
2753 4376 2960 4447 supra.)
2984 4375 3241 4448 Imposuit
3269 4391 3433 4448 super
3460 4383 3582 4449 eum.
3603 4359 3755 4431 Ιοεὶοην
3775 4351 3821 4402 λο·

2331 4487 2455 4538 γιον,
2479 4453 2606 4544 etc.,
2630 4484 2793 4538 usque
2816 4467 2884 4521 ad
2913 4467 3048 4523 nihil
3075 4469 3219 4522 enim
3247 4477 3370 4527 post
3400 4467 3511 4521 haec
3533 4449 3743 4526 adlici!”
3759 4452 3819 4493 c"

2331 4555 2429 4628 piti
2460 4559 2756 4628 pontiﬁcis.

2405 4648 2677 4718 (HIERON.,
2708 4650 2798 4703 ubi
2847 4649 3054 4721 supra.)
3087 4649 3371 4725 Rationale
3415 4641 3612 4720 duplex:

2331 4745 2388 4792 et
2408 4709 2804 4805 absconditum,
2844 4709 2976 4806 etc.,
3007 4709 3169 4810 usque
3195 4739 3264 4794 ad
3307 4709 3462 4816 et'hlis
3484 4709 3822 4802 precedenm

2332 4829 2578 4884 doctrina
2605 4839 2658 4885 et
2679 4817 2880 4886 veritas
2907 4840 3184 4900 sequatur.
3757 4889 3765 4900 ,

2403 4920 2526 4991 (ιυο)
2552 4920 2841 4976 Duodecim
2869 4899 3088 4991 lapides,
3115 4930 3244 4987 etc.,
3291 4933 3450 4998 usque
3469 4911 3536 4967 ad
3562 4900 3694 4962 nobis
3711 4899 3823 4948 scien-

2331 5014 2462 5070 tiam
2502 5015 2927 5070 demonstrante.
2959 5008 2961 5010 ’
3267 5029 3274 5037 ·
3509 5014 3513 5016 ’

2406 5103 2588 5160 Posuit
2611 5105 2882 5171 laminam.
2933 5103 3055 5175 (ln.)
3087 5105 3228 5160 Nihil
3277 5102 3490 5176 prodest
3519 5081 3822 5176 omnium

2331 5198 2495 5264 ditio,
2532 5198 2634 5253 nisi
2674 5196 2765 5252 Dei
2795 5197 3023 5263 scientia
3069 5206 3378 5261 coronetur,
3428 5161 3822 5272 questiml’ﬁﬂfi‘

2330 5288 2382 5342 ei
2411 5258 2534 5344 cum
2563 5287 2762 5344 Patre:
2797 5287 2939 5356 unde
2981 5261 3238 5364 laminam
3270 5258 3673 5358 super—cidaﬁm
3707 5258 3824 5318 im”

2331 5381 2457 5437 suit.
3371 5371 3378 5378 ’

3203 5473 3210 5474 ,
3320 5471 3330 5474 _
3365 5469 3378 5474 -
3535 5452 3596 5474 de
3626 5435 3823 5474 -nurﬂlﬂ'

2402 5473 2524 5547 (lo.)
2550 5473 2866 5546 [inperfecta
2899 5482 3025 5530 sunt
3068 5473 3250 5529 omnia
3281 5469 3390 5540 nisi.
3428 5452 3597 5565 οιιηξυξ
3903 5521 3905 5565 ι

2333 5569 2538 5640 auriga,
2598 5577 2652 5625 et
2689 5584 2854 5640 super
2882 5575 3163 5623 creaturas
3188 5566 3411 5622 Creator
3455 5531 3822 5657 insistenimtsi';
3903 5531 3905 5657 Ξ

2335 5626 2483 5731 ipse:
2513 5626 2605 5732 qui
2653 5626 2912 5716 condidit.
2965 5658 3118 5726 Quod
3148 5657 3276 5713 olim
3317 5656 3370 5710 in
3417 5626 3820 5754 laminaL‘Xufg:
3903 5627 3905 5754 1

2337 5756 2488 5826 signo
2518 5755 2694 5813 υίύυίδ
2719 5751 3052 5812 “mimum:
3085 5749 3372 5822 Pretiosior
3397 5748 3476 5802 cst
3501 5730 3690 5797 sanng
3711 5723 3805 5765 0W"
