3998 6332
156 372 267 429 εει

1165 369 1435 429 GLOSSA
1471 369 1876 461 ORDINARID.
1913 400 1986 412 —
2020 370 2150 427 LIB.
2189 370 2415 429 LEVIT.

3346 380 3454 437 322

155 488 298 563 gelii
328 502 465 545 auro
491 485 665 558 legis;
724 493 853 543 tunc
871 484 1029 556 juxta
1069 486 1412 545 Ezechielem
1440 488 1657 560 signum
1679 503 1775 560 ge-
1800 491 1851 551 Α
1880 492 2062 552 natur,
2109 486 2237 558 quia
2264 494 2388 558 post
2415 500 2613 559 agnum
2647 486 2704 542 in
2743 498 2900 543 ctena
2926 486 3280 561 immolatum,
3310 495 3456 565 acip-

156 579 449 636 mentibus
471 577 742 650 ﬁgehatur
764 578 819 633 in
843 577 1021 637 fronte
1041 579 1172 636 thau
1196 578 1414 652 (Ezech.
1437 580 1555 652 Vill)
1583 599 1596 635 :
1623 594 1769 635 nunc

154 677 454 740 portantes
488 680 704 725 crucem
729 667 996 723 dicimus:
1040 665 1317 739 Signatum
1361 678 1438 725 est
1476 686 1632 741 super
1670 684 1765 725 uos
1810 683 1818 693 '

156 757 351 817 lmen
378 757 577 824 vultus,
608 756 852 825 Domine,
884 766 991 813 etc.
1015 758 1188 831 (Psal.
1215 760 1290 832 tv)
1358 822 1363 829 O

238 849 379 907 Auri
411 849 612 905 lamina
639 850 694 905 in
720 849 898 906 fronte
921 850 1218 919 pontiﬁcis,
1246 858 1303 906 et
1328 866 1525 908 nomen
1552 852 1647 907 Dei
1675 853 1763 906 in-

160 943 479 1014 scriptum;
519 943 702 999 omnia
740 956 862 1012 quae
889 957 1053 1014 super
1094 950 1299 999 terram
1341 952 1469 1001 sunt
1496 945 1593 1001 Dei
1620 946 1766 1002 arbi-

161 1035 280 1093 trio
302 1034 597 1105 gubernari
618 1034 946 1106 signiﬁcant.
974 1032 1187 1096 Iustum
1209 1037 1354 1093 enim
1379 1048 1499 1094 erat
1528 1046 1589 1093 ut
1635 1054 1768 1109 pon-

164 1126 307 1182 tifex
355 1126 489 1192 Dei,
533 1134 903 1182 creaturarum
931 1127 1173 1183 omnium
1218 1136 1402 1199 typum
1430 1139 1656 1199 portans
1708 1131 1762 1186 in

162 1218 418 1274 vestibus
438 1216 553 1273 suis
572 1258 589 1280 ,
622 1217 887 1272 indicaret
921 1226 1115 1274 cuncta
1142 1219 1239 1275 Dei
1280 1219 1653 1277 misericordia
1683 1221 1763 1275 in-

165 1308 383 1380 digere,
411 1316 468 1364 et
498 1323 621 1363 cum
643 1306 998 1374 sacriﬁcaret,
1046 1309 1357 1380 expiaretur
1382 1311 1621 1371 conditio
1643 1312 1765 1371 uni-

163 1397 400 1455 versalis
422 1415 437 1453 :
462 1398 553 1454 ubi
578 1413 686 1454 non
713 1413 813 1469 pro
840 1398 1028 1456 liberis
1046 1440 1062 1468 ,
1106 1401 1440 1470 parentibus,
1464 1410 1522 1457 et
1544 1403 1763 1472 propin-

167 1491 317 1563 quis,
352 1490 447 1547 sed
472 1506 575 1561 pro
621 1491 769 1547 omni
816 1500 1066 1549 creatura
1093 1509 1229 1550 voce
1269 1501 1325 1550 et
1352 1494 1539 1551 habitu
1566 1510 1761 1566 preca-

165 1593 345 1641 retur.

242 1677 412 1733 Vnus.
441 1675 531 1731 10.
548 1706 615 1719 -—
632 1675 793 1745 Tulit,
824 1685 932 1735 etc.
957 1679 1078 1751 Ipse
1102 1688 1188 1737 est
1211 1679 1383 1737 Filius
1402 1679 1520 1749 Dei,
1543 1682 1639 1752 qui
1667 1696 1764 1736 un-

165 1767 315 1839 gitet
329 1768 421 1859 qui
435 1768 658 1841 ungitur
671 1788 689 1825 :
713 1784 923 1841 ungens
934 1772 1102 1828 verbo
1120 1771 1445 1840 divinitatis,
1462 1775 1760 1833 secundum

1868 589 1989 629 sum
2009 576 2243 643 obtulit;
2270 577 2414 633 unde
2447 575 2633 633 Aaron
2664 592 2827 648 super
2859 587 3021 649 caput
3047 580 3231 637 arietis
3256 599 3457 644 manus

1866 665 2124 736 imposuit
2168 683 2292 723 cum
2347 668 2471 725 ﬁliis
2520 669 2657 736 suis,
2693 670 2822 740 quia
2859 684 3199 727 communem
3237 688 3455 731 orenam

1865 771 1991 811 cum
2017 757 2293 829 discipulis
2317 759 2430 835 suis
2453 758 2708 815 Christus
2745 759 3078 827 celebravit;
3119 763 3213 819 sed
3237 763 3452 836 Moyses

1865 846 2174 915 specialiter
2220 848 2323 903 hoc
2366 846 2699 904 sacriﬁcium
2743 848 3119 921 obtulit,.quia
3164 852 3288 923 plus
3327 852 3450 910 aliis

1866 934 2094 1008 ﬁguram
2139 938 2342 994 Christi
2373 939 2663 1010 expressit,
2704 942 2796 1011 qui
2837 939 3075 997 maxime
3119 942 3451 1001 sacriﬁcium

1865 1044 2023 1084 suum
2061 1028 2212 1086 fecit.

1936 1117 2101 1174 Vens.
2169 1120 2261 1177 24.
2307 1151 2377 1162 -
2435 1120 2622 1194 Tetigit
2669 1132 2975 1197 extremum
3021 1128 3301 1198 auriculw,
3342 1138 3451 1189 etc.

1867 1209 1926 1267 Si
1979 1228 2079 1283 per
2145 1212 2331 1271 Aaron
2387 1213 2665 1273 Christum
2730 1218 3026 1289 accipimus
3052 1262 3069 1287 ,
3147 1231 3452 1281 extremum

1863 1307 2119 1364 auriculae
2137 1307 2257 1378 ejus
2282 1310 2548 1380 sanguine
2567 1319 2771 1367 tactum
2800 1311 2919 1380 fuit,
2947 1315 3077 1384 quia
3102 1313 3251 1371 Patri
3280 1331 3455 1388 usque

1863 1397 1932 1451 ad
1981 1407 2211 1455 mortem
2252 1400 2513 1456 obedivit.
2563 1400 2620 1457 Si
2649 1404 2959 1460 sacerdotes
3003 1405 3258 1463 Ecclesiae
3292 1423 3454 1464 aures

1863 1502 2052 1545 eorum
2073 1491 2358 1562 tangenda:
2368 1499 2516 1558 sunt,
2530 1491 2861 1564 pollicesque
2882 1510 3135 1550 manuum
3158 1505 3214 1552 et
3230 1497 3453 1568 pedum,

1862 1588 1922 1635 ut
1941 1580 2289 1639 eminentiam
2310 1583 2585 1639 actionum
2614 1592 2670 1639 et
2692 1599 2977 1655 gressuum
3001 1585 3228 1643 Domino
3255 1603 3452 1644 conse-

1862 1681 2035 1727 crent.
2071 1671 2259 1746 Tetigit
2297 1683 2610 1741 extremum,
2635 1684 2741 1731 etc.
2791 1674 2925 1742 Quis
2973 1676 3045 1731 sit
3083 1676 3243 1748 hujus
3290 1677 3456 1733 sacri-

1864 1762 1973 1820 ﬁcii
2002 1763 2228 1823 eﬁ‘ectus
2274 1768 2462 1824 unctio
2502 1769 2715 1823 aurium
2749 1776 2806 1824 et
2840 1783 3101 1823 manuum
3146 1769 3457 1842 pedumque

164 1859 318 1931 quod
334 1851 640 1918 cumPau-e
665 1862 951 1935 (suspiritu
985 1876 1180 1925 sanam
1212 1866 1381 1925 habet
1398 1869 1583 1925 omnia
1615 1884 1765 1926 com-
1794 1851 1841 1912 B
1868 1863 2207 1917 demonstrat
2248 1880 2263 1916 :
2298 1871 2524 1934 propter
2558 1862 2926 1919 obedientiam
2964 1863 3163 1935 quippe
3208 1873 3454 1921 nostram

163 1949 382 2007 munia.
420 1949 469 2005 Α
491 1950 656 2009 Patre
683 1953 905 2026 ungitur
938 1955 1239 2033 secundum
1289 1956 1459 2014 illud:
1516 1956 1677 2017 (luxit
1716 1969 1768 2016 te

161 2039 339 2107 Deus,
367 2040 511 2113 Deus
534 2052 657 2100 tuus
692 2043 806 2129 oleo
821 2043 1044 2114 ltetitite,
1064 2054 1172 2104 etc.
1201 2044 1377 2122 (Psal.
1402 2048 1569 2122 κων).
1600 2049 1767 2107 Unxit

159 2147 297 2189 eum
317 2131 549 2204 Spiritus
571 2144 795 2193 sanctus
825 2138 1125 2195 secundum
1145 2137 1339 2196 Isaiam
1362 2157 1377 2195 :
1401 2138 1634 2213 Spiritus
1655 2142 1765 2197 Do-

160 2222 301 2279 ntini
347 2241 506 2295 super
540 2242 654 2294 me,
675 2242 737 2282 eo
760 2228 902 2298 quod
929 2228 1140 2284 auxerit
1170 2245 1253 2285 nte
1283 2230 1421 2302 (Isa.
1450 2231 1584 2305 LXI).
1636 2232 1767 2300 Quae

163 2323 351 2369 autem
378 2312 541 2371 Pater
571 2324 628 2371 et
656 2314 890 2387 Spiritus
918 2328 1158 2386 sanctus,
1182 2322 1299 2378 haec
1324 2322 1515 2399 eadem
1541 2322 1672 2379 facit
1709 2331 1766 2380 et

162 2406 357 2464 Filius.
389 2408 553 2480 lingit
576 2425 707 2481 ergo
732 2411 1030 2467 secundum
1052 2412 1413 2481 divinitatem,
1442 2415 1662 2487 ungitur
1685 2431 1767 2472 se-

162 2500 404 2555 cundum
435 2500 853 2557 humanitatem.
903 2501 1058 2559 Unde
1084 2506 1162 2559 ‘ct
1189 2503 1377 2560 Daniel
1422 2504 1665 2560 oblatum
1698 2506 1763 2560 il-

164 2592 279 2646 lum
313 2591 482 2657 videt,
526 2580 842 2648 oﬁ'erentem
881 2608 990 2648 non
1021 2593 1197 2660 videt,
1231 2596 1357 2665 quia
1409 2595 1761 2667 semetipsum

161 2681 345 2738 oﬁ'ert.
378 2682 544 2740 Unxit
568 2698 697 2755 ergo
734 2682 945 2756 Moyses
992 2694 1050 2741 et
1090 2684 1268 2752 oﬁ'ert,
1298 2684 1503 2743 Christi
1530 2686 1761 2758 ﬁguram

162 2776 384 2846 gemis.

238 2863 405 2920 Vens.
436 2865 526 2919 il.
552 2895 623 2906 —
649 2865 1547 2941 Sauctiﬁcaut.(Ontc.l'Signiﬁcat
1576 2884 1763 2940 super-

160 2972 292 3014 nam
346 2967 659 3014 creaturam
689 2960 1118 3019 sanctiﬁcatione
1157 2970 1344 3017 nostra
1386 2962 1657 3018 ditatam:
1705 2962 1761 3018 id

159 3062 272 3119 est,
324 3067 427 3122 per
472 3040 694 3109 carnem
738 3053 1077 3109 Dominicam
1133 3070 1201 3109 ex
1255 3054 1413 3111 nobis
1462 3062 1756 3126 sumptam.

162 3143 363 3201 Unde:
394 3155 454 3197 ut
488 3151 668 3197 uotum
694 3141 841 3211 ﬁeret
873 3143 1196 3216 principibus
1220 3154 1268 3199 et
1290 3146 1631 3217 potestatibus
1666 3160 1761 3219 per

159 3232 464 3300 ecclesiam,
492 3241 599 3291 etc.

235 3323 406 3381 Vens.
442 3325 528 3380 12.
559 3356 629 3367 -
654 3322 912 3383 Fundeus
931 3366 947 3394 ,
977 3337 1083 3383 etc.
1127 3328 1304 3399 Caput
1329 3328 1530 3385 Christi
1558 3330 1760 3386 divini-

162 3429 272 3474 tas.
317 3416 473 3472 Sicut
511 3417 656 3472 enim
679 3429 898 3489 caputa
940 3419 1166 3490 pedibus
1205 3435 1314 3476 non
1359 3420 1642 3486 dividitur,
1683 3423 1762 3481 sic

162 3524 271 3565 nec
298 3507 557 3564 divinitas
579 3507 885 3565 Chnsti'ab
921 3510 1261 3566 humanitate
1299 3519 1422 3581 post
1447 3513 1761 3571 unctionem

164 3600 221 3675 (1
230 3588 378 3656 Ὀοτ.
404 3598 503 3672 ιι).
534 3599 690 3656 Unde
717 3602 792 3656 ait
820 3596 1029 3656 :Una'it
1052 3610 1119 3666 te,
1147 3600 1290 3656 Deus
1314 3601 1460 3658 Deus
1487 3612 1628 3669 tuus,
1654 3615 1760 3661 etc.

164 3688 350 3764 (Psal.
388 3693 525 3762 uv.)
563 3689 657 3747 Sic
680 3691 825 3746 enim
855 3691 997 3746 Deus
1019 3690 1239 3762 ungitur
1266 3701 1321 3749 et
1351 3694 1739 3751 sanctiﬁcatur.

238 3782 409 3839 Vens.
443 3780 530 3837 15.
555 3812 626 3824 --
657 3781 845 3849 Filios,
892 3792 999 3838 etc.
1030 3783 1235 3856 (ORIG.,
1285 3784 1375 3839 ubi
1421 3786 1628 3859 supra.)
1669 3787 1767 3844 At-

164 3874 336 3932 tende
378 3873 739 3930 diﬁ‘erentiam
767 3875 1039 3931 minorum
1067 3878 1406 3933 sacerdotum
1435 3877 1501 3934 ad
1531 3879 1766 3951 majores

162 3976 302 4034 etc.,
332 3983 499 4039 usque
523 3966 593 4022 a‘d
615 3967 828 4023 etiamsi
851 3967 1014 4041 primi
1044 3982 1243 4024 nomen
1266 3972 1559 4041 acceperit.
1602 4026 1608 4033 ,

254 4035 589 4127 Vestiuitque,
638 4064 745 4112 etc.
798 4035 969 4112 Filiis’
993 4056 1174 4113 Aaron
1217 4035 1426 4115 similes
1470 4060 1666 4117 tunicae
1711 4069 1768 4117 et

166 4162 325 4204 zona
370 4146 457 4201 vel
480 4145 645 4203 baltei
673 4154 729 4203 et
779 4146 993 4203 cidares
1039 4147 1125 4204 vel
1165 4148 1342 4204 mitra:
1394 4149 1764 4221 imponuntur,

166 4243 350 4312 ipsum
380 4240 529 4297 enim
555 4241 807 4307 induunt,
836 4238 955 4311 ipso
982 4240 1305 4313 cinguntur,
1350 4244 1525 4313 ipsum
1551 4252 1771 4314 portant

166 4334 225 4389 in
270 4333 488 4404 capite;
540 4330 710 4389 lumbi
735 4332 881 4387 enim
922 4324 1327 4403 prwcingmttur
1370 4334 1619 4399 veritate,
1649 4350 1769 4406 quae

165 4423 552 4489 esthristus,
582 4431 640 4478 et
676 4422 976 4479 induuntur
1003 4422 1176 4479 lorica
1211 4422 1438 4493 justitite
1476 4424 1770 4482 :Cbristus

164 4530 357 4576 autem
382 4517 593 4591 justitia
625 4525 711 4574 est
747 4517 890 4573 sicut
935 4527 991 4573 et
1028 4517 1182 4588 galea
1225 4517 1436 4585 salutis,
1468 4520 1586 4590 ipse
1615 4520 1759 4575 enim

161 4621 253 4670 est
278 4609 524 4668 salutare
552 4611 669 4667 Dei.
1502 4676 1525 4683 η

242 4702 411 4761 Vsus.
438 4700 530 4756 IL.
551 4732 622 4742 —
650 4700 873 4769 Obtulit,
899 4708 1004 4761 etc.
1029 4701 1238 4774 (lsrcn.)
1266 4702 1396 4775 Quae
1419 4704 1493 4759 sit
1514 4702 1672 4774 hujus
1694 4704 1769 4761 le-

162 4794 254 4865 gis
280 4794 479 4860 virtus,
502 4802 636 4861 etc.,
657 4809 821 4864 usque
846 4794 916 4848 ad
936 4795 1247 4850 necessario
1267 4803 1450 4851 autem
1470 4795 1565 4869 ﬁlii
1584 4795 1791 4867 Aaron,

166 4899 432 4958 tanquam
461 4889 929 4945 communicantes
970 4889 1021 4944 ei
1068 4887 1354 4956 sacriﬁcio,
1369 4905 1565 4946 manus
1599 4889 1771 4961 impo—

239 5069 427 5143 (Auc.,
470 5079 660 5142 quaest.
709 5070 781 5126 25
830 5070 887 5126 in
914 5069 1109 5143 Leuit.)
1162 5069 1299 5127 Cum
1351 5071 1621 5129 sacriﬁcia
1668 5087 1795 5145 pro,

163 5161 413 5233 peccatis
449 5170 801 5230 memoraret,
838 5170 947 5218 etc.
977 5202 995 5230 ,
1045 5178 1208 5233 usque
1248 5162 1318 5218 ad
1346 5171 1403 5219 et
1446 5164 1803 5239 sanguinem-

164 5253 352 5311 fusum
381 5253 451 5311 ad
470 5252 645 5310 basim
666 5254 858 5311 altaris
886 5253 1300 5310 sacriﬁciorum.

242 5325 473 5408 atina.
521 5353 630 5403 etc.
686 5344 893 5418 (ιειαι.)
936 5344 1047 5400 Lex
1101 5346 1441 5405 sacerdotem
1486 5346 1542 5402 in
1586 5314 1798 5405 multisi

163 5434 451 5495 Chrismm
498 5435 847 5510 ﬁgurantem,
900 5443 1034 5504 etc.,
1061 5452 1224 5509 usque
1272 5436 1342 5491 ad
1389 5436 1581 5509 ovibus
1622 5451 1766 5509 pra-

165 5538 481 5690 ceglldulit,
507 5631 619 5680 etc.
659 5622 1045 5696 Mysteriorum
1076 5623 1451 5691 traditionem,
1480 5634 1535 5683 et
1564 5625 1767 5696 pascha

168 5716 486 5790 mysticum,
524 5717 671 5789 quod
715 5717 966 5775 Christus
1002 5716 1302 5775 celebravit
1331 5733 1455 5774 cum
1484 5718 1765 5790 discipulis

170 5810 291 5868 suis
317 5807 534 5883 (Matth.
563 5809 740 5882 xxvi),
769 5807 1043 5884 signiﬁcat
1069 5809 1208 5866 aries
1244 5822 1263 5864 .'
1293 5809 1555 5872 secundus
1588 5810 1763 5868 nomi-

1870 1951 2220 2024 actionesque
2245 1953 2437 2019 bonas,
2467 1962 2522 2009 et
2545 1955 3013 2011 conversationem
3033 1955 3368 2023 celebratur,
3392 1964 3454 2011 ut

1868 2041 2233 2100 inobedientia
2290 2045 2423 2103 Ada:
2454 2054 2707 2103 carentes
2761 2045 3038 2121 Unigeniti
3084 2049 3453 2107 obedientiam

1867 2149 2286 2207 consequamur.

1938 2225 2132 2284 Manus
2170 2229 2305 2300 ejus,
2329 2239 2433 2286 etc.
2461 2230 2533 2288 Ut
2553 2231 2608 2288 in
2629 2233 2769 2288 bona
2807 2232 3023 2290 actione
3057 2232 3450 2291 confortemur.

1866 2314 2257 2373 Conlortantur
2281 2320 2426 2375 enim
2454 2335 2576 2391 quae
2606 2328 2899 2390 unguntur,
2923 2321 3282 2377 destruuntur
3329 2335 3451 2392 quas

1865 2422 1972 2463 non
2006 2417 2297 2479 unguntur.
2332 2409 2436 2466 Ubi
2460 2410 2603 2466 enim
2648 2410 2833 2466 unctio
2875 2408 3123 2485 nonfuit
3171 2411 3453 2482 sanguinis

1864 2499 2149 2566 immolati,
2191 2502 2600 2572 percutiebatur
2625 2502 2909 2575 Egyptus.
2937 2500 3045 2558 Sed
3088 2503 3242 2575 prius
3270 2517 3455 2559 sacer-

1864 2589 1981 2656 dos,
2019 2598 2076 2644 et
2095 2600 2282 2660 postea
2306 2590 2400 2646 ﬁlii
2430 2592 2547 2663 ejus
2598 2593 2939 2662 ungebantur
2989 2593 3279 2663 sanguine,
3322 2592 3448 2662 quia

1862 2679 2111 2737 Christus
2139 2681 2346 2753 primus
2369 2682 2687 2754 sanguinem
2709 2683 2919 2755 accepit
2944 2682 3001 2738 in
3038 2695 3216 2750 ctena,
3253 2682 3451 2738 deinde

1863 2773 2142 2845 discipulis
2164 2774 2335 2831 dedit.
2714 2828 2719 2834 .

1932 2862 2100 2919 Fudit
2146 2882 2306 2945 super
2342 2864 2531 2921 altare.
2560 2865 2694 2923 Cum
2732 2867 2879 2922 enim
2914 2866 3074 2934 bibit,
3105 2873 3161 2922 et
3189 2863 3450 2939 apostplis

1860 2956 2009 3013 dedit
2043 2957 2250 3025 bibere,
2290 2958 2683 3035 intelligibilem
2710 2960 3031 3030 sanguinem
3060 2972 3224 3028 super
3256 2956 3447 3021 altare,

1861 3048 1915 3105 id
1942 3058 2269 3120 est,corpus
2306 3065 2464 3106 suum
2510 3049 2669 3105 fudit.
2726 3050 2969 3125 Ecclesia
3017 3058 3200 3105 autem
3248 3061 3450 3117 corpus

1865 3137 2103 3206 Christi;
2134 3141 2278 3199 unde
2305 3140 2554 3217 Marcus:
2587 3140 2658 3196 Et
2680 3158 2912 3208 sumens,
2940 3143 3143 3213 gratias
3165 3156 3324 3212 agens
3354 3138 3448 3193 de-

1865 3231 1943 3288 dit
1967 3234 2062 3299 eis,
2089 3243 2138 3289 et
2170 3233 2409 3290 biberunt
2438 3251 2504 3290 ea:
2522 3251 2585 3290 eo
2623 3251 2822 3301 omnes,
2847 3244 2896 3289 et
2922 3233 3057 3289 dixit
3085 3235 3159 3288 eis
3182 3249 3202 3287 :
3242 3230 3348 3285 Hic
3373 3237 3448 3285 est

1861 3326 2076 3397 sanguis
2097 3343 2244 3382 meus
2279 3328 2400 3383 novi
2425 3327 2743 3408 testamenti,
2768 3326 2860 3398 qui
2883 3342 2981 3398 pro
3005 3323 3184 3381 multis
3212 3322 3451 3395 effunde-

1861 3425 1950 3471 tur
1972 3417 1991 3489 (
2014 3417 2184 3474 Marc.
2224 3435 2317 3477 xxv
2338 3418 2381 3493 ).
2570 3446 2571 3449 η
2859 3425 2867 3433 ⁷

1932 3510 2154 3582 Adipent
2189 3529 2328 3568 vero.
2372 3511 2514 3580 Quid
2567 3513 2686 3570 htec
2728 3511 3052 3583 signiﬁcent,
3103 3512 3161 3567 in
3217 3509 3446 3567 salutari

1865 3604 2155 3668 sacriﬁcio,
2184 3603 2269 3659 vel
2312 3604 2662 3675 paciﬁcorum
2711 3603 2916 3659 dictum
2968 3611 3073 3660 est.
3113 3600 3260 3658 LXX
3315 3613 3448 3675 vero

1864 3710 1964 3773 pro
2003 3695 2194 3761 cauda,
2228 3693 2511 3760 lumbum;
2561 3711 2662 3767 pro
2717 3695 3011 3761 intestinis,
3057 3693 3449 3762 ventriculum;

1863 3795 1923 3843 et
1945 3802 2045 3860 pro
2085 3787 2312 3846 reticulo
2340 3787 2564 3859 jecoris,
2617 3788 2835 3860 pinnam
2888 3788 3063 3859 epotis
3117 3788 3444 3844 ediderunt:

1866 3894 1973 3937 non
2015 3878 2216 3934 frustra
2265 3887 2448 3936 autem
2471 3881 2634 3938 etiam
2665 3895 2807 3936 nunc
2836 3879 2890 3935 in
2915 3879 3086 3935 ariete
3110 3892 3447 3937 commemo-

1866 3979 2076 4027 rantur.
3452 4048 3457 4053 ι

1938 4063 2105 4119 Vens.
2131 4062 2221 4119 26.
2244 4095 2313 4104 -
2340 4063 2603 4121 Canistro.
2628 4063 2790 4127 LXX.
2815 4065 3113 4122 canistrum
3149 4080 3164 4118 :
3201 4078 3455 4120 consum-

1870 4158 2151 4226 mationis,
2187 4175 2307 4231 quae
2335 4167 2422 4215 est
2442 4159 2625 4230 lingua
2673 4156 2911 4220 Domini,
2960 4172 3081 4227 quae
3126 4156 3455 4226 pratcipuam

1869 4248 2274 4321 perfectamque
2310 4249 2613 4307 doctrinam
2644 4247 2965 4303 introduxit.
3016 4245 3135 4302 Non
3173 4244 3319 4301 enim
3372 4259 3456 4298 ve-

1870 4343 1953 4397 nit
1980 4341 2190 4398 sulvere
2218 4341 2413 4411 legem,
2436 4340 2530 4395 sed
2557 4337 2855 4408 adimplere
2893 4335 3109 4409 (Matth.
3136 4350 3234 4390 xm
3262 4344 3296 4393 ).
3330 4331 3458 4391 [huc

1870 4432 2011 4488 bene
2066 4432 2368 4488 canistrum
2422 4430 2626 4485 dicitur
2662 4436 2887 4498 propter
2940 4434 3147 4481 textum
3193 4425 3456 4481 doctrina:

1871 4521 2012 4592 ejus,
2040 4538 2167 4578 eum
2197 4520 2365 4576 multa
2407 4521 2460 4575 in
2507 4518 2784 4591 parabolis
2832 4517 3064 4573 dixerat.
3096 4517 3227 4572 Erat
3273 4523 3459 4571 autem

1793 4582 1840 4642 Β
1871 4582 1927 4668 et
1973 4582 2236 4666 ferculum
2267 4618 2322 4664 et
2349 4582 2536 4664 mensa
2581 4608 2748 4662 totius
2786 4606 3065 4679 doctrinae.
3113 4606 3278 4663 Recte
3327 4620 3458 4675 ergo

1873 4702 1940 4759 de
1977 4702 2218 4759 canistro
2267 4698 2752 4758 consummationis
2778 4698 3069 4769 mysticum
3095 4714 3289 4770 panem
3324 4714 3455 4770 pro-

1874 4794 2048 4865 ponit.

1948 4883 2171 4941 Panem;
2218 4883 2586 4955 Apostolicam
2635 4882 2962 4948 doctrinam,
3010 4881 3367 4954 legalemque,
3403 4891 3461 4937 et

1879 4977 2269 5051 propheticum.
2322 4975 2434 5031 Lex
2472 4974 2641 5039 enim,
2694 4982 2750 5029 et
2792 4974 3090 5044 prophetat,
3134 4980 3191 5029 et
3231 4971 3459 5040 apostoli

1876 5070 2194 5126 memoriam
2219 5067 2337 5138 ejus
2358 5066 2582 5123 faciunt.
2623 5066 2732 5121 Lex
2764 5067 2907 5121 enim
2934 5066 3064 5121 dicit
3091 5082 3104 5120 :
3146 5063 3250 5119 Hic
3275 5073 3349 5119 est
3366 5081 3463 5136 pa-

1876 5163 1957 5218 uis
2001 5178 2152 5234 quem
2195 5162 2337 5216 dedit
2371 5160 2513 5215 vobis
2557 5158 2813 5215 Dominus
2844 5158 2863 5231 (
2891 5158 3063 5213 Exod.
3096 5172 3219 5213 xxvr
3246 5157 3288 5224 ).
3330 5158 3464 5214 Pro—

1879 5254 2043 5325 pheta
2065 5262 2249 5311 autem
2280 5271 2293 5307 :
2328 5249 2496 5307 Panis
2521 5250 2635 5322 ejus
2674 5251 2907 5317 dabitur,
2934 5261 3042 5306 etc.
3076 5249 3212 5324 (Isa.
3243 5252 3460 5323 xxxm.)

1877 5345 2200 5417 Prophetica
2248 5354 2429 5403 autem
2472 5353 2529 5400 et
2584 5343 2771 5415 legalis
2826 5343 3073 5400 doctrina
3118 5344 3300 5401 minus
3362 5359 3464 5399 uu-

1877 5440 2049 5496 triunt
2068 5454 2232 5510 quam
2253 5435 2573 5509 apostolica.
2602 5434 2755 5495 Unde
2774 5434 2976 5491 Paulus
2999 5453 3011 5489 :
3039 5432 3225 5490 Posuit
3240 5433 3383 5489 Deus
3406 5434 3462 5488 in

1872 5532 2093 5591 ecclesia
2153 5533 2381 5605 primum
2448 5531 2712 5604 apostolos
2736 5571 2753 5597 ,
2819 5530 3010 5586 deinde
3069 5530 3345 5603 prophetas
3397 5525 3458 5598 (ι

1872 5624 1997 5682 Cor.
2033 5631 2153 5698 xu).
2186 5624 2431 5697 Apostoli
2465 5632 2648 5680 autem
2676 5622 2810 5696 legis
2848 5630 2903 5680 et
2943 5622 3329 5692 prophetarum
3364 5618 3465 5675 du—

1873 5725 2003 5774 cunt
2027 5717 2356 5799 testimonia,
2379 5730 2479 5790 per
2514 5729 2637 5788 qua:
2656 5714 2740 5775 eis
2762 5713 3025 5785 collyrida
3046 5722 3103 5771 et
3122 5712 3314 5787 lagona
3337 5719 3465 5770 sunt

1873 5811 2140 5884 subjecta.
