3998 6332
248 358 365 414 5‘38

1245 353 1512 410 CLOSSA
1549 351 1947 410 ORDINARLL
1990 383 2062 393 -η
2098 353 2228 408 LIB.
2271 353 2493 410 LEVl’l’.

3416 361 3521 417 336

244 467 500 526 εει-(ιοιίο
521 465 666 537 fungi
689 473 890 536 posset,
917 481 1024 537 quo
1049 479 1174 520 cum
1203 462 1549 536 fungebatur,
1580 481 1686 521 non
1709 473 1829 519 erat
1858 466 1904 524 Α
1933 460 2048 516 sive.
2080 463 2370 534 Elzaphan,
2401 465 2496 520 Dei
2516 467 2856 532 illuminatio,
2885 466 2968 520 vel
2992 467 3091 523 Dei
3113 472 3398 541 speculum.
3424 473 3524 534 llis

245 577 478 618 necesse
505 560 700 615 iterum
729 572 1122 614 consummare.

321 653 488 708 Vens.
513 650 570 705 8.
594 680 664 692 -—
691 649 1002 719 Statimque,
1025 659 1132 704 etc.
1157 647 1364 719 (lsrcn.)
1391 647 1506 715 Qua
1529 663 1692 704 causa
1714 649 1830 703 haec

241 743 414 799 etiam
437 741 524 797 hic
543 740 808 796 sacriﬁcia
829 751 1155 810 peragantur
1176 739 1424 808 superius
1441 739 1696 803 diximus,
1719 749 1824 793 etc.

243 851 414 906 usque
447 842 512 888 ad
537 832 679 888 unde
721 833 774 886 in
803 847 1034 903 persona
1055 832 1358 887 sacerdotis
1387 819 1674 900 utrumque
1703 847 1828 902 per-

242 927 513 999 spicimus
538 926 805 981 oblatum.

317 1017 506 1089 (Aus.,
553 1017 640 1071 ubi
669 1015 874 1088 supra).
901 1015 1082 1072 Movet
1108 1015 1271 1070 etiam
1300 1014 1443 1084 quod
1470 1029 1590 1070 cum
1621 1013 1829 1069 faceret

240 1109 428 1164 Aaron
478 1109 618 1164 dona
673 1107 853 1178 populi
895 1123 1015 1177 qua:
1066 1122 1228 1175 supra
1265 1116 1674 1170 memorantur,
1716 1115 1822 1161 etc.

241 1217 412 1272 usque
441 1200 509 1253 ad
540 1207 828 1267 utrumque
851 1215 920 1254 ex
943 1206 1174 1268 utroque
1213 1197 1508 1262 animante,
1543 1196 1696 1266 quasi
1723 1211 1821 1266 pe-

241 1293 488 1349 ctuscula
512 1293 728 1347 dixerit.

314 1385 484 1438 Vens.
533 1383 621 1438 15.
651 1413 718 1422 ——
753 1382 819 1436 Et
863 1399 957 1453 pro
995 1390 1228 1453 peccato,
1258 1389 1364 1436 etc.
1417 1380 1625 1450 (istem)
1659 1379 1825 1448 Cujus

241 1479 359 1533 haec
402 1477 629 1547 ﬁguram
675 1476 926 1539 habeant,
955 1483 1084 1541 etc.,
1125 1491 1286 1544 usque
1328 1473 1397 1526 ad
1439 1481 1492 1528 et
1519 1488 1637 1543 qua:
1666 1472 1824 1528 doce-

242 1578 360 1622 rent
394 1566 690 1623 Ecclesiam
720 1566 964 1620 meditari
998 1579 1104 1619 non
1137 1564 1439 1619 cessabant.

313 1655 616 1710 Extendens
643 1671 876 1719 manum,
901 1663 1007 1708 etc.
1032 1654 1213 1725 (Auc.,
1241 1651 1438 1718 Qntest.
1463 1653 1532 1707 28
1552 1654 1607 1707 in
1630 1651 1818 1725 Leuit.)

219 1746 322 1801 ~Ad
351 1730 524 1800 altare
548 1753 698 1799 stans
721 1745 1089 1810 deserviebat,
1124 1753 1254 1810 etc.,
1295 1760 1456 1813 usque
1497 1744 1566 1797 ad
1607 1744 1700 1814 qui
1744 1744 1818 1799 ibi

235 1837 439 1908 gradus
463 1837 734 1906 prohibuit
765 1852 905 1892 esse.

307 1928 478 1983 Vens.
493 1930 582 1984 22.
597 1959 668 1968 —
682 1927 872 2000 Sicque
898 1929 1160 1999 completis
1177 1939 1223 1982 et
1247 1940 1451 1983 (cetera.
1469 1929 1674 1998 (lstcn.)
1689 1928 1815 1982 Evi-

233 2020 436 2075 denter
454 2035 660 2074 omnem
689 2022 912 2090 ﬁguram
939 2021 1193 2075 Ecclesia:
1219 2021 1332 2075 vult
1362 2037 1652 2091 exponere,
1683 2031 1814 2087 etc.,
1847 2039 1852 2042 ·

232 2133 410 2186 usque
435 2116 502 2169 ad
526 2118 800 2184 sequentia
828 2116 1217 2169 demonstrant.

311 2209 476 2262 Vens.
508 2207 594 2261 25.
616 2206 939 2278 —Ingressi
973 2217 1145 2261 autent
1184 2206 1389 2278 Moyses
1427 2217 1475 2262 et
1520 2207 1697 2262 Aaron
1731 2219 1817 2262 ta-

228 2298 575 2352 bernaculum
602 2299 905 2363 testimonii,
933 2307 1041 2352 etc.
1077 2299 1200 2369 (In.)
1239 2299 1378 2365 Quia
1403 2299 1469 2354 de
1496 2299 1817 2370 intelligibili

227 2389 610 2455 tabernaculo,
635 2399 764 2454 etc.,
810 2406 974 2460 usque
1013 2390 1083 2442 ad
1131 2390 1354 2444 idoneus
1396 2399 1479 2444 est
1505 2399 1565 2444 ut
1595 2399 1818 2460 praestet

225 2480 695 2535 benedictionem.

301 2572 539 2643 lngressi
561 2584 755 2627 autem.
773 2573 1040 2628 Prtemisit
1065 2574 1302 2645 ingressi,
1330 2582 1383 2629 et
1403 2574 1583 2630 subdit
1603 2575 1813 2644 egressi,

223 2663 362 2732 quia
391 2663 644 2718 sacerdos
671 2664 965 2734 ingreditur
991 2664 1397 2719 tabernaculum
1425 2706 1438 2730 ,
1467 2666 1683 2735 quando
1717 2681 1817 2737 pro

224 2770 288 2810 se
319 2755 407 2809 vel
441 2770 539 2825 pro
577 2757 770 2826 p0pulo
813 2764 965 2820 orat,
1015 2756 1096 2811 vel
1142 2757 1335 2810 divinm
1378 2757 1815 2826 contemplationi

225 2855 424 2911 vacat;
461 2847 734 2916 egreditur
776 2863 898 2901 cum
941 2847 1130 2913 docet,
1157 2847 1238 2903 vel
1282 2849 1548 2904 benedicit
1585 2849 1811 2921 pupulo,

222 2934 316 2989 vel
343 2949 467 2989 cum
495 2937 562 2990 ad
586 2937 971 2992 conscientiam
1021 2937 1160 2991 redit
1201 2940 1589 3007 perscrutando
1625 2955 1715 3006 se,
1745 2956 1815 2997 ne

220 3024 380 3082 forte
406 3027 459 3081 in
489 3027 869 3096 praedicatione
898 3026 1154 3082 olfendat.

298 3120 663 3190 Apparuitque
699 3119 866 3190 gloria
893 3121 1126 3174 Domini.
1156 3121 1213 3176 in
1254 3121 1432 3192 specie
1471 3121 1641 3194 ignis,
1673 3125 1813 3182 sicut

219 3214 279 3267 in
310 3212 408 3266 die
429 3211 796 3278 Pentecostes,
819 3215 962 3268 unde
982 3215 1196 3269 subdit:
1225 3215 1294 3269 Et
1315 3232 1552 3286 egressus
1575 3226 1650 3272 est
1677 3220 1814 3290 ignis

217 3320 256 3358 α
297 3303 548 3358 Domino.
578 3303 730 3359 Unde
758 3312 812 3358 et
841 3303 1013 3360 Lucas
1042 3323 1054 3360 :
1093 3306 1462 3377 Apparuerunt
1487 3307 1594 3362 illis
1620 3310 1820 3380 disper-

217 3392 340 3445 tita:
368 3390 584 3462 linguis,
605 3403 851 3464 tanquam
883 3396 1040 3465 ignis.

294 3482 465 3538 Omni
490 3483 836 3551 multitudini,
867 3495 972 3541 etc.
997 3486 1094 3542 Cui
1123 3489 1300 3544 simile
1313 3489 1490 3546 Lucas
1504 3491 1582 3546 ait
1606 3507 1621 3546 :
1647 3491 1820 3548 Facta

214 3585 408 3628 autem
438 3575 537 3628 hac
563 3591 682 3629 voce
702 3578 935 3631 convenit
971 3579 1287 3647 multitudo,
1317 3591 1367 3636 et
1396 3593 1565 3638 mente
1599 3585 1818 3654 confusa

211 3677 298 3722 est
331 3666 478 3738 (Act.
509 3667 602 3737 rt);
636 3685 741 3724 non
772 3668 946 3724 solum
978 3673 1251 3737 convenit,
1284 3675 1377 3729 sed
1405 3676 1637 3745 expavit.
1665 3677 1819 3733 Unde

211 3760 314 3815 hic
376 3761 622 3829 sequitur
672 3777 686 3814 :
747 3759 1120 3831 Obstupebant
1174 3772 1356 3818 autem
1425 3776 1482 3820 et
1540 3766 1815 3824 miraban-

213 3860 336 3916 tur,
371 3859 480 3905 etc.

293 3939 408 4006 Qui
454 3950 602 3995 erant
639 3957 796 4013 super
838 3941 1025 3996 altare.
1053 3942 1262 3998 Invenit
1310 3945 1433 4014 quia
1482 3960 1702 4003 necesse
1745 3948 1818 4004 sit

207 4034 490 4105 praedicta
519 4034 820 4099 sacriﬁcia,
851 4045 906 4091 et
933 4051 1118 4091 eorum
1157 4038 1523 4106 expositiones
1560 4054 1816 4112 superpo-

207 4143 358 4183 nere
385 4127 707 4198 intelligibili
724 4127 883 4182 altari
901 4130 1145 4199 corporis
1159 4129 1380 4193 Christi,
1407 4140 1466 4186 ut
1484 4132 1609 4188 illuc
1632 4134 1814 4203 suspi-

209 4227 310 4273 ret
341 4226 530 4274 uostra
563 4219 808 4283 intentio,
841 4227 894 4275 et
922 4228 1048 4276 tunc
1084 4222 1412 4277 nutrimenta
1458 4224 1805 4296 intelligibilis

209 4305 394 4375 ignis,
427 4306 481 4361 id
511 4317 593 4361 est
618 4307 853 4378 Spiritus
879 4311 1067 4372 sancti,
1094 4311 1350 4376 aderunt,
1377 4314 1442 4368 de
1470 4329 1578 4383 quo
1608 4316 1812 4371 dictum

209 4406 313 4454 est
359 4415 374 4450 :
426 4396 685 4454 Dominus
755 4399 898 4454 Deus
956 4412 1129 4456 noster
1180 4403 1315 4474 ignis
1371 4420 1678 4461 consumas
1735 4416 1811 4462 est

209 4487 410 4560 (Deut.
440 4488 534 4559 tv).

857 4604 1082 4662 CAPUT
1118 4606 1182 4661 Χ.

297 4754 468 4812 Vsus.
498 4757 974 4828 L—Arreptisque
1006 4759 1215 4814 Nadab.
1246 4759 1403 4832 (Ave.
1447 4772 1631 4832 quiest.
1660 4762 1722 4816 51
1756 4763 1810 4818 in

211 4849 424 4914 Leuit,
453 4859 582 4904 tom.
613 4849 723 4921 lli.)
754 4850 995 4906 Exeunte
1023 4867 1054 4906 a
1079 4852 1302 4907 Domino
1325 4854 1448 4924 igne
1476 4855 1669 4909 mortui
1688 4865 1812 4911 sunt

213 4940 326 4994 ﬁlii
348 4940 551 5006 Aaron,
583 4949 713 5006 etc.,
745 4958 904 5012 usque
929 4942 998 4996 ad
1025 4951 1295 4998 tormenta
1321 4947 1616 5014 patientur.

301 5031 672 5102 Arreptisque,
703 5041 810 5085 etc.
849 5031 1021 5097 (Ism,
1047 5043 1231 5102 quiest.
1264 5035 1319 5087 in
1353 5034 1538 5099 Leuit,
1567 5045 1694 5089 tom.
1727 5033 1813 5108 V.)

213 5120 479 5176 Alienum
524 5122 702 5189 ignem
739 5119 1001 5188 ollerunt,
1029 5132 1154 5188 etc.,
1180 5140 1342 5196 usque
1361 5124 1430 5178 ad
1457 5140 1525 5180 ne
1554 5125 1698 5180 vitiis
1720 5125 1814 5180 ﬁa-

217 5227 470 5284 stemus.

300 5299 511 5371 (lsrcu.)
541 5300 638 5357 llic
663 5316 758 5357 eos
781 5303 874 5372 qui
905 5301 1076 5358 aliena
1109 5305 1334 5371 docent,
1373 5313 1508 5372 etc.,
1549 5323 1710 5376 usque
1738 5307 1810 5361 ad

153 5453 162 5462 ,
217 5393 372 5448 unde
399 5392 564 5446 vitam
587 5402 837 5462 poterant
859 5397 1174 5463 promereri.

300 5481 485 5554 (Λυσι,
506 5482 593 5536 ubi
629 5483 836 5555 supra.)
870 5485 989 5538 Alia
1022 5485 1231 5551 littera,
1263 5495 1393 5552 etc.,
1431 5504 1590 5558 usque
1618 5487 1687 5542 ad
1711 5503 1810 5560 per

218 5588 368 5642 quos
392 5571 550 5642 nobis
585 5571 921 5643 Scripturam
949 5575 1108 5630 dedit.

301 5665 466 5720 Vens.
497 5663 551 5717 4.
573 5695 646 5705 -
674 5663 883 5719 Vocatis
911 5675 1083 5720 autem
1107 5663 1299 5736 Moysi,
1332 5666 1547 5722 Misaele
1569 5680 1614 5722 et
1648 5667 1819 5727 Elisa.

221 5757 393 5822 plum.
420 5739 622 5815 5N2”):
636 5755 842 5822 Misael,
863 5755 958 5810 Dei
983 5758 1294 5810 attrectatio.
1313 5741 1490 5818 :DE‘SN
1508 5759 1813 5828 Elisuphan.

1929 553 2051 623 jure
2067 556 2378 626 praecipitur
2402 565 2459 611 ut
2488 557 2676 611 tollant
2703 557 2886 612 Nadab
2909 568 2960 613 et
2980 559 3118 614 Abiu
3141 571 3291 618 extra
3317 573 3518 623 castra.

1933 643 1998 698 lli
2044 645 2186 698 enim
2238 653 2456 701 sanctos
2503 647 2841 718 signiﬁcant,
2873 650 2964 718 qui
3007 665 3036 704 a
3083 651 3193 706 Deo
3235 653 3523 714 illuminatl

1932 735 2106 804 ipsum
2155 737 2404 791 manibus
2446 739 2568 793 ﬁdei
2611 748 2938 805 attrectant,
2981 749 3036 794 et
3075 742 3242 796 Deum
3279 746 3522 814 perfecta

1930 826 2035 880 ﬁde
2064 829 2517 898 contemplantur.
2566 831 2717 886 Unde
2762 833 2898 888 bene
2929 832 3022 888 ﬁlii
3059 834 3206 890 Oziel
3243 838 3516 908 dicuntur,

1930 917 2024 988 qui
2082 918 2352 988 signiﬁcat
2404 920 2746 992 Evangelium
2787 939 2804 978 :
2853 925 2993 978 unde
3039 928 3296 995 patruelis
3337 930 3518 988 Aaron

1929 1004 2098 1062 fuisse
2131 1009 2348 1073 dicitur,
2380 1011 2506 1080 quia
2541 1028 2732 1082 magna
2774 1016 3027 1086 cognatio
3053 1027 3135 1072 est
3161 1018 3436 1091 Evangelii
3463 1032 3520 1080 et

1927 1097 2107 1169 Legis.
2136 1099 2486 1172 Evangelium
2515 1119 2747 1172 namque
2770 1107 3036 1176 expositio
3061 1119 3144 1164 est
3173 1111 3330 1183 Legis
3365 1127 3380 1167 :
3420 1113 3517 1169 ﬁlii

1927 1201 2108 1245 autem
2158 1192 2432 1263 Evangelii
2484 1194 2766 1251 hiereticos
2817 1213 2942 1253 vere
2989 1211 3228 1256 mortuos
3257 1219 3287 1257 a
3323 1205 3518 1260 castris

1926 1283 2183 1340 Ecclesia:
2215 1287 2526 1340 detrudunt.
2552 1287 2646 1341 Vel
2672 1287 2893 1343 Misadai
2916 1299 2970 1344 et
2994 1291 3282 1362 Elisaphan
3309 1295 3518 1364 primus

1925 1378 2220 1430 attrectatio
2249 1377 2363 1443 Dei,
2397 1379 2448 1432 id
2476 1387 2559 1433 est
2587 1379 2838 1445 Blisadai;
2873 1381 3158 1452 Elisapban
3192 1384 3515 1456 interpreta-

1926 1478 2012 1524 tur
2037 1470 2246 1541 specula
2270 1471 2368 1525 Dei
2392 1473 2512 1526 mei.
2537 1473 2853 1552 Quicunque
2878 1475 2980 1529 scit
3001 1485 3295 1534 attrectare
3318 1479 3508 1546 Deum,

1924 1569 1977 1615 et
2013 1562 2280 1632 speculari
2323 1563 2524 1618 Christi
2565 1564 2772 1619 scilicet
2799 1581 3020 1621 carnem
3057 1575 3111 1621 et
3144 1569 3511 1637 divinitatem,

1923 1652 2066 1708 sicut
2088 1652 2324 1709 Thomas
2348 1655 2438 1724 qui
2471 1671 2632 1709 manu
2660 1665 3006 1713 contrectans
3028 1675 3246 1715 carnem
3266 1663 3509 1719 dicebat:

1925 1743 2066 1797 Deus
2093 1760 2236 1798 meus
2264 1754 2311 1798 et
2339 1745 2596 1799 Dominus
2623 1763 2767 1802 meus
2796 1747 2978 1819 (Joan.
3003 1749 3114 1822 xx),
3134 1761 3312 1821 potest
3336 1754 3513 1824 ignem

1853 1822 1896 1882 Β
1924 1834 2112 1889 alienae
2157 1835 2418 1890 doctrinae
2447 1835 2662 1892 auferre
2717 1854 2747 1892 a
2781 1839 2919 1895 facie
2965 1852 3304 1910 sanctorum,
3333 1822 3384 1901 id
3431 1857 3514 1903 est

1921 1927 2284 1981 sacerdotum.
2312 1927 2532 1984 Tunica:
2559 1933 2922 1999 sacerdotum,
2950 1939 3292 1992 conversatio
3320 1949 3374 1994 et
3405 1941 3513 1995 vita

1921 2032 2026 2085 qua
2065 2018 2352 2072 sacerdotii
2399 2017 2693 2076 induuntur
2741 2023 2946 2079 habitu.
2993 2025 3335 2095 Ahjiciuntur
3381 2047 3512 2102 ergo

1921 2123 2044 2161 cum
2074 2109 2375 2163 sacerdotio
2407 2125 2435 2164 a
2466 2114 2740 2168 consortio
2771 2113 3111 2170 sacerdotﬁm
3139 2129 3192 2174 et
3220 2122 3383 2176 etiam
3410 2139 3509 2192 po-

1929 2199 2061 2268 puli.
2087 2199 2238 2255 Unde
2270 2203 2445 2267 addit,
2483 2215 2630 2257 extra
2672 2206 3097 2274 tabernaculum,
3127 2211 3176 2264 id
3199 2221 3308 2278 cst,
3340 2215 3514 2272 cccle-

1921 2291 2056 2344 siam
2087 2291 2288 2362 pepuli,
2321 2292 2414 2347 ﬁlii
2444 2295 2618 2362 patrui
2650 2294 2835 2350 Aaron
2863 2298 2978 2353 hazc
3010 2298 3234 2354 faciunt.

1991 2381 2202 2446 Aaron,
2233 2383 2285 2437 id
2315 2393 2396 2437 est
2425 2384 2605 2437 .Daviil
2628 2424 2642 2448 ,
2675 2399 2772 2455 per
2800 2402 2960 2456 quem
2991 2390 3286 2458 prophetiae
3317 2391 3514 2448 intelli-

1917 2484 2132 2544 guntur,
2165 2491 2283 2545 quze
2306 2476 2580 2532 Christum
2611 2478 2953 2534 manifestum
3003 2480 3239 2547 faciunt,
3283 2492 3336 2539 et
3373 2499 3511 2555 quo-

1919 2565 2205 2619 dammodo
2254 2565 2632 2637 ignorantibus
2670 2568 2908 2638 pariunt.
2934 2568 3132 2624 Frater
3172 2581 3351 2627 autem
3385 2589 3511 2643 pro-

1917 2657 2111 2726 phetiae
2132 2656 2482 2728 Evangelium
2507 2667 2620 2722 est;
2643 2675 2760 2729 quia
2785 2660 2926 2712 enim
2955 2660 3005 2713 in
3035 2661 3340 2730 Evangeliis
3369 2665 3510 2719 facta

1918 2757 2075 2810 sunt,
2123 2763 2154 2802 a
2189 2750 2468 2819 prophetis
2509 2751 2763 2819 praedicta
2810 2761 2954 2806 sunt.
2998 2752 3116 2807 Filii
3159 2769 3286 2826 ergo
3329 2755 3514 2812 fratris

1916 2839 2084 2909 patris
2111 2839 2316 2906 Aaron,
2349 2841 2401 2895 id
2428 2851 2512 2896 est
2545 2841 2857 2913 Evangelii,
2892 2842 3028 2897 tales
3049 2844 3290 2913 ejiciunt.
3321 2845 3470 2902 Unde
3496 2865 3508 2900 :

1918 2931 1976 2986 Si
2001 2933 2116 3003 quis
2146 2934 2282 2987 venit
2306 2933 2375 2987 ad
2397 2951 2506 2998 vos,
2531 2943 2578 2987 et
2604 2935 2740 2988 hanc
2763 2934 3060 2988 doctrinam
3092 2953 3195 2990 non
3215 2937 3389 3006 affert,
3425 2955 3511 2992 no-

1917 3021 2006 3076 lite
2027 3039 2142 3076 eum
2174 3025 2397 3094 recipere
2427 3041 2481 3078 in
2510 3024 2724 3079 domum
2749 3023 2834 3096 (II
2858 3025 3074 3095 Joun.).

1992 3113 2152 3169 Vsus.
2181 3115 2233 3168 6.
2260 3115 2554 3185 -—Capita,
2599 3127 2702 3170 etc.
2738 3117 2820 3170 Ad
2851 3117 3114 3173 litteram.
3156 3119 3292 3188 Quia
3339 3140 3514 3195 nuper

1920 3204 2136 3259 fuerant
2183 3205 2293 3260 Deo
2339 3207 2679 3272 consecrati,
2728 3208 2971 3278 prazcipit
3013 3217 3070 3262 ut
3118 3221 3304 3266 sancta
3351 3215 3513 3268 vesti-

1921 3304 2106 3353 ntenta
2153 3312 2260 3351 non
2292 3296 2597 3368 deponant,
2634 3296 2730 3352 sed
2758 3299 2934 3367 parati
2975 3300 3180 3354 servire
3221 3299 3331 3356 Deo
3370 3304 3509 3358 assi-

1917 3396 2081 3442 stant.

1983 3480 2288 3551 Allegorice
2318 3488 2499 3536 autem
2522 3521 2537 3546 ,
2571 3496 2639 3536 ne
2670 3480 2723 3535 in
2758 3480 2976 3536 Christo
3017 3481 3336 3538 divisionem
3386 3501 3510 3555 per-

1918 3585 2177 3624 sonarum
2208 3569 2433 3625 faciant.
2459 3569 2628 3640 Caput
2657 3570 2802 3624 enim
2830 3568 3032 3625 Christi
3057 3571 3196 3626 Deus
3223 3582 3330 3639 est,
3352 3573 3510 3629 Chri-

1918 3669 2034 3714 stus
2082 3669 2266 3714 autem
2309 3674 2375 3714 ex
2428 3660 2712 3715 divinitate
2765 3670 2977 3715 constat
3030 3670 3086 3716 et
3133 3663 3499 3730 humanitate;

1917 3752 2107 3823 capitis
2135 3753 2277 3808 enim
2296 3793 2311 3818 ,
2342 3752 2394 3806 id
2423 3761 2508 3808 est
2537 3752 2836 3807 divinitatis
2881 3754 3018 3808 tiara
3048 3753 3358 3812 humanitas
3391 3767 3505 3822 est,

1918 3857 2026 3912 qua
2055 3850 2199 3896 tecta
2229 3842 2330 3896 fuit
2359 3843 2505 3897 velut
2531 3843 2672 3914 pileo
2695 3845 2982 3912 divinitas;
3011 3846 3125 3902 [nec
3155 3863 3262 3902 non
3295 3858 3379 3904 est
3405 3866 3506 3905 au-

1915 3933 2160 4000 ferenda,
2211 3951 2312 3990 nec
2355 3935 2550 3991 divisio
2582 3950 2937 4005 personarum
2970 3937 3023 3991 in
3049 3937 3266 3994 Christo
3308 3941 3506 4011 praedi-

1914 4028 2109 4094 canda,
2143 4027 2237 4082 sed
2267 4029 2492 4083 duarum
2521 4029 2946 4083 substantiarum
2974 4045 3077 4084 una
3099 4046 3353 4100 persona.

1983 4116 2172 4188 Capita
2214 4129 2414 4183 vestra,
2457 4128 2562 4173 etc.
2602 4119 2783 4190 (AUG.,
2813 4129 3001 4190 quiest.
3043 4120 3114 4173 52
3152 4123 3206 4175 in
3242 4120 3384 4194 Leu.)
3425 4121 3507 4179 Ne

1914 4209 2118 4265 scilicet
2179 4209 2393 4266 cidares
2443 4211 2756 4280 deponant,
2814 4217 2959 4276 etc.,
3016 4226 3178 4280 usque
3235 4211 3305 4265 ad
3364 4213 3506 4268 unde

1915 4298 2067 4353 addit
2100 4316 2113 4352 :

1982 4389 2203 4444 Fratres
2231 4392 2384 4444 vestri
2415 4400 2462 4444 et
2489 4392 2656 4446 omnis
2685 4392 2871 4446 domus
2907 4390 3080 4446 Israel
3117 4391 3371 4465 plangant
3414 4396 3502 4450 in-

1835 4522 1888 4582 D
1913 4482 2172 4536 cendium.
2207 4481 2413 4553 (lenem)
2446 4481 2560 4535 Non
2590 4483 2900 4582 ignoramus
2931 4483 3058 4551 quid
3086 4484 3298 4540 cidares
3323 4487 3495 4558 signi-

1914 4573 2094 4634 ﬁcent,
2129 4581 2261 4638 etc.,
2295 4589 2456 4643 usque
2481 4573 2549 4625 ad
2579 4572 2645 4626 de
2670 4588 2776 4642 qua
2805 4591 2817 4626 :
2855 4570 3041 4626 Unctio
3079 4575 3194 4644 ejus
3223 4575 3372 4631 docet
3413 4569 3506 4634 uos.

1912 4666 1977 4720 de
2007 4665 2268 4719 omnibus.

1989 4755 2148 4809 Vens.
2177 4757 2326 4811 9.—
2359 4753 2544 4809 Vinum
2592 4766 2639 4811 et
2685 4774 2835 4811 omne
2873 4760 3012 4829 quod
3052 4759 3331 4814 inebriare.
3377 4761 3503 4832 (ῐυ.)

1914 4845 2097 4916 Usque
2117 4861 2258 4901 nunc
2279 4845 2419 4900 hanc
2447 4845 2615 4916 legem
2640 4846 2879 4903 Ecclesia
2905 4849 3159 4914 custodit,
3184 4857 3316 4916 etc.,
3342 4868 3504 4922 usque

1919 4936 1987 4989 ad
2021 4937 2073 4989 id
2103 4945 2186 4990 est
2224 4936 2577 5006 spiritualiter
2601 4937 2914 5006 inspirasse.

1999 5027 2192 5082 Vinum
2223 5037 2270 5082 et
2300 5045 2449 5082 omne
2469 5029 2629 5100 quod,
2653 5039 2758 5084 etc.
2790 5031 2873 5086 Ab
2896 5029 2962 5085 iis
2988 5043 3108 5100 qua:
3132 5039 3330 5086 statum
3353 5047 3504 5088 men-

1919 5119 1989 5174 tis
2018 5119 2275 5188 dejiciunt
2295 5121 2378 5174 vel
2402 5131 2652 5176 evertunt
2673 5123 2946 5178 abstinere
2982 5123 3256 5193 iubentur,
3280 5125 3497 5194 quando

1917 5210 2321 5264 tabernaculum
2346 5211 2735 5281 ingrediuntur.
2771 5213 2881 5267 Nos
2905 5222 3084 5267 autem
3119 5227 3395 5283 nunquam
3421 5215 3504 5268 in-

1912 5301 2226 5366 ebriemur,
2257 5302 2351 5356 sed
2409 5317 2625 5374 semper
2686 5312 2868 5359 mente
2927 5312 2982 5359 et
3039 5319 3267 5375 corpore
3333 5305 3503 5363 sobrii

1914 5392 2105 5446 simus.
2343 5389 2348 5396 ’

1985 5480 2209 5546 Quando
2283 5481 2564 5538 intrabitis.
2624 5483 2808 5556 (Λῠοη
2855 5481 3043 5554 quiest.
3108 5485 3222 5557 55).
3272 5483 3501 5551 Quando

1923 5584 2044 5641 ergo
2093 5573 2172 5628 eis
2218 5572 2413 5627 licebat
2455 5574 2673 5637 bibere,
2725 5581 2858 5636 etc.,
2909 5589 3069 5641 usque
3106 5574 3175 5626 ad
3207 5580 3266 5626 ut
3305 5572 3404 5625 hoc
3431 5569 3505 5626 sit

1918 5662 2150 5719 olﬁcium
2199 5666 2538 5722 sacerdotum
2574 5665 2869 5737 legitimum
2913 5673 3175 5720 aeternum
3215 5663 3271 5720 in
3308 5675 3502 5735 proge-

1924 5774 2042 5812 mes
2070 5773 2279 5813 eorum.
