3998 6332
582 361 685 453 327

1098 384 1489 446 WALAFRIDI
1530 383 1776 441 STBABI
1814 381 2016 438 FULD.
2061 377 2224 433 MON.
2264 379 2414 436 OPP.
2456 383 2636 441 PARS
2673 385 2712 440 1.
2753 415 2823 428 -
2858 382 3314 442 THEOLOGICA.
3701 393 3778 453 323

654 509 814 564 Vens.
831 500 1608 562 lO.—Utltabeatisscientiam
1621 495 1968 551 discernendi.
1988 491 2170 563 (Auc.)
2201 495 2253 553 Α
2279 505 2460 551 autem
2489 512 2655 569 quare
2677 499 2748 554 sit
2778 498 3003 567 factum,
3031 499 3310 570 respondit
3331 498 3502 556 Aaron
3521 541 3534 568 ,
3555 511 3603 559 et
3621 506 3777 575 placuit

579 602 693 657 Hoc
722 609 776 654 et
810 597 1062 667 ambigue
1087 594 1323 664 positum
1353 601 1456 655 est,
1497 599 1626 654 etc.,
1667 603 1829 657 usque
1868 585 1936 640 ad
1964 600 2032 638 an
2067 597 2162 653 po-

582 693 688 748 tius
713 690 780 746 ad
809 697 1098 756 utrumque
1125 683 1466 739 referendum
1495 681 1610 736 est?

648 777 814 833 Vens.
845 777 933 831 12.
954 805 1027 817 -
1049 773 1234 828 Tollite
1257 771 1593 839 sacriﬁcium,
1632 777 1736 824 etc.
1771 766 1976 838 (181011.)
2007 765 2160 834 Quod

578 869 950 941 pectusculum
977 864 1379 927 conﬁdentiam,
1401 870 1531 925 etc.,
1551 873 1712 930 usque
1733 859 1800 914 ad
1831 875 1949 928 qua:
1975 868 2158 912 autem
2203 900 2206 904 .

577 965 644 1018 ad
696 961 923 1034 paciﬁca
967 969 1022 1015 et
1081 957 1340 1014 salutaria
1391 954 1696 1027 pertinent,
1755 953 1919 1008 totius
1976 950 2158 1023 populi

577 1064 726 1111 sunt.

651 1146 855 1210 Tollite,
880 1154 985 1201 etc.
1013 1144 1243 1206 Arcana,
1268 1141 1474 1197 scilicet
1498 1149 1551 1196 et
1571 1139 1834 1212 profunda
1862 1137 2156 1205 Scriptura:

577 1248 937 1302 sacramenta,
971 1252 1090 1306 qua:
1119 1234 1310 1306 volgus
1337 1249 1440 1288 non
1472 1233 1650 1302 capit,
1675 1229 1952 1285 retinenda
1982 1243 2046 1282 ac
2065 1243 2156 1283 co-

577 1329 835 1384 medenda
877 1335 1002 1382 sunt
1040 1312 1327 1395 perfectis;
1361 1326 1516 1395 juxta
1565 1325 1751 1388 altare,
1795 1322 1849 1377 id
1891 1330 1973 1375 est
1999 1320 2156 1390 juxta

576 1419 867 1473 Dominicre
893 1417 1161 1486 passionis
1186 1415 1344 1469 11110111
1373 1423 1429 1470 01
1457 1422 1858 1468 auctoritatem.

644 1507 808 1561 Vens.
844 1505 929 1560 M.
950 1536 1021 1547 —
1044 1502 1441 1566 Pectusculum,
1469 1511 1575 1558 etc.
1613 1501 1794 1573 (Auc.,
1825 1508 2011 1570 quiest.
2035 1499 2152 1570 34.)

576 1596 964 1652 Pectusculum.
996 1594 1254 1662 Quamvis
1285 1593 1508 1664 singulis
1538 1592 1743 1663 singula
1781 1591 1998 1646 nomina
2030 1590 2153 1644 data

573 1693 714 1758 sint,
764 1699 893 1756 etc.,
944 1703 1107 1758 usque
1172 1685 1241 1740 ad
1287 1686 1352 1742 de
1403 1684 1716 1757 pectusculo
1774 1682 2155 1755 imponebatur

572 1783 749 1837 altari.

643 1875 808 1930 Vens.
843 1871 929 1927 16.
954 1869 1192 1925 —Inter
1212 1870 1342 1924 hinc.
1377 1869 1581 1940 (181011.)
1606 1869 1740 1936 Quia
1766 1884 1926 1925 omne
1959 1882 2154 1939 pecca-
2183 1861 2230 1920 Β

575 1973 687 2020 111111
717 1977 815 2034 per
845 1961 1216 2032 paenitentiam
1241 1959 1466 2025 deletur,
1499 1967 1551 2014 et
1573 1959 1662 2028 qui
1687 1958 2000 2027 praedictum
2028 1973 2153 2029 pec-

571 2064 752 2109 catum
817 2051 1041 2106 alterius
1099 2049 1359 2104 doctrina:
1413 2056 1469 2103 et
1522 2048 1872 2120 blasphemia:
1923 2049 2152 2103 commi-

571 2153 790 2210 serunt,
821 2144 1011 2200 salvati
1048 2159 1152 2198 non
1195 2151 1340 2208 sunt,
1365 2157 1583 2199 causam
1620 2144 1812 2199 mortis
1843 2157 2033 2198 eorum
2068 2142 2148 2198 le-

569 2236 791 2308 gislator
822 2235 1062 2305 exponit.
1341 2290 1344 2294 .

638 2327 786 2382 Inter
828 2328 938 2381 ha-c
983 2328 1207 2392 hircum,
1255 2326 1463 2383 scilicet
1491 2327 1615 2396 quia
1651 2343 1757 2382 non
1797 2327 2152 2384 comederunt

567 2417 660 2472 ﬁlii
689 2421 869 2472 Aaron
899 2419 1042 2488 quod
1073 2435 1170 2489 pro
1197 2428 1421 2489 peccato
1461 2428 1579 2473 erat
1607 2420 1660 2472 in
1696 2419 1815 2474 loco
1845 2431 2064 2487 sancto,
2094 2421 2148 2475 id

563 2517 647 2563 est
671 2508 1047 2578 pmnitentiam
1077 2508 1288 2578 peccati
1320 2508 1595 2563 commissi
1625 2509 1679 2561 iu
1711 2509 1937 2564 ecclesia
1961 2510 2146 2580 peragi

563 2605 670 2651 mm
701 2597 962 2653 fecerunt.
993 2597 1198 2665 Quibus
1230 2599 1331 2654 hoc
1357 2607 1684 2668 praeceptum
1703 2607 1808 2664 est,
1832 2615 1968 2669 quos
1991 2601 2148 2656 Chri—

563 2699 680 2744 stus
706 2688 759 2744 in
787 2688 1029 2762 Ecclesia
1068 2689 1299 2743 vicarios
1333 2703 1463 2744 suos
1511 2689 1808 2744 constituit.
1846 2690 1963 2760 Ipse
2000 2692 2144 2746 enim

560 2779 849 2834 oblationis
875 2792 986 2832 sure
1015 2779 1329 2849 sanguinem
1349 2820 1364 2845 ,
1391 2794 1512 2848 qua:
1539 2795 1638 2848 pro
1667 2791 1853 2834 nostro
1883 2782 2145 2852 sanguine

559 2870 740 2924 oblata
771 2877 870 2931 est,
903 2870 956 2923 in
989 2879 1259 2935 sanctum,
1288 2870 1342 2924 id
1371 2879 1456 2924 est
1490 2871 1543 2923 111
1566 2869 1762 2924 caelum
1784 2911 1798 2935 ,
1829 2871 1882 2924 111
1917 2886 2146 2941 conspe-

559 2969 648 3014 ctu
691 2959 867 3015 Patris
893 2961 1104 3014 obtulit.
1133 2961 1300 3015 Debet
1345 2971 1526 3017 autem
1571 2962 1778 3017 comedi
1829 2962 1930 3017 hoc
1969 2965 2138 3018 sacri-

559 3051 701 3104 cium
733 3051 788 3104 in
823 3051 938 3106 loco
965 3059 1175 3116 sancto,
1209 3052 1260 3107 id
1286 3060 1369 3107 est
1402 3052 1630 3107 ecclesia
1652 3093 1666 3118 ,
1709 3053 1763 3107 in
1803 3054 2142 3122 propitiatio-

557 3154 681 3194 nem
705 3149 1080 3210 peccatorum,
1113 3142 1254 3196 unde
1287 3141 1438 3196 addit
1465 3161 1476 3195 :
1509 3141 1961 3208 Quemadmodum
1998 3161 2138 3216 pra:-

2264 587 2418 645 Mosi.

2333 682 2526 737 Hodie.
2541 683 2706 750 Quasi
2729 684 2873 740 dicat
2899 703 2910 738 :
2934 685 2980 740 si
3003 692 3126 740 ante
3151 685 3516 741 remissionem
3536 685 3776 752 Salvatcris

2261 771 2363 826 hoc
2391 781 2725 841 peccassent,
2755 770 2980 827 forsitan
3021 773 3411 843 ignosceretur,
3435 791 3550 830 cum
3587 781 3774 838 nondum

2259 863 2462 918 mundo
2482 862 2707 917 scientia
2737 863 3212 919 manifestaretur:
3243 867 3382 922 unde
3401 907 3416 932 ,
3447 866 3506 922 Si
3535 886 3624 924 non
3648 875 3774 928 renit-

2257 969 2393 1016 sem,
2437 963 2486 1006 et
2525 953 2727 1008 locutus
2754 960 2829 1008 eis
2859 954 3091 1023 fuissent,
3124 967 3388 1026 peccatum
3427 975 3526 1012 non
3549 961 3772 1029 haberent;

2259 1058 2397 1097 nunc
2435 1054 2612 1098 autem
2650 1045 3035 1099 excusationem
3063 1062 3166 1100 non
3204 1047 3393 1102 habent
3419 1048 3480 1102 de
3501 1062 3682 1120 peccato
3702 1071 3771 1110 suo

2259 1131 2439 1204 (Joan.
2469 1133 2583 1204 xv).

2867 1242 3094 1300 CAPUT
3137 1243 3223 1300 XI.

2327 1395 2476 1453 Vens
2499 1399 2548 1454 1.
2570 1428 2640 1438 -
2659 1397 2886 1454 Locutus
2926 1411 2999 1454 est
3027 1401 3297 1455 Dominus.
3332 1401 3529 1475 (1811111.)
3554 1402 3765 1476 Quidquid

2255 1503 2287 1542 a
2323 1488 2428 1543 Deo
2452 1489 2651 1544 factum
2683 1490 2797 1560 ipsa
2837 1491 3190 1546 institutionis
3216 1493 3530 1547 auctoritate
3564 1497 3763 1549 mundum

2254 1585 2355 1634 est.
2386 1579 2442 1634 111
2463 1579 2785 1635 animalibus
2807 1580 2972 1650 igitur
2999 1597 3181 1636 mores
3207 1583 3497 1653 pinguntur
3524 1583 3763 1650 hominum,

2253 1677 2308 1726 et
2345 1681 2520 1736 actus,
2550 1678 2605 1724 et
2653 1671 2978 1738 voluntates,
3030 1689 3096 1728 ex
3137 1674 3333 1745 quibus
3362 1673 3494 1728 ﬁunt
3530 1677 3686 1731 mundi
3706 1678 3766 1731 vel

2255 1761 2538 1817 immundi.

2329 1851 2451 1922 (111.)
2491 1851 2636 1906 Dixit
2666 1851 2925 1910 Dominus
2953 1855 3020 1909 ad
3058 1853 3170 1910 Noe
3201 1871 3216 1910 :
3241 1855 3406 1910 Omne
3428 1856 3558 1926 quod
3587 1869 3766 1912 mouetur

2253 1950 2302 1994 et
2332 1942 2594 2007 vivit,erit
2624 1943 2764 1998 vobis
2791 1944 2847 1998 in
2885 1945 3056 1998 cibum
3087 1943 3241 2016 (Gen.
3273 1945 3376 2015 ιι),
3407 1954 3506 2001 etc.
3538 1946 3589 2000 111
3616 1945 3763 2001 Genesi

2253 2047 2468 2102 quoque
2497 2033 2699 2088 dictum
2739 2043 2860 2089 est:
2898 2032 3035 2088 Vidit
3069 2035 3212 2089 Deus
3251 2047 3434 2088 cuncta
3463 2053 3568 2107 qua!
3599 2036 3761 2105 fecerat,

2250 2130 2299 2174 et
2323 2131 2470 2175 erant
2492 2121 2640 2176 ualde
2661 2123 2794 2177 bona
2831 2122 2983 2195 (Gen.
3014 2123 3074 2196 I).
3104 2123 3203 2179 1110
3231 2134 3411 2178 01110111
3437 2125 3655 2194 quaedam
3673 2141 3763 2195 pro-

2253 2211 2529 2280 hibentur,
2559 2213 2708 2268 velut
2732 2215 2896 2281 mala,
2929 2225 2984 2270 et
3009 2217 3286 2274 immunda
3313 2221 3660 2275 decernuntur.
3678 2220 3760 2276 Non

2250 2313 2377 2358 sunt
2420 2313 2598 2360 tamen
2637 2305 2740 2360 ista
2785 2309 3057 2362 contraria
3097 2309 3201 2364 sibi
3229 2329 3240 2363 :
3266 2326 3391 2364 nam
3430 2318 3481 2365 et
3515 2309 3760 2380 Iudaeorum

2249 2403 2685 2474 gastrimargiam
2721 2405 2789 2459 ad
2836 2405 3104 2460 modicum
3156 2404 3420 2462 Dominus
3465 2407 3693 2477 reprimit,
3721 2415 3760 2461 et

2247 2493 2545 2564 Spiritualis
2589 2504 2983 2564 praeceptorum
3040 2498 3309 2566 expositio
3362 2497 3538 2568 quales
3583 2498 3759 2552 debeant

2246 2601 2367 2640 esse
2395 2586 2633 2640 1118111111.
2671 2585 2784 2641 Lex
2814 2587 2958 2642 enim
2990 2589 3384 2643 nutrimentum
3412 2599 3491 2644 est
3516 2589 3678 2643 anima:
3695 2603 3758 2642 ru-

2246 2677 2460 2731 tionalis
2502 2677 2898 2734 rationabiliter
2929 2678 3226 2733 intellecta.
3264 2679 3414 2734 Sicut
3437 2689 3598 2734 autem
3629 2679 3673 2733 in
3695 2694 3759 2733 su-

2243 2766 2550 2836 perioribus
2595 2781 2693 2836 per
2739 2767 3041 2823 oblationes
3087 2768 3345 2838 ﬁguravit
3395 2767 3666 2834 offerentes,
3703 2768 3759 2822 sic

2244 2874 2389 2912 nunc
2441 2873 2540 2929 per
2603 2873 2666 2914 ea
2730 2875 2850 2930 qua:
2911 2860 3271 2917 comeduntur
3327 2862 3570 2935 exprimit
3620 2875 3756 2916 come-

2242 2953 2452 3006 11011108.
2871 2955 2907 2982 ’³

2313 3042 2477 3098 Vens.
2507 3043 2559 3098 5.
2583 3074 2654 3084 —-
2677 3045 2843 3100 Omne
2889 3048 3028 3118 quod
3077 3048 3252 3115 habet,
3293 3058 3398 3104 etc.
3430 3047 3586 3120 (18111.)
3621 3046 3667 3101 111
3695 3045 3756 3115 pi-

2240 3137 2422 3192 scibus
2468 3137 2727 3207 quidquid
2770 3138 3020 3208 pinnulas
3067 3148 3123 3195 et
3184 3156 3440 3210 squamas
3483 3155 3578 3194 non
3617 3137 3754 3196 habet.

558 3240 758 3300 ceptum
798 3242 872 3286 est
914 3232 1078 3295 mihi,
1112 3232 1162 3287 id
1189 3243 1272 3288 est
1309 3233 1450 3288 sicut
1479 3235 1729 3306 praecepi.
1762 3229 1969 3308 Moyses
1995 3239 2139 3293 enim
2167 3248 2213 3311 ρ
2243 3229 2602 3285 abominabile
2639 3238 2756 3285 est:
2785 3247 2976 3302 aspera
3013 3247 3110 3302 pro
3146 3233 3364 3288 mundis
3400 3233 3653 3287 babenlur-
3684 3225 3754 3280 Hi'

557 3324 695 3391 gerit
738 3338 1026 3393 personam
1076 3322 1299 3380 Christi.
1326 3327 1588 3381 Exustum
1632 3329 1866 3396 reperit,
1911 3331 2036 3400 quia
2084 3331 2140 3386 in

555 3413 818 3484 Spiritum
849 3427 1096 3471 sanctum
1130 3427 1518 3486 peccaverant,
1550 3419 1617 3472 ab
1664 3419 1986 3489 intelligibili
2018 3421 2139 3492 igne

555 3506 786 3572 Spiritus
827 3510 999 3564 sancti
1051 3510 1250 3566 oblatio
1299 3527 1396 3582 pro
1443 3513 1762 3583 pmnitentia
1807 3515 1983 3570 ablata
2030 3526 2133 3571 081.

564 3597 868 3653 Voluntarie
905 3602 1041 3654 enim
1083 3603 1414 3670 peccantibus
1454 3620 1558 3658 non
1606 3603 1921 3676 relinquitur
1965 3608 2136 3662 hostia

551 3705 645 3759 pro
677 3701 886 3759 peccato
913 3689 1071 3760 (Heb.
1107 3694 1185 3764 11).
1217 3694 1349 3748 Nam
1375 3695 1517 3749 sicut
1545 3711 1672 3750 vera
1700 3697 2018 3767 paenitentia
2044 3713 2136 3754 ve-

552 3779 696 3834 niam
739 3789 1098 3849 promeretur,
1130 3783 1202 3836 ita
1245 3784 1493 3839 simulata
1537 3786 1706 3840 Deum
1755 3787 1972 3841 irritat:
2009 3790 2134 3858 quia

552 3869 784 3939 Spiritus
819 3882 1033 3924 sanctus
1074 3873 1364 3943 disciplina;-
1402 3877 1615 3946 eﬁ'ttgiet
1658 3875 1840 3945 fictum
1882 3877 2036 3950 (Sap.
2066 3880 2130 3950 1).

552 3958 665 4015 1100
691 3969 871 4016 autem
898 3964 1072 4018 sancti
1096 3963 1286 4020 Patres
1317 3966 1688 4022 irremissibile
1728 3980 2039 4039 peccatum,
2075 3980 2132 4028 et

549 4050 939 4120 blasphemiam
971 4053 1024 4107 in
1055 4053 1315 4125 Spiritum
1343 4068 1588 4112 sanctum
1617 4060 1902 4126 dixerunt,
1926 4063 1980 4116 in
2015 4078 2132 4118 sce-

551 4140 754 4196 leribus
781 4159 950 4214 usque
981 4147 1047 4200 ad
1080 4147 1241 4200 linem
1279 4147 1400 4202 vita:
1439 4163 1821 4218 perseverare,
1859 4153 1925 4208 de
1955 4154 2130 4211 salute

549 4247 645 4286 sua
675 4233 986 4304 desperare,
1023 4235 1095 4300 de
1111 4237 1350 4306 potentia
1395 4245 1452 4291 et
1491 4239 1861 4296 misericordia
1891 4242 2128 4300 Redem-

547 4324 719 4393 ptoris
748 4325 1006 4381 difﬁdere.

620 4423 950 4494 (ADAMANT.)
983 4423 1096 4480 Non
1121 4439 1350 4494 peccare
1373 4424 1538 4495 solius
1561 4424 1654 4481 Dei
1684 4435 1789 4493 est,
1813 4435 1944 4495 etc.,
1967 4445 2127 4500 usque

547 4512 615 4565 ad
652 4512 754 4565 nisi
782 4528 969 4566 verum
1001 4523 1055 4568 et
1083 4515 1374 4568 sincerum.

620 4602 801 4673 (Auc.,
840 4615 1024 4671 quiest.
1054 4604 1120 4658 56
1152 4606 1206 4658 in
1231 4603 1419 4676 Leuit.)
1454 4604 1595 4662 Sane
1629 4609 1882 4678 quoniam
1905 4625 1996 4664 sex
2029 4625 2124 4680 pe-
2154 4591 2206 4652 D

547 4709 675 4749 cora
705 4695 1094 4764 prmeipinntur
1118 4695 1297 4751 ollerri
1331 4713 1429 4766 pro
1452 4700 1682 4768 populo,
1712 4709 1839 4768 etc.,
1869 4719 2031 4774 usque
2055 4703 2124 4758 ad

546 4800 667 4855 qua:
693 4785 871 4840 omnia
903 4786 1115 4840 fuerant
1140 4803 1236 4857 pro
1263 4799 1504 4857 peccato.

622 4898 778 4954 Vens.
813 4900 982 4955 19.-
1011 4899 1290 4971 Respondit
1313 4905 1512 4972 Aaron,
1541 4916 1646 4962 etc.
1680 4907 1736 4962 111
1768 4922 1996 4977 persona
2024 4909 2125 4965 Ec-

545 4991 739 5053 clesiae,
769 4992 922 5058 cujus
951 4991 1176 5063 ﬁguram
1202 4997 1360 5066 gerit,
1385 4997 1526 5052 sicut
1565 5006 1620 5050 et
1653 4995 1885 5062 Christi,
1914 4998 2126 5052 videtur

545 5082 724 5136 Aaron
752 5081 930 5138 dicere
966 5085 1088 5139 hoc.
1122 5083 1306 5153 Quasi,
1333 5088 1457 5156 quia
1487 5097 1607 5157 post
1628 5087 1915 5142 adventum
1942 5087 2126 5142 Salva-

547 5177 682 5230 toris
732 5176 967 5246 deputati
1019 5187 1141 5232 s‘unt
1193 5167 1506 5243 ministare,
1555 5187 1609 5232 et
1660 5195 1756 5248 pro
1808 5181 2124 5248 paenitentia

545 5267 760 5332 0110110,
791 5277 845 5322 et
873 5272 1243 5339 propheticam
1266 5271 1431 5323 vitam
1454 5284 1742 5337 exponere.
1771 5270 1938 5325 Aliter
1965 5290 1977 5325 :
2012 5273 2121 5326 Do-

543 5369 731 5415 centes
763 5361 1040 5430 perierunt
1070 5373 1123 5415 et
1152 5363 1204 5415 in
1231 5362 1309 5414 eis
1339 5361 1451 5414 haec
1481 5359 1733 5415 Ecclesiae
1772 5363 2118 5430 acciderunt,

545 5462 602 5506 ut
633 5453 971 5507 sacerdotum
997 5461 1051 5506 01
1076 5452 1457 5523 magistrorum
1478 5451 1684 5521 Ingeret
1701 5463 1950 5521 mortem,
1975 5455 2118 5509 unde

541 5544 826 5599 comedere
850 5544 1009 5598 hodie
1043 5559 1140 5612 pro
1167 5551 1391 5610 peccato
1417 5557 1522 5598 non
1551 5544 1752 5612 potuit,
1777 5560 1879 5601 nec
1915 5559 2074 5602 orare
2100 5564 2112 5598 :

547 5635 773 5692 Domino
801 5644 982 5690 autem
1012 5633 1348 5702 displicebat.

614 5727 797 5796 (Auc.)
831 5725 1114 5795 Respondit
1148 5723 1354 5792 Aaron,
1386 5736 1490 5782 etc.
1525 5727 1582 5783 Si
1610 5727 1769 5783 hodie
1807 5728 2120 5784 obtulerunt

546 5834 666 5889 qum
711 5833 807 5888 pro
843 5825 1062 5887 peccato
1091 5815 1302 5874 illorum
1332 5827 1486 5887 sunt,
1526 5829 1655 5886 etc.,
1703 5837 1862 5889 usque
1905 5821 1974 5874 ad
2005 5819 2116 5876 Hoc

2243 3321 2381 3390 spidi
2408 3321 2551 3375 enim
2575 3329 2630 3376 et
2656 3321 2875 3387 hirsuti,
2902 3323 3066 3387 1111111,
3095 3334 3150 3379 01
3175 3341 3372 3396 graves
3397 3324 3645 3379 hominum
3666 3335 3754 3376 mo-

2241 3431 2329 3470 res
2355 3416 2746 3486 approbantur.
2778 3415 2880 3483 Qui
2904 3416 3023 3471 sine
3049 3417 3135 3472 his
3168 3426 3317 3483 sunt,
3351 3415 3589 3471 immundi
3614 3415 3756 3468 dicun-

2239 3516 2346 3574 tur,
2397 3508 2591 3577 quibus
2631 3507 2776 3562 leves
2802 3515 2858 3563 et
2903 3507 3137 3573 lubrici,
3181 3507 3385 3562 inﬁrmi
3427 3517 3481 3563 et
3516 3502 3752 3561 effeminati

2237 3615 2418 3656 mores
2467 3600 2815 3670 adjiciuntur.
2873 3599 3132 3654 Pinnulas
3178 3615 3392 3669 quoque
3439 3595 3679 3668 conjungit
3713 3600 3753 3645 et

2235 3705 2520 3760 squamas;
2573 3690 2882 3760 quicunque
2925 3691 3070 3745 enim
3115 3691 3294 3760 pisces
3353 3689 3547 3761 pinnati
3583 3691 3753 3742 suntet

2234 3783 2528 3854 squamosi.
2555 3782 2611 3838 Si
2641 3783 2838 3853 quibus
2882 3782 3186 3852 ignorantia
3221 3781 3462 3837 solubilis
3501 3787 3593 3843 est,
3620 3777 3686 3831 his
3713 3781 3753 3825 et

2233 3874 2471 3942 cognitio
2516 3873 2762 3928 sublimis
2790 3882 2846 3928 et
2886 3873 2996 3927 vita
3024 3873 3264 3928 caelestis
3289 3893 3302 3928 :
3328 3874 3416 3944 qui
3461 3881 3622 3926 autem
3650 3865 3750 3921 tales

2232 3976 2339 4018 non
2366 3970 2516 4029 sunt,
2545 3977 2667 4017 cum
2698 3963 2782 4017 his
2810 3978 2911 4018 nec
2929 3963 3113 4020 cibum
3139 3979 3378 4020 sumere.

2303 4075 2596 4130 Moraliter.
2633 4074 2850 4148 (Gnsc.)
2887 4076 3070 4133 Pisces
3113 4079 3202 4148 qui
3241 4077 3484 4149 pinnulas
3523 4074 3691 4131 habent
3711 4075 3749 4122 et

2231 4181 2503 4237 squamas,
2531 4165 2662 4220 dare
2691 4166 2863 4221 saltus
2885 4182 3046 4237 super
3072 4182 3243 4237 aquas
3269 4169 3456 4224 solent.
3483 4165 3536 4220 In
3563 4157 3748 4234 pinnatis

2230 4273 2358 4328 ergo
2388 4257 2625 4326 piscibus
2651 4257 2834 4312 electae
2870 4259 3063 4313 anima:
3106 4259 3427 4328 ﬁgurantur,
3455 4271 3564 4328 quae
3588 4248 3749 4307 solacia

2231 4348 2470 4403 0111108118
2515 4348 2772 4403 Ecclesia:
2813 4363 3012 4420 corpus
3044 4358 3358 4416 transeunt;
3416 4363 3528 4419 quat
3566 4338 3748 4416 pinnulis

2229 4439 2487 4494 virtutum
2537 4439 2684 4494 fultae
2725 4456 2822 4511 per
2860 4442 3080 4498 01010810
3124 4443 3449 4498 desiderium
3496 4439 3667 4496 saliunt
3698 4429 3746 4484 ad

2231 4532 2762 4602 contemplationem,
2802 4535 3050 4603 quamvis
3075 4534 3128 4588 in
3152 4550 3209 4590 se
3239 4535 3538 4590 relabantur
3552 4544 3634 4601 per
3651 4537 3742 4580 car-

2233 4623 2317 4677 nis
2347 4621 2717 4694 fragilitatem.
2743 4623 2856 4680 Soli
2879 4641 3007 4696 ergo
3035 4627 3088 4682 in
3109 4626 3401 4681 electorum
3427 4636 3604 4694 corpus
3626 4611 3741 4688 quasi

2233 4717 2386 4772 cibus
2431 4717 2635 4773 electus
2688 4727 2994 4783 transeunt,
3045 4720 3134 4790 qui
3182 4721 3310 4775 dum
3372 4719 3490 4774 imis
3530 4713 3740 4771 serviunt.

2232 4810 2428 4864 mentis
2453 4809 2678 4865 saltibus
2705 4825 2936 4882 superna
2978 4815 3366 4878 conscendunt,
3409 4826 3473 4866 ne
3501 4819 3683 4875 semper
3702 4801 3741 4854 in

2230 4901 2513 4973 profundis
2575 4918 2830 4957 curarum
2893 4904 3124 4968 lateant,
3176 4906 3263 4960 ubi
3329 4905 3519 4960 nullam
3586 4892 3742 4953 amoris

2231 4995 2448 5058 summi,
2479 4995 2633 5063 quasi
2670 4995 2826 5049 liberi
2855 4996 3015 5062 aeris,
3049 5012 3234 5052 curam
3280 4992 3613 5059 1101111111.ρυί
3646 4997 3742 5053 ετεο

2230 5087 2392 5141 rebus
2417 5088 2801 5156 temporalibus
2834 5098 3184 5157 occupantur,
3216 5100 3343 5144 tunc
3376 5091 3504 5143 bene
3526 5081 3741 5139 exteriora

2229 5178 2540 5247 disponunt,
2579 5193 2700 5233 cum
2737 5179 2962 5234 sollicite
2992 5182 3059 5235 ad
3097 5183 3349 5236 interiora
3379 5179 3641 5249 refugiunt.
3667 5179 3740 5222 nec

2225 5268 2647 5338 perturbationis
2698 5271 2954 5338 strepitus
2999 5269 3246 5339 diligunt,
3294 5271 3386 5325 sed
3428 5267 3554 5338 apud
3588 5263 3741 5318 semet-

2227 5360 2370 5429 ipsos
2399 5361 2544 5415 intus
2569 5361 2620 5414 in
2645 5362 3046 5430 tranquillitatis
3075 5365 3195 5418 sinu
3225 5363 3572 5433 requiescunt.

2297 5453 2459 5508 Vens.
2501 5453 2586 5507 10.
2613 5484 2683 5494 ——
2709 5453 2974 5525 Quidquid
3009 5456 3274 5525 pinnulas,
3305 5466 3406 5510 etc.
3449 5451 3576 5506 Sunt
3611 5442 3736 5498 etiam

2224 5545 2404 5622 pisces
2436 5553 2629 5600 testam
2674 5560 2775 5615 pro
2808 5546 2946 5616 pelle
2988 5547 3267 5611 habentes,
3309 5557 3526 5614 quorum
3558 5542 3736 5607 squama

2227 5636 2428 5690 auferri
2471 5653 2576 5691 non
2627 5646 2823 5706 potest,
2869 5638 2995 5707 quia
3043 5653 3144 5694 nec
3189 5639 3352 5694 verbo
3406 5635 3494 5691 Dei
3536 5632 3739 5698 squam:ui

2226 5728 2544 5799 ignorantiae
2592 5726 2886 5799 deponunt,
2930 5745 3029 5784 nec
3070 5730 3302 5786 cultrum
3349 5726 3557 5799 spiritus
3602 5713 3735 5799 suscif

2226 5797 2382 5890 piunt
2407 5838 2420 5875 :
2443 5828 2496 5875 et
2518 5797 2765 5890 quamvis
2792 5821 2845 5876 in
2875 5822 3011 5877 mari
3041 5821 3293 5894 baptismi
3322 5797 3653 5876 inveniantur,
3676 5797 3737 5856 id
