3998 6332
254 319 371 380 529

1254 317 1523 378 CLOSSA
1561 319 1962 380 ORDINARIA.
1997 354 2067 365 —
2103 320 2232 379 LIB.
2268 320 2490 380 LEVIT.

3419 328 3527 385 550

255 441 319 497 in
341 427 1046 510 ptenitentiaa'lluminibus,
1080 435 1475 493 abominabiles
1503 448 1629 493 sunt
1660 447 1841 493 tamen
1869 445 1915 505 Α
1944 436 2112 494 Judaei
2139 436 2195 494 in
2222 436 2339 511 lege
2370 448 2427 495 et
2457 439 2767 510 prophetis;
2800 441 2894 497 sed
2933 456 3090 499 crura
3116 443 3413 502 habeamus
3443 464 3531 504 re-

252 532 320 587 in
346 531 434 587 bis
457 544 579 600 qua:
614 534 900 583 moventur
935 535 990 582 et
1015 527 1203 583 vivunt
1240 528 1296 583 in
1330 530 1505 600 aquis,
1537 529 1662 602 quia
1691 544 1845 603 rege-
1945 536 2052 596 cla,
2084 524 2224 586 sicut
2246 524 2540 594 Cherubin,
2573 531 2640 586 de
2670 530 2867 602 quibus
2886 533 3084 589 dicitur
3106 549 3121 588 :
3146 532 3317 592 Crura
3345 555 3527 597 eorum

253 623 601 679 uerationem
628 630 685 676 et
706 621 895 685 vitam,
919 636 1082 689 quam
1108 621 1162 675 in
1190 621 1460 691 baptismo
1491 632 1839 695 acceperunt,

254 710 497 769 vivendo
524 709 665 767 male
691 716 1061 780 corrumpunt.

332 806 502 860 Vens.
538 802 955 860 il.-—-Carnes.
1005 801 1161 866 (Rau.
1188 804 1245 857 in
1275 803 1465 877 Leuit.)
1510 805 1644 861 Cum
1687 820 1840 862 suem

249 898 531 970 prohibet,
567 905 698 961 etc.,
723 911 887 965 usque
925 896 997 947 ad
1030 905 1336 964 quaerentes
1358 896 1613 951 tenebras
1642 897 1836 952 noctis.

328 991 497 1045 Vsus.
525 990 613 1044 15.
633 1019 703 1029 -
726 987 855 1042 Herc
884 996 1003 1041 sunt
1025 1003 1144 1058 qua:
1182 988 1250 1042 de
1270 988 1476 1053 avibus,
1503 999 1607 1043 etc.
1632 987 1836 1061 (lsncu.)

240 1080 387 1149 Qua:
421 1080 496 1135 ad
536 1078 1072 1147 contemplativorum
1109 1077 1277 1132 vitam
1310 1079 1603 1149 pertinent,
1647 1077 1839 1147 adjun-

240 1175 351 1246 git,
391 1182 525 1239 etc.,
551 1189 714 1244 usque
744 1172 813 1226 ad
841 1170 1178 1225 mulierculas
1203 1171 1428 1243 peccatis
1460 1181 1725 1226 oneratas.

324 1266 489 1322 Vens.
543 1264 630 1318 M.
662 1294 733 1305 --
765 1262 1036 1317 Vulturem
1072 1263 1233 1333 juxta
1278 1280 1439 1334 genus
1481 1281 1660 1319 suum.
1709 1264 1834 1337 (11).)

244 1359 356 1426 Qui
395 1357 555 1414 bellis
589 1355 804 1427 gaudet.
843 1354 995 1411 Unde
1029 1355 1275 1425 sequitur
1312 1357 1636 1421 exercitum,
1666 1370 1833 1427 expe-

242 1459 410 1505 ctans
450 1449 715 1503 cadavera
748 1456 1121 1503 mortuorum:
1148 1463 1257 1502 non
1295 1444 1455 1503 debet
1478 1449 1625 1504 enim
1654 1448 1832 1505 alieno

238 1539 399 1596 luctu
426 1541 597 1611 pasci,
618 1539 710 1611 qui
740 1539 832 1594 dat
861 1554 1084 1610 operam
1106 1539 1570 1608 contemplationi.

321 1631 1093 1688 ’V’uus.16.—Struthionem.
1137 1630 1384 1688 Struthio
1429 1633 1545 1689 avis
1589 1640 1691 1699 est,
1736 1634 1833 1691 sed

239 1724 434 1779 volare
448 1739 556 1778 non
580 1732 784 1795 potest,
825 1731 881 1778 et
905 1737 1120 1794 semper
1141 1724 1286 1779 circa
1318 1732 1520 1780 terram
1559 1722 1666 1791 est,
1691 1725 1832 1783 sicut

1944 632 2106 687 recta,
2127 632 2176 677 et
2197 622 2411 693 pennati
2435 623 2589 693 pedes
2615 640 2795 679 eorum
2829 622 3043 697 (Ezech.
3077 630 3140 699 ι).

2014 712 2178 770 Vens.
2199 714 2289 769 22.
2310 713 2622 769 —Brucus.
2662 715 2763 784 Qui
2790 719 2989 783 exsilit,
3020 721 3113 775 sed
3144 721 3323 779 minus
3361 739 3524 795 quam

1942 806 2285 869 attacus,'vel
2304 806 2532 873 locusta,
2554 825 2674 879 quae
2701 811 2871 880 magis
2895 811 3172 867 exsiliunt.
3197 814 3357 871 Tales
3376 828 3523 883 sunt,

1941 895 2032 966 qui
2057 911 2176 951 cum
2203 900 2584 967 peccatoribus
2612 912 3021 969 convcrsantur,
3058 904 3126 960 ad
3162 911 3530 967 conversatio-

1939 1002 2083 1051 nem,
2110 1003 2215 1042 non
2243 989 2310 1044 ad
2332 1005 2659 1046 consensum
2682 993 2767 1048 vel
2788 994 3166 1053 imitationem.

2011 1077 2418 1149 Ophiomachus.
2443 1079 2545 1149 Qui
2573 1093 2777 1154 pugnat
2815 1099 2939 1139 cum
2973 1088 3331 1158 serpentibus,
3366 1092 3525 1149 nobis

1938 1178 2120 1224 autem
2162 1186 2343 1242 pugna
2377 1182 2462 1228 est
2504 1188 2628 1228 cum
2673 1175 2897 1246 antiquo
2932 1190 3180 1249 serpente
3220 1190 3276 1238 ct
3316 1185 3524 1257 angelis

1936 1261 2052 1332 ejus
2080 1265 2267 1336 (Apoc.
2296 1266 2421 1338 xu).

2006 1344 2169 1410 Vens.
2197 1348 2288 1411 23.
2316 1387 2388 1396 —
2412 1348 2480 1410 Ut
2508 1367 2698 1426 portet.
2740 1360 2896 1418 Sicut
2923 1366 3015 1435 qui
3043 1367 3175 1425 dicit
3208 1373 3410 1429 malum
3431 1377 3524 1433 bo-

1932 1460 2085 1510 num,
2115 1455 2171 1501 et
2197 1461 2444 1502 amarum
2469 1449 2628 1505 dulce
2649 1450 2785 1522 (lsa.
2815 1454 2870 1520 v)
2896 1471 2912 1510 :
2936 1455 3204 1517 laudando
3225 1464 3369 1519 enim
3406 1482 3524 1522 ma-

1932 1532 2041 1588 lum
2072 1550 2104 1588 a
2133 1551 2249 1623 qqu
2268 1536 2558 1606 prohibere
2586 1540 2869 1610 debuerat,
2896 1561 3052 1603 suum
3082 1548 3212 1606 facit
3238 1562 3295 1608 et
3314 1565 3516 1623 portat.

2002 1627 2165 1683 Vens.
2197 1620 2286 1683 26.
2312 1660 2384 1669 —
2405 1628 2573 1686 Omne
2616 1634 2818 1689 animal
2854 1640 3014 1708 quod.
3068 1640 3274 1716 Πειρη.)
3303 1620 3519 1705 Nullum

1930 1727 2211 1787 peccatum
2238 1721 2481 1790 praeterit
2508 1720 2626 1789 lex;
2649 1740 2983 1799 quaecunque
3004 1731 3058 1785 in
3082 1732 3372 1807 Evangelio
3390 1755 3521 1810 pro-

232 1816 468 1885 quidam
506 1817 626 1871 .Beo
671 1815 968 1870 militantes
1009 1824 1067 1870 et
1107 1816 1456 1874 mutamus
1501 1819 1730 1890 ηθεοιίίε
1767 1835 1828 1875 se
1855 1805 1902 1863 Β
1929 1808 2184 1865 bibentur
2209 1810 2371 1883 Legis
2394 1813 2776 1886 tenigmatibus
2808 1822 3215 1892 exprimuntur,
3242 1805 3315 1882 fut
3347 1805 3409 1885 in
3432 1848 3522 1887 ore

236 1905 590 1976 implicantes
610 1903 734 1975 (Job
759 1920 958 1972 xxxix;
987 1905 1051 1960 II
1089 1905 1224 1961 Tim.
1258 1906 1342 1979 ιι).

319 1994 608 2050 Noctuam.
642 1994 795 2051 Hane
838 1994 991 2053 aiunt
1016 1997 1074 2051 in
1121 2006 1282 2054 nocte
1316 2007 1478 2055 acute
1520 2000 1723 2067 videre,
1773 2012 1831 2058 et

235 2103 442 2158 parum
461 2088 523 2145 in
557 2087 665 2143 die.
699 2087 856 2142 Tales
891 2095 1021 2143 sunt
1048 2088 1139 2157 qui
1180 2088 1341 2160 Legis
1367 2090 1671 2158 gloriantur
1694 2108 1828 2147 con-

234 2178 618 2248 templatione,
643 2189 703 2233 et
738 2176 1015 2249 Evangelii
1043 2178 1220 2236 lucem
1256 2195 1451 2250 capere
1493 2197 1603 2237 non
1622 2183 1824 2241 valent.

240 2268 590 2340 Nycticorax.
623 2270 685 2325 In
710 2282 869 2328 necte
906 2278 1115 2327 tantum
1156 2273 1317 2343 rapit.
1350 2273 1508 2329 Tales
1538 2283 1665 2331 sunt
1698 2289 1828 2345 gen-

236 2368 325 2416 tes
351 2362 529 2417 uoctis
564 2363 822 2431 operibus
858 2363 1148 2429 inhiantes,
1195 2379 1317 2435 qua:
1348 2373 1476 2421 sunt
1513 2364 1824 2435 fornicatio,

232 2450 609 2517 immunditia,
636 2453 969 2523 impudicitia
1001 2451 1144 2526 (Gal.
1170 2454 1248 2529 v).

307 2544 530 2600 Larum.
558 2546 732 2603 Larus
773 2555 861 2604 est
885 2548 1087 2603 animal
1127 2557 1236 2604 tam
1289 2550 1343 2605 iu
1378 2566 1518 2623 aqua
1554 2568 1718 2624 quam
1769 2555 1825 2609 in

231 2645 387 2692 terra
417 2637 670 2694 habitans
697 2655 710 2693 :
735 2639 882 2694 volat
903 2639 1049 2695 enim
1081 2648 1138 2696 et
1162 2648 1333 2697 natat.
1358 2642 1498 2701 Huic
1522 2644 1826 2701 assimilan-

231 2736 333 2782 tur
364 2728 458 2798 qui
496 2728 966 2787 circumcisionem
1013 2738 1070 2786 et
1110 2730 1435 2803 baptismum
1473 2745 1821 2792 venerantur.

305 2817 645 2890 Accipitrem.
675 2820 947 2891 Accipiter
966 2821 1117 2878 inter
1155 2838 1378 2894 rapaces
1415 2834 1500 2882 est
1533 2841 1686 2893 aves,
1726 2827 1825 2883 sed

228 2910 591 2976 mansuescit,
640 2920 698 2967 et
728 2914 973 2984 rapinam
1022 2930 1147 2970 cum
1195 2916 1505 2975 hominibus
1544 2927 1819 2990 operatur.

230 2997 395 3055 Hunc
432 3000 717 3058 imitantur
740 3004 830 3073 qui
860 3007 1128 3062 mansueti
1148 3007 1417 3073 videntur,
1449 3010 1544 3065 sed
1566 3026 1691 3066 cum
1725 3026 1824 3081 po-

228 3091 479 3149 tentibus
503 3103 560 3148 et
592 3095 776 3150 avaris
811 3105 974 3167 atque
1018 3098 1304 3169 rapacibus
1329 3114 1523 3172 rapere
1550 3102 1817 3158 nituntur.
1865 3140 1897 3172 _-

1929 1901 2157 1957 duorum
2190 1906 2398 1960 testium
2441 1917 2539 1961 stet
2584 1925 2734 1965 omne
2774 1914 2983 1968 verbum
3003 1915 3219 1988 (Matth.
3254 1922 3432 1997 xvm),
3460 1935 3520 1982 et

1930 1994 1984 2049 in
2014 2004 2239 2066 utraque
2266 1998 2383 2071 lege
2412 1998 2597 2056 laudes
2637 2003 2831 2072 Deum,
2859 2016 2937 2072 et,
2966 2008 3109 2065 sicut
3129 1994 3400 2083 prohibet,
3430 2016 3519 2073 fu-

1929 2083 2046 2153 gias
2066 2085 2286 2141 malum.
3384 2170 3394 2179 ι

1999 2177 2162 2234 Vnus.
2188 2180 2279 2234 27.
2303 2213 2375 2222 ——
2402 2183 2557 2250 Quod
2584 2187 2819 2245 ambulat
2851 2207 3008 2260 super
3031 2210 3242 2263 manus,
3278 2177 3389 2253 etc.
3411 2198 3517 2269 Qui

1925 2270 2291 2342 evangelicam
2335 2280 2806 2336 conversationem
2852 2284 3068 2354 migrat,
3118 2288 3215 2343 sed
3261 2289 3516 2347 inanibus

1926 2362 2188 2424 ambulat.
2228 2367 2433 2437 turpis,
2462 2369 2696 2435 scilicet,
2744 2371 2880 2428 lucri
2924 2389 3088 2431 causa
3118 2394 3311 2435 manus
3337 2379 3515 2451 impo—

1925 2467 2061 2508 nens
2085 2453 2140 2525 (Ι
2164 2454 2298 2511 Tim.
2329 2456 2429 2528 ιν),
2475 2459 2564 2515 hic
2595 2469 2742 2517 recte
2775 2464 3029 2521 omnibus
3064 2466 3257 2525 bestiis
3300 2484 3521 2541 compa-

1926 2552 2100 2611 ratur,
2129 2555 2189 2601 ut
2210 2547 2293 2602 vel
2334 2548 2637 2605 adulterum
2677 2552 2849 2619 dicas,
2881 2554 2968 2610 vel
2997 2571 3240 2625 avarum,
3285 2560 3516 2618 homici-

1925 2634 2050 2693 dam
2078 2645 2132 2692 et
2164 2638 2361 2694 similia
2384 2655 2399 2695 :
2422 2642 2673 2699 omnibus
2713 2645 2859 2701 enim
2898 2661 2999 2718 per
3041 2664 3268 2720 pravam
3314 2669 3512 2712 manus

1925 2727 2323 2798 impositionem
2349 2736 2735 2791 communicat.
3234 2804 3241 2811 ,

2000 2818 2163 2878 Vnus.
2196 2821 2286 2879 28.
2311 2824 2505 2889 —Qui
2547 2828 2831 2896 portaverit
2877 2829 3182 2901 Itttjusmodi
3227 2836 3511 2895 cadauera.

1922 2912 2080 2969 Falsa
2107 2913 2335 2969 dicendo
2360 2915 2684 2975 testimonia.
2709 2920 2930 2990 dignum
2954 2924 3184 2983 dicendo
3208 2927 3510 3001 indignum.

1923 3012 1983 3058 et
2016 3004 2274 3060 mundum
2319 3004 2677 3063 immundum.

1995 3098 2158 3154 Vens.
2200 3096 2291 3154 29.
2323 3128 2396 3138 --
2437 3097 2686 3156 Mustela.
2724 3101 3041 3175 Ingluviem.
3090 3108 3207 3165 Mus
3235 3112 3383 3171 enim
3409 3129 3514 3185 pro

304 3182 610 3255 Iugulum
637 3196 686 3239 et
713 3187 842 3241 ibin.
884 3186 1013 3244 Haec
1046 3167 1190 3261 longi
1223 3191 1344 3247 colli
1375 3167 1522 3255 sunt,
1550 3203 1607 3250 et
1639 3195 1817 3251 cibum

1940 3189 2129 3244 ventris
2167 3188 2400 3259 ingluvie
2425 3188 2569 3245 nulla
2602 3190 2737 3249 vitat
2761 3195 3020 3265 pericula.

224 3289 301 3331 ex
325 3274 697 3346 profunditate
726 3287 886 3333 terrae
914 3279 998 3333 vel
1026 3295 1181 3351 aqua:
1209 3282 1292 3353 (ut
1324 3283 1547 3356 dicitur)
1576 3285 1818 3351 trahunt,

224 3382 338 3423 nec
373 3368 632 3425 imitanda
681 3378 825 3425 sunt.
858 3370 961 3438 Qui
1002 3372 1150 3429 enim
1188 3374 1626 3445 contemplationi
1663 3384 1823 3433 vacat

221 3456 301 3512 ad
342 3459 622 3528 superiora
645 3458 813 3515 debet
834 3460 1075 3529 tendere,
1105 3477 1207 3519 nec
1228 3463 1295 3519 de
1332 3462 1683 3521 inferioribus
1706 3465 1817 3522 sol-

222 3546 416 3605 licitus
445 3564 583 3605 esse.
1594 3590 1601 3597 -

301 3637 470 3696 Vens.
519 3641 982 3715 l9.-—-Upupam.
1041 3644 1168 3702 Haec
1218 3647 1462 3720 lugubris
1510 3656 1599 3704 est
1637 3656 1693 3705 et
1737 3649 1818 3704 lu-

218 3738 379 3789 ctum
402 3748 615 3788 amans.
645 3732 840 3791 Sseculi
874 3742 1056 3792 autem
1101 3737 1321 3793 tristitia
1352 3746 1582 3795 mortem
1625 3754 1818 3811 opera-

219 3832 338 3879 tur.
382 3823 486 3891 Qui
532 3835 713 3880 autem
759 3827 929 3882 Deum
968 3828 1163 3898 diligit,
1208 3829 1369 3885 debet
1400 3831 1653 3901 gaudere,
1696 3832 1816 3888 sine

219 3913 630 3971 intermissione
684 3931 856 3989 .orare
880 3955 896 3978 ,
962 3918 1019 3974 in
1086 3920 1336 3976 omnibus
1397 3923 1600 3993 gratias
1652 3937 1815 3994 agere

218 4001 279 4074 (ι
306 4001 490 4059 Thess.
516 4005 605 4076 v).

305 4091 637 4165 Vespertilio.
690 4095 820 4162 Quae
857 4098 1003 4153 circa
1040 4109 1241 4156 terram
1276 4102 1444 4169 volat,
1482 4104 1678 4174 pennis
1712 4120 1811 4175 pro

213 4187 458 4258 pedibus
480 4189 685 4245 utitur:
711 4192 855 4262 quod
882 4192 1114 4249 alienum
1136 4202 1219 4249 est
1242 4196 1310 4250 ab
1328 4193 1423 4252 ’cis
1446 4198 1539 4268 qui
1568 4207 1811 4253 contem-

212 4276 471 4349 plantur,
512 4295 578 4335 ne
624 4282 1007 4354 contemplatio
1046 4300 1234 4342 eorum
1278 4287 1334 4342 in
1380 4290 1608 4346 terrenis
1643 4306 1805 4346 occu-

213 4379 405 4441 petur.

299 4463 465 4519 Vens.
490 4463 580 4519 20.
603 4496 673 4506 --
695 4468 861 4523 Omne
880 4469 946 4524 de
964 4469 1261 4527 volucribus
1281 4473 1420 4544 quod
1446 4474 1690 4544 graditur
1716 4492 1805 4531 su-

208 4570 313 4628 per
331 4567 564 4627 quatuor
599 4562 771 4630 pedes,
803 4572 910 4617 etc.
937 4562 1039 4630 Qui
1081 4564 1512 4635 contemplativis
1555 4567 1806 4623 videntur

210 4660 345 4703 esse
370 4644 596 4716 similes,
631 4648 729 4706 sed
756 4661 1011 4721 tanquam
1042 4654 1251 4725 reptilia
1281 4657 1510 4712 terrenis
1540 4657 1805 4713 inhaerent

208 4741 699 4809 concupiscentiis,
742 4745 956 4798 etiamsi
984 4745 1039 4799 in
1084 4756 1319 4815 quatuor
1356 4747 1581 4817 pedibus
1614 4748 1802 4803 ambu-

206 4831 347 4893 lent,
378 4833 432 4887 id
460 4841 544 4888 est
568 4835 613 4888 si
653 4835 1015 4905 evangelicum
1055 4838 1488 4906 praedicationem
1522 4838 1797 4904 simulent,

202 4939 339 4993 quae
359 4934 517 4979 vocat
546 4927 614 4982 ad
641 4929 1046 4997 paenitentiam;
1088 4930 1214 4999 quia
1244 4945 1351 4985 non
1381 4945 1511 4987 vere
1541 4933 1797 4991 socialem

203 5014 619 5086 atnplectuntur
645 5016 832 5082 vitam,
858 5017 1222 5087 voluptatibus
1247 5021 1565 5088 servientes,
1597 5023 1799 5079 abomi-

200 5105 424 5162 nabiles
448 5117 592 5163 sunt.

287 5194 454 5251 Vens.
489 5196 578 5251 21.
607 5228 680 5239 -
718 5198 984 5271 Quidquid
1014 5212 1187 5257 autem
1231 5204 1485 5269 ambulat,
1516 5213 1622 5259 etc.
1658 5206 1795 5271 Quia

198 5300 336 5342 cum
369 5286 547 5342 sintin
572 5302 759 5356 carne,
789 5306 895 5346 non
925 5294 1221 5348 secundum
1258 5310 1479 5350 carnem
1516 5296 1795 5352 ambulant

202 5376 299 5449 (II
340 5375 465 5433 Cor.
495 5379 572 5452 ι),
618 5382 713 5437 sed
755 5398 786 5437 a
825 5385 1057 5442 sordidis
1084 5388 1385 5445 actionibus
1422 5389 1698 5453 exsiliunt,
1737 5399 1794 5447 et

201 5470 449 5525 terrenis
486 5473 793 5529 hominibus
846 5479 1262 5545 permiscentur,
1314 5489 1376 5534 ut
1422 5480 1691 5537 instruant
1737 5493 1794 5538 et

1992 3280 2319 3337 Crocoditus.
2367 3280 2470 3349 Qui
2507 3282 2655 3338 durae
2678 3285 2817 3342 cutis
2843 3294 2900 3343 et
2923 3288 3229 3349 malitiosus
3255 3292 3507 3368 Iuto‘ps-

1922 3375 2116 3431 scitur.

1991 3473 2158 3530 Vens.
2195 3477 2284 3532 50.
2308 3475 2755 3535 -—Cltamel(eon.
2804 3481 3124 3550 Miserescit,
3166 3494 3224 3541 et
3262 3503 3378 3557 pm
3414 3489 3507 3546 iu-

1921 3566 2179 3622 iirmitate
2208 3580 2552 3625 mansuetum
2580 3586 2640 3627 se
2665 3571 2835 3643 ﬁngit,
2862 3590 2985 3630 cum
3016 3578 3234 3635 crudele
3264 3582 3358 3636 sit.

1989 3657 2176 3727 Talpa.
2206 3658 2422 3714 Animal
2455 3676 2659 3718 crucum
2690 3663 2761 3718 de
2802 3677 2946 3722 terra
2976 3669 3237 3739 genitum.
3274 3671 3505 3731 Creatur

1914 3748 2081 3813 enim,
2112 3756 2173 3803 ut
2206 3751 2376 3818 aiunt,
2407 3754 2473 3809 de
2501 3762 2645 3810 terra
2686 3756 2955 3827 compluta
2993 3769 3050 3816 et
3085 3761 3370 3832 lutulenta,
3402 3768 3504 3823 sed

1913 3839 2065 3907 prius
2098 3851 2375 3911 corrupta.
3036 3868 3039 3873 ’
3436 3870 3445 3883 ι

1986 3927 2154 3984 Vens.
2209 3928 2303 3985 51.
2342 3961 2413 3970 -
2461 3930 2567 3998 Qui
2615 3936 2864 4006 tetigerit,
2909 3946 3016 3995 etc.
3078 3939 3137 3996 Si
3180 3946 3505 4003 naturaliter

1912 4028 2101 4076 essent
2145 4020 2454 4089 immunda,
2482 4011 2821 4084 immundus
2863 4040 3010 4087 esset
3049 4033 3286 4091 viventia
3330 4038 3499 4117 etimit

1912 4113 2006 4184 qui
2035 4121 2296 4183 tangeret.
2330 4114 2612 4172 Morticina
2643 4119 2828 4175 talium
2857 4125 3101 4181 actiones
3129 4136 3277 4193 sunt,
3309 4128 3361 4183 id
3391 4113 3497 4197 est,

1909 4206 2086 4272 dolus,
2127 4205 2354 4275 furtum,
2402 4210 2719 4281 duplicitas,
2765 4222 2819 4269 et
2857 4215 3165 4285 huiusmodi
3200 4220 3255 4274 in
3293 4223 3491 4290 quibus

1908 4312 2059 4354 mors
2088 4299 2303 4355 animm.
3210 4340 3249 4375 ,ι

1978 4388 2145 4447 Vens.
2180 4391 2270 4446 52.
2290 4423 2362 4437 -—
2387 4393 2455 4449 Et
2486 4412 2642 4467 super
2663 4399 2825 4469 quod,
2859 4408 2966 4456 etc.
2996 4401 3204 4475 (Istam)
3240 4404 3495 4465 Admira-

1907 4479 2003 4535 bili
2044 4481 2306 4538 divisione
2352 4486 2524 4540 utitur
2573 4486 2869 4559 legislator,
2896 4502 3031 4559 etc.,
3075 4510 3234 4565 usque
3277 4498 3347 4555 ad
3382 4507 3496 4555 tam

1909 4585 2011 4626 vas
2041 4571 2275 4642 ligneum
2305 4590 2468 4646 quam
2495 4580 2901 4636 vestimentum.

1980 4662 2142 4719 Vsus.
2179 4664 2268 4720 54.
2308 4695 2380 4706 —
2419 4666 2601 4722 Omnis
2626 4669 2791 4738 cibus,
2821 4681 2928 4729 etc.
2975 4673 3168 4735 Cibum
3210 4688 3266 4735 et
3304 4691 3488 4752 potum

1906 4769 2072 4824 opera
2098 4758 2240 4814 bona
2278 4759 2547 4831 intelligit,
2581 4762 2702 4818 ideo
2731 4765 2902 4821 dixit:
2936 4767 3095 4825 Cibus
3118 4789 3277 4841 quem
3317 4792 3489 4831 come-

1905 4847 2059 4907 detis.
2105 4859 2155 4903 et
2190 4849 2398 4919 liquens
2445 4852 2586 4922 quod
2626 4853 2839 4921 bibitur,
2886 4866 2994 4914 etc.
3046 4859 3183 4929 Quia
3223 4863 3489 4923 malarum

1907 4937 2179 4992 actionum
2211 4946 2266 4992 et
2295 4938 2450 4993 cibus
2485 4952 2540 4994 et
2566 4952 2723 5012 potus
2749 4946 3084 5014 prohibetur,
3121 4964 3189 5005 ne
3215 4951 3337 5021 quis
3362 4967 3487 5021 par-

1905 5027 2107 5095 ticipet.
2152 5026 2209 5082 Si
2241 5043 2373 5099 ergo
2396 5030 2553 5086 bonis
2579 5034 2906 5101 actionibus,
2933 5054 3054 5109 qua:
3082 5049 3209 5097 sunt
3248 5041 3307 5096 in
3332 5043 3483 5099 omni

1903 5132 2051 5184 vase,
2084 5118 2138 5173 id
2159 5128 2247 5174 est
2282 5123 2337 5175 in
2381 5125 2525 5179 omni
2555 5124 2795 5191 homine,
2824 5130 3103 5198 quodlth
3130 5133 3477 5191 morticinum

1901 5211 2172 5275 inciderit,
2221 5216 2529 5271 necessario
2573 5218 2847 5275 immunda
2887 5225 3029 5277 actio
3069 5224 3191 5279 erit.
3236 5222 3295 5282 Si
3336 5228 3483 5283 enim

1900 5300 2055 5356 home
2078 5303 2299 5364 actioni,
2339 5306 2613 5375 superbia,
2645 5309 2817 5376 dolus,
2856 5312 3160 5383 hypocrisis
3194 5316 3277 5371 vel
3306 5318 3480 5387 quod-

1901 5392 2033 5447 libet
2073 5395 2442 5461 morticinum,
2478 5398 2529 5452 id
2565 5409 2668 5464 est,
2692 5403 3041 5472 participanti
3078 5415 3306 5463 mortem
3334 5407 3478 5463 inie-

1898 5497 2025 5537 rens
2054 5484 2323 5552 inciderit,
2354 5497 2409 5542 et
2448 5489 2535 5544 hic
2567 5490 2874 5548 immundus
2902 5495 3004 5549 erit
3039 5512 3055 5550 :
3094 5497 3291 5553 bonam
3333 5498 3479 5553 enim

200 5564 445 5619 doceant
467 5582 481 5619 :
507 5566 646 5623 sicut
683 5568 940 5626 Dominus
968 5588 1091 5627 cum
1118 5576 1495 5644 peccatoribus
1527 5584 1585 5630 et
1611 5577 1788 5647 publi-
1818 5610 1831 5621 υ
1895 5577 2163 5631 actionem
2197 5579 2336 5633 mala
2366 5581 2610 5638 incidens
2650 5582 2879 5640 intentio
2904 5588 3115 5657 polluit.

200 5655 366 5710 canis
394 5655 612 5726 (Matth.
644 5658 744 5730 ix).
786 5658 997 5717 Habere
1036 5678 1135 5719 nos
1181 5672 1396 5735 oportet
1441 5681 1599 5721 crura
1629 5666 1793 5721 subli-

1902 5682 1907 5687 ‘
1968 5666 2129 5725 Vens.
2186 5671 2275 5726 54.
2315 5702 2388 5713 --
2444 5672 2507 5728 Si
2566 5674 2687 5744 fusa
2731 5676 2888 5747 fuerit
2935 5697 3091 5750 super
3148 5695 3265 5733 eum
3315 5694 3473 5749 aqua.

200 5748 385 5804 ιιιὶοη
420 5748 665 5819 pedibus,
713 5765 782 5805 ne
809 5750 1175 5809 claudicemus
1202 5764 1432 5828 utroque
1465 5758 1618 5827 pede,
1647 5758 1787 5813 sicut
1894 5752 2074 5830 (Auc.,
2118 5773 2301 5835 quast.
2345 5762 2411 5817 57
2457 5765 2511 5818 in
2538 5761 2725 5839 Leuit.)
2774 5767 2851 5824 De
2892 5748 3041 5834 vase.
3083 5769 3289 5827 scilicet
3329 5748 3473 5841 quod

609 5846 887 5910 Ρλτιιοι.
932 5847 1163 5910 CXIII.

2962 5866 3030 5925 11
