  <div class='ocr_page' id='page_1' title='image "/cluster/home/n/w/nwhite01/storage/ocr_20150623/113/hvd.32044018909572/171.png"; bbox 0 0 3998 6332; ppageno 0'>
   <div class='ocr_carea' id='block_1_1' title="bbox 615 331 714 385">
    <p class='ocr_par' dir='ltr' id='par_1_1' title="bbox 615 331 714 385">
     <span class='ocr_line' id='line_1_1' title="bbox 615 331 714 385; baseline -0.01 -1"><span class='ocrx_word' id='word_1_1' title='bbox 615 331 714 385; x_wconf 80' lang='grc'><strong>531</strong></span> 
     </span>
    </p>
   </div>
   <div class='ocr_carea' id='block_1_2' title="bbox 1115 301 3372 408">
    <p class='ocr_par' dir='ltr' id='par_1_2' title="bbox 1115 301 3372 408">
     <span class='ocr_line' id='line_1_2' title="bbox 1115 301 3372 408; baseline 0.001 -20"><span class='ocrx_word' id='word_1_2' title='bbox 1115 333 1507 390; x_wconf 79' lang='lat' dir='ltr'><strong>WALAFRIDI</strong></span> <span class='ocrx_word' id='word_1_3' title='bbox 1549 334 1795 408; x_wconf 37' lang='lat' dir='ltr'><strong>STIRABI</strong></span> <span class='ocrx_word' id='word_1_4' title='bbox 1837 333 2042 392; x_wconf 82' lang='lat' dir='ltr'><strong>FULD.</strong></span> <span class='ocrx_word' id='word_1_5' title='bbox 2083 329 2246 386; x_wconf 78' lang='lat' dir='ltr'><strong>MON.</strong></span> <span class='ocrx_word' id='word_1_6' title='bbox 2289 330 2438 386; x_wconf 80' lang='lat' dir='ltr'><strong>OPP.</strong></span> <span class='ocrx_word' id='word_1_7' title='bbox 2480 331 2658 388; x_wconf 78' lang='lat' dir='ltr'><strong>PARS</strong></span> <span class='ocrx_word' id='word_1_8' title='bbox 2693 331 2732 386; x_wconf 93' lang='lat' dir='ltr'><strong>I.</strong></span> <span class='ocrx_word' id='word_1_9' title='bbox 2777 361 2842 372; x_wconf 93' lang='lat'><strong>-—</strong></span> <span class='ocrx_word' id='word_1_10' title='bbox 2882 301 3372 390; x_wconf 45' lang='lat' dir='ltr'><strong>TilEOLOGICA..</strong></span> 
     </span>
    </p>
   </div>
   <div class='ocr_carea' id='block_1_3' title="bbox 3701 355 3774 412">
    <p class='ocr_par' dir='ltr' id='par_1_3' title="bbox 3701 355 3774 412">
     <span class='ocr_line' id='line_1_3' title="bbox 3701 355 3774 412; baseline 0.082 -6"><span class='ocrx_word' id='word_1_11' title='bbox 3701 355 3774 412; x_wconf 66' lang='lat'><strong>33-2</strong></span> 
     </span>
    </p>
   </div>
   <div class='ocr_carea' id='block_1_4' title="bbox 613 440 3776 516">
    <p class='ocr_par' dir='ltr' id='par_1_4' title="bbox 613 440 3776 516">
     <span class='ocr_line' id='line_1_4' title="bbox 613 440 3776 516; baseline 0.004 -22"><span class='ocrx_word' id='word_1_12' title='bbox 613 440 824 498; x_wconf 64' lang='lat' dir='ltr'><strong>tactum</strong></span> <span class='ocrx_word' id='word_1_13' title='bbox 886 449 969 497; x_wconf 89' lang='lat' dir='ltr'><strong>est</strong></span> <span class='ocrx_word' id='word_1_14' title='bbox 1038 443 1374 500; x_wconf 88' lang='lat' dir='ltr'><strong>immundum</strong></span> <span class='ocrx_word' id='word_1_15' title='bbox 1421 445 1488 500; x_wconf 88' lang='lat' dir='ltr'><strong>de</strong></span> <span class='ocrx_word' id='word_1_16' title='bbox 1533 446 1832 503; x_wconf 69' lang='lat' dir='ltr'><strong>morticinis</strong></span> <span class='ocrx_word' id='word_1_17' title='bbox 1879 446 2184 509; x_wconf 89' lang='lat' dir='ltr'><strong>immundis,</strong></span> <span class='ocrx_word' id='word_1_18' title='bbox 2218 446 2270 506; x_wconf 82' lang='grc' dir='ltr'><strong>Α</strong></span> <span class='ocrx_word' id='word_1_19' title='bbox 2365 445 2543 515; x_wconf 66' lang='grc' dir='ltr'><strong>(Αυαη</strong></span> <span class='ocrx_word' id='word_1_20' title='bbox 2567 453 2753 514; x_wconf 76' lang='lat' dir='ltr'><strong>quwst.</strong></span> <span class='ocrx_word' id='word_1_21' title='bbox 2780 442 2850 498; x_wconf 79' lang='grc'><strong>40</strong></span> <span class='ocrx_word' id='word_1_22' title='bbox 2890 445 2944 498; x_wconf 91' lang='lat' dir='ltr'><strong>in</strong></span> <span class='ocrx_word' id='word_1_23' title='bbox 2966 442 3150 516; x_wconf 81' lang='lat' dir='ltr'><strong>Leuit.)</strong></span> <span class='ocrx_word' id='word_1_24' title='bbox 3181 444 3308 510; x_wconf 72' lang='lat' dir='ltr'><strong>Quae</strong></span> <span class='ocrx_word' id='word_1_25' title='bbox 3337 447 3606 507; x_wconf 86' lang='lat' dir='ltr'><strong>differentia</strong></span> <span class='ocrx_word' id='word_1_26' title='bbox 3631 463 3776 516; x_wconf 87' lang='lat' dir='ltr'><strong>estin.</strong></span> 
     </span>
    </p>
   </div>
   <div class='ocr_carea' id='block_1_5' title="bbox 622 531 1318 603">
    <p class='ocr_par' dir='ltr' id='par_1_5' title="bbox 622 531 1318 603">
     <span class='ocr_line' id='line_1_5' title="bbox 622 531 1318 603; baseline 0 -15"><span class='ocrx_word' id='word_1_27' title='bbox 622 533 671 588; x_wconf 71' lang='lat' dir='ltr'><strong>si</strong></span> <span class='ocrx_word' id='word_1_28' title='bbox 709 531 850 588; x_wconf 91' lang='lat' dir='ltr'><strong>forte</strong></span> <span class='ocrx_word' id='word_1_29' title='bbox 879 549 1075 603; x_wconf 87' lang='lat' dir='ltr'><strong>aquam</strong></span> <span class='ocrx_word' id='word_1_30' title='bbox 1109 535 1318 590; x_wconf 93' lang='lat' dir='ltr'><strong>habuit.</strong></span> 
     </span>
    </p>
   </div>
   <div class='ocr_carea' id='block_1_6' title="bbox 684 625 2191 699">
    <p class='ocr_par' dir='ltr' id='par_1_6' title="bbox 684 625 2191 699">
     <span class='ocr_line' id='line_1_6' title="bbox 684 625 2191 699; baseline 0.003 -20"><span class='ocrx_word' id='word_1_31' title='bbox 684 625 856 696; x_wconf 82' lang='lat' dir='ltr'><strong>Aqua.</strong></span> <span class='ocrx_word' id='word_1_32' title='bbox 903 625 1163 696; x_wconf 90' lang='lat' dir='ltr'><strong>Baptismi</strong></span> <span class='ocrx_word' id='word_1_33' title='bbox 1203 645 1215 680; x_wconf 91' lang='lat'>:</span> <span class='ocrx_word' id='word_1_34' title='bbox 1259 636 1344 682; x_wconf 91' lang='lat' dir='ltr'><strong>est</strong></span> <span class='ocrx_word' id='word_1_35' title='bbox 1382 627 1527 683; x_wconf 92' lang='lat' dir='ltr'><strong>enim</strong></span> <span class='ocrx_word' id='word_1_36' title='bbox 1577 643 1756 685; x_wconf 84' lang='lat' dir='ltr'><strong>sermo</strong></span> <span class='ocrx_word' id='word_1_37' title='bbox 1783 629 1849 685; x_wconf 92' lang='lat' dir='ltr'><strong>de</strong></span> <span class='ocrx_word' id='word_1_38' title='bbox 1877 629 2191 699; x_wconf 88' lang='lat' dir='ltr'><strong>baptizatis;</strong></span> 
     </span>
    </p>
   </div>
   <div class='ocr_carea' id='block_1_7' title="bbox 615 713 2196 774">
    <p class='ocr_par' dir='ltr' id='par_1_7' title="bbox 615 713 2196 774">
     <span class='ocr_line' id='line_1_7' title="bbox 615 713 2196 774; baseline 0.004 -6"><span class='ocrx_word' id='word_1_39' title='bbox 615 713 682 768; x_wconf 91' lang='lat' dir='ltr'><strong>de</strong></span> <span class='ocrx_word' id='word_1_40' title='bbox 731 713 1036 768; x_wconf 83' lang='lat' dir='ltr'><strong>infidelibus</strong></span> <span class='ocrx_word' id='word_1_41' title='bbox 1085 723 1266 770; x_wconf 91' lang='lat' dir='ltr'><strong>autem</strong></span> <span class='ocrx_word' id='word_1_42' title='bbox 1319 717 1646 773; x_wconf 77' lang='lat' dir='ltr'><strong>mentionem</strong></span> <span class='ocrx_word' id='word_1_43' title='bbox 1696 733 1802 773; x_wconf 93' lang='lat' dir='ltr'><strong>non</strong></span> <span class='ocrx_word' id='word_1_44' title='bbox 1851 718 1996 774; x_wconf 89' lang='lat' dir='ltr'><strong>facit.</strong></span> <span class='ocrx_word' id='word_1_45' title='bbox 2043 718 2196 774; x_wconf 89' lang='lat' dir='ltr'><strong>Unde</strong></span> 
     </span>
    </p>
   </div>
   <div class='ocr_carea' id='block_1_8' title="bbox 613 802 2194 880">
    <p class='ocr_par' dir='ltr' id='par_1_8' title="bbox 613 802 2194 880">
     <span class='ocr_line' id='line_1_8' title="bbox 613 802 2194 880; baseline 0.003 -21"><span class='ocrx_word' id='word_1_46' title='bbox 613 804 846 859; x_wconf 82' lang='lat' dir='ltr'><strong>Paulus:</strong></span> <span class='ocrx_word' id='word_1_47' title='bbox 892 802 1093 874; x_wconf 76' lang='lat' dir='ltr'><strong>Scripsi</strong></span> <span class='ocrx_word' id='word_1_48' title='bbox 1134 805 1271 860; x_wconf 83' lang='lat' dir='ltr'><strong>vobis</strong></span> <span class='ocrx_word' id='word_1_49' title='bbox 1312 823 1416 860; x_wconf 88' lang='lat' dir='ltr'><strong>non</strong></span> <span class='ocrx_word' id='word_1_50' title='bbox 1445 809 1765 863; x_wconf 80' lang='lat' dir='ltr'><strong>commisceri</strong></span> <span class='ocrx_word' id='word_1_51' title='bbox 1795 809 2093 878; x_wconf 84' lang='lat' dir='ltr'><strong>fornicariis</strong></span> <span class='ocrx_word' id='word_1_52' title='bbox 2140 809 2194 880; x_wconf 89' lang='grc'><strong>(1</strong></span> 
     </span>
    </p>
   </div>
   <div class='ocr_carea' id='block_1_9' title="bbox 612 894 2190 970">
    <p class='ocr_par' dir='ltr' id='par_1_9' title="bbox 612 894 2190 970">
     <span class='ocr_line' id='line_1_9' title="bbox 612 894 2190 970; baseline 0.003 -19"><span class='ocrx_word' id='word_1_53' title='bbox 612 895 737 951; x_wconf 83' lang='lat' dir='ltr'><strong>Cor.</strong></span> <span class='ocrx_word' id='word_1_54' title='bbox 770 894 873 966; x_wconf 86' lang='grc' dir='ltr'>ιιι),</span> <span class='ocrx_word' id='word_1_55' title='bbox 917 910 1022 950; x_wconf 86' lang='lat' dir='ltr'><strong>non</strong></span> <span class='ocrx_word' id='word_1_56' title='bbox 1062 896 1246 965; x_wconf 92' lang='lat' dir='ltr'><strong>utique</strong></span> <span class='ocrx_word' id='word_1_57' title='bbox 1284 896 1591 954; x_wconf 90' lang='lat' dir='ltr'><strong>fornicariis</strong></span> <span class='ocrx_word' id='word_1_58' title='bbox 1637 899 1796 970; x_wconf 85' lang='lat' dir='ltr'><strong>hujus</strong></span> <span class='ocrx_word' id='word_1_59' title='bbox 1850 901 2056 965; x_wconf 91' lang='lat' dir='ltr'><strong>mundi,</strong></span> <span class='ocrx_word' id='word_1_60' title='bbox 2086 909 2190 956; x_wconf 89' lang='lat' dir='ltr'><strong>etc.</strong></span> 
     </span>
    </p>
   </div>
   <div class='ocr_carea' id='block_1_10' title="bbox 684 983 2189 1061">
    <p class='ocr_par' dir='ltr' id='par_1_10' title="bbox 684 983 2189 1061">
     <span class='ocr_line' id='line_1_10' title="bbox 684 983 2189 1061; baseline 0.004 -21"><span class='ocrx_word' id='word_1_61' title='bbox 684 985 847 1040; x_wconf 73' lang='lat' dir='ltr'><strong>Vsus.</strong></span> <span class='ocrx_word' id='word_1_62' title='bbox 875 984 962 1038; x_wconf 81' lang='lat'><strong>53.</strong></span> <span class='ocrx_word' id='word_1_63' title='bbox 985 1015 1054 1024; x_wconf 92' lang='lat'><strong>—</strong></span> <span class='ocrx_word' id='word_1_64' title='bbox 1093 983 1208 1041; x_wconf 84' lang='lat' dir='ltr'><strong>Sive</strong></span> <span class='ocrx_word' id='word_1_65' title='bbox 1239 987 1450 1042; x_wconf 82' lang='lat' dir='ltr'><strong>clibani.</strong></span> <span class='ocrx_word' id='word_1_66' title='bbox 1496 988 1600 1043; x_wconf 91' lang='lat' dir='ltr'><strong>Per</strong></span> <span class='ocrx_word' id='word_1_67' title='bbox 1635 989 1739 1045; x_wconf 89' lang='lat' dir='ltr'><strong>hoc</strong></span> <span class='ocrx_word' id='word_1_68' title='bbox 1775 991 2018 1061; x_wconf 75' lang='lat' dir='ltr'><strong>magistri</strong></span> <span class='ocrx_word' id='word_1_69' title='bbox 2047 991 2189 1046; x_wconf 87' lang='lat' dir='ltr'><strong>desi-</strong></span> 
     </span>
    </p>
   </div>
   <div class='ocr_carea' id='block_1_11' title="bbox 609 1076 2193 1152">
    <p class='ocr_par' dir='ltr' id='par_1_11' title="bbox 609 1076 2193 1152">
     <span class='ocr_line' id='line_1_11' title="bbox 609 1076 2193 1152; baseline 0.004 -20"><span class='ocrx_word' id='word_1_70' title='bbox 609 1086 865 1149; x_wconf 87' lang='lat' dir='ltr'><strong>gnantur,</strong></span> <span class='ocrx_word' id='word_1_71' title='bbox 908 1077 960 1132; x_wconf 94' lang='lat' dir='ltr'><strong>in</strong></span> <span class='ocrx_word' id='word_1_72' title='bbox 1005 1076 1200 1148; x_wconf 89' lang='lat' dir='ltr'><strong>quibus</strong></span> <span class='ocrx_word' id='word_1_73' title='bbox 1239 1079 1345 1134; x_wconf 91' lang='lat' dir='ltr'><strong>cibi</strong></span> <span class='ocrx_word' id='word_1_74' title='bbox 1389 1095 1557 1136; x_wconf 73' lang='lat' dir='ltr'><strong>sacra:</strong></span> <span class='ocrx_word' id='word_1_75' title='bbox 1594 1083 1854 1137; x_wconf 76' lang='lat' dir='ltr'><strong>doctrina:</strong></span> <span class='ocrx_word' id='word_1_76' title='bbox 1887 1091 2193 1152; x_wconf 89' lang='lat' dir='ltr'><strong>coquuntur</strong></span> 
     </span>
    </p>
   </div>
   <div class='ocr_carea' id='block_1_12' title="bbox 611 1168 2189 1239">
    <p class='ocr_par' dir='ltr' id='par_1_12' title="bbox 611 1168 2189 1239">
     <span class='ocr_line' id='line_1_12' title="bbox 611 1168 2189 1239; baseline 0.003 -15"><span class='ocrx_word' id='word_1_77' title='bbox 611 1168 921 1236; x_wconf 81' lang='lat' dir='ltr'><strong>operatione</strong></span> <span class='ocrx_word' id='word_1_78' title='bbox 971 1175 1026 1222; x_wconf 90' lang='lat' dir='ltr'><strong>et</strong></span> <span class='ocrx_word' id='word_1_79' title='bbox 1079 1168 1201 1238; x_wconf 88' lang='lat' dir='ltr'><strong>igne</strong></span> <span class='ocrx_word' id='word_1_80' title='bbox 1246 1169 1480 1239; x_wconf 88' lang='lat' dir='ltr'><strong>Spiritus</strong></span> <span class='ocrx_word' id='word_1_81' title='bbox 1529 1173 1722 1227; x_wconf 88' lang='lat' dir='ltr'><strong>sancti.</strong></span> <span class='ocrx_word' id='word_1_82' title='bbox 1786 1172 1899 1229; x_wconf 90' lang='lat' dir='ltr'><strong>Nec</strong></span> <span class='ocrx_word' id='word_1_83' title='bbox 1942 1175 2189 1230; x_wconf 87' lang='lat' dir='ltr'><strong>mirum:</strong></span> 
     </span>
    </p>
   </div>
   <div class='ocr_carea' id='block_1_13' title="bbox 611 1257 2190 1334">
    <p class='ocr_par' dir='ltr' id='par_1_13' title="bbox 611 1257 2190 1334">
     <span class='ocr_line' id='line_1_13' title="bbox 611 1257 2190 1334; baseline 0.006 -23"><span class='ocrx_word' id='word_1_84' title='bbox 611 1258 767 1314; x_wconf 84' lang='lat' dir='ltr'><strong>Moab</strong></span> <span class='ocrx_word' id='word_1_85' title='bbox 803 1259 948 1314; x_wconf 89' lang='lat' dir='ltr'><strong>enim</strong></span> <span class='ocrx_word' id='word_1_86' title='bbox 985 1257 1132 1314; x_wconf 88' lang='lat' dir='ltr'><strong>lcbes</strong></span> <span class='ocrx_word' id='word_1_87' title='bbox 1171 1260 1470 1330; x_wconf 82' lang='lat' dir='ltr'><strong>appellatur</strong></span> <span class='ocrx_word' id='word_1_88' title='bbox 1505 1278 1518 1315; x_wconf 94' lang='lat'>:</span> <span class='ocrx_word' id='word_1_89' title='bbox 1564 1260 1719 1316; x_wconf 80' lang='lat' dir='ltr'><strong>Moab</strong></span> <span class='ocrx_word' id='word_1_90' title='bbox 1765 1262 1870 1318; x_wconf 87' lang='lat' dir='ltr'><strong>olla</strong></span> <span class='ocrx_word' id='word_1_91' title='bbox 1911 1264 2020 1334; x_wconf 88' lang='lat' dir='ltr'><strong>spei</strong></span> <span class='ocrx_word' id='word_1_92' title='bbox 2063 1281 2190 1320; x_wconf 74' lang='lat' dir='ltr'><strong>mea:</strong></span> 
     </span>
    </p>
   </div>
   <div class='ocr_carea' id='block_1_14' title="bbox 609 1346 907 1420">
    <p class='ocr_par' dir='ltr' id='par_1_14' title="bbox 609 1346 907 1420">
     <span class='ocr_line' id='line_1_14' title="bbox 609 1346 907 1420; baseline -0.02 -12"><span class='ocrx_word' id='word_1_93' title='bbox 609 1346 790 1418; x_wconf 84' lang='lat' dir='ltr'><strong>.(Rom.</strong></span> <span class='ocrx_word' id='word_1_94' title='bbox 822 1348 907 1420; x_wconf 86' lang='grc' dir='ltr'>ιι).</span> 
     </span>
    </p>
   </div>
   <div class='ocr_carea' id='block_1_15' title="bbox 679 1436 2187 1512">
    <p class='ocr_par' dir='ltr' id='par_1_15' title="bbox 679 1436 2187 1512">
     <span class='ocr_line' id='line_1_15' title="bbox 679 1436 2187 1512; baseline 0.004 -20"><span class='ocrx_word' id='word_1_95' title='bbox 679 1436 1061 1510; x_wconf 75' lang='lat' dir='ltr'><strong>Chytropodes,</strong></span> <span class='ocrx_word' id='word_1_96' title='bbox 1111 1449 1216 1496; x_wconf 87' lang='lat' dir='ltr'><strong>etc.</strong></span> <span class='ocrx_word' id='word_1_97' title='bbox 1271 1439 1405 1507; x_wconf 86' lang='lat' dir='ltr'><strong>Quia</strong></span> <span class='ocrx_word' id='word_1_98' title='bbox 1455 1440 1548 1512; x_wconf 88' lang='lat' dir='ltr'><strong>qui</strong></span> <span class='ocrx_word' id='word_1_99' title='bbox 1592 1440 1786 1497; x_wconf 88' lang='lat' dir='ltr'><strong>docent</strong></span> <span class='ocrx_word' id='word_1_100' title='bbox 1842 1458 1949 1498; x_wconf 91' lang='lat' dir='ltr'><strong>non</strong></span> <span class='ocrx_word' id='word_1_101' title='bbox 1994 1443 2187 1509; x_wconf 88' lang='lat' dir='ltr'><strong>furari,</strong></span> 
     </span>
    </p>
   </div>
   <div class='ocr_carea' id='block_1_16' title="bbox 589 1526 2186 1602">
    <p class='ocr_par' dir='ltr' id='par_1_16' title="bbox 589 1526 2186 1602">
     <span class='ocr_line' id='line_1_16' title="bbox 589 1526 2186 1602; baseline 0.005 -22"><span class='ocrx_word' id='word_1_102' title='bbox 589 1526 898 1595; x_wconf 62' lang='lat' dir='ltr'><strong>&quot;furantur;</strong></span> <span class='ocrx_word' id='word_1_103' title='bbox 951 1539 1009 1586; x_wconf 89' lang='lat' dir='ltr'><strong>et</strong></span> <span class='ocrx_word' id='word_1_104' title='bbox 1059 1531 1154 1602; x_wconf 88' lang='lat' dir='ltr'><strong>qui</strong></span> <span class='ocrx_word' id='word_1_105' title='bbox 1203 1531 1499 1602; x_wconf 64' lang='lat' dir='ltr'><strong>praedicant</strong></span> <span class='ocrx_word' id='word_1_106' title='bbox 1547 1546 1652 1586; x_wconf 95' lang='lat' dir='ltr'><strong>non</strong></span> <span class='ocrx_word' id='word_1_107' title='bbox 1694 1533 1997 1600; x_wconf 88' lang='lat' dir='ltr'><strong>moechari,</strong></span> <span class='ocrx_word' id='word_1_108' title='bbox 2047 1548 2186 1588; x_wconf 75' lang='lat' dir='ltr'><strong>mte-</strong></span> 
     </span>
    </p>
   </div>
   <div class='ocr_carea' id='block_1_17' title="bbox 590 1621 2188 1680">
    <p class='ocr_par' dir='ltr' id='par_1_17' title="bbox 590 1621 2188 1680">
     <span class='ocr_line' id='line_1_17' title="bbox 590 1621 2188 1680; baseline 0.001 -4"><span class='ocrx_word' id='word_1_109' title='bbox 590 1622 875 1677; x_wconf 18' lang='lat' dir='ltr'><strong>vchautur:</strong></span> <span class='ocrx_word' id='word_1_110' title='bbox 915 1624 1160 1680; x_wconf 83' lang='lat' dir='ltr'><strong>doctrina</strong></span> <span class='ocrx_word' id='word_1_111' title='bbox 1201 1631 1380 1678; x_wconf 87' lang='lat' dir='ltr'><strong>tamen</strong></span> <span class='ocrx_word' id='word_1_112' title='bbox 1412 1623 1611 1677; x_wconf 89' lang='lat' dir='ltr'><strong>munda</strong></span> <span class='ocrx_word' id='word_1_113' title='bbox 1663 1631 1764 1678; x_wconf 86' lang='lat' dir='ltr'><strong>est.</strong></span> <span class='ocrx_word' id='word_1_114' title='bbox 1820 1622 1977 1678; x_wconf 87' lang='lat' dir='ltr'><strong>Unde</strong></span> <span class='ocrx_word' id='word_1_115' title='bbox 2012 1621 2188 1678; x_wconf 88' lang='lat' dir='ltr'><strong>fontes</strong></span> 
     </span>
    </p>
   </div>
   <div class='ocr_carea' id='block_1_18' title="bbox 585 1721 910 1768">
    <p class='ocr_par' dir='ltr' id='par_1_18' title="bbox 585 1721 910 1768">
     <span class='ocr_line' id='line_1_18' title="bbox 585 1721 910 1768; baseline 0.006 -2"><span class='ocrx_word' id='word_1_116' title='bbox 585 1721 661 1766; x_wconf 84' lang='lat' dir='ltr'><strong>.-et</strong></span> <span class='ocrx_word' id='word_1_117' title='bbox 688 1721 910 1768; x_wconf 74' lang='lat' dir='ltr'><strong>cmtera.</strong></span> 
     </span>
    </p>
   </div>
   <div class='ocr_carea' id='block_1_19' title="bbox 2297 531 3773 616">
    <p class='ocr_par' dir='ltr' id='par_1_19' title="bbox 2297 531 3773 616">
     <span class='ocr_line' id='line_1_19' title="bbox 2297 531 3773 616; baseline 0.013 -32"><span class='ocrx_word' id='word_1_118' title='bbox 2297 539 2379 586; x_wconf 86' lang='lat' dir='ltr'><strong>ter</strong></span> <span class='ocrx_word' id='word_1_119' title='bbox 2406 540 2608 601; x_wconf 87' lang='lat' dir='ltr'><strong>septem</strong></span> <span class='ocrx_word' id='word_1_120' title='bbox 2635 531 2775 597; x_wconf 90' lang='lat' dir='ltr'><strong>dies,</strong></span> <span class='ocrx_word' id='word_1_121' title='bbox 2797 539 2929 598; x_wconf 90' lang='lat' dir='ltr'><strong>etc.,</strong></span> <span class='ocrx_word' id='word_1_122' title='bbox 2960 549 3120 602; x_wconf 87' lang='lat' dir='ltr'><strong>usque</strong></span> <span class='ocrx_word' id='word_1_123' title='bbox 3141 533 3208 586; x_wconf 88' lang='lat' dir='ltr'><strong>ad</strong></span> <span class='ocrx_word' id='word_1_124' title='bbox 3244 534 3296 587; x_wconf 92' lang='lat' dir='ltr'><strong>in</strong></span> <span class='ocrx_word' id='word_1_125' title='bbox 3329 535 3524 594; x_wconf 76' lang='lat' dir='ltr'><strong>feminze</strong></span> <span class='ocrx_word' id='word_1_126' title='bbox 3548 548 3773 616; x_wconf 77' lang='lat' dir='ltr'><strong>octoginta.</strong></span> 
     </span>
    </p>
   </div>
   <div class='ocr_carea' id='block_1_20' title="bbox 2367 621 3774 694">
    <p class='ocr_par' dir='ltr' id='par_1_20' title="bbox 2367 621 3774 694">
     <span class='ocr_line' id='line_1_20' title="bbox 2367 621 3774 694; baseline 0.01 -19"><span class='ocrx_word' id='word_1_127' title='bbox 2367 621 2530 676; x_wconf 85' lang='lat' dir='ltr'><strong>Omne</strong></span> <span class='ocrx_word' id='word_1_128' title='bbox 2554 632 2789 676; x_wconf 86' lang='lat' dir='ltr'><strong>sanctum</strong></span> <span class='ocrx_word' id='word_1_129' title='bbox 2817 640 2920 677; x_wconf 91' lang='lat' dir='ltr'><strong>non</strong></span> <span class='ocrx_word' id='word_1_130' title='bbox 2949 632 3139 693; x_wconf 88' lang='lat' dir='ltr'><strong>tanget.</strong></span> <span class='ocrx_word' id='word_1_131' title='bbox 3193 623 3330 690; x_wconf 86' lang='lat' dir='ltr'><strong>Quid</strong></span> <span class='ocrx_word' id='word_1_132' title='bbox 3355 633 3676 688; x_wconf 88' lang='lat' dir='ltr'><strong>sanctuarium</strong></span> <span class='ocrx_word' id='word_1_133' title='bbox 3696 641 3774 694; x_wconf 86' lang='lat' dir='ltr'><strong>vult</strong></span> 
     </span>
    </p>
   </div>
   <div class='ocr_carea' id='block_1_21' title="bbox 2294 711 3775 782">
    <p class='ocr_par' dir='ltr' id='par_1_21' title="bbox 2294 711 3775 782">
     <span class='ocr_line' id='line_1_21' title="bbox 2294 711 3775 782; baseline 0.01 -17"><span class='ocrx_word' id='word_1_134' title='bbox 2294 711 2590 781; x_wconf 81' lang='lat' dir='ltr'><strong>intelligere</strong></span> <span class='ocrx_word' id='word_1_135' title='bbox 2638 726 2762 766; x_wconf 92' lang='lat' dir='ltr'><strong>cum</strong></span> <span class='ocrx_word' id='word_1_136' title='bbox 2822 711 3226 765; x_wconf 82' lang='lat' dir='ltr'><strong>tabernaculum</strong></span> <span class='ocrx_word' id='word_1_137' title='bbox 3277 716 3478 770; x_wconf 85' lang='lat' dir='ltr'><strong>nonnisi</strong></span> <span class='ocrx_word' id='word_1_138' title='bbox 3538 725 3775 782; x_wconf 87' lang='lat' dir='ltr'><strong>sacerdotes</strong></span> 
     </span>
    </p>
   </div>
   <div class='ocr_carea' id='block_1_22' title="bbox 2293 801 3773 873">
    <p class='ocr_par' dir='ltr' id='par_1_22' title="bbox 2293 801 3773 873">
     <span class='ocr_line' id='line_1_22' title="bbox 2293 801 3773 873; baseline 0.008 -16"><span class='ocrx_word' id='word_1_139' title='bbox 2293 801 2524 858; x_wconf 89' lang='lat' dir='ltr'><strong>debeant</strong></span> <span class='ocrx_word' id='word_1_140' title='bbox 2561 802 2790 873; x_wconf 84' lang='lat' dir='ltr'><strong>ingredi,</strong></span> <span class='ocrx_word' id='word_1_141' title='bbox 2816 811 2870 857; x_wconf 89' lang='lat' dir='ltr'><strong>et</strong></span> <span class='ocrx_word' id='word_1_142' title='bbox 2902 817 3072 872; x_wconf 91' lang='lat' dir='ltr'><strong>usque</strong></span> <span class='ocrx_word' id='word_1_143' title='bbox 3109 803 3176 857; x_wconf 92' lang='lat' dir='ltr'><strong>ad</strong></span> <span class='ocrx_word' id='word_1_144' title='bbox 3211 803 3382 859; x_wconf 81' lang='lat' dir='ltr'><strong>velum</strong></span> <span class='ocrx_word' id='word_1_145' title='bbox 3420 811 3647 864; x_wconf 87' lang='lat' dir='ltr'><strong>secundi:</strong></span> <span class='ocrx_word' id='word_1_146' title='bbox 3676 815 3773 870; x_wconf 87' lang='lat' dir='ltr'><strong>ultra</strong></span> 
     </span>
    </p>
   </div>
   <div class='ocr_carea' id='block_1_23' title="bbox 2291 892 3774 960">
    <p class='ocr_par' dir='ltr' id='par_1_23' title="bbox 2291 892 3774 960">
     <span class='ocr_line' id='line_1_23' title="bbox 2291 892 3774 960; baseline 0.009 -14"><span class='ocrx_word' id='word_1_147' title='bbox 2291 892 2470 947; x_wconf 81' lang='lat' dir='ltr'><strong>velum</strong></span> <span class='ocrx_word' id='word_1_148' title='bbox 2498 901 2699 959; x_wconf 88' lang='lat' dir='ltr'><strong>autem,</strong></span> <span class='ocrx_word' id='word_1_149' title='bbox 2715 895 2808 948; x_wconf 92' lang='lat' dir='ltr'><strong>ubi</strong></span> <span class='ocrx_word' id='word_1_150' title='bbox 2831 901 2948 948; x_wconf 89' lang='lat' dir='ltr'><strong>erat</strong></span> <span class='ocrx_word' id='word_1_151' title='bbox 2963 909 3107 958; x_wconf 86' lang='lat' dir='ltr'><strong>arca,</strong></span> <span class='ocrx_word' id='word_1_152' title='bbox 3125 909 3362 949; x_wconf 87' lang='lat' dir='ltr'><strong>summus</strong></span> <span class='ocrx_word' id='word_1_153' title='bbox 3377 905 3566 953; x_wconf 90' lang='lat' dir='ltr'><strong>tantum</strong></span> <span class='ocrx_word' id='word_1_154' title='bbox 3587 903 3774 960; x_wconf 88' lang='lat' dir='ltr'><strong>sacerdos</strong></span> 
     </span>
    </p>
   </div>
   <div class='ocr_carea' id='block_1_24' title="bbox 2291 981 3772 1051">
    <p class='ocr_par' dir='ltr' id='par_1_24' title="bbox 2291 981 3772 1051">
     <span class='ocr_line' id='line_1_24' title="bbox 2291 981 3772 1051; baseline 0.006 -15"><span class='ocrx_word' id='word_1_155' title='bbox 2291 981 2586 1037; x_wconf 86' lang='lat' dir='ltr'><strong>introibat?</strong></span> <span class='ocrx_word' id='word_1_156' title='bbox 2620 981 2782 1036; x_wconf 86' lang='lat' dir='ltr'><strong>Forte</strong></span> <span class='ocrx_word' id='word_1_157' title='bbox 2819 991 2942 1036; x_wconf 90' lang='lat' dir='ltr'><strong>ante</strong></span> <span class='ocrx_word' id='word_1_158' title='bbox 2979 983 3398 1051; x_wconf 87' lang='lat' dir='ltr'><strong>tabernaculum,</strong></span> <span class='ocrx_word' id='word_1_159' title='bbox 3427 987 3509 1042; x_wconf 91' lang='lat' dir='ltr'><strong>ubi</strong></span> <span class='ocrx_word' id='word_1_160' title='bbox 3542 989 3683 1045; x_wconf 84' lang='lat' dir='ltr'><strong>altare</strong></span> <span class='ocrx_word' id='word_1_161' title='bbox 3713 1008 3772 1045; x_wconf 83' lang='lat' dir='ltr'><strong>sa-</strong></span> 
     </span>
    </p>
   </div>
   <div class='ocr_carea' id='block_1_25' title="bbox 2291 1072 3774 1150">
    <p class='ocr_par' dir='ltr' id='par_1_25' title="bbox 2291 1072 3774 1150">
     <span class='ocr_line' id='line_1_25' title="bbox 2291 1072 3774 1150; baseline 0.005 -23"><span class='ocrx_word' id='word_1_162' title='bbox 2291 1072 2619 1128; x_wconf 83' lang='lat' dir='ltr'><strong>criﬁciorum</strong></span> <span class='ocrx_word' id='word_1_163' title='bbox 2645 1080 2750 1140; x_wconf 89' lang='lat' dir='ltr'><strong>est,</strong></span> <span class='ocrx_word' id='word_1_164' title='bbox 2781 1073 2960 1144; x_wconf 89' lang='lat' dir='ltr'><strong>potuit</strong></span> <span class='ocrx_word' id='word_1_165' title='bbox 2984 1073 3089 1128; x_wconf 91' lang='lat' dir='ltr'><strong>dici</strong></span> <span class='ocrx_word' id='word_1_166' title='bbox 3123 1076 3494 1130; x_wconf 89' lang='lat' dir='ltr'><strong>sanctuarium.</strong></span> <span class='ocrx_word' id='word_1_167' title='bbox 3534 1076 3647 1132; x_wconf 83' lang='lat' dir='ltr'><strong>Nam</strong></span> <span class='ocrx_word' id='word_1_168' title='bbox 3677 1095 3774 1150; x_wconf 79' lang='lat' dir='ltr'><strong>saepe</strong></span> 
     </span>
    </p>
   </div>
   <div class='ocr_carea' id='block_1_26' title="bbox 2291 1165 3770 1236">
    <p class='ocr_par' dir='ltr' id='par_1_26' title="bbox 2291 1165 3770 1236">
     <span class='ocr_line' id='line_1_26' title="bbox 2291 1165 3770 1236; baseline 0.003 -16"><span class='ocrx_word' id='word_1_169' title='bbox 2291 1175 2510 1221; x_wconf 90' lang='lat' dir='ltr'><strong>sanctus</strong></span> <span class='ocrx_word' id='word_1_170' title='bbox 2541 1165 2692 1221; x_wconf 92' lang='lat' dir='ltr'><strong>locus</strong></span> <span class='ocrx_word' id='word_1_171' title='bbox 2727 1165 3024 1236; x_wconf 89' lang='lat' dir='ltr'><strong>appellatur</strong></span> <span class='ocrx_word' id='word_1_172' title='bbox 3050 1165 3213 1220; x_wconf 90' lang='lat' dir='ltr'><strong>etiam</strong></span> <span class='ocrx_word' id='word_1_173' title='bbox 3239 1167 3448 1232; x_wconf 88' lang='lat' dir='ltr'><strong>atrium,</strong></span> <span class='ocrx_word' id='word_1_174' title='bbox 3475 1184 3586 1222; x_wconf 89' lang='lat' dir='ltr'><strong>cum</strong></span> <span class='ocrx_word' id='word_1_175' title='bbox 3605 1170 3770 1224; x_wconf 88' lang='lat' dir='ltr'><strong>dicitur:</strong></span> 
     </span>
    </p>
   </div>
   <div class='ocr_carea' id='block_1_27' title="bbox 2289 1254 3773 1314">
    <p class='ocr_par' dir='ltr' id='par_1_27' title="bbox 2289 1254 3773 1314">
     <span class='ocr_line' id='line_1_27' title="bbox 2289 1254 3773 1314; baseline 0.003 -5"><span class='ocrx_word' id='word_1_176' title='bbox 2289 1254 2357 1309; x_wconf 87' lang='lat' dir='ltr'><strong>In</strong></span> <span class='ocrx_word' id='word_1_177' title='bbox 2373 1255 2484 1310; x_wconf 91' lang='lat' dir='ltr'><strong>loco</strong></span> <span class='ocrx_word' id='word_1_178' title='bbox 2497 1267 2676 1310; x_wconf 87' lang='lat' dir='ltr'><strong>sancto</strong></span> <span class='ocrx_word' id='word_1_179' title='bbox 2691 1258 2839 1310; x_wconf 86' lang='lat' dir='ltr'><strong>edent</strong></span> <span class='ocrx_word' id='word_1_180' title='bbox 2852 1273 2933 1311; x_wconf 90' lang='lat' dir='ltr'><strong>ea.</strong></span> <span class='ocrx_word' id='word_1_181' title='bbox 2950 1256 3078 1311; x_wconf 94' lang='lat' dir='ltr'><strong>llluc</strong></span> <span class='ocrx_word' id='word_1_182' title='bbox 3093 1254 3312 1311; x_wconf 81' lang='lat' dir='ltr'><strong>forsitan</strong></span> <span class='ocrx_word' id='word_1_183' title='bbox 3326 1257 3773 1314; x_wconf 86' lang='lat' dir='ltr'><strong>intrabantmulieres</strong></span> 
     </span>
    </p>
   </div>
   <div class='ocr_carea' id='block_1_28' title="bbox 2289 1343 3590 1416">
    <p class='ocr_par' dir='ltr' id='par_1_28' title="bbox 2289 1343 3590 1416">
     <span class='ocr_line' id='line_1_28' title="bbox 2289 1343 3590 1416; baseline 0 -16"><span class='ocrx_word' id='word_1_184' title='bbox 2289 1343 2428 1400; x_wconf 87' lang='lat' dir='ltr'><strong>dona</strong></span> <span class='ocrx_word' id='word_1_185' title='bbox 2469 1359 2564 1400; x_wconf 90' lang='lat' dir='ltr'><strong>sua</strong></span> <span class='ocrx_word' id='word_1_186' title='bbox 2591 1344 2898 1413; x_wconf 70' lang='lat' dir='ltr'><strong>offerentes,</strong></span> <span class='ocrx_word' id='word_1_187' title='bbox 2928 1361 3047 1416; x_wconf 69' lang='lat' dir='ltr'><strong>qua:</strong></span> <span class='ocrx_word' id='word_1_188' title='bbox 3074 1345 3229 1399; x_wconf 76' lang='lat' dir='ltr'><strong>altari</strong></span> <span class='ocrx_word' id='word_1_189' title='bbox 3261 1345 3590 1416; x_wconf 89' lang='lat' dir='ltr'><strong>imponerent.</strong></span> 
     </span>
    </p>
   </div>
   <div class='ocr_carea' id='block_1_29' title="bbox 2361 1437 3771 1510">
    <p class='ocr_par' dir='ltr' id='par_1_29' title="bbox 2361 1437 3771 1510">
     <span class='ocr_line' id='line_1_29' title="bbox 2361 1437 3771 1510; baseline -0.001 -15"><span class='ocrx_word' id='word_1_190' title='bbox 2361 1440 2523 1495; x_wconf 73' lang='lat' dir='ltr'><strong>Vens.</strong></span> <span class='ocrx_word' id='word_1_191' title='bbox 2556 1439 2700 1494; x_wconf 86' lang='lat'><strong>6.—</strong></span> <span class='ocrx_word' id='word_1_192' title='bbox 2723 1437 2952 1509; x_wconf 86' lang='lat' dir='ltr'><strong>Cumque</strong></span> <span class='ocrx_word' id='word_1_193' title='bbox 3000 1439 3190 1510; x_wconf 73' lang='lat' dir='ltr'><strong>expleti</strong></span> <span class='ocrx_word' id='word_1_194' title='bbox 3239 1440 3445 1509; x_wconf 78' lang='lat' dir='ltr'><strong>fuerint.</strong></span> <span class='ocrx_word' id='word_1_195' title='bbox 3496 1440 3771 1496; x_wconf 84' lang='lat' dir='ltr'><strong>Intentionem</strong></span> 
     </span>
    </p>
   </div>
   <div class='ocr_carea' id='block_1_30' title="bbox 2288 1529 3784 1600">
    <p class='ocr_par' dir='ltr' id='par_1_30' title="bbox 2288 1529 3784 1600">
     <span class='ocr_line' id='line_1_30' title="bbox 2288 1529 3784 1600; baseline 0 -17"><span class='ocrx_word' id='word_1_196' title='bbox 2288 1530 2480 1600; x_wconf 86' lang='lat' dir='ltr'><strong>aperit,</strong></span> <span class='ocrx_word' id='word_1_197' title='bbox 2529 1531 2655 1596; x_wconf 88' lang='lat' dir='ltr'><strong>quia</strong></span> <span class='ocrx_word' id='word_1_198' title='bbox 2704 1530 2928 1594; x_wconf 88' lang='lat' dir='ltr'><strong>scilicet,</strong></span> <span class='ocrx_word' id='word_1_199' title='bbox 2977 1529 3323 1600; x_wconf 88' lang='lat' dir='ltr'><strong>pollutionem</strong></span> <span class='ocrx_word' id='word_1_200' title='bbox 3367 1530 3613 1586; x_wconf 88' lang='lat' dir='ltr'><strong>naturales</strong></span> <span class='ocrx_word' id='word_1_201' title='bbox 3649 1540 3784 1594; x_wconf 56' lang='lat' dir='ltr'><strong>motus,</strong></span> 
     </span>
    </p>
   </div>
   <div class='ocr_carea' id='block_1_31' title="bbox 2288 1621 3769 1691">
    <p class='ocr_par' dir='ltr' id='par_1_31' title="bbox 2288 1621 3769 1691">
     <span class='ocr_line' id='line_1_31' title="bbox 2288 1621 3769 1691; baseline -0.003 -13"><span class='ocrx_word' id='word_1_202' title='bbox 2288 1635 2397 1678; x_wconf 91' lang='lat' dir='ltr'><strong>non</strong></span> <span class='ocrx_word' id='word_1_203' title='bbox 2440 1621 2685 1687; x_wconf 86' lang='lat' dir='ltr'><strong>faciunt,</strong></span> <span class='ocrx_word' id='word_1_204' title='bbox 2733 1622 2827 1677; x_wconf 90' lang='lat' dir='ltr'><strong>sed</strong></span> <span class='ocrx_word' id='word_1_205' title='bbox 2864 1631 3146 1691; x_wconf 88' lang='lat' dir='ltr'><strong>peccatum</strong></span> <span class='ocrx_word' id='word_1_206' title='bbox 3174 1662 3188 1687; x_wconf 91' lang='lat'><strong>,</strong></span> <span class='ocrx_word' id='word_1_207' title='bbox 3235 1623 3299 1676; x_wconf 87' lang='lat' dir='ltr'><strong>de</strong></span> <span class='ocrx_word' id='word_1_208' title='bbox 3345 1637 3448 1691; x_wconf 89' lang='lat' dir='ltr'><strong>quo</strong></span> <span class='ocrx_word' id='word_1_209' title='bbox 3478 1622 3593 1676; x_wconf 90' lang='lat' dir='ltr'><strong>dicit</strong></span> <span class='ocrx_word' id='word_1_210' title='bbox 3612 1621 3769 1675; x_wconf 84' lang='lat' dir='ltr'><strong>David:</strong></span> 
     </span>
    </p>
   </div>
   <div class='ocr_carea' id='block_1_32' title="bbox 2294 1708 3771 1782">
    <p class='ocr_par' dir='ltr' id='par_1_32' title="bbox 2294 1708 3771 1782">
     <span class='ocr_line' id='line_1_32' title="bbox 2294 1708 3771 1782; baseline -0.002 -16"><span class='ocrx_word' id='word_1_211' title='bbox 2294 1711 2425 1766; x_wconf 82' lang='lat' dir='ltr'><strong>Ecce</strong></span> <span class='ocrx_word' id='word_1_212' title='bbox 2465 1712 2600 1766; x_wconf 90' lang='lat' dir='ltr'><strong>enim</strong></span> <span class='ocrx_word' id='word_1_213' title='bbox 2641 1711 2695 1765; x_wconf 87' lang='lat' dir='ltr'><strong>in</strong></span> <span class='ocrx_word' id='word_1_214' title='bbox 2730 1711 3089 1782; x_wconf 81' lang='lat' dir='ltr'><strong>iniquitatibus</strong></span> <span class='ocrx_word' id='word_1_215' title='bbox 3131 1708 3577 1782; x_wconf 81' lang='lat' dir='ltr'><strong>conceptus(Psal.</strong></span> <span class='ocrx_word' id='word_1_216' title='bbox 3603 1711 3771 1780; x_wconf 83' lang='lat' dir='ltr'><strong>L),etc.,</strong></span> 
     </span>
    </p>
   </div>
   <div class='ocr_carea' id='block_1_33' title="bbox 687 1793 3771 1874">
    <p class='ocr_par' dir='ltr' id='par_1_33' title="bbox 687 1793 3771 1874">
     <span class='ocr_line' id='line_1_33' title="bbox 687 1793 3771 1874; baseline -0.002 -15"><span class='ocrx_word' id='word_1_217' title='bbox 687 1805 845 1859; x_wconf 76' lang='lat' dir='ltr'><strong>Vsus.</strong></span> <span class='ocrx_word' id='word_1_218' title='bbox 877 1805 966 1859; x_wconf 82' lang='lat'><strong>57.</strong></span> <span class='ocrx_word' id='word_1_219' title='bbox 991 1835 1058 1843; x_wconf 91' lang='lat'><strong><em>—</em></strong></span> <span class='ocrx_word' id='word_1_220' title='bbox 1086 1802 1147 1860; x_wconf 88' lang='lat' dir='ltr'><strong>Si</strong></span> <span class='ocrx_word' id='word_1_221' title='bbox 1190 1802 1452 1858; x_wconf 80' lang='lat' dir='ltr'><strong>ceciderit.</strong></span> <span class='ocrx_word' id='word_1_222' title='bbox 1506 1801 1710 1874; x_wconf 82' lang='lat' dir='ltr'><strong>(lsrcu.)</strong></span> <span class='ocrx_word' id='word_1_223' title='bbox 1737 1801 1881 1858; x_wconf 86' lang='lat' dir='ltr'><strong>Nihil</strong></span> <span class='ocrx_word' id='word_1_224' title='bbox 1924 1802 2190 1858; x_wconf 92' lang='lat' dir='ltr'><strong>indiscus-</strong></span> <span class='ocrx_word' id='word_1_225' title='bbox 2218 1793 2264 1852; x_wconf 88' lang='lat' dir='ltr'><strong>B</strong></span> <span class='ocrx_word' id='word_1_226' title='bbox 2293 1800 2516 1856; x_wconf 89' lang='lat' dir='ltr'><strong>Matrem</strong></span> <span class='ocrx_word' id='word_1_227' title='bbox 2557 1810 2806 1856; x_wconf 88' lang='lat' dir='ltr'><strong>naturam</strong></span> <span class='ocrx_word' id='word_1_228' title='bbox 2833 1801 3127 1871; x_wconf 87' lang='lat' dir='ltr'><strong>appellans,</strong></span> <span class='ocrx_word' id='word_1_229' title='bbox 3154 1810 3211 1856; x_wconf 91' lang='lat' dir='ltr'><strong>et</strong></span> <span class='ocrx_word' id='word_1_230' title='bbox 3237 1802 3604 1856; x_wconf 88' lang='lat' dir='ltr'><strong>immunditiam</strong></span> <span class='ocrx_word' id='word_1_231' title='bbox 3623 1800 3771 1870; x_wconf 69' lang='lat' dir='ltr'><strong>peculi</strong></span> 
     </span>
    </p>
   </div>
   <div class='ocr_carea' id='block_1_34' title="bbox 603 1892 2185 1964">
    <p class='ocr_par' dir='ltr' id='par_1_34' title="bbox 603 1892 2185 1964">
     <span class='ocr_line' id='line_1_34' title="bbox 603 1892 2185 1964; baseline -0.001 -17"><span class='ocrx_word' id='word_1_232' title='bbox 603 1908 729 1948; x_wconf 84' lang='lat' dir='ltr'><strong>sum</strong></span> <span class='ocrx_word' id='word_1_233' title='bbox 762 1893 1039 1962; x_wconf 87' lang='lat' dir='ltr'><strong>relinquit,</strong></span> <span class='ocrx_word' id='word_1_234' title='bbox 1067 1901 1197 1959; x_wconf 88' lang='lat' dir='ltr'><strong>etc.,</strong></span> <span class='ocrx_word' id='word_1_235' title='bbox 1237 1910 1399 1964; x_wconf 84' lang='lat' dir='ltr'><strong>usque</strong></span> <span class='ocrx_word' id='word_1_236' title='bbox 1443 1892 1512 1946; x_wconf 89' lang='lat' dir='ltr'><strong>ad</strong></span> <span class='ocrx_word' id='word_1_237' title='bbox 1557 1893 1601 1948; x_wconf 92' lang='lat' dir='ltr'><strong>si</strong></span> <span class='ocrx_word' id='word_1_238' title='bbox 1644 1892 1918 1962; x_wconf 89' lang='lat' dir='ltr'><strong>quodlibet</strong></span> <span class='ocrx_word' id='word_1_239' title='bbox 1945 1893 2185 1948; x_wconf 90' lang='lat' dir='ltr'><strong>mortici-</strong></span> 
     </span>
    </p>
   </div>
   <div class='ocr_carea' id='block_1_35' title="bbox 605 1981 1831 2052">
    <p class='ocr_par' dir='ltr' id='par_1_35' title="bbox 605 1981 1831 2052">
     <span class='ocr_line' id='line_1_35' title="bbox 605 1981 1831 2052; baseline -0.002 -14"><span class='ocrx_word' id='word_1_240' title='bbox 605 1998 735 2038; x_wconf 91' lang='lat' dir='ltr'><strong>num</strong></span> <span class='ocrx_word' id='word_1_241' title='bbox 767 1996 926 2052; x_wconf 89' lang='lat' dir='ltr'><strong>super</strong></span> <span class='ocrx_word' id='word_1_242' title='bbox 957 1998 1050 2039; x_wconf 93' lang='lat' dir='ltr'><strong>eos</strong></span> <span class='ocrx_word' id='word_1_243' title='bbox 1079 1983 1352 2050; x_wconf 84' lang='lat' dir='ltr'><strong>ceciderit,</strong></span> <span class='ocrx_word' id='word_1_244' title='bbox 1383 1982 1518 2037; x_wconf 85' lang='lat' dir='ltr'><strong>fiunt</strong></span> <span class='ocrx_word' id='word_1_245' title='bbox 1550 1981 1831 2037; x_wconf 88' lang='lat' dir='ltr'><strong>immundi.</strong></span> 
     </span>
    </p>
   </div>
   <div class='ocr_carea' id='block_1_36' title="bbox 673 2071 2179 2142">
    <p class='ocr_par' dir='ltr' id='par_1_36' title="bbox 673 2071 2179 2142">
     <span class='ocr_line' id='line_1_36' title="bbox 673 2071 2179 2142; baseline -0.001 -14"><span class='ocrx_word' id='word_1_246' title='bbox 673 2073 840 2128; x_wconf 72' lang='lat' dir='ltr'><strong>Vens.</strong></span> <span class='ocrx_word' id='word_1_247' title='bbox 869 2072 957 2128; x_wconf 79' lang='lat'><strong>59.</strong></span> <span class='ocrx_word' id='word_1_248' title='bbox 980 2103 1050 2112; x_wconf 94' lang='lat'><strong>—-</strong></span> <span class='ocrx_word' id='word_1_249' title='bbox 1071 2072 1176 2140; x_wconf 85' lang='lat' dir='ltr'><strong>Qui</strong></span> <span class='ocrx_word' id='word_1_250' title='bbox 1206 2073 1428 2128; x_wconf 87' lang='lat' dir='ltr'><strong>cadaver</strong></span> <span class='ocrx_word' id='word_1_251' title='bbox 1447 2071 1560 2142; x_wconf 86' lang='lat' dir='ltr'><strong>ejus</strong></span> <span class='ocrx_word' id='word_1_252' title='bbox 1585 2071 1830 2142; x_wconf 80' lang='lat' dir='ltr'><strong>tetigerit,</strong></span> <span class='ocrx_word' id='word_1_253' title='bbox 1860 2072 2179 2128; x_wconf 85' lang='lat' dir='ltr'><strong>immundus.</strong></span> 
     </span>
    </p>
   </div>
   <div class='ocr_carea' id='block_1_37' title="bbox 603 2160 2182 2234">
    <p class='ocr_par' dir='ltr' id='par_1_37' title="bbox 603 2160 2182 2234">
     <span class='ocr_line' id='line_1_37' title="bbox 603 2160 2182 2234; baseline 0.001 -18"><span class='ocrx_word' id='word_1_254' title='bbox 603 2160 810 2234; x_wconf 77' lang='grc' dir='ltr'><strong>(ῐςιειι.)</strong></span> <span class='ocrx_word' id='word_1_255' title='bbox 844 2161 1154 2232; x_wconf 88' lang='lat' dir='ltr'><strong>lniquorum</strong></span> <span class='ocrx_word' id='word_1_256' title='bbox 1181 2162 1348 2216; x_wconf 90' lang='lat' dir='ltr'><strong>vitam</strong></span> <span class='ocrx_word' id='word_1_257' title='bbox 1379 2161 1637 2217; x_wconf 89' lang='lat' dir='ltr'><strong>debemus</strong></span> <span class='ocrx_word' id='word_1_258' title='bbox 1663 2161 1986 2228; x_wconf 88' lang='lat' dir='ltr'><strong>abominari,</strong></span> <span class='ocrx_word' id='word_1_259' title='bbox 2005 2162 2182 2232; x_wconf 88' lang='lat' dir='ltr'><strong>justo-</strong></span> 
     </span>
    </p>
   </div>
   <div class='ocr_carea' id='block_1_38' title="bbox 602 2250 2186 2324">
    <p class='ocr_par' dir='ltr' id='par_1_38' title="bbox 602 2250 2186 2324">
     <span class='ocr_line' id='line_1_38' title="bbox 602 2250 2186 2324; baseline 0.002 -20"><span class='ocrx_word' id='word_1_260' title='bbox 602 2265 723 2305; x_wconf 89' lang='lat' dir='ltr'><strong>rum</strong></span> <span class='ocrx_word' id='word_1_261' title='bbox 750 2250 970 2305; x_wconf 90' lang='lat' dir='ltr'><strong>imitari.</strong></span> <span class='ocrx_word' id='word_1_262' title='bbox 998 2250 1101 2318; x_wconf 83' lang='lat' dir='ltr'><strong>Qui</strong></span> <span class='ocrx_word' id='word_1_263' title='bbox 1130 2252 1274 2307; x_wconf 90' lang='lat' dir='ltr'><strong>enim</strong></span> <span class='ocrx_word' id='word_1_264' title='bbox 1300 2251 1468 2306; x_wconf 90' lang='lat' dir='ltr'><strong>vitam</strong></span> <span class='ocrx_word' id='word_1_265' title='bbox 1502 2251 1769 2306; x_wconf 88' lang='lat' dir='ltr'><strong>malorum</strong></span> <span class='ocrx_word' id='word_1_266' title='bbox 1799 2252 2057 2324; x_wconf 85' lang='lat' dir='ltr'><strong>tetigerit,</strong></span> <span class='ocrx_word' id='word_1_267' title='bbox 2087 2253 2186 2307; x_wconf 90' lang='lat' dir='ltr'><strong>im-</strong></span> 
     </span>
    </p>
   </div>
   <div class='ocr_carea' id='block_1_39' title="bbox 602 2341 1542 2412">
    <p class='ocr_par' dir='ltr' id='par_1_39' title="bbox 602 2341 1542 2412">
     <span class='ocr_line' id='line_1_39' title="bbox 602 2341 1542 2412; baseline 0.002 -18"><span class='ocrx_word' id='word_1_268' title='bbox 602 2341 836 2396; x_wconf 90' lang='lat' dir='ltr'><strong>mundus</strong></span> <span class='ocrx_word' id='word_1_269' title='bbox 861 2341 986 2409; x_wconf 87' lang='lat' dir='ltr'><strong>erit,</strong></span> <span class='ocrx_word' id='word_1_270' title='bbox 1013 2342 1184 2397; x_wconf 91' lang='lat' dir='ltr'><strong>donec</strong></span> <span class='ocrx_word' id='word_1_271' title='bbox 1207 2341 1542 2412; x_wconf 77' lang='lat' dir='ltr'><strong>paenituerit.</strong></span> 
     </span>
    </p>
   </div>
   <div class='ocr_carea' id='block_1_40' title="bbox 669 2429 2184 2502">
    <p class='ocr_par' dir='ltr' id='par_1_40' title="bbox 669 2429 2184 2502">
     <span class='ocr_line' id='line_1_40' title="bbox 669 2429 2184 2502; baseline 0.001 -15"><span class='ocrx_word' id='word_1_272' title='bbox 669 2431 834 2488; x_wconf 70' lang='lat' dir='ltr'><strong>Vens.</strong></span> <span class='ocrx_word' id='word_1_273' title='bbox 863 2430 954 2486; x_wconf 70' lang='grc'><strong>40.</strong></span> <span class='ocrx_word' id='word_1_274' title='bbox 977 2463 1048 2472; x_wconf 93' lang='grc'><strong>-</strong></span> <span class='ocrx_word' id='word_1_275' title='bbox 1071 2431 1173 2498; x_wconf 83' lang='lat' dir='ltr'><strong>Qui</strong></span> <span class='ocrx_word' id='word_1_276' title='bbox 1199 2431 1496 2486; x_wconf 86' lang='lat' dir='ltr'><strong>comederit.</strong></span> <span class='ocrx_word' id='word_1_277' title='bbox 1543 2429 1600 2487; x_wconf 88' lang='lat' dir='ltr'><strong>Id</strong></span> <span class='ocrx_word' id='word_1_278' title='bbox 1634 2441 1740 2498; x_wconf 86' lang='lat' dir='ltr'><strong>est,</strong></span> <span class='ocrx_word' id='word_1_279' title='bbox 1767 2434 1921 2502; x_wconf 85' lang='lat' dir='ltr'><strong>quasi</strong></span> <span class='ocrx_word' id='word_1_280' title='bbox 1955 2433 2184 2489; x_wconf 81' lang='lat' dir='ltr'><strong>advoca-</strong></span> 
     </span>
    </p>
   </div>
   <div class='ocr_carea' id='block_1_41' title="bbox 602 2521 2185 2590">
    <p class='ocr_par' dir='ltr' id='par_1_41' title="bbox 602 2521 2185 2590">
     <span class='ocr_line' id='line_1_41' title="bbox 602 2521 2185 2590; baseline 0.002 -15"><span class='ocrx_word' id='word_1_281' title='bbox 602 2530 690 2577; x_wconf 88' lang='lat' dir='ltr'><strong>tus</strong></span> <span class='ocrx_word' id='word_1_282' title='bbox 719 2521 1038 2588; x_wconf 88' lang='lat' dir='ltr'><strong>defenderit,</strong></span> <span class='ocrx_word' id='word_1_283' title='bbox 1065 2530 1121 2577; x_wconf 90' lang='lat' dir='ltr'><strong>et</strong></span> <span class='ocrx_word' id='word_1_284' title='bbox 1145 2522 1199 2576; x_wconf 94' lang='lat' dir='ltr'><strong>in</strong></span> <span class='ocrx_word' id='word_1_285' title='bbox 1227 2535 1286 2577; x_wconf 89' lang='lat' dir='ltr'><strong>se</strong></span> <span class='ocrx_word' id='word_1_286' title='bbox 1313 2521 1623 2576; x_wconf 79' lang='lat' dir='ltr'><strong>auxiliando</strong></span> <span class='ocrx_word' id='word_1_287' title='bbox 1651 2522 2009 2590; x_wconf 85' lang='lat' dir='ltr'><strong>transtulerit,</strong></span> <span class='ocrx_word' id='word_1_288' title='bbox 2039 2523 2185 2578; x_wconf 80' lang='lat' dir='ltr'><strong>lavet</strong></span> 
     </span>
    </p>
   </div>
   <div class='ocr_carea' id='block_1_42' title="bbox 599 2611 2184 2685">
    <p class='ocr_par' dir='ltr' id='par_1_42' title="bbox 599 2611 2184 2685">
     <span class='ocr_line' id='line_1_42' title="bbox 599 2611 2184 2685; baseline 0.004 -22"><span class='ocrx_word' id='word_1_289' title='bbox 599 2611 924 2666; x_wconf 87' lang='lat' dir='ltr'><strong>vestimenta</strong></span> <span class='ocrx_word' id='word_1_290' title='bbox 959 2627 1078 2677; x_wconf 89' lang='lat' dir='ltr'><strong>sua,</strong></span> <span class='ocrx_word' id='word_1_291' title='bbox 1128 2611 1182 2667; x_wconf 89' lang='lat' dir='ltr'><strong>id</strong></span> <span class='ocrx_word' id='word_1_292' title='bbox 1209 2620 1294 2667; x_wconf 90' lang='lat' dir='ltr'><strong>est</strong></span> <span class='ocrx_word' id='word_1_293' title='bbox 1337 2611 1578 2667; x_wconf 88' lang='lat' dir='ltr'><strong>actiones</strong></span> <span class='ocrx_word' id='word_1_294' title='bbox 1614 2627 1838 2682; x_wconf 91' lang='lat' dir='ltr'><strong>pravas,</strong></span> <span class='ocrx_word' id='word_1_295' title='bbox 1876 2614 2047 2670; x_wconf 91' lang='lat' dir='ltr'><strong>donec</strong></span> <span class='ocrx_word' id='word_1_296' title='bbox 2072 2628 2184 2685; x_wconf 69' lang='lat' dir='ltr'><strong>poe-</strong></span> 
     </span>
    </p>
   </div>
   <div class='ocr_carea' id='block_1_43' title="bbox 602 2702 842 2757">
    <p class='ocr_par' dir='ltr' id='par_1_43' title="bbox 602 2702 842 2757">
     <span class='ocr_line' id='line_1_43' title="bbox 602 2702 842 2757; baseline 0.004 -1"><span class='ocrx_word' id='word_1_297' title='bbox 602 2702 842 2757; x_wconf 90' lang='lat' dir='ltr'><strong>nituerit.</strong></span> 
     </span>
    </p>
   </div>
   <div class='ocr_carea' id='block_1_44' title="bbox 673 2790 2182 2864">
    <p class='ocr_par' dir='ltr' id='par_1_44' title="bbox 673 2790 2182 2864">
     <span class='ocr_line' id='line_1_44' title="bbox 673 2790 2182 2864; baseline 0.007 -23"><span class='ocrx_word' id='word_1_298' title='bbox 673 2792 835 2848; x_wconf 73' lang='lat' dir='ltr'><strong>Vens.</strong></span> <span class='ocrx_word' id='word_1_299' title='bbox 866 2792 954 2847; x_wconf 73' lang='grc'><strong>41.</strong></span> <span class='ocrx_word' id='word_1_300' title='bbox 976 2823 1048 2833; x_wconf 93' lang='grc'><strong><em>-</em></strong></span> <span class='ocrx_word' id='word_1_301' title='bbox 1067 2790 1234 2847; x_wconf 86' lang='lat' dir='ltr'><strong>Omne</strong></span> <span class='ocrx_word' id='word_1_302' title='bbox 1259 2792 1399 2864; x_wconf 86' lang='lat' dir='ltr'><strong>quod</strong></span> <span class='ocrx_word' id='word_1_303' title='bbox 1435 2801 1598 2863; x_wconf 84' lang='lat' dir='ltr'><strong>reptat</strong></span> <span class='ocrx_word' id='word_1_304' title='bbox 1631 2809 1790 2863; x_wconf 81' lang='lat' dir='ltr'><strong>super</strong></span> <span class='ocrx_word' id='word_1_305' title='bbox 1814 2802 2032 2848; x_wconf 87' lang='lat' dir='ltr'><strong>terram.</strong></span> <span class='ocrx_word' id='word_1_306' title='bbox 2067 2793 2182 2851; x_wconf 84' lang='lat' dir='ltr'><strong>Hoc</strong></span> 
     </span>
    </p>
   </div>
   <div class='ocr_carea' id='block_1_45' title="bbox 589 2881 2180 2954">
    <p class='ocr_par' dir='ltr' id='par_1_45' title="bbox 589 2881 2180 2954">
     <span class='ocr_line' id='line_1_45' title="bbox 589 2881 2180 2954; baseline 0.006 -22"><span class='ocrx_word' id='word_1_307' title='bbox 589 2882 851 2952; x_wconf 80' lang='lat' dir='ltr'><strong>superius</strong></span> <span class='ocrx_word' id='word_1_308' title='bbox 877 2881 1154 2954; x_wconf 87' lang='lat' dir='ltr'><strong>legislator</strong></span> <span class='ocrx_word' id='word_1_309' title='bbox 1179 2882 1450 2954; x_wconf 76' lang='lat' dir='ltr'><strong>exposuit,</strong></span> <span class='ocrx_word' id='word_1_310' title='bbox 1481 2883 1576 2938; x_wconf 90' lang='lat' dir='ltr'><strong>sed</strong></span> <span class='ocrx_word' id='word_1_311' title='bbox 1600 2883 1669 2938; x_wconf 89' lang='lat' dir='ltr'><strong>ad</strong></span> <span class='ocrx_word' id='word_1_312' title='bbox 1694 2882 2180 2953; x_wconf 89' lang='lat' dir='ltr'><strong>frequentationem</strong></span> 
     </span>
    </p>
   </div>
   <div class='ocr_carea' id='block_1_46' title="bbox 591 2970 2002 3044">
    <p class='ocr_par' dir='ltr' id='par_1_46' title="bbox 591 2970 2002 3044">
     <span class='ocr_line' id='line_1_46' title="bbox 591 2970 2002 3044; baseline 0.003 -19"><span class='ocrx_word' id='word_1_313' title='bbox 591 2971 926 3026; x_wconf 82' lang='lat' dir='ltr'><strong>meditandae</strong></span> <span class='ocrx_word' id='word_1_314' title='bbox 964 2971 1097 3044; x_wconf 84' lang='lat' dir='ltr'><strong>legis</strong></span> <span class='ocrx_word' id='word_1_315' title='bbox 1123 2970 1392 3027; x_wconf 90' lang='lat' dir='ltr'><strong>monendo</strong></span> <span class='ocrx_word' id='word_1_316' title='bbox 1429 2973 1748 3040; x_wconf 90' lang='lat' dir='ltr'><strong>auditorem,</strong></span> <span class='ocrx_word' id='word_1_317' title='bbox 1791 2974 2002 3044; x_wconf 85' lang='lat' dir='ltr'><strong>repetit.</strong></span> 
     </span>
    </p>
   </div>
   <div class='ocr_carea' id='block_1_47' title="bbox 672 3060 2179 3134">
    <p class='ocr_par' dir='ltr' id='par_1_47' title="bbox 672 3060 2179 3134">
     <span class='ocr_line' id='line_1_47' title="bbox 672 3060 2179 3134; baseline 0.004 -19"><span class='ocrx_word' id='word_1_318' title='bbox 672 3061 837 3117; x_wconf 68' lang='lat' dir='ltr'><strong>Vens.</strong></span> <span class='ocrx_word' id='word_1_319' title='bbox 869 3061 960 3116; x_wconf 78' lang='grc'><strong>47.</strong></span> <span class='ocrx_word' id='word_1_320' title='bbox 980 3089 1053 3102; x_wconf 87' lang='grc'><strong>--</strong></span> <span class='ocrx_word' id='word_1_321' title='bbox 1072 3060 1140 3115; x_wconf 84' lang='lat' dir='ltr'><strong>Et</strong></span> <span class='ocrx_word' id='word_1_322' title='bbox 1169 3061 1347 3117; x_wconf 80' lang='lat' dir='ltr'><strong>sciatis</strong></span> <span class='ocrx_word' id='word_1_323' title='bbox 1370 3062 1496 3134; x_wconf 84' lang='lat' dir='ltr'><strong>quid</strong></span> <span class='ocrx_word' id='word_1_324' title='bbox 1525 3064 1810 3119; x_wconf 86' lang='lat' dir='ltr'><strong>comedere.</strong></span> <span class='ocrx_word' id='word_1_325' title='bbox 1845 3063 1961 3120; x_wconf 83' lang='lat' dir='ltr'><strong>Non</strong></span> <span class='ocrx_word' id='word_1_326' title='bbox 1994 3065 2048 3120; x_wconf 93' lang='lat' dir='ltr'><strong>hi</strong></span> <span class='ocrx_word' id='word_1_327' title='bbox 2073 3065 2179 3121; x_wconf 90' lang='lat' dir='ltr'><strong>cibi</strong></span> 
     </span>
    </p>
   </div>
   <div class='ocr_carea' id='block_1_48' title="bbox 2286 1891 3772 1963">
    <p class='ocr_par' dir='ltr' id='par_1_48' title="bbox 2286 1891 3772 1963">
     <span class='ocr_line' id='line_1_48' title="bbox 2286 1891 3772 1963; baseline -0.001 -18"><span class='ocrx_word' id='word_1_328' title='bbox 2286 1891 2417 1946; x_wconf 84' lang='lat' dir='ltr'><strong>Adae</strong></span> <span class='ocrx_word' id='word_1_329' title='bbox 2451 1901 2507 1946; x_wconf 87' lang='lat' dir='ltr'><strong>et</strong></span> <span class='ocrx_word' id='word_1_330' title='bbox 2537 1891 2661 1948; x_wconf 66' lang='lat' dir='ltr'><strong>Evae</strong></span> <span class='ocrx_word' id='word_1_331' title='bbox 2691 1891 2744 1946; x_wconf 93' lang='lat' dir='ltr'><strong>in</strong></span> <span class='ocrx_word' id='word_1_332' title='bbox 2775 1899 2948 1947; x_wconf 90' lang='lat' dir='ltr'><strong>totum</strong></span> <span class='ocrx_word' id='word_1_333' title='bbox 2983 1908 3152 1963; x_wconf 90' lang='lat' dir='ltr'><strong>genus</strong></span> <span class='ocrx_word' id='word_1_334' title='bbox 3191 1893 3477 1946; x_wconf 88' lang='lat' dir='ltr'><strong>humanum</strong></span> <span class='ocrx_word' id='word_1_335' title='bbox 3509 1891 3772 1946; x_wconf 80' lang='lat' dir='ltr'><strong>descendisse</strong></span> 
     </span>
    </p>
   </div>
   <div class='ocr_carea' id='block_1_49' title="bbox 2181 1981 3770 2054">
    <p class='ocr_par' dir='ltr' id='par_1_49' title="bbox 2181 1981 3770 2054">
     <span class='ocr_line' id='line_1_49' title="bbox 2181 1981 3770 2054; baseline -0.003 -16"><span class='ocrx_word' id='word_1_336' title='bbox 2181 1996 2186 2000; x_wconf 72' lang='lat'><strong>‘</strong></span> <span class='ocrx_word' id='word_1_337' title='bbox 2287 1983 2617 2053; x_wconf 81' lang='lat' dir='ltr'><strong>signiﬁcans.</strong></span> <span class='ocrx_word' id='word_1_338' title='bbox 2653 1983 2780 2039; x_wconf 90' lang='lat' dir='ltr'><strong>ldeo</strong></span> <span class='ocrx_word' id='word_1_339' title='bbox 2802 1983 3035 2054; x_wconf 82' lang='lat' dir='ltr'><strong>Moyses.</strong></span> <span class='ocrx_word' id='word_1_340' title='bbox 3065 1984 3346 2054; x_wconf 88' lang='lat' dir='ltr'><strong>completis</strong></span> <span class='ocrx_word' id='word_1_341' title='bbox 3382 1983 3557 2038; x_wconf 90' lang='lat' dir='ltr'><strong>diebus</strong></span> <span class='ocrx_word' id='word_1_342' title='bbox 3585 1981 3770 2053; x_wconf 80' lang='lat' dir='ltr'><strong>puriﬁca-</strong></span> 
     </span>
    </p>
   </div>
   <div class='ocr_carea' id='block_1_50' title="bbox 2287 2071 3771 2144">
    <p class='ocr_par' dir='ltr' id='par_1_50' title="bbox 2287 2071 3771 2144">
     <span class='ocr_line' id='line_1_50' title="bbox 2287 2071 3771 2144; baseline -0.003 -18"><span class='ocrx_word' id='word_1_343' title='bbox 2287 2073 2450 2128; x_wconf 89' lang='lat' dir='ltr'><strong>tionis</strong></span> <span class='ocrx_word' id='word_1_344' title='bbox 2487 2073 2893 2138; x_wconf 88' lang='lat' dir='ltr'><strong>holocaustum,</strong></span> <span class='ocrx_word' id='word_1_345' title='bbox 2926 2082 2983 2128; x_wconf 89' lang='lat' dir='ltr'><strong>et</strong></span> <span class='ocrx_word' id='word_1_346' title='bbox 3012 2088 3110 2144; x_wconf 91' lang='lat' dir='ltr'><strong>pro</strong></span> <span class='ocrx_word' id='word_1_347' title='bbox 3138 2081 3360 2143; x_wconf 91' lang='lat' dir='ltr'><strong>peccato</strong></span> <span class='ocrx_word' id='word_1_348' title='bbox 3385 2071 3613 2142; x_wconf 64' lang='lat' dir='ltr'><strong>praecepit</strong></span> <span class='ocrx_word' id='word_1_349' title='bbox 3641 2071 3771 2123; x_wconf 86' lang='lat' dir='ltr'><strong>immo-</strong></span> 
     </span>
    </p>
   </div>
   <div class='ocr_carea' id='block_1_51' title="bbox 2285 2159 3771 2234">
    <p class='ocr_par' dir='ltr' id='par_1_51' title="bbox 2285 2159 3771 2234">
     <span class='ocr_line' id='line_1_51' title="bbox 2285 2159 3771 2234; baseline -0.003 -18"><span class='ocrx_word' id='word_1_350' title='bbox 2285 2161 2416 2230; x_wconf 89' lang='lat' dir='ltr'><strong>lari;</strong></span> <span class='ocrx_word' id='word_1_351' title='bbox 2448 2164 2726 2220; x_wconf 78' lang='lat' dir='ltr'><strong>evidenter</strong></span> <span class='ocrx_word' id='word_1_352' title='bbox 2766 2164 3056 2220; x_wconf 89' lang='lat' dir='ltr'><strong>ostendens</strong></span> <span class='ocrx_word' id='word_1_353' title='bbox 3087 2165 3216 2234; x_wconf 91' lang='lat' dir='ltr'><strong>quia</strong></span> <span class='ocrx_word' id='word_1_354' title='bbox 3251 2165 3422 2234; x_wconf 89' lang='lat' dir='ltr'><strong>imago</strong></span> <span class='ocrx_word' id='word_1_355' title='bbox 3446 2163 3531 2218; x_wconf 88' lang='lat' dir='ltr'><strong>Dei</strong></span> <span class='ocrx_word' id='word_1_356' title='bbox 3563 2159 3771 2232; x_wconf 85' lang='lat' dir='ltr'><strong>perfectio-</strong></span> 
     </span>
    </p>
   </div>
   <div class='ocr_carea' id='block_1_52' title="bbox 2283 2251 3770 2326">
    <p class='ocr_par' dir='ltr' id='par_1_52' title="bbox 2283 2251 3770 2326">
     <span class='ocr_line' id='line_1_52' title="bbox 2283 2251 3770 2326; baseline -0.003 -18"><span class='ocrx_word' id='word_1_357' title='bbox 2283 2269 2408 2309; x_wconf 88' lang='lat' dir='ltr'><strong>nem</strong></span> <span class='ocrx_word' id='word_1_358' title='bbox 2444 2254 2631 2310; x_wconf 86' lang='lat' dir='ltr'><strong>tribuit</strong></span> <span class='ocrx_word' id='word_1_359' title='bbox 2659 2256 2844 2326; x_wconf 89' lang='lat' dir='ltr'><strong>generi</strong></span> <span class='ocrx_word' id='word_1_360' title='bbox 2883 2265 3090 2311; x_wconf 90' lang='lat' dir='ltr'><strong>nostro.</strong></span> <span class='ocrx_word' id='word_1_361' title='bbox 3145 2255 3281 2311; x_wconf 73' lang='lat' dir='ltr'><strong>Nam</strong></span> <span class='ocrx_word' id='word_1_362' title='bbox 3322 2255 3660 2311; x_wconf 83' lang='lat' dir='ltr'><strong>formationem</strong></span> <span class='ocrx_word' id='word_1_363' title='bbox 3695 2251 3770 2304; x_wconf 89' lang='lat' dir='ltr'><strong>dies</strong></span> 
     </span>
    </p>
   </div>
   <div class='ocr_carea' id='block_1_53' title="bbox 2287 2347 3769 2419">
    <p class='ocr_par' dir='ltr' id='par_1_53' title="bbox 2287 2347 3769 2419">
     <span class='ocr_line' id='line_1_53' title="bbox 2287 2347 3769 2419; baseline -0.006 -17"><span class='ocrx_word' id='word_1_364' title='bbox 2287 2347 2650 2404; x_wconf 89' lang='lat' dir='ltr'><strong>mundationis</strong></span> <span class='ocrx_word' id='word_1_365' title='bbox 2691 2350 3002 2413; x_wconf 88' lang='lat' dir='ltr'><strong>ostendunt,</strong></span> <span class='ocrx_word' id='word_1_366' title='bbox 3043 2348 3426 2419; x_wconf 77' lang='lat' dir='ltr'><strong>perfectionem</strong></span> <span class='ocrx_word' id='word_1_367' title='bbox 3463 2347 3769 2404; x_wconf 74' lang='lat' dir='ltr'><strong>holocaustum.</strong></span> 
     </span>
    </p>
   </div>
   <div class='ocr_carea' id='block_1_54' title="bbox 2356 2437 3770 2511">
    <p class='ocr_par' dir='ltr' id='par_1_54' title="bbox 2356 2437 3770 2511">
     <span class='ocr_line' id='line_1_54' title="bbox 2356 2437 3770 2511; baseline -0.005 -21"><span class='ocrx_word' id='word_1_368' title='bbox 2356 2437 2534 2508; x_wconf 83' lang='lat' dir='ltr'><strong>(Auc.,</strong></span> <span class='ocrx_word' id='word_1_369' title='bbox 2579 2438 2667 2492; x_wconf 88' lang='lat' dir='ltr'><strong>ubi</strong></span> <span class='ocrx_word' id='word_1_370' title='bbox 2708 2437 2913 2511; x_wconf 88' lang='lat' dir='ltr'><strong>supra.)</strong></span> <span class='ocrx_word' id='word_1_371' title='bbox 2963 2437 3218 2509; x_wconf 86' lang='lat' dir='ltr'><strong>Nunquid</strong></span> <span class='ocrx_word' id='word_1_372' title='bbox 3267 2437 3528 2510; x_wconf 86' lang='lat' dir='ltr'><strong>peperisse</strong></span> <span class='ocrx_word' id='word_1_373' title='bbox 3565 2441 3770 2504; x_wconf 86' lang='lat' dir='ltr'><strong>peccatum</strong></span> 
     </span>
    </p>
   </div>
   <div class='ocr_carea' id='block_1_55' title="bbox 2282 2525 3771 2601">
    <p class='ocr_par' dir='ltr' id='par_1_55' title="bbox 2282 2525 3771 2601">
     <span class='ocr_line' id='line_1_55' title="bbox 2282 2525 3771 2601; baseline -0.006 -17"><span class='ocrx_word' id='word_1_374' title='bbox 2282 2530 2398 2584; x_wconf 86' lang='lat' dir='ltr'><strong>est?</strong></span> <span class='ocrx_word' id='word_1_375' title='bbox 2439 2537 2567 2596; x_wconf 90' lang='lat' dir='ltr'><strong>etc.,</strong></span> <span class='ocrx_word' id='word_1_376' title='bbox 2601 2546 2764 2601; x_wconf 86' lang='lat' dir='ltr'><strong>usque</strong></span> <span class='ocrx_word' id='word_1_377' title='bbox 2797 2530 2866 2584; x_wconf 87' lang='lat' dir='ltr'><strong>ad</strong></span> <span class='ocrx_word' id='word_1_378' title='bbox 2914 2545 3020 2585; x_wconf 92' lang='lat' dir='ltr'><strong>non</strong></span> <span class='ocrx_word' id='word_1_379' title='bbox 3055 2539 3115 2584; x_wconf 88' lang='lat' dir='ltr'><strong>ut</strong></span> <span class='ocrx_word' id='word_1_380' title='bbox 3151 2532 3394 2587; x_wconf 90' lang='lat' dir='ltr'><strong>dicerent</strong></span> <span class='ocrx_word' id='word_1_381' title='bbox 3431 2541 3575 2599; x_wconf 88' lang='lat' dir='ltr'><strong>super</strong></span> <span class='ocrx_word' id='word_1_382' title='bbox 3607 2525 3771 2580; x_wconf 84' lang='lat' dir='ltr'><strong>ﬁlioaut</strong></span> 
     </span>
    </p>
   </div>
   <div class='ocr_carea' id='block_1_56' title="bbox 2283 2619 3267 2691">
    <p class='ocr_par' dir='ltr' id='par_1_56' title="bbox 2283 2619 3267 2691">
     <span class='ocr_line' id='line_1_56' title="bbox 2283 2619 3267 2691; baseline 0 -15"><span class='ocrx_word' id='word_1_383' title='bbox 2283 2635 2449 2691; x_wconf 87' lang='lat' dir='ltr'><strong>super</strong></span> <span class='ocrx_word' id='word_1_384' title='bbox 2474 2619 2606 2686; x_wconf 82' lang='lat' dir='ltr'><strong>tilia,</strong></span> <span class='ocrx_word' id='word_1_385' title='bbox 2630 2620 2726 2676; x_wconf 88' lang='lat' dir='ltr'><strong>sed</strong></span> <span class='ocrx_word' id='word_1_386' title='bbox 2746 2633 2846 2691; x_wconf 91' lang='lat' dir='ltr'><strong>pro</strong></span> <span class='ocrx_word' id='word_1_387' title='bbox 2871 2619 2984 2675; x_wconf 85' lang='lat' dir='ltr'><strong>ﬁlio</strong></span> <span class='ocrx_word' id='word_1_388' title='bbox 3013 2628 3108 2676; x_wconf 87' lang='lat' dir='ltr'><strong>aut</strong></span> <span class='ocrx_word' id='word_1_389' title='bbox 3133 2621 3267 2676; x_wconf 84' lang='lat' dir='ltr'><strong>filia.</strong></span> 
     </span>
    </p>
   </div>
   <div class='ocr_carea' id='block_1_57' title="bbox 2352 2701 3877 2784">
    <p class='ocr_par' dir='ltr' id='par_1_57' title="bbox 2352 2701 3877 2784">
     <span class='ocr_line' id='line_1_57' title="bbox 2352 2701 3877 2784; baseline -0.007 -17"><span class='ocrx_word' id='word_1_390' title='bbox 2352 2712 2658 2768; x_wconf 87' lang='lat' dir='ltr'><strong>Notandum</strong></span> <span class='ocrx_word' id='word_1_391' title='bbox 2712 2720 2894 2768; x_wconf 90' lang='lat' dir='ltr'><strong>autem</strong></span> <span class='ocrx_word' id='word_1_392' title='bbox 2939 2727 3100 2784; x_wconf 91' lang='lat' dir='ltr'><strong>quam</strong></span> <span class='ocrx_word' id='word_1_393' title='bbox 3156 2726 3366 2784; x_wconf 86' lang='lat' dir='ltr'><strong>pauper</strong></span> <span class='ocrx_word' id='word_1_394' title='bbox 3406 2708 3634 2766; x_wconf 88' lang='lat' dir='ltr'><strong>Dominus</strong></span> <span class='ocrx_word' id='word_1_395' title='bbox 3669 2701 3771 2759; x_wconf 78' lang='lat' dir='ltr'><strong>nasci</strong></span> <span class='ocrx_word' id='word_1_396' title='bbox 3875 2749 3877 2784; x_wconf 43' lang='grc' dir='ltr'><em>Ξ</em></span> 
     </span>
    </p>
   </div>
   <div class='ocr_carea' id='block_1_58' title="bbox 2281 2795 3772 2877">
    <p class='ocr_par' dir='ltr' id='par_1_58' title="bbox 2281 2795 3772 2877">
     <span class='ocr_line' id='line_1_58' title="bbox 2281 2795 3772 2877; baseline -0.003 -17"><span class='ocrx_word' id='word_1_397' title='bbox 2281 2803 2534 2872; x_wconf 74' lang='lat' dir='ltr'><strong>valuerit,</strong></span> <span class='ocrx_word' id='word_1_398' title='bbox 2569 2813 2630 2860; x_wconf 88' lang='lat' dir='ltr'><strong>ut</strong></span> <span class='ocrx_word' id='word_1_399' title='bbox 2667 2820 2775 2860; x_wconf 90' lang='lat' dir='ltr'><strong>non</strong></span> <span class='ocrx_word' id='word_1_400' title='bbox 2810 2820 2912 2876; x_wconf 91' lang='lat' dir='ltr'><strong>pro</strong></span> <span class='ocrx_word' id='word_1_401' title='bbox 2948 2805 3039 2862; x_wconf 92' lang='lat' dir='ltr'><strong>illo</strong></span> <span class='ocrx_word' id='word_1_402' title='bbox 3073 2803 3363 2862; x_wconf 77' lang='lat' dir='ltr'><strong>offerretur</strong></span> <span class='ocrx_word' id='word_1_403' title='bbox 3397 2818 3554 2877; x_wconf 88' lang='lat' dir='ltr'><strong>agnus</strong></span> <span class='ocrx_word' id='word_1_404' title='bbox 3584 2808 3629 2856; x_wconf 91' lang='lat' dir='ltr'><strong>et</strong></span> <span class='ocrx_word' id='word_1_405' title='bbox 3650 2795 3772 2874; x_wconf 72' lang='lat' dir='ltr'><strong>pulhls</strong></span> 
     </span>
    </p>
   </div>
   <div class='ocr_carea' id='block_1_59' title="bbox 2283 2889 3771 2968">
    <p class='ocr_par' dir='ltr' id='par_1_59' title="bbox 2283 2889 3771 2968">
     <span class='ocr_line' id='line_1_59' title="bbox 2283 2889 3771 2968; baseline -0.006 -17"><span class='ocrx_word' id='word_1_406' title='bbox 2283 2894 2622 2951; x_wconf 90' lang='lat' dir='ltr'><strong>columbinus</strong></span> <span class='ocrx_word' id='word_1_407' title='bbox 2663 2903 2760 2951; x_wconf 90' lang='lat' dir='ltr'><strong>aut</strong></span> <span class='ocrx_word' id='word_1_408' title='bbox 2792 2904 2993 2963; x_wconf 88' lang='lat' dir='ltr'><strong>turtur,</strong></span> <span class='ocrx_word' id='word_1_409' title='bbox 3033 2897 3128 2952; x_wconf 90' lang='lat' dir='ltr'><strong>sed</strong></span> <span class='ocrx_word' id='word_1_410' title='bbox 3173 2913 3277 2968; x_wconf 89' lang='lat' dir='ltr'><strong>par</strong></span> <span class='ocrx_word' id='word_1_411' title='bbox 3318 2904 3568 2952; x_wconf 87' lang='lat' dir='ltr'><strong>turturum</strong></span> <span class='ocrx_word' id='word_1_412' title='bbox 3601 2898 3674 2946; x_wconf 88' lang='lat' dir='ltr'><strong>aut</strong></span> <span class='ocrx_word' id='word_1_413' title='bbox 3701 2889 3771 2942; x_wconf 73' lang='lat' dir='ltr'><strong>diu</strong></span> 
     </span>
    </p>
   </div>
   <div class='ocr_carea' id='block_1_60' title="bbox 2281 2975 3772 3058">
    <p class='ocr_par' dir='ltr' id='par_1_60' title="bbox 2281 2975 3772 3058">
     <span class='ocr_line' id='line_1_60' title="bbox 2281 2975 3772 3058; baseline -0.002 -16"><span class='ocrx_word' id='word_1_414' title='bbox 2281 2986 2412 3058; x_wconf 89' lang='lat' dir='ltr'><strong>pulli</strong></span> <span class='ocrx_word' id='word_1_415' title='bbox 2470 2987 2843 3044; x_wconf 87' lang='lat' dir='ltr'><strong>columbarum</strong></span> <span class='ocrx_word' id='word_1_416' title='bbox 2909 2989 3212 3045; x_wconf 85' lang='lat' dir='ltr'><strong>secundum</strong></span> <span class='ocrx_word' id='word_1_417' title='bbox 3270 2986 3622 3058; x_wconf 84' lang='lat' dir='ltr'><strong>Evangelium,</strong></span> <span class='ocrx_word' id='word_1_418' title='bbox 3675 2975 3772 3049; x_wconf 73' lang='lat' dir='ltr'><strong>quod</strong></span> 
     </span>
    </p>
   </div>
   <div class='ocr_carea' id='block_1_61' title="bbox 2283 3067 3772 3151">
    <p class='ocr_par' dir='ltr' id='par_1_61' title="bbox 2283 3067 3772 3151">
     <span class='ocr_line' id='line_1_61' title="bbox 2283 3067 3772 3151; baseline -0.007 -17"><span class='ocrx_word' id='word_1_419' title='bbox 2283 3077 2550 3149; x_wconf 84' lang='lat' dir='ltr'><strong>scriptura</strong></span> <span class='ocrx_word' id='word_1_420' title='bbox 2576 3077 2802 3134; x_wconf 91' lang='lat' dir='ltr'><strong>Levitici</strong></span> <span class='ocrx_word' id='word_1_421' title='bbox 2847 3086 2977 3134; x_wconf 92' lang='lat' dir='ltr'><strong>tunc</strong></span> <span class='ocrx_word' id='word_1_422' title='bbox 3005 3079 3170 3151; x_wconf 82' lang='lat' dir='ltr'><strong>jussit</strong></span> <span class='ocrx_word' id='word_1_423' title='bbox 3203 3079 3404 3145; x_wconf 76' lang='lat' dir='ltr'><strong>offerri,</strong></span> <span class='ocrx_word' id='word_1_424' title='bbox 3451 3079 3494 3133; x_wconf 90' lang='lat' dir='ltr'><strong>si</strong></span> <span class='ocrx_word' id='word_1_425' title='bbox 3529 3090 3618 3131; x_wconf 90' lang='lat' dir='ltr'><strong>non</strong></span> <span class='ocrx_word' id='word_1_426' title='bbox 3642 3067 3772 3127; x_wconf 85' lang='lat' dir='ltr'><strong>habuit</strong></span> 
     </span>
    </p>
   </div>
   <div class='ocr_carea' id='block_1_62' title="bbox 597 3151 3730 3240">
    <p class='ocr_par' dir='ltr' id='par_1_62' title="bbox 597 3151 3730 3240">
     <span class='ocr_line' id='line_1_62' title="bbox 597 3151 3730 3240; baseline 0.001 -34"><span class='ocrx_word' id='word_1_427' title='bbox 597 3166 700 3207; x_wconf 89' lang='lat' dir='ltr'><strong>nos</strong></span> <span class='ocrx_word' id='word_1_428' title='bbox 723 3151 984 3208; x_wconf 88' lang='lat' dir='ltr'><strong>mundant</strong></span> <span class='ocrx_word' id='word_1_429' title='bbox 1009 3152 1094 3207; x_wconf 86' lang='lat' dir='ltr'><strong>vel</strong></span> <span class='ocrx_word' id='word_1_430' title='bbox 1131 3153 1398 3223; x_wconf 88' lang='lat' dir='ltr'><strong>polluunt,</strong></span> <span class='ocrx_word' id='word_1_431' title='bbox 1434 3155 1528 3211; x_wconf 88' lang='lat' dir='ltr'><strong>sed</strong></span> <span class='ocrx_word' id='word_1_432' title='bbox 1555 3169 1653 3210; x_wconf 90' lang='lat' dir='ltr'><strong>nos</strong></span> <span class='ocrx_word' id='word_1_433' title='bbox 1682 3155 1784 3226; x_wconf 91' lang='lat' dir='ltr'><strong>ipsi</strong></span> <span class='ocrx_word' id='word_1_434' title='bbox 1810 3156 2182 3212; x_wconf 83' lang='lat' dir='ltr'><strong>:vivificamus</strong></span> <span class='ocrx_word' id='word_1_435' title='bbox 2208 3164 2255 3228; x_wconf 73' lang='grc' dir='ltr'>ο</span> <span class='ocrx_word' id='word_1_436' title='bbox 2285 3177 2484 3240; x_wconf 63' lang='lat' dir='ltr'><strong>agnum</strong></span> <span class='ocrx_word' id='word_1_437' title='bbox 2518 3184 2711 3224; x_wconf 71' lang='lat' dir='ltr'><strong>manus</strong></span> <span class='ocrx_word' id='word_1_438' title='bbox 2738 3167 3038 3236; x_wconf 67' lang='grc' dir='ltr'><strong>οαειιεηιῖε,</strong></span> <span class='ocrx_word' id='word_1_439' title='bbox 3074 3171 3222 3240; x_wconf 70' lang='lat' dir='ltr'><strong>quod</strong></span> <span class='ocrx_word' id='word_1_440' title='bbox 3253 3170 3384 3227; x_wconf 47' lang='lat' dir='ltr'><strong>satis</strong></span> <span class='ocrx_word' id='word_1_441' title='bbox 3409 3175 3489 3225; x_wconf 66' lang='grc' dir='ltr'><strong>εει</strong></span> <span class='ocrx_word' id='word_1_442' title='bbox 3512 3173 3730 3235; x_wconf 67' lang='lat' dir='ltr'><strong>magnum.</strong></span> 
     </span>
    </p>
   </div>
   <div class='ocr_carea' id='block_1_63' title="bbox 593 3242 2179 3314">
    <p class='ocr_par' dir='ltr' id='par_1_63' title="bbox 593 3242 2179 3314">
     <span class='ocr_line' id='line_1_63' title="bbox 593 3242 2179 3314; baseline 0.003 -16"><span class='ocrx_word' id='word_1_443' title='bbox 593 3242 740 3299; x_wconf 82' lang='lat' dir='ltr'><strong>enim</strong></span> <span class='ocrx_word' id='word_1_444' title='bbox 769 3257 890 3314; x_wconf 75' lang='lat' dir='ltr'><strong>qua:</strong></span> <span class='ocrx_word' id='word_1_445' title='bbox 915 3243 1293 3310; x_wconf 89' lang='lat' dir='ltr'><strong>comeduntur,</strong></span> <span class='ocrx_word' id='word_1_446' title='bbox 1331 3251 1387 3299; x_wconf 90' lang='lat' dir='ltr'><strong>et</strong></span> <span class='ocrx_word' id='word_1_447' title='bbox 1408 3244 1859 3314; x_wconf 85' lang='lat' dir='ltr'><strong>quemadmodum</strong></span> <span class='ocrx_word' id='word_1_448' title='bbox 1896 3245 2076 3302; x_wconf 89' lang='lat' dir='ltr'><strong>omnis</strong></span> <span class='ocrx_word' id='word_1_449' title='bbox 2101 3247 2179 3302; x_wconf 34' lang='lat' dir='ltr'><strong>cis</strong></span> 
     </span>
    </p>
   </div>
   <div class='ocr_carea' id='block_1_64' title="bbox 589 3331 2182 3407">
    <p class='ocr_par' dir='ltr' id='par_1_64' title="bbox 589 3331 2182 3407">
     <span class='ocr_line' id='line_1_64' title="bbox 589 3331 2182 3407; baseline 0.003 -19"><span class='ocrx_word' id='word_1_450' title='bbox 589 3333 698 3388; x_wconf 86' lang='lat' dir='ltr'><strong>bus</strong></span> <span class='ocrx_word' id='word_1_451' title='bbox 723 3333 900 3390; x_wconf 88' lang='lat' dir='ltr'><strong>bonus</strong></span> <span class='ocrx_word' id='word_1_452' title='bbox 938 3332 988 3407; x_wconf 91' lang='grc'><strong>(1</strong></span> <span class='ocrx_word' id='word_1_453' title='bbox 1014 3331 1162 3389; x_wconf 83' lang='lat' dir='ltr'><strong>Petr&#39;.</strong></span> <span class='ocrx_word' id='word_1_454' title='bbox 1204 3332 1294 3404; x_wconf 88' lang='grc' dir='ltr'>ιι),</span> <span class='ocrx_word' id='word_1_455' title='bbox 1341 3343 1396 3390; x_wconf 91' lang='lat' dir='ltr'><strong>et</strong></span> <span class='ocrx_word' id='word_1_456' title='bbox 1438 3333 1572 3388; x_wconf 90' lang='lat' dir='ltr'><strong>nihil</strong></span> <span class='ocrx_word' id='word_1_457' title='bbox 1624 3334 1998 3405; x_wconf 88' lang='lat' dir='ltr'><strong>rejiciendum,</strong></span> <span class='ocrx_word' id='word_1_458' title='bbox 2039 3337 2182 3407; x_wconf 88' lang='lat' dir='ltr'><strong>quod</strong></span> 
     </span>
    </p>
   </div>
   <div class='ocr_carea' id='block_1_65' title="bbox 567 3427 2184 3501">
    <p class='ocr_par' dir='ltr' id='par_1_65' title="bbox 567 3427 2184 3501">
     <span class='ocr_line' id='line_1_65' title="bbox 567 3427 2184 3501; baseline 0.002 -17"><span class='ocrx_word' id='word_1_459' title='bbox 567 3441 721 3484; x_wconf 35' lang='lat' dir='ltr'><strong>scum</strong></span> <span class='ocrx_word' id='word_1_460' title='bbox 757 3427 1056 3500; x_wconf 86' lang='lat' dir='ltr'><strong>gratiarum</strong></span> <span class='ocrx_word' id='word_1_461' title='bbox 1094 3427 1308 3484; x_wconf 90' lang='lat' dir='ltr'><strong>actione</strong></span> <span class='ocrx_word' id='word_1_462' title='bbox 1349 3427 1676 3499; x_wconf 86' lang='lat' dir='ltr'><strong>percipitur;</strong></span> <span class='ocrx_word' id='word_1_463' title='bbox 1718 3429 1798 3485; x_wconf 88' lang='lat' dir='ltr'><strong>sic</strong></span> <span class='ocrx_word' id='word_1_464' title='bbox 1830 3443 1893 3486; x_wconf 89' lang='lat' dir='ltr'><strong>ea</strong></span> <span class='ocrx_word' id='word_1_465' title='bbox 1934 3445 2056 3501; x_wconf 70' lang='lat' dir='ltr'><strong>quae</strong></span> <span class='ocrx_word' id='word_1_466' title='bbox 2093 3446 2184 3487; x_wconf 88' lang='lat' dir='ltr'><strong>co-</strong></span> 
     </span>
    </p>
   </div>
   <div class='ocr_carea' id='block_1_66' title="bbox 575 3517 2183 3590">
    <p class='ocr_par' dir='ltr' id='par_1_66' title="bbox 575 3517 2183 3590">
     <span class='ocr_line' id='line_1_66' title="bbox 575 3517 2183 3590; baseline 0.004 -18"><span class='ocrx_word' id='word_1_467' title='bbox 575 3517 912 3586; x_wconf 82' lang='lat' dir='ltr'><strong>meduntur,</strong></span> <span class='ocrx_word' id='word_1_468' title='bbox 939 3518 994 3574; x_wconf 92' lang='lat' dir='ltr'><strong>id</strong></span> <span class='ocrx_word' id='word_1_469' title='bbox 1022 3526 1107 3574; x_wconf 86' lang='lat' dir='ltr'><strong>est</strong></span> <span class='ocrx_word' id='word_1_470' title='bbox 1136 3533 1258 3590; x_wconf 70' lang='lat' dir='ltr'><strong>quae</strong></span> <span class='ocrx_word' id='word_1_471' title='bbox 1282 3519 1528 3575; x_wconf 89' lang='lat' dir='ltr'><strong>nutriunt</strong></span> <span class='ocrx_word' id='word_1_472' title='bbox 1555 3520 1812 3587; x_wconf 88' lang='lat' dir='ltr'><strong>animam,</strong></span> <span class='ocrx_word' id='word_1_473' title='bbox 1842 3519 2012 3588; x_wconf 83' lang='lat' dir='ltr'><strong>bonas</strong></span> <span class='ocrx_word' id='word_1_474' title='bbox 2041 3521 2183 3578; x_wconf 91' lang='lat' dir='ltr'><strong>scili-</strong></span> 
     </span>
    </p>
   </div>
   <div class='ocr_carea' id='block_1_67' title="bbox 569 3608 2182 3676">
    <p class='ocr_par' dir='ltr' id='par_1_67' title="bbox 569 3608 2182 3676">
     <span class='ocr_line' id='line_1_67' title="bbox 569 3608 2182 3676; baseline 0.003 -11"><span class='ocrx_word' id='word_1_475' title='bbox 569 3615 683 3665; x_wconf 78' lang='lat' dir='ltr'><strong>-cet</strong></span> <span class='ocrx_word' id='word_1_476' title='bbox 727 3609 996 3676; x_wconf 86' lang='lat' dir='ltr'><strong>actiones,</strong></span> <span class='ocrx_word' id='word_1_477' title='bbox 1041 3625 1142 3666; x_wconf 89' lang='lat' dir='ltr'><strong>nos</strong></span> <span class='ocrx_word' id='word_1_478' title='bbox 1182 3608 1540 3676; x_wconf 83' lang='lat' dir='ltr'><strong>viviﬁcamus,</strong></span> <span class='ocrx_word' id='word_1_479' title='bbox 1586 3610 1634 3666; x_wconf 86' lang='lat' dir='ltr'><strong>si</strong></span> <span class='ocrx_word' id='word_1_480' title='bbox 1679 3609 1819 3667; x_wconf 89' lang='lat' dir='ltr'><strong>bene</strong></span> <span class='ocrx_word' id='word_1_481' title='bbox 1854 3613 2100 3669; x_wconf 89' lang='lat' dir='ltr'><strong>utimur:</strong></span> <span class='ocrx_word' id='word_1_482' title='bbox 2134 3614 2182 3671; x_wconf 88' lang='lat' dir='ltr'><strong>si</strong></span> 
     </span>
    </p>
   </div>
   <div class='ocr_carea' id='block_1_68' title="bbox 576 3700 2182 3774">
    <p class='ocr_par' dir='ltr' id='par_1_68' title="bbox 576 3700 2182 3774">
     <span class='ocr_line' id='line_1_68' title="bbox 576 3700 2182 3774; baseline 0.006 -23"><span class='ocrx_word' id='word_1_483' title='bbox 576 3700 766 3766; x_wconf 88' lang='lat' dir='ltr'><strong>.male,</strong></span> <span class='ocrx_word' id='word_1_484' title='bbox 795 3701 1209 3758; x_wconf 83' lang='lat' dir='ltr'><strong>mortificamus.</strong></span> <span class='ocrx_word' id='word_1_485' title='bbox 1254 3701 1355 3770; x_wconf 85' lang='lat' dir='ltr'><strong>Qui</strong></span> <span class='ocrx_word' id='word_1_486' title='bbox 1381 3702 1528 3758; x_wconf 92' lang='lat' dir='ltr'><strong>enim</strong></span> <span class='ocrx_word' id='word_1_487' title='bbox 1555 3716 1624 3758; x_wconf 80' lang='lat' dir='ltr'><strong>ex</strong></span> <span class='ocrx_word' id='word_1_488' title='bbox 1647 3703 1838 3774; x_wconf 88' lang='lat' dir='ltr'><strong>rapina</strong></span> <span class='ocrx_word' id='word_1_489' title='bbox 1879 3703 2012 3760; x_wconf 88' lang='lat' dir='ltr'><strong>facit</strong></span> <span class='ocrx_word' id='word_1_490' title='bbox 2045 3704 2182 3761; x_wconf 87' lang='lat' dir='ltr'><strong>elec-</strong></span> 
     </span>
    </p>
   </div>
   <div class='ocr_carea' id='block_1_69' title="bbox 599 3791 2179 3866">
    <p class='ocr_par' dir='ltr' id='par_1_69' title="bbox 599 3791 2179 3866">
     <span class='ocr_line' id='line_1_69' title="bbox 599 3791 2179 3866; baseline 0.003 -20"><span class='ocrx_word' id='word_1_491' title='bbox 599 3805 882 3863; x_wconf 85' lang='lat' dir='ltr'><strong>mosynam</strong></span> <span class='ocrx_word' id='word_1_492' title='bbox 933 3791 1226 3848; x_wconf 82' lang='lat' dir='ltr'><strong>mortiﬁcat</strong></span> <span class='ocrx_word' id='word_1_493' title='bbox 1270 3807 1414 3858; x_wconf 90' lang='lat' dir='ltr'><strong>eam,</strong></span> <span class='ocrx_word' id='word_1_494' title='bbox 1455 3799 1512 3848; x_wconf 89' lang='lat' dir='ltr'><strong>et</strong></span> <span class='ocrx_word' id='word_1_495' title='bbox 1548 3791 1724 3848; x_wconf 90' lang='lat' dir='ltr'><strong>aufert</strong></span> <span class='ocrx_word' id='word_1_496' title='bbox 1758 3793 1808 3850; x_wconf 89' lang='lat' dir='ltr'><strong>ei</strong></span> <span class='ocrx_word' id='word_1_497' title='bbox 1853 3795 2179 3866; x_wconf 88' lang='lat' dir='ltr'><strong>potentiam;</strong></span> 
     </span>
    </p>
   </div>
   <div class='ocr_carea' id='block_1_70' title="bbox 577 3882 2181 3956">
    <p class='ocr_par' dir='ltr' id='par_1_70' title="bbox 577 3882 2181 3956">
     <span class='ocr_line' id='line_1_70' title="bbox 577 3882 2181 3956; baseline 0.002 -18"><span class='ocrx_word' id='word_1_498' title='bbox 577 3891 659 3939; x_wconf 82' lang='lat' dir='ltr'><strong>.et</strong></span> <span class='ocrx_word' id='word_1_499' title='bbox 691 3883 786 3956; x_wconf 82' lang='lat' dir='ltr'><strong>qui</strong></span> <span class='ocrx_word' id='word_1_500' title='bbox 821 3883 1099 3940; x_wconf 86' lang='lat' dir='ltr'><strong>abstinent</strong></span> <span class='ocrx_word' id='word_1_501' title='bbox 1129 3899 1163 3940; x_wconf 90' lang='lat' dir='ltr'><strong>a</strong></span> <span class='ocrx_word' id='word_1_502' title='bbox 1201 3884 1369 3951; x_wconf 91' lang='lat' dir='ltr'><strong>cibis,</strong></span> <span class='ocrx_word' id='word_1_503' title='bbox 1403 3882 1665 3942; x_wconf 90' lang='lat' dir='ltr'><strong>fratribus</strong></span> <span class='ocrx_word' id='word_1_504' title='bbox 1700 3900 1830 3943; x_wconf 90' lang='lat' dir='ltr'><strong>vero</strong></span> <span class='ocrx_word' id='word_1_505' title='bbox 1868 3887 2181 3956; x_wconf 90' lang='lat' dir='ltr'><strong>detrahunt,</strong></span> 
     </span>
    </p>
   </div>
   <div class='ocr_carea' id='block_1_71' title="bbox 577 3973 1420 4050">
    <p class='ocr_par' dir='ltr' id='par_1_71' title="bbox 577 3973 1420 4050">
     <span class='ocr_line' id='line_1_71' title="bbox 577 3973 1420 4050; baseline 0.007 -26"><span class='ocrx_word' id='word_1_506' title='bbox 577 3973 932 4030; x_wconf 71' lang='lat' dir='ltr'><strong>\mostilicant</strong></span> <span class='ocrx_word' id='word_1_507' title='bbox 967 3974 1372 4031; x_wconf 79' lang='lat' dir='ltr'><strong>abstinentiam.</strong></span> <span class='ocrx_word' id='word_1_508' title='bbox 1390 4033 1420 4050; x_wconf 37' lang='lat'><strong><em>1</em></strong></span> 
     </span>
    </p>
   </div>
   <div class='ocr_carea' id='block_1_72' title="bbox 1195 4131 1583 4190">
    <p class='ocr_par' dir='ltr' id='par_1_72' title="bbox 1195 4131 1583 4190">
     <span class='ocr_line' id='line_1_72' title="bbox 1195 4131 1583 4190; baseline 0 -3"><span class='ocrx_word' id='word_1_509' title='bbox 1195 4131 1420 4188; x_wconf 83' lang='lat' dir='ltr'><strong>CAPUT</strong></span> <span class='ocrx_word' id='word_1_510' title='bbox 1473 4131 1583 4190; x_wconf 77' lang='lat' dir='ltr'><strong>XII.</strong></span> 
     </span>
    </p>
   </div>
   <div class='ocr_carea' id='block_1_73' title="bbox 669 4263 2179 4343">
    <p class='ocr_par' dir='ltr' id='par_1_73' title="bbox 669 4263 2179 4343">
     <span class='ocr_line' id='line_1_73' title="bbox 669 4263 2179 4343; baseline 0.004 -23"><span class='ocrx_word' id='word_1_511' title='bbox 669 4263 835 4324; x_wconf 74' lang='lat' dir='ltr'><strong>‘Vsns.</strong></span> <span class='ocrx_word' id='word_1_512' title='bbox 859 4267 914 4324; x_wconf 76' lang='lat'><strong>2.</strong></span> <span class='ocrx_word' id='word_1_513' title='bbox 928 4299 1002 4310; x_wconf 92' lang='grc'><strong>--</strong></span> <span class='ocrx_word' id='word_1_514' title='bbox 1023 4269 1217 4326; x_wconf 80' lang='lat' dir='ltr'><strong>Mulier</strong></span> <span class='ocrx_word' id='word_1_515' title='bbox 1235 4271 1282 4324; x_wconf 90' lang='lat' dir='ltr'><strong>si</strong></span> <span class='ocrx_word' id='word_1_516' title='bbox 1305 4280 1542 4342; x_wconf 86' lang='lat' dir='ltr'><strong>suscepto</strong></span> <span class='ocrx_word' id='word_1_517' title='bbox 1562 4270 1776 4326; x_wconf 83' lang='lat' dir='ltr'><strong>semine.</strong></span> <span class='ocrx_word' id='word_1_518' title='bbox 1798 4268 1970 4343; x_wconf 84' lang='lat' dir='ltr'><strong>(Ism.,</strong></span> <span class='ocrx_word' id='word_1_519' title='bbox 1991 4280 2179 4343; x_wconf 69' lang='lat' dir='ltr'><strong>quiest.</strong></span> 
     </span>
    </p>
   </div>
   <div class='ocr_carea' id='block_1_74' title="bbox 587 4355 2178 4435">
    <p class='ocr_par' dir='ltr' id='par_1_74' title="bbox 587 4355 2178 4435">
     <span class='ocr_line' id='line_1_74' title="bbox 587 4355 2178 4435; baseline 0.004 -25"><span class='ocrx_word' id='word_1_520' title='bbox 587 4357 653 4411; x_wconf 82' lang='lat' dir='ltr'><strong>.in</strong></span> <span class='ocrx_word' id='word_1_521' title='bbox 673 4355 862 4425; x_wconf 78' lang='lat' dir='ltr'><strong>Leuit.,</strong></span> <span class='ocrx_word' id='word_1_522' title='bbox 888 4367 1022 4416; x_wconf 90' lang='lat' dir='ltr'><strong>tom.</strong></span> <span class='ocrx_word' id='word_1_523' title='bbox 1045 4359 1136 4435; x_wconf 82' lang='lat' dir='ltr'><strong>V.)</strong></span> <span class='ocrx_word' id='word_1_524' title='bbox 1167 4361 1482 4434; x_wconf 89' lang='lat' dir='ltr'><strong>Septimana</strong></span> <span class='ocrx_word' id='word_1_525' title='bbox 1515 4372 1601 4418; x_wconf 87' lang='lat' dir='ltr'><strong>est</strong></span> <span class='ocrx_word' id='word_1_526' title='bbox 1631 4375 1869 4434; x_wconf 65' lang='lat' dir='ltr'><strong>praesens</strong></span> <span class='ocrx_word' id='word_1_527' title='bbox 1889 4362 2022 4429; x_wconf 89' lang='lat' dir='ltr'><strong>vita,</strong></span> <span class='ocrx_word' id='word_1_528' title='bbox 2047 4370 2178 4431; x_wconf 91' lang='lat' dir='ltr'><strong>etc.,</strong></span> 
     </span>
    </p>
   </div>
   <div class='ocr_carea' id='block_1_75' title="bbox 593 4451 1647 4526">
    <p class='ocr_par' dir='ltr' id='par_1_75' title="bbox 593 4451 1647 4526">
     <span class='ocr_line' id='line_1_75' title="bbox 593 4451 1647 4526; baseline 0.008 -25"><span class='ocrx_word' id='word_1_529' title='bbox 593 4465 763 4519; x_wconf 77' lang='lat' dir='ltr'><strong>usque</strong></span> <span class='ocrx_word' id='word_1_530' title='bbox 787 4451 856 4505; x_wconf 86' lang='lat' dir='ltr'><strong>ad</strong></span> <span class='ocrx_word' id='word_1_531' title='bbox 885 4467 985 4508; x_wconf 91' lang='lat' dir='ltr'><strong>nec</strong></span> <span class='ocrx_word' id='word_1_532' title='bbox 1019 4453 1073 4508; x_wconf 91' lang='lat' dir='ltr'><strong>in</strong></span> <span class='ocrx_word' id='word_1_533' title='bbox 1104 4452 1288 4511; x_wconf 90' lang='lat' dir='ltr'><strong>futuro</strong></span> <span class='ocrx_word' id='word_1_534' title='bbox 1310 4453 1647 4526; x_wconf 84' lang='lat' dir='ltr'><strong>purgabitur.</strong></span> 
     </span>
    </p>
   </div>
   <div class='ocr_carea' id='block_1_76' title="bbox 671 4536 2178 4618">
    <p class='ocr_par' dir='ltr' id='par_1_76' title="bbox 671 4536 2178 4618">
     <span class='ocr_line' id='line_1_76' title="bbox 671 4536 2178 4618; baseline 0.008 -28"><span class='ocrx_word' id='word_1_535' title='bbox 671 4536 956 4596; x_wconf 83' lang='lat' dir='ltr'><strong>Immunda</strong></span> <span class='ocrx_word' id='word_1_536' title='bbox 983 4543 1104 4597; x_wconf 88' lang='lat' dir='ltr'><strong>erit.</strong></span> <span class='ocrx_word' id='word_1_537' title='bbox 1135 4543 1345 4618; x_wconf 65' lang='lat' dir='ltr'><strong>(151cm)</strong></span> <span class='ocrx_word' id='word_1_538' title='bbox 1375 4543 1510 4612; x_wconf 86' lang='lat' dir='ltr'><strong>Quia</strong></span> <span class='ocrx_word' id='word_1_539' title='bbox 1540 4545 1747 4602; x_wconf 87' lang='lat' dir='ltr'><strong>scilicet</strong></span> <span class='ocrx_word' id='word_1_540' title='bbox 1776 4554 1924 4602; x_wconf 86' lang='lat' dir='ltr'><strong>sator</strong></span> <span class='ocrx_word' id='word_1_541' title='bbox 1944 4547 2178 4602; x_wconf 83' lang='lat' dir='ltr'><strong>immun-</strong></span> 
     </span>
    </p>
   </div>
   <div class='ocr_carea' id='block_1_77' title="bbox 599 4626 2178 4708">
    <p class='ocr_par' dir='ltr' id='par_1_77' title="bbox 599 4626 2178 4708">
     <span class='ocr_line' id='line_1_77' title="bbox 599 4626 2178 4708; baseline 0.007 -26"><span class='ocrx_word' id='word_1_542' title='bbox 599 4626 722 4692; x_wconf 85' lang='lat' dir='ltr'><strong>dus,</strong></span> <span class='ocrx_word' id='word_1_543' title='bbox 748 4635 808 4682; x_wconf 92' lang='lat' dir='ltr'><strong>ut</strong></span> <span class='ocrx_word' id='word_1_544' title='bbox 831 4628 1005 4686; x_wconf 71' lang='lat' dir='ltr'><strong>haeres</strong></span> <span class='ocrx_word' id='word_1_545' title='bbox 1023 4631 1173 4699; x_wconf 76' lang='lat' dir='ltr'><strong>Adae,</strong></span> <span class='ocrx_word' id='word_1_546' title='bbox 1191 4634 1282 4704; x_wconf 92' lang='lat' dir='ltr'><strong>qui</strong></span> <span class='ocrx_word' id='word_1_547' title='bbox 1308 4649 1405 4705; x_wconf 89' lang='lat' dir='ltr'><strong>per</strong></span> <span class='ocrx_word' id='word_1_548' title='bbox 1425 4635 1911 4708; x_wconf 84' lang='lat' dir='ltr'><strong>transgressionem</strong></span> <span class='ocrx_word' id='word_1_549' title='bbox 1940 4637 2178 4692; x_wconf 86' lang='lat' dir='ltr'><strong>immun-</strong></span> 
     </span>
    </p>
   </div>
   <div class='ocr_carea' id='block_1_78' title="bbox 599 4717 2178 4800">
    <p class='ocr_par' dir='ltr' id='par_1_78' title="bbox 599 4717 2178 4800">
     <span class='ocr_line' id='line_1_78' title="bbox 599 4717 2178 4800; baseline 0.009 -28"><span class='ocrx_word' id='word_1_550' title='bbox 599 4717 722 4784; x_wconf 85' lang='lat' dir='ltr'><strong>dus,</strong></span> <span class='ocrx_word' id='word_1_551' title='bbox 753 4727 810 4775; x_wconf 89' lang='lat' dir='ltr'><strong>et</strong></span> <span class='ocrx_word' id='word_1_552' title='bbox 850 4720 924 4777; x_wconf 82' lang='lat' dir='ltr'><strong>ita</strong></span> <span class='ocrx_word' id='word_1_553' title='bbox 963 4724 1119 4781; x_wconf 79' lang='lat' dir='ltr'><strong>uxori</strong></span> <span class='ocrx_word' id='word_1_554' title='bbox 1157 4726 1369 4783; x_wconf 90' lang='lat' dir='ltr'><strong>mistus.</strong></span> <span class='ocrx_word' id='word_1_555' title='bbox 1413 4726 1709 4800; x_wconf 88' lang='lat' dir='ltr'><strong>Postquam</strong></span> <span class='ocrx_word' id='word_1_556' title='bbox 1743 4729 1889 4786; x_wconf 90' lang='lat' dir='ltr'><strong>enim</strong></span> <span class='ocrx_word' id='word_1_557' title='bbox 1933 4730 2068 4786; x_wconf 79' lang='lat' dir='ltr'><strong>exiit</strong></span> <span class='ocrx_word' id='word_1_558' title='bbox 2109 4729 2178 4786; x_wconf 90' lang='lat' dir='ltr'><strong>de</strong></span> 
     </span>
    </p>
   </div>
   <div class='ocr_carea' id='block_1_79' title="bbox 597 4809 2178 4892">
    <p class='ocr_par' dir='ltr' id='par_1_79' title="bbox 597 4809 2178 4892">
     <span class='ocr_line' id='line_1_79' title="bbox 597 4809 2178 4892; baseline 0.009 -30"><span class='ocrx_word' id='word_1_559' title='bbox 597 4809 852 4875; x_wconf 84' lang='lat' dir='ltr'><strong>paradiso</strong></span> <span class='ocrx_word' id='word_1_560' title='bbox 885 4816 1136 4886; x_wconf 80' lang='lat' dir='ltr'><strong>cognovit</strong></span> <span class='ocrx_word' id='word_1_561' title='bbox 1169 4833 1394 4876; x_wconf 75' lang='lat' dir='ltr'><strong>uxorem</strong></span> <span class='ocrx_word' id='word_1_562' title='bbox 1431 4833 1608 4888; x_wconf 90' lang='lat' dir='ltr'><strong>suam,</strong></span> <span class='ocrx_word' id='word_1_563' title='bbox 1637 4827 1695 4875; x_wconf 86' lang='lat' dir='ltr'><strong>et</strong></span> <span class='ocrx_word' id='word_1_564' title='bbox 1740 4820 1815 4876; x_wconf 89' lang='lat' dir='ltr'><strong>ita</strong></span> <span class='ocrx_word' id='word_1_565' title='bbox 1849 4829 2178 4892; x_wconf 86' lang='lat' dir='ltr'><strong>propagatur</strong></span> 
     </span>
    </p>
   </div>
   <div class='ocr_carea' id='block_1_80' title="bbox 600 4895 1110 4975">
    <p class='ocr_par' dir='ltr' id='par_1_80' title="bbox 600 4895 1110 4975">
     <span class='ocr_line' id='line_1_80' title="bbox 600 4895 1110 4975; baseline 0.022 -24"><span class='ocrx_word' id='word_1_566' title='bbox 600 4895 896 4958; x_wconf 84' lang='lat' dir='ltr'><strong>humanum</strong></span> <span class='ocrx_word' id='word_1_567' title='bbox 921 4919 1110 4975; x_wconf 89' lang='lat' dir='ltr'><strong>genus.</strong></span> 
     </span>
    </p>
   </div>
   <div class='ocr_carea' id='block_1_81' title="bbox 673 4987 2179 5075">
    <p class='ocr_par' dir='ltr' id='par_1_81' title="bbox 673 4987 2179 5075">
     <span class='ocr_line' id='line_1_81' title="bbox 673 4987 2179 5075; baseline 0.01 -31"><span class='ocrx_word' id='word_1_568' title='bbox 673 4987 880 5061; x_wconf 84' lang='lat' dir='ltr'><strong>Septem</strong></span> <span class='ocrx_word' id='word_1_569' title='bbox 919 4996 1119 5052; x_wconf 84' lang='lat' dir='ltr'><strong>diebus.</strong></span> <span class='ocrx_word' id='word_1_570' title='bbox 1165 4999 1290 5073; x_wconf 86' lang='lat' dir='ltr'><strong>(In.)</strong></span> <span class='ocrx_word' id='word_1_571' title='bbox 1331 5000 1465 5068; x_wconf 85' lang='lat' dir='ltr'><strong>Quia</strong></span> <span class='ocrx_word' id='word_1_572' title='bbox 1491 5003 1686 5069; x_wconf 80' lang='lat' dir='ltr'><strong>Adam,</strong></span> <span class='ocrx_word' id='word_1_573' title='bbox 1719 5011 1854 5070; x_wconf 89' lang='lat' dir='ltr'><strong>etc.,</strong></span> <span class='ocrx_word' id='word_1_574' title='bbox 1915 5021 2076 5075; x_wconf 84' lang='lat' dir='ltr'><strong>usque</strong></span> <span class='ocrx_word' id='word_1_575' title='bbox 2109 5005 2179 5059; x_wconf 81' lang='lat' dir='ltr'><strong>ad</strong></span> 
     </span>
    </p>
   </div>
   <div class='ocr_carea' id='block_1_82' title="bbox 602 5080 2178 5223">
    <p class='ocr_par' dir='ltr' id='par_1_82' title="bbox 602 5080 2178 5223">
     <span class='ocr_line' id='line_1_82' title="bbox 602 5080 2178 5223; baseline 0.01 -86"><span class='ocrx_word' id='word_1_576' title='bbox 602 5080 816 5223; x_wconf 51' lang='lat' dir='ltr'><strong>rapido</strong></span> <span class='ocrx_word' id='word_1_577' title='bbox 832 5083 1001 5141; x_wconf 83' lang='lat' dir='ltr'><strong>Adam</strong></span> <span class='ocrx_word' id='word_1_578' title='bbox 1026 5099 1306 5158; x_wconf 88' lang='lat' dir='ltr'><strong>separatus</strong></span> <span class='ocrx_word' id='word_1_579' title='bbox 1331 5107 1361 5146; x_wconf 90' lang='lat' dir='ltr'><strong>a</strong></span> <span class='ocrx_word' id='word_1_580' title='bbox 1385 5094 1636 5162; x_wconf 89' lang='lat' dir='ltr'><strong>paradiso</strong></span> <span class='ocrx_word' id='word_1_581' title='bbox 1661 5093 1713 5148; x_wconf 95' lang='lat' dir='ltr'><strong>in</strong></span> <span class='ocrx_word' id='word_1_582' title='bbox 1738 5093 1881 5151; x_wconf 88' lang='lat' dir='ltr'><strong>hanc</strong></span> <span class='ocrx_word' id='word_1_583' title='bbox 1903 5096 2178 5153; x_wconf 79' lang='lat' dir='ltr'><strong>miseriam</strong></span> 
     </span>
     <span class='ocr_line' id='line_1_83' title="bbox 639 5180 820 5223; baseline 0.006 -1"><span class='ocrx_word' id='word_1_584' title='bbox 639 5181 718 5223; x_wconf 74' lang='lat' dir='ltr'><strong>ecl</strong></span> <span class='ocrx_word' id='word_1_585' title='bbox 759 5180 820 5223; x_wconf 87' lang='grc' dir='ltr'>ιι.</span> 
     </span>
    </p>
   </div>
   <div class='ocr_carea' id='block_1_83' title="bbox 639 5170 820 5227">
    <p class='ocr_par' dir='ltr' id='par_1_83' title="bbox 639 5170 820 5227">
     <span class='ocr_line' id='line_1_84' title="bbox 639 5170 820 5227; baseline 0.033 -5"><span class='ocrx_word' id='word_1_586' title='bbox 639 5170 820 5227; x_wconf 85' lang='lat' dir='ltr'><strong>ccidit.</strong></span> 
     </span>
    </p>
   </div>
   <div class='ocr_carea' id='block_1_84' title="bbox 675 5258 2177 5347">
    <p class='ocr_par' dir='ltr' id='par_1_84' title="bbox 675 5258 2177 5347">
     <span class='ocr_line' id='line_1_85' title="bbox 675 5258 2177 5347; baseline 0.012 -33"><span class='ocrx_word' id='word_1_587' title='bbox 675 5258 772 5316; x_wconf 84' lang='lat' dir='ltr'><strong>Die</strong></span> <span class='ocrx_word' id='word_1_588' title='bbox 796 5273 993 5333; x_wconf 83' lang='lat' dir='ltr'><strong>octauo,</strong></span> <span class='ocrx_word' id='word_1_589' title='bbox 1021 5277 1127 5324; x_wconf 90' lang='lat' dir='ltr'><strong>etc.</strong></span> <span class='ocrx_word' id='word_1_590' title='bbox 1164 5269 1289 5342; x_wconf 78' lang='grc' dir='ltr'><strong>(1ο.)</strong></span> <span class='ocrx_word' id='word_1_591' title='bbox 1317 5269 1442 5327; x_wconf 91' lang='lat' dir='ltr'><strong>Dies</strong></span> <span class='ocrx_word' id='word_1_592' title='bbox 1475 5280 1719 5340; x_wconf 84' lang='lat' dir='ltr'><strong>octavus,</strong></span> <span class='ocrx_word' id='word_1_593' title='bbox 1747 5282 1878 5341; x_wconf 87' lang='lat' dir='ltr'><strong>etc.,</strong></span> <span class='ocrx_word' id='word_1_594' title='bbox 1906 5292 2072 5347; x_wconf 88' lang='lat' dir='ltr'><strong>usque</strong></span> <span class='ocrx_word' id='word_1_595' title='bbox 2107 5278 2177 5332; x_wconf 85' lang='lat' dir='ltr'><strong>ad</strong></span> 
     </span>
    </p>
   </div>
   <div class='ocr_carea' id='block_1_85' title="bbox 603 5349 2176 5438">
    <p class='ocr_par' dir='ltr' id='par_1_85' title="bbox 603 5349 2176 5438">
     <span class='ocr_line' id='line_1_86' title="bbox 603 5349 2176 5438; baseline 0.011 -33"><span class='ocrx_word' id='word_1_596' title='bbox 603 5349 969 5414; x_wconf 88' lang='lat' dir='ltr'><strong>lnobedieutia</strong></span> <span class='ocrx_word' id='word_1_597' title='bbox 1007 5370 1187 5418; x_wconf 89' lang='lat' dir='ltr'><strong>autem</strong></span> <span class='ocrx_word' id='word_1_598' title='bbox 1233 5363 1625 5420; x_wconf 89' lang='lat' dir='ltr'><strong>immunditiam</strong></span> <span class='ocrx_word' id='word_1_599' title='bbox 1666 5365 1822 5422; x_wconf 90' lang='lat' dir='ltr'><strong>nobis</strong></span> <span class='ocrx_word' id='word_1_600' title='bbox 1856 5367 2176 5438; x_wconf 87' lang='lat' dir='ltr'><strong>sordemque</strong></span> 
     </span>
    </p>
   </div>
   <div class='ocr_carea' id='block_1_86' title="bbox 604 5447 892 5503">
    <p class='ocr_par' dir='ltr' id='par_1_86' title="bbox 604 5447 892 5503">
     <span class='ocr_line' id='line_1_87' title="bbox 604 5447 892 5503; baseline 0.024 -7"><span class='ocrx_word' id='word_1_601' title='bbox 604 5447 892 5503; x_wconf 73' lang='lat' dir='ltr'><strong>contraxit.</strong></span> 
     </span>
    </p>
   </div>
   <div class='ocr_carea' id='block_1_87' title="bbox 674 5529 2168 5619">
    <p class='ocr_par' dir='ltr' id='par_1_87' title="bbox 674 5529 2168 5619">
     <span class='ocr_line' id='line_1_88' title="bbox 674 5529 2168 5619; baseline 0.012 -32"><span class='ocrx_word' id='word_1_602' title='bbox 674 5533 837 5590; x_wconf 79' lang='lat' dir='ltr'><strong>Vens.</strong></span> <span class='ocrx_word' id='word_1_603' title='bbox 867 5536 1014 5591; x_wconf 78' lang='grc'><strong>4.-</strong></span> <span class='ocrx_word' id='word_1_604' title='bbox 1055 5540 1291 5613; x_wconf 88' lang='lat' dir='ltr'><strong>Triginta</strong></span> <span class='ocrx_word' id='word_1_605' title='bbox 1339 5547 1504 5602; x_wconf 89' lang='lat' dir='ltr'><strong>tribus</strong></span> <span class='ocrx_word' id='word_1_606' title='bbox 1544 5529 1746 5613; x_wconf 78' lang='lat' dir='ltr'><strong>diebus,</strong></span> <span class='ocrx_word' id='word_1_607' title='bbox 1776 5556 1882 5604; x_wconf 91' lang='lat' dir='ltr'><strong>etc.</strong></span> <span class='ocrx_word' id='word_1_608' title='bbox 1914 5548 2036 5619; x_wconf 84' lang='lat' dir='ltr'><strong>(Iu.)</strong></span> <span class='ocrx_word' id='word_1_609' title='bbox 2094 5564 2168 5605; x_wconf 83' lang='lat' dir='ltr'><strong>.-e-</strong></span> 
     </span>
    </p>
   </div>
   <div class='ocr_carea' id='block_1_88' title="bbox 604 5627 2173 5720">
    <p class='ocr_par' dir='ltr' id='par_1_88' title="bbox 604 5627 2173 5720">
     <span class='ocr_line' id='line_1_89' title="bbox 604 5627 2173 5720; baseline 0.011 -44"><span class='ocrx_word' id='word_1_610' title='bbox 604 5630 751 5720; x_wconf 79' lang='lat' dir='ltr'><strong>ptem</strong></span> <span class='ocrx_word' id='word_1_611' title='bbox 781 5627 1000 5696; x_wconf 88' lang='lat' dir='ltr'><strong>additis,</strong></span> <span class='ocrx_word' id='word_1_612' title='bbox 1030 5639 1160 5698; x_wconf 88' lang='lat' dir='ltr'><strong>etc.,</strong></span> <span class='ocrx_word' id='word_1_613' title='bbox 1198 5650 1358 5706; x_wconf 78' lang='lat' dir='ltr'><strong>usque</strong></span> <span class='ocrx_word' id='word_1_614' title='bbox 1386 5637 1467 5720; x_wconf 52' lang='lat' dir='ltr'><strong>ad.</strong></span> <span class='ocrx_word' id='word_1_615' title='bbox 1503 5638 1764 5694; x_wconf 92' lang='lat' dir='ltr'><strong>incertum</strong></span> <span class='ocrx_word' id='word_1_616' title='bbox 1799 5646 1880 5700; x_wconf 84' lang='lat' dir='ltr'><strong>est</strong></span> <span class='ocrx_word' id='word_1_617' title='bbox 1922 5640 2065 5694; x_wconf 90' lang='lat' dir='ltr'><strong>enim</strong></span> <span class='ocrx_word' id='word_1_618' title='bbox 2104 5654 2173 5694; x_wconf 89' lang='lat' dir='ltr'><strong>an</strong></span> 
     </span>
    </p>
   </div>
   <div class='ocr_carea' id='block_1_89' title="bbox 604 5712 1459 5798">
    <p class='ocr_par' dir='ltr' id='par_1_89' title="bbox 604 5712 1459 5798">
     <span class='ocr_line' id='line_1_90' title="bbox 604 5712 1459 5798; baseline 0.019 -32"><span class='ocrx_word' id='word_1_619' title='bbox 604 5712 883 5798; x_wconf 68' lang='lat' dir='ltr'><strong>feminam,</strong></span> <span class='ocrx_word' id='word_1_620' title='bbox 907 5734 972 5773; x_wconf 87' lang='lat' dir='ltr'><strong>an</strong></span> <span class='ocrx_word' id='word_1_621' title='bbox 999 5736 1200 5778; x_wconf 89' lang='lat' dir='ltr'><strong>marem</strong></span> <span class='ocrx_word' id='word_1_622' title='bbox 1230 5712 1459 5794; x_wconf 59' lang='lat' dir='ltr'><strong>parianti</strong></span> 
     </span>
    </p>
   </div>
   <div class='ocr_carea' id='block_1_90' title="bbox 2357 3258 3772 3333">
    <p class='ocr_par' dir='ltr' id='par_1_90' title="bbox 2357 3258 3772 3333">
     <span class='ocr_line' id='line_1_91' title="bbox 2357 3258 3772 3333; baseline -0.005 -19"><span class='ocrx_word' id='word_1_623' title='bbox 2357 3259 2544 3328; x_wconf 78' lang='grc' dir='ltr'><strong>(Βεωι,</strong></span> <span class='ocrx_word' id='word_1_624' title='bbox 2573 3260 2629 3314; x_wconf 82' lang='lat' dir='ltr'><strong>in</strong></span> <span class='ocrx_word' id='word_1_625' title='bbox 2650 3258 2796 3328; x_wconf 63' lang='lat' dir='ltr'><strong>Lam,</strong></span> <span class='ocrx_word' id='word_1_626' title='bbox 2825 3267 2958 3316; x_wconf 91' lang='lat' dir='ltr'><strong>tom.</strong></span> <span class='ocrx_word' id='word_1_627' title='bbox 2997 3260 3085 3333; x_wconf 91' lang='lat' dir='ltr'><strong>II.)</strong></span> <span class='ocrx_word' id='word_1_628' title='bbox 3129 3262 3392 3318; x_wconf 90' lang='lat' dir='ltr'><strong>Dominus</strong></span> <span class='ocrx_word' id='word_1_629' title='bbox 3424 3264 3589 3314; x_wconf 84' lang='lat' dir='ltr'><strong>uoster</strong></span> <span class='ocrx_word' id='word_1_630' title='bbox 3609 3267 3691 3308; x_wconf 84' lang='lat' dir='ltr'><strong>non</strong></span> <span class='ocrx_word' id='word_1_631' title='bbox 3712 3259 3772 3302; x_wconf 76' lang='lat'><strong>50-</strong></span> 
     </span>
    </p>
   </div>
   <div class='ocr_carea' id='block_1_91' title="bbox 2283 3344 3772 3425">
    <p class='ocr_par' dir='ltr' id='par_1_91' title="bbox 2283 3344 3772 3425">
     <span class='ocr_line' id='line_1_92' title="bbox 2283 3344 3772 3425; baseline -0.007 -20"><span class='ocrx_word' id='word_1_632' title='bbox 2283 3349 2393 3406; x_wconf 94' lang='lat' dir='ltr'><strong>lum</strong></span> <span class='ocrx_word' id='word_1_633' title='bbox 2421 3352 2605 3418; x_wconf 89' lang='lat' dir='ltr'><strong>homo,</strong></span> <span class='ocrx_word' id='word_1_634' title='bbox 2631 3358 2764 3420; x_wconf 88' lang='lat' dir='ltr'><strong>etc.,</strong></span> <span class='ocrx_word' id='word_1_635' title='bbox 2793 3369 2959 3424; x_wconf 73' lang='lat' dir='ltr'><strong>usque</strong></span> <span class='ocrx_word' id='word_1_636' title='bbox 2981 3354 3052 3408; x_wconf 87' lang='lat' dir='ltr'><strong>ad</strong></span> <span class='ocrx_word' id='word_1_637' title='bbox 3073 3362 3127 3410; x_wconf 93' lang='lat' dir='ltr'><strong>et</strong></span> <span class='ocrx_word' id='word_1_638' title='bbox 3141 3365 3265 3425; x_wconf 88' lang='lat' dir='ltr'><strong>post</strong></span> <span class='ocrx_word' id='word_1_639' title='bbox 3289 3355 3342 3410; x_wconf 86' lang='lat' dir='ltr'><strong>in</strong></span> <span class='ocrx_word' id='word_1_640' title='bbox 3363 3344 3772 3409; x_wconf 74' lang='lat' dir='ltr'><strong>ctelestemlerusa-</strong></span> 
     </span>
    </p>
   </div>
   <div class='ocr_carea' id='block_1_92' title="bbox 2282 3433 3873 3518">
    <p class='ocr_par' dir='ltr' id='par_1_92' title="bbox 2282 3433 3873 3518">
     <span class='ocr_line' id='line_1_93' title="bbox 2282 3433 3873 3518; baseline -0.005 -19"><span class='ocrx_word' id='word_1_641' title='bbox 2282 3443 2387 3500; x_wconf 89' lang='lat' dir='ltr'><strong>lem</strong></span> <span class='ocrx_word' id='word_1_642' title='bbox 2421 3444 2686 3501; x_wconf 90' lang='lat' dir='ltr'><strong>bonorum</strong></span> <span class='ocrx_word' id='word_1_643' title='bbox 2717 3459 2944 3518; x_wconf 82' lang='lat' dir='ltr'><strong>Operum</strong></span> <span class='ocrx_word' id='word_1_644' title='bbox 2969 3445 3206 3504; x_wconf 77' lang='lat' dir='ltr'><strong>victimis</strong></span> <span class='ocrx_word' id='word_1_645' title='bbox 3235 3446 3460 3504; x_wconf 87' lang='lat' dir='ltr'><strong>Domino</strong></span> <span class='ocrx_word' id='word_1_646' title='bbox 3480 3433 3771 3499; x_wconf 67' lang='lat' dir='ltr'><strong>commendat!</strong></span> <span class='ocrx_word' id='word_1_647' title='bbox 3871 3481 3873 3484; x_wconf 96' lang='lat'><strong>.</strong></span> 
     </span>
    </p>
   </div>
   <div class='ocr_carea' id='block_1_93' title="bbox 2279 3533 2577 3606">
    <p class='ocr_par' dir='ltr' id='par_1_93' title="bbox 2279 3533 2577 3606">
     <span class='ocr_line' id='line_1_94' title="bbox 2279 3533 2577 3606; baseline 0 -18"><span class='ocrx_word' id='word_1_648' title='bbox 2279 3533 2577 3606; x_wconf 88' lang='lat' dir='ltr'><strong>perveniet.</strong></span> 
     </span>
    </p>
   </div>
   <div class='ocr_carea' id='block_1_94' title="bbox 2351 3608 3771 3698">
    <p class='ocr_par' dir='ltr' id='par_1_94' title="bbox 2351 3608 3771 3698">
     <span class='ocr_line' id='line_1_95' title="bbox 2351 3608 3771 3698; baseline 0.006 -20"><span class='ocrx_word' id='word_1_649' title='bbox 2351 3623 2516 3681; x_wconf 74' lang='lat' dir='ltr'><strong>Vsus.</strong></span> <span class='ocrx_word' id='word_1_650' title='bbox 2567 3623 2622 3682; x_wconf 88' lang='lat'><strong>7.</strong></span> <span class='ocrx_word' id='word_1_651' title='bbox 2664 3655 2735 3667; x_wconf 96' lang='lat'><strong><em>—</em></strong></span> <span class='ocrx_word' id='word_1_652' title='bbox 2777 3624 2823 3679; x_wconf 80' lang='grc' dir='ltr'><em>Α</em></span> <span class='ocrx_word' id='word_1_653' title='bbox 2850 3627 3133 3698; x_wconf 70' lang='lat' dir='ltr'><strong>proﬂuvio,</strong></span> <span class='ocrx_word' id='word_1_654' title='bbox 3175 3637 3288 3686; x_wconf 87' lang='lat' dir='ltr'><strong>etc.</strong></span> <span class='ocrx_word' id='word_1_655' title='bbox 3339 3625 3596 3696; x_wconf 79' lang='lat' dir='ltr'><strong>Tanquam</strong></span> <span class='ocrx_word' id='word_1_656' title='bbox 3635 3608 3771 3698; x_wconf 55' lang='grc' dir='ltr'><strong>³⁵1θῆ</strong></span> 
     </span>
    </p>
   </div>
   <div class='ocr_carea' id='block_1_95' title="bbox 2282 3695 3770 3790">
    <p class='ocr_par' dir='ltr' id='par_1_95' title="bbox 2282 3695 3770 3790">
     <span class='ocr_line' id='line_1_96' title="bbox 2282 3695 3770 3790; baseline -0.013 -18"><span class='ocrx_word' id='word_1_657' title='bbox 2282 3724 2514 3786; x_wconf 64' lang='lat' dir='ltr'><strong>quaerat,</strong></span> <span class='ocrx_word' id='word_1_658' title='bbox 2552 3716 2694 3772; x_wconf 90' lang='lat' dir='ltr'><strong>unde</strong></span> <span class='ocrx_word' id='word_1_659' title='bbox 2724 3695 3072 3774; x_wconf 80' lang='lat' dir='ltr'><strong>mandabitur</strong></span> <span class='ocrx_word' id='word_1_660' title='bbox 3113 3733 3235 3789; x_wconf 76' lang='lat' dir='ltr'><strong>quae</strong></span> <span class='ocrx_word' id='word_1_661' title='bbox 3283 3695 3508 3790; x_wconf 86' lang='lat' dir='ltr'><strong>legitime</strong></span> <span class='ocrx_word' id='word_1_662' title='bbox 3529 3695 3770 3783; x_wconf 77' lang='lat' dir='ltr'><strong>generavit?</strong></span> 
     </span>
    </p>
   </div>
   <div class='ocr_carea' id='block_1_96' title="bbox 2281 3791 3769 3879">
    <p class='ocr_par' dir='ltr' id='par_1_96' title="bbox 2281 3791 3769 3879">
     <span class='ocr_line' id='line_1_97' title="bbox 2281 3791 3769 3879; baseline -0.005 -17"><span class='ocrx_word' id='word_1_663' title='bbox 2281 3807 2378 3874; x_wconf 85' lang='lat' dir='ltr'><strong>ait,</strong></span> <span class='ocrx_word' id='word_1_664' title='bbox 2414 3821 2446 3861; x_wconf 85' lang='lat' dir='ltr'><strong>a</strong></span> <span class='ocrx_word' id='word_1_665' title='bbox 2467 3809 2723 3878; x_wconf 71' lang='lat' dir='ltr'><strong>proﬂuvio</strong></span> <span class='ocrx_word' id='word_1_666' title='bbox 2753 3809 3026 3879; x_wconf 85' lang='lat' dir='ltr'><strong>sanguinis</strong></span> <span class='ocrx_word' id='word_1_667' title='bbox 3054 3809 3158 3877; x_wconf 83' lang='lat' dir='ltr'><strong>sui,</strong></span> <span class='ocrx_word' id='word_1_668' title='bbox 3211 3811 3317 3867; x_wconf 88' lang='lat' dir='ltr'><strong>hoc</strong></span> <span class='ocrx_word' id='word_1_669' title='bbox 3361 3816 3442 3864; x_wconf 83' lang='lat' dir='ltr'><strong>est</strong></span> <span class='ocrx_word' id='word_1_670' title='bbox 3469 3791 3769 3862; x_wconf 64' lang='lat' dir='ltr'><strong>inobedienlito</strong></span> 
     </span>
    </p>
   </div>
   <div class='ocr_carea' id='block_1_97' title="bbox 2281 3883 3860 3975">
    <p class='ocr_par' dir='ltr' id='par_1_97' title="bbox 2281 3883 3860 3975">
     <span class='ocr_line' id='line_1_98' title="bbox 2281 3883 3860 3975; baseline 0.006 -21"><span class='ocrx_word' id='word_1_671' title='bbox 2281 3899 2425 3956; x_wconf 88' lang='lat' dir='ltr'><strong>unde</strong></span> <span class='ocrx_word' id='word_1_672' title='bbox 2461 3901 2803 3958; x_wconf 90' lang='lat' dir='ltr'><strong>immunditia</strong></span> <span class='ocrx_word' id='word_1_673' title='bbox 2839 3909 2892 3958; x_wconf 92' lang='lat' dir='ltr'><strong>et</strong></span> <span class='ocrx_word' id='word_1_674' title='bbox 2919 3916 3082 3974; x_wconf 68' lang='lat' dir='ltr'><strong>plena</strong></span> <span class='ocrx_word' id='word_1_675' title='bbox 3115 3903 3390 3975; x_wconf 71' lang='lat' dir='ltr'><strong>profluxit,</strong></span> <span class='ocrx_word' id='word_1_676' title='bbox 3416 3915 3505 3972; x_wconf 79' lang='lat' dir='ltr'><strong>per</strong></span> <span class='ocrx_word' id='word_1_677' title='bbox 3537 3885 3769 3975; x_wconf 49' lang='grc' dir='ltr'><strong>ωθάίωίίῗ</strong></span> <span class='ocrx_word' id='word_1_678' title='bbox 3854 3883 3860 3894; x_wconf 57' lang='grc'><strong>’</strong></span> 
     </span>
    </p>
   </div>
   <div class='ocr_carea' id='block_1_98' title="bbox 2282 3973 3869 4065">
    <p class='ocr_par' dir='ltr' id='par_1_98' title="bbox 2282 3973 3869 4065">
     <span class='ocr_line' id='line_1_99' title="bbox 2282 3973 3869 4065; baseline -0.013 -19"><span class='ocrx_word' id='word_1_679' title='bbox 2282 4005 2407 4046; x_wconf 91' lang='lat' dir='ltr'><strong>nem</strong></span> <span class='ocrx_word' id='word_1_680' title='bbox 2461 3998 2518 4046; x_wconf 89' lang='lat' dir='ltr'><strong>et</strong></span> <span class='ocrx_word' id='word_1_681' title='bbox 2566 3973 3074 4063; x_wconf 83' lang='lat' dir='ltr'><strong>contemplationem</strong></span> <span class='ocrx_word' id='word_1_682' title='bbox 3115 3973 3290 4065; x_wconf 83' lang='lat' dir='ltr'><strong>legis,</strong></span> <span class='ocrx_word' id='word_1_683' title='bbox 3332 3993 3481 4062; x_wconf 72' lang='lat' dir='ltr'><strong>cuius</strong></span> <span class='ocrx_word' id='word_1_684' title='bbox 3527 3973 3769 4056; x_wconf 78' lang='lat' dir='ltr'><strong>negligentia</strong></span> <span class='ocrx_word' id='word_1_685' title='bbox 3867 4057 3869 4060; x_wconf 22' lang='grc' dir='ltr'><strong>Ι</strong></span> 
     </span>
    </p>
   </div>
   <div class='ocr_carea' id='block_1_99' title="bbox 2283 4079 3295 4139">
    <p class='ocr_par' dir='ltr' id='par_1_99' title="bbox 2283 4079 3295 4139">
     <span class='ocr_line' id='line_1_100' title="bbox 2283 4079 3295 4139; baseline 0.003 -3"><span class='ocrx_word' id='word_1_686' title='bbox 2283 4079 2593 4136; x_wconf 86' lang='lat' dir='ltr'><strong>hominibus</strong></span> <span class='ocrx_word' id='word_1_687' title='bbox 2632 4081 3029 4138; x_wconf 89' lang='lat' dir='ltr'><strong>immunditiam</strong></span> <span class='ocrx_word' id='word_1_688' title='bbox 3065 4082 3295 4139; x_wconf 80' lang='lat' dir='ltr'><strong>invexit.</strong></span> 
     </span>
    </p>
   </div>
   <div class='ocr_carea' id='block_1_100' title="bbox 2865 4217 3270 4276">
    <p class='ocr_par' dir='ltr' id='par_1_100' title="bbox 2865 4217 3270 4276">
     <span class='ocr_line' id='line_1_101' title="bbox 2865 4217 3270 4276; baseline 0.002 -1"><span class='ocrx_word' id='word_1_689' title='bbox 2865 4217 3092 4276; x_wconf 84' lang='lat' dir='ltr'><strong>CAPUT</strong></span> <span class='ocrx_word' id='word_1_690' title='bbox 3131 4217 3270 4276; x_wconf 79' lang='lat' dir='ltr'><strong>XIII.</strong></span> 
     </span>
    </p>
   </div>
   <div class='ocr_carea' id='block_1_101' title="bbox 2355 4331 3768 4437">
    <p class='ocr_par' dir='ltr' id='par_1_101' title="bbox 2355 4331 3768 4437">
     <span class='ocr_line' id='line_1_102' title="bbox 2355 4331 3768 4437; baseline 0.009 -29"><span class='ocrx_word' id='word_1_691' title='bbox 2355 4354 2518 4414; x_wconf 73' lang='lat' dir='ltr'><strong>Vsus.</strong></span> <span class='ocrx_word' id='word_1_692' title='bbox 2545 4358 2597 4413; x_wconf 84' lang='grc'><strong>1.</strong></span> <span class='ocrx_word' id='word_1_693' title='bbox 2617 4389 2688 4398; x_wconf 92' lang='grc'><strong>-</strong></span> <span class='ocrx_word' id='word_1_694' title='bbox 2711 4356 3039 4430; x_wconf 84' lang='lat' dir='ltr'><strong>Locutusque</strong></span> <span class='ocrx_word' id='word_1_695' title='bbox 3062 4368 3136 4414; x_wconf 87' lang='lat' dir='ltr'><strong>est</strong></span> <span class='ocrx_word' id='word_1_696' title='bbox 3168 4357 3439 4413; x_wconf 80' lang='lat' dir='ltr'><strong>Dominus.</strong></span> <span class='ocrx_word' id='word_1_697' title='bbox 3466 4345 3617 4422; x_wconf 72' lang='lat' dir='ltr'><strong>(ISID-I</strong></span> 
     </span>
    </p>
   </div>
   <div class='ocr_carea' id='block_1_102' title="bbox 2284 4427 3770 4520">
    <p class='ocr_par' dir='ltr' id='par_1_102' title="bbox 2284 4427 3770 4520">
     <span class='ocr_line' id='line_1_103' title="bbox 2284 4427 3770 4520; baseline -0.011 -17"><span class='ocrx_word' id='word_1_698' title='bbox 2284 4449 2522 4520; x_wconf 86' lang='lat' dir='ltr'><strong>loquitur</strong></span> <span class='ocrx_word' id='word_1_699' title='bbox 2566 4450 2744 4517; x_wconf 88' lang='lat' dir='ltr'><strong>Deus,</strong></span> <span class='ocrx_word' id='word_1_700' title='bbox 2791 4458 2847 4506; x_wconf 89' lang='lat' dir='ltr'><strong>et</strong></span> <span class='ocrx_word' id='word_1_701' title='bbox 2891 4427 2998 4506; x_wconf 84' lang='lat' dir='ltr'><strong>duo</strong></span> <span class='ocrx_word' id='word_1_702' title='bbox 3044 4443 3628 4517; x_wconf 86' lang='lat' dir='ltr'><strong>audiuntur:Spiritum</strong></span> <span class='ocrx_word' id='word_1_703' title='bbox 3667 4427 3770 4488; x_wconf 68' lang='lat' dir='ltr'><strong>audit</strong></span> 
     </span>
    </p>
   </div>
   <div class='ocr_carea' id='block_1_103' title="bbox 2281 4523 3768 4612">
    <p class='ocr_par' dir='ltr' id='par_1_103' title="bbox 2281 4523 3768 4612">
     <span class='ocr_line' id='line_1_104' title="bbox 2281 4523 3768 4612; baseline -0.018 -12"><span class='ocrx_word' id='word_1_704' title='bbox 2281 4540 2513 4612; x_wconf 80' lang='lat' dir='ltr'><strong>Moyses,</strong></span> <span class='ocrx_word' id='word_1_705' title='bbox 2557 4549 2620 4597; x_wconf 91' lang='lat' dir='ltr'><strong>ut</strong></span> <span class='ocrx_word' id='word_1_706' title='bbox 2658 4541 2966 4608; x_wconf 87' lang='lat' dir='ltr'><strong>sublimior;</strong></span> <span class='ocrx_word' id='word_1_707' title='bbox 2995 4541 3250 4608; x_wconf 87' lang='lat' dir='ltr'><strong>litteram,</strong></span> <span class='ocrx_word' id='word_1_708' title='bbox 3279 4543 3475 4605; x_wconf 83' lang='lat' dir='ltr'><strong>Aaron,</strong></span> <span class='ocrx_word' id='word_1_709' title='bbox 3505 4542 3558 4590; x_wconf 92' lang='lat' dir='ltr'><strong>ut</strong></span> <span class='ocrx_word' id='word_1_710' title='bbox 3590 4523 3768 4612; x_wconf 63' lang='lat' dir='ltr'><strong>inferior,</strong></span> 
     </span>
    </p>
   </div>
   <div class='ocr_carea' id='block_1_104' title="bbox 2282 4603 3767 4703">
    <p class='ocr_par' dir='ltr' id='par_1_104' title="bbox 2282 4603 3767 4703">
     <span class='ocr_line' id='line_1_105' title="bbox 2282 4603 3767 4703; baseline -0.015 -17"><span class='ocrx_word' id='word_1_711' title='bbox 2282 4603 2387 4701; x_wconf 40' lang='lat' dir='ltr'><strong>qui.</strong></span> <span class='ocrx_word' id='word_1_712' title='bbox 2423 4603 2656 4687; x_wconf 76' lang='lat' dir='ltr'><strong>litteram</strong></span> <span class='ocrx_word' id='word_1_713' title='bbox 2705 4631 2917 4687; x_wconf 90' lang='lat' dir='ltr'><strong>nuntiat</strong></span> <span class='ocrx_word' id='word_1_714' title='bbox 2952 4603 3172 4703; x_wconf 83' lang='lat' dir='ltr'><strong>populo.</strong></span> <span class='ocrx_word' id='word_1_715' title='bbox 3216 4603 3368 4688; x_wconf 89' lang='lat' dir='ltr'><strong>Unde</strong></span> <span class='ocrx_word' id='word_1_716' title='bbox 3394 4603 3498 4700; x_wconf 80' lang='lat' dir='ltr'><strong>ipse</strong></span> <span class='ocrx_word' id='word_1_717' title='bbox 3515 4603 3767 4703; x_wconf 57' lang='lat' dir='ltr'><strong>(cantarat</strong></span> 
     </span>
    </p>
   </div>
   <div class='ocr_carea' id='block_1_105' title="bbox 2279 4694 3767 4793">
    <p class='ocr_par' dir='ltr' id='par_1_105' title="bbox 2279 4694 3767 4793">
     <span class='ocr_line' id='line_1_106' title="bbox 2279 4694 3767 4793; baseline -0.014 -11"><span class='ocrx_word' id='word_1_718' title='bbox 2279 4694 2551 4793; x_wconf 57' lang='lat' dir='ltr'><strong>populum,</strong></span> <span class='ocrx_word' id='word_1_719' title='bbox 2577 4732 2626 4777; x_wconf 87' lang='lat' dir='ltr'><strong>et</strong></span> <span class='ocrx_word' id='word_1_720' title='bbox 2649 4722 2746 4777; x_wconf 85' lang='lat' dir='ltr'><strong>erit</strong></span> <span class='ocrx_word' id='word_1_721' title='bbox 2771 4738 2828 4777; x_wconf 89' lang='lat' dir='ltr'><strong>os</strong></span> <span class='ocrx_word' id='word_1_722' title='bbox 2849 4694 3098 4788; x_wconf 48' lang='lat' dir='ltr'><strong>tuum,-tu</strong></span> <span class='ocrx_word' id='word_1_723' title='bbox 3129 4732 3304 4778; x_wconf 78' lang='lat' dir='ltr'><strong>autem</strong></span> <span class='ocrx_word' id='word_1_724' title='bbox 3323 4694 3426 4776; x_wconf 77' lang='lat' dir='ltr'><strong>eris</strong></span> <span class='ocrx_word' id='word_1_725' title='bbox 3452 4719 3504 4773; x_wconf 90' lang='lat' dir='ltr'><strong>in</strong></span> <span class='ocrx_word' id='word_1_726' title='bbox 3523 4713 3596 4768; x_wconf 81' lang='lat' dir='ltr'><strong>Itis</strong></span> <span class='ocrx_word' id='word_1_727' title='bbox 3617 4718 3707 4777; x_wconf 69' lang='grc' dir='ltr'><strong>41η</strong></span> <span class='ocrx_word' id='word_1_728' title='bbox 3723 4694 3767 4750; x_wconf 67' lang='grc' dir='ltr'><em>αδ</em></span> 
     </span>
    </p>
   </div>
   <div class='ocr_carea' id='block_1_106' title="bbox 2279 4813 3064 4886">
    <p class='ocr_par' dir='ltr' id='par_1_106' title="bbox 2279 4813 3064 4886">
     <span class='ocr_line' id='line_1_107' title="bbox 2279 4813 3064 4886; baseline 0 -18"><span class='ocrx_word' id='word_1_729' title='bbox 2279 4813 2449 4868; x_wconf 80' lang='lat' dir='ltr'><strong>Deum</strong></span> <span class='ocrx_word' id='word_1_730' title='bbox 2469 4815 2720 4884; x_wconf 80' lang='lat' dir='ltr'><strong>pertinent</strong></span> <span class='ocrx_word' id='word_1_731' title='bbox 2747 4813 2943 4883; x_wconf 74' lang='lat' dir='ltr'><strong>(Exod.</strong></span> <span class='ocrx_word' id='word_1_732' title='bbox 2971 4814 3064 4886; x_wconf 87' lang='lat' dir='ltr'><strong>Iv).</strong></span> 
     </span>
    </p>
   </div>
   <div class='ocr_carea' id='block_1_107' title="bbox 2353 4892 3768 4983">
    <p class='ocr_par' dir='ltr' id='par_1_107' title="bbox 2353 4892 3768 4983">
     <span class='ocr_line' id='line_1_108' title="bbox 2353 4892 3768 4983; baseline -0.017 -21"><span class='ocrx_word' id='word_1_733' title='bbox 2353 4907 2518 4962; x_wconf 77' lang='lat' dir='ltr'><strong>Vsus.</strong></span> <span class='ocrx_word' id='word_1_734' title='bbox 2545 4907 2603 4961; x_wconf 74' lang='lat'><strong>2.</strong></span> <span class='ocrx_word' id='word_1_735' title='bbox 2625 4937 2695 4946; x_wconf 95' lang='lat'><strong>—</strong></span> <span class='ocrx_word' id='word_1_736' title='bbox 2718 4905 2910 4960; x_wconf 84' lang='lat' dir='ltr'><strong>Homo.</strong></span> <span class='ocrx_word' id='word_1_737' title='bbox 2936 4905 3058 4978; x_wconf 82' lang='lat' dir='ltr'><strong>(ln.)</strong></span> <span class='ocrx_word' id='word_1_738' title='bbox 3086 4903 3387 4976; x_wconf 86' lang='lat' dir='ltr'><strong>Aliquando</strong></span> <span class='ocrx_word' id='word_1_739' title='bbox 3409 4892 3768 4983; x_wconf 71' lang='lat' dir='ltr'><strong>excellenter</strong></span> 
     </span>
    </p>
   </div>
   <div class='ocr_carea' id='block_1_108' title="bbox 2279 4978 3767 5068">
    <p class='ocr_par' dir='ltr' id='par_1_108' title="bbox 2279 4978 3767 5068">
     <span class='ocr_line' id='line_1_109' title="bbox 2279 4978 3767 5068; baseline -0.005 -15"><span class='ocrx_word' id='word_1_740' title='bbox 2279 4997 2498 5068; x_wconf 90' lang='lat' dir='ltr'><strong>cipitur,</strong></span> <span class='ocrx_word' id='word_1_741' title='bbox 2525 4996 2616 5066; x_wconf 92' lang='lat' dir='ltr'><strong>qui</strong></span> <span class='ocrx_word' id='word_1_742' title='bbox 2645 4997 2738 5051; x_wconf 88' lang='lat' dir='ltr'><strong>Dei</strong></span> <span class='ocrx_word' id='word_1_743' title='bbox 2766 4996 3050 5066; x_wconf 87' lang='lat' dir='ltr'><strong>imaginem</strong></span> <span class='ocrx_word' id='word_1_744' title='bbox 3080 5005 3136 5051; x_wconf 89' lang='lat' dir='ltr'><strong>et</strong></span> <span class='ocrx_word' id='word_1_745' title='bbox 3165 5005 3371 5050; x_wconf 72' lang='lat' dir='ltr'><strong>natura:</strong></span> <span class='ocrx_word' id='word_1_746' title='bbox 3415 4993 3579 5046; x_wconf 81' lang='lat' dir='ltr'><strong>servat</strong></span> <span class='ocrx_word' id='word_1_747' title='bbox 3601 4978 3767 5058; x_wconf 49' lang='lat' dir='ltr'><strong>diem”</strong></span> 
     </span>
    </p>
   </div>
   <div class='ocr_carea' id='block_1_109' title="bbox 2277 5069 3765 5158">
    <p class='ocr_par' dir='ltr' id='par_1_109' title="bbox 2277 5069 3765 5158">
     <span class='ocr_line' id='line_1_110' title="bbox 2277 5069 3765 5158; baseline -0.015 -15"><span class='ocrx_word' id='word_1_748' title='bbox 2277 5095 2409 5143; x_wconf 91' lang='lat' dir='ltr'><strong>tem.</strong></span> <span class='ocrx_word' id='word_1_749' title='bbox 2428 5087 2728 5158; x_wconf 77' lang='lat' dir='ltr'><strong>Aliquando</strong></span> <span class='ocrx_word' id='word_1_750' title='bbox 2747 5094 3019 5156; x_wconf 87' lang='lat' dir='ltr'><strong>peccator,</strong></span> <span class='ocrx_word' id='word_1_751' title='bbox 3045 5087 3096 5141; x_wconf 93' lang='lat' dir='ltr'><strong>in</strong></span> <span class='ocrx_word' id='word_1_752' title='bbox 3119 5101 3228 5157; x_wconf 89' lang='lat' dir='ltr'><strong>quo</strong></span> <span class='ocrx_word' id='word_1_753' title='bbox 3249 5083 3473 5156; x_wconf 87' lang='lat' dir='ltr'><strong>dignitas</strong></span> <span class='ocrx_word' id='word_1_754' title='bbox 3491 5069 3765 5132; x_wconf 55' lang='lat' dir='ltr'><strong>deformatur.</strong></span> 
     </span>
    </p>
   </div>
   <div class='ocr_carea' id='block_1_110' title="bbox 2279 5176 2551 5232">
    <p class='ocr_par' dir='ltr' id='par_1_110' title="bbox 2279 5176 2551 5232">
     <span class='ocr_line' id='line_1_111' title="bbox 2279 5176 2551 5232; baseline -0.011 0"><span class='ocrx_word' id='word_1_755' title='bbox 2279 5177 2421 5232; x_wconf 92' lang='lat' dir='ltr'><strong>sicut</strong></span> <span class='ocrx_word' id='word_1_756' title='bbox 2443 5176 2551 5232; x_wconf 89' lang='lat' dir='ltr'><strong>hic.</strong></span> 
     </span>
    </p>
   </div>
   <div class='ocr_carea' id='block_1_111' title="bbox 2349 5247 3763 5337">
    <p class='ocr_par' dir='ltr' id='par_1_111' title="bbox 2349 5247 3763 5337">
     <span class='ocr_line' id='line_1_112' title="bbox 2349 5247 3763 5337; baseline -0.011 -14"><span class='ocrx_word' id='word_1_757' title='bbox 2349 5265 2416 5320; x_wconf 84' lang='lat' dir='ltr'><strong>In</strong></span> <span class='ocrx_word' id='word_1_758' title='bbox 2451 5267 2601 5337; x_wconf 86' lang='lat' dir='ltr'><strong>cujus</strong></span> <span class='ocrx_word' id='word_1_759' title='bbox 2639 5282 2826 5332; x_wconf 86' lang='lat' dir='ltr'><strong>carne,</strong></span> <span class='ocrx_word' id='word_1_760' title='bbox 2851 5275 2956 5322; x_wconf 86' lang='lat' dir='ltr'><strong>etc.</strong></span> <span class='ocrx_word' id='word_1_761' title='bbox 2985 5265 3043 5320; x_wconf 92' lang='lat' dir='ltr'><strong>ln</strong></span> <span class='ocrx_word' id='word_1_762' title='bbox 3074 5280 3234 5321; x_wconf 89' lang='lat' dir='ltr'><strong>carne</strong></span> <span class='ocrx_word' id='word_1_763' title='bbox 3255 5271 3310 5319; x_wconf 89' lang='lat' dir='ltr'><strong>et</strong></span> <span class='ocrx_word' id='word_1_764' title='bbox 3334 5267 3453 5318; x_wconf 87' lang='lat' dir='ltr'><strong>cute</strong></span> <span class='ocrx_word' id='word_1_765' title='bbox 3486 5257 3662 5325; x_wconf 69' lang='lat' dir='ltr'><strong>lepra&quot;l</strong></span> <span class='ocrx_word' id='word_1_766' title='bbox 3682 5247 3763 5337; x_wconf 63' lang='grc' dir='ltr'><strong>Ροτξ</strong></span> 
     </span>
    </p>
   </div>
   <div class='ocr_carea' id='block_1_112' title="bbox 2277 5333 3768 5428">
    <p class='ocr_par' dir='ltr' id='par_1_112' title="bbox 2277 5333 3768 5428">
     <span class='ocr_line' id='line_1_113' title="bbox 2277 5333 3768 5428; baseline -0.005 -14"><span class='ocrx_word' id='word_1_767' title='bbox 2277 5367 2378 5424; x_wconf 90' lang='lat' dir='ltr'><strong>tat,</strong></span> <span class='ocrx_word' id='word_1_768' title='bbox 2427 5333 2521 5428; x_wconf 86' lang='lat' dir='ltr'><strong>qui</strong></span> <span class='ocrx_word' id='word_1_769' title='bbox 2562 5358 2799 5414; x_wconf 89' lang='lat' dir='ltr'><strong>carnalia</strong></span> <span class='ocrx_word' id='word_1_770' title='bbox 2847 5359 2930 5414; x_wconf 88' lang='lat' dir='ltr'><strong>vel</strong></span> <span class='ocrx_word' id='word_1_771' title='bbox 2978 5359 3248 5414; x_wconf 68' lang='lat' dir='ltr'><strong>exteriora</strong></span> <span class='ocrx_word' id='word_1_772' title='bbox 3293 5355 3510 5412; x_wconf 88' lang='lat' dir='ltr'><strong>suadere</strong></span> <span class='ocrx_word' id='word_1_773' title='bbox 3550 5333 3768 5400; x_wconf 64' lang='grc' dir='ltr'><strong>οειυῑνυί</strong></span> 
     </span>
    </p>
   </div>
   <div class='ocr_carea' id='block_1_113' title="bbox 2277 5432 3765 5522">
    <p class='ocr_par' dir='ltr' id='par_1_113' title="bbox 2277 5432 3765 5522">
     <span class='ocr_line' id='line_1_114' title="bbox 2277 5432 3765 5522; baseline -0.017 -15"><span class='ocrx_word' id='word_1_774' title='bbox 2277 5450 2609 5507; x_wconf 87' lang='lat' dir='ltr'><strong>Corinthiani</strong></span> <span class='ocrx_word' id='word_1_775' title='bbox 2633 5493 2647 5517; x_wconf 95' lang='lat'><strong>,</strong></span> <span class='ocrx_word' id='word_1_776' title='bbox 2689 5451 2778 5522; x_wconf 93' lang='lat' dir='ltr'><strong>qui</strong></span> <span class='ocrx_word' id='word_1_777' title='bbox 2822 5453 3080 5522; x_wconf 88' lang='lat' dir='ltr'><strong>putabant</strong></span> <span class='ocrx_word' id='word_1_778' title='bbox 3123 5448 3556 5507; x_wconf 84' lang='lat' dir='ltr'><strong>resurrectionem</strong></span> <span class='ocrx_word' id='word_1_779' title='bbox 3595 5432 3765 5522; x_wconf 61' lang='lat' dir='ltr'><strong>futuratll</strong></span> 
     </span>
    </p>
   </div>
   <div class='ocr_carea' id='block_1_114' title="bbox 2277 5521 3767 5614">
    <p class='ocr_par' dir='ltr' id='par_1_114' title="bbox 2277 5521 3767 5614">
     <span class='ocr_line' id='line_1_115' title="bbox 2277 5521 3767 5614; baseline -0.019 -15"><span class='ocrx_word' id='word_1_780' title='bbox 2277 5545 2330 5599; x_wconf 93' lang='lat' dir='ltr'><strong>in</strong></span> <span class='ocrx_word' id='word_1_781' title='bbox 2378 5544 2645 5614; x_wconf 87' lang='lat' dir='ltr'><strong>voluptate</strong></span> <span class='ocrx_word' id='word_1_782' title='bbox 2671 5521 2851 5600; x_wconf 84' lang='lat' dir='ltr'><strong>carnis</strong></span> <span class='ocrx_word' id='word_1_783' title='bbox 2879 5563 2892 5600; x_wconf 91' lang='lat'><strong>:</strong></span> <span class='ocrx_word' id='word_1_784' title='bbox 2918 5553 2973 5598; x_wconf 93' lang='lat' dir='ltr'><strong>et</strong></span> <span class='ocrx_word' id='word_1_785' title='bbox 3006 5544 3058 5598; x_wconf 94' lang='lat' dir='ltr'><strong>in</strong></span> <span class='ocrx_word' id='word_1_786' title='bbox 3089 5543 3196 5599; x_wconf 85' lang='lat' dir='ltr'><strong>fide</strong></span> <span class='ocrx_word' id='word_1_787' title='bbox 3223 5536 3566 5597; x_wconf 88' lang='lat' dir='ltr'><strong>manentibus,</strong></span> <span class='ocrx_word' id='word_1_788' title='bbox 3586 5521 3767 5595; x_wconf 69' lang='lat' dir='ltr'><strong>quamn-i</strong></span> 
     </span>
    </p>
   </div>
   <div class='ocr_carea' id='block_1_115' title="bbox 2277 5635 3486 5706">
    <p class='ocr_par' dir='ltr' id='par_1_115' title="bbox 2277 5635 3486 5706">
     <span class='ocr_line' id='line_1_116' title="bbox 2277 5635 3486 5706; baseline -0.011 -14"><span class='ocrx_word' id='word_1_789' title='bbox 2277 5635 2567 5692; x_wconf 90' lang='lat' dir='ltr'><strong>carnaliter</strong></span> <span class='ocrx_word' id='word_1_790' title='bbox 2593 5636 2799 5700; x_wconf 85' lang='lat' dir='ltr'><strong>vivant,</strong></span> <span class='ocrx_word' id='word_1_791' title='bbox 2836 5650 2941 5691; x_wconf 90' lang='lat' dir='ltr'><strong>non</strong></span> <span class='ocrx_word' id='word_1_792' title='bbox 2971 5635 3225 5706; x_wconf 88' lang='lat' dir='ltr'><strong>imputari</strong></span> <span class='ocrx_word' id='word_1_793' title='bbox 3251 5637 3486 5703; x_wconf 83' lang='lat' dir='ltr'><strong>peccata.</strong></span> 
     </span>
    </p>
   </div>
   <div class='ocr_carea' id='block_1_116' title="bbox 2350 5701 3859 5798">
    <p class='ocr_par' dir='ltr' id='par_1_116' title="bbox 2350 5701 3859 5798">
     <span class='ocr_line' id='line_1_117' title="bbox 2350 5701 3859 5798; baseline -0.012 -19"><span class='ocrx_word' id='word_1_794' title='bbox 2350 5727 2449 5779; x_wconf 83' lang='lat' dir='ltr'><strong>Aut</strong></span> <span class='ocrx_word' id='word_1_795' title='bbox 2491 5728 2642 5798; x_wconf 86' lang='lat' dir='ltr'><strong>quasi</strong></span> <span class='ocrx_word' id='word_1_796' title='bbox 2679 5726 2872 5781; x_wconf 79' lang='lat' dir='ltr'><strong>lucens.</strong></span> <span class='ocrx_word' id='word_1_797' title='bbox 2925 5727 3095 5796; x_wconf 77' lang='lat' dir='ltr'><strong>chra</strong></span> <span class='ocrx_word' id='word_1_798' title='bbox 3128 5727 3228 5782; x_wconf 86' lang='lat' dir='ltr'><strong>alia</strong></span> <span class='ocrx_word' id='word_1_799' title='bbox 3259 5723 3414 5780; x_wconf 89' lang='lat' dir='ltr'><strong>nimis</strong></span> <span class='ocrx_word' id='word_1_800' title='bbox 3450 5716 3526 5773; x_wconf 83' lang='lat' dir='ltr'><strong>vel</strong></span> <span class='ocrx_word' id='word_1_801' title='bbox 3557 5701 3763 5768; x_wconf 70' lang='lat' dir='ltr'><strong>utoch</strong></span> <span class='ocrx_word' id='word_1_802' title='bbox 3857 5745 3859 5791; x_wconf 49' lang='grc' dir='ltr'><strong>ε</strong></span> 
     </span>
    </p>
   </div>
   <div class='ocr_carea' id='block_1_117' title="bbox 3867 3120 3877 4325">
    <p class='ocr_par' dir='ltr' id='par_1_117' title="bbox 3867 3775 3871 4060">
     <span class='ocr_line' id='line_1_118' title="bbox 3867 3775 3871 4060; baseline 0 0"><span class='ocrx_word' id='word_1_803' title='bbox 3867 3775 3871 4031; x_wconf 75' lang='lat' dir='ltr'><strong>l</strong></span> 
     </span>
    </p>
   </div>
   <div class='ocr_carea' id='block_1_118' title="bbox 3863 4801 3865 4911">
    <p class='ocr_par' dir='ltr' id='par_1_118' title="bbox 3863 4801 3865 4911">
     <span class='ocr_line' id='line_1_119' title="bbox 3863 4801 3865 4911; baseline 0 -85"><span class='ocrx_word' id='word_1_804' title='bbox 3863 4801 3865 4911; x_wconf 17' lang='grc' dir='ltr'><strong><em>ὦ</em></strong></span> 
     </span>
    </p>
   </div>
   <div class='ocr_carea' id='block_1_119' title="bbox 3861 5095 3863 5205">
    <p class='ocr_par' dir='ltr' id='par_1_119' title="bbox 3861 5095 3863 5205">
     <span class='ocr_line' id='line_1_120' title="bbox 3861 5095 3863 5205; baseline 0 0"><span class='ocrx_word' id='word_1_805' title='bbox 3861 5113 3863 5205; x_wconf 69' lang='lat' dir='ltr'><strong>l</strong></span> 
     </span>
    </p>
   </div>
  </div>
