3998 6332
248 326 362 384 555

1195 349 1198 351 ‘
1248 330 1514 388 GLOSSA
1553 331 1952 386 ORDINARIA.
1995 363 2062 372 -—
2102 333 2228 390 LIB.
2272 334 2493 390 Ll'lVlT.

3397 343 3503 400 554

243 442 505 504 obscura.
531 438 768 494 nondum
793 439 1080 496 eﬂ'ervente
1105 443 1370 511 passione,
1401 459 1520 513 qua:
1545 443 1712 498 nimia
1751 444 1832 497 in-
1855 453 1905 508 Α
1934 459 2055 498 cum
2087 447 2373 501 mundialis
2399 448 2520 501 vita:
2547 447 2794 516 voluptas
2821 451 2972 518 quasi
3014 453 3240 509 candida
3267 458 3504 512 aestima-

245 532 401 603 diget
443 531 848 589 deliberatione.
887 534 1006 591 Alia
1035 536 1199 592 nimis
1237 538 1383 593 clara
1419 547 1476 594 et
1515 541 1821 611 perspicua,

243 624 405 693 cujus
427 631 617 692 aperta
647 626 900 696 cognitio.

320 712 494 786 Plaga
518 715 694 784 lepraz.
725 715 896 790 ([sm.)
945 719 1117 790 Lepra
1157 721 1291 778 falsa
1326 723 1600 794 doctrina;
1628 727 1824 798 leprosi

244 806 520 871 haeretici,
548 809 639 877 qui
680 810 941 865 unitatem
966 827 1106 868 verae
1135 814 1255 870 ﬁdei
1285 831 1392 871 non
1419 817 1710 883 habentes,
1731 833 1824 872 va-

241 900 360 955 rios
405 901 664 957 doctrinm
711 902 1034 971 proﬁtentur
1075 919 1309 971 errores,
1353 923 1484 963 vera
1537 908 1690 964 falsis
1728 909 1822 966 ad-

241 991 542 1047 miscentes
587 1000 643 1047 et
685 993 1002 1061 Ecclesiae),
1030 996 1169 1051 sicut
1211 997 1360 1067 lepra
1406 1015 1656 1069 corpora,
1684 1001 1822 1056 irra-

241 1082 447 1138 diando
473 1086 886 1147 commaculant.

317 1177 376 1230 in
423 1187 649 1248 corpore
695 1179 900 1249 lepram
939 1182 1098 1252 gerit,
1142 1182 1232 1251 qui
1263 1182 1517 1240 Ecclesiae
1563 1185 1818 1254 detrahit,

239 1267 388 1322 sicut
410 1266 838 1337 Carpocratiani,
866 1271 956 1340 qui
985 1281 1186 1343 negant
1215 1276 1666 1331 resurrectionem
1695 1291 1821 1330 car-

240 1358 354 1421 nis,
377 1364 433 1411 et
452 1357 758 1424 Novatiani,
772 1364 861 1432 qui
882 1364 1095 1434 nuptias
1110 1365 1386 1430 damnant,
1405 1376 1460 1422 et
1473 1368 1820 1437 peccantibus

241 1448 500 1502 auferunt
528 1450 924 1518 paenitentiam.

323 1537 425 1593 Vel
455 1541 525 1594 ad
553 1557 714 1595 unum
745 1543 1016 1615 quemlibet
1045 1544 1278 1613 filiorum
1305 1552 1448 1616 ejus,
1475 1559 1580 1605 etc.
1613 1550 1820 1622 Cogna-

239 1633 424 1685 torum
451 1633 746 1687 secundum
777 1634 1046 1704 spiritum,
1065 1651 1096 1690 a
1117 1652 1224 1705 quo
1249 1638 1413 1694 habet
1436 1641 1816 1706 sacerdotium,

239 1723 444 1791 quibus
472 1723 614 1778 inest
639 1724 878 1794 perfecta
917 1733 971 1782 et
1009 1727 1164 1796 plena
1192 1731 1490 1799 prophetia,
1532 1740 1590 1786 ut
1615 1733 1816 1789 discer-

235 1819 376 1866 nere
396 1813 606 1881 possint
630 1815 846 1870 subtilia
864 1824 920 1872 et
937 1819 1130 1872 anima:
1155 1830 1331 1874 motus
1352 1821 1715 1879 absconditos.

312 1902 479 1958 Vens.
510 1906 564 1959 3.
583 1936 655 1946 —
675 1905 844 1962 Pilos.
889 1908 1269 1980 Cogitationes,
1295 1913 1491 1982 quibus
1519 1915 1697 1969 anima
1726 1931 1814 1971 or-

237 2002 428 2058 natur,
457 2009 716 2064 mensque
763 1998 1084 2068 contegitur,
1115 2015 1146 2054 a
1175 2016 1279 2069 qua
1311 2012 1654 2072 generantur,
1679 2007 1818 2061 sicut

237 2093 410 2153 caput
452 2085 668 2154 capillos
709 2098 951 2156 generat,
981 2091 1176 2160 quibus
1221 2103 1448 2148 ornatur
1497 2105 1552 2149 et
1599 2097 1812 2166 tegitur.

239 2174 401 2230 Unde
417 2178 590 2247 capilli
610 2180 794 2249 capitis
811 2183 964 2236 vestri
985 2198 1161 2238 omnes
1186 2186 1443 2239 numerati
1460 2197 1582 2241 sunt
1597 2188 1812 2256 (Matth.

235 2265 319 2336 ι).
349 2266 474 2321 Inde
501 2267 742 2325 Nazartei
768 2280 931 2340 caput
956 2288 1061 2327 non
1097 2274 1322 2328 tondent
1349 2275 1536 2346 (Num.
1567 2278 1661 2349 Vl),
1687 2279 1814 2347 quia

233 2358 540 2428 superﬂuas
584 2361 938 2431 cogitationes
987 2380 1092 2439 non
1127 2365 1346 2433 habent,
1374 2376 1590 2426 sanctas
1630 2382 1812 2426 autem

233 2449 510 2520 deponere
545 2462 816 2520 sanctum,
846 2454 1101 2512 damnum
1131 2465 1230 2512 est.

306 2541 579 2597 Humilior
609 2561 796 2611 carne,
824 2556 930 2602 etc.
970 2547 1234 2603 Humilior
1259 2549 1437 2618 seipse
1461 2568 1474 2603 :
1499 2551 1640 2606 unde
1667 2560 1813 2608 recte

232 2630 466 2686 veniam
491 2647 604 2688 non
638 2644 894 2691 meretur.
947 2637 1100 2693 Vinci
1129 2639 1272 2693 enim
1315 2640 1383 2694 ab
1431 2641 1538 2696 alio
1582 2641 1810 2711 majori,

231 2722 499 2790 portabile
541 2733 653 2789 est;
702 2727 900 2781 bonum
936 2737 1115 2802 autem
1144 2744 1176 2783 a
1201 2729 1311 2785 Deo
1342 2721 1668 2802 praeceptum
1705 2749 1810 2788 non

231 2813 448 2881 operari
473 2811 686 2884 (dividit
711 2817 855 2871 enim
881 2817 1137 2888 Dominus
1161 2829 1323 2890 prout
1347 2821 1502 2893 vult),
1546 2832 1605 2878 ut
1634 2823 1812 2893 seipse

229 2902 501 2972 quispiam
529 2905 768 2961 deterior
793 2905 903 2971 ﬁat,
930 2909 1032 2964 hoc
1061 2909 1398 2979 importabile
1424 2919 1528 2966 est.

305 2993 471 3050 Vens.
497 2996 552 3050 4.
573 3028 644 3038 -—
663 2996 908 3053 Recludet
942 3018 1078 3056 eum.
1123 3002 1371 3058 Secundo
1409 3004 1720 3069 recluditur,
1751 3015 1809 3060 ut

228 3089 473 3144 studiose
514 3089 847 3159 inspiciatur,
872 3103 926 3148 et
952 3093 1146 3164 duplici
1176 3096 1492 3164 probatione
1534 3105 1805 3153 transacta

1931 543 2019 589 tur
2037 544 2092 591 et
2120 536 2340 604 ﬂorens,
2376 547 2503 594 tunc
2541 555 2701 610 grave
2729 541 2981 596 vitiorum
3007 547 3314 617 contagium
3347 567 3502 619 gras-

1928 634 2080 680 satur
2107 627 2161 681 in
2193 643 2438 698 corpore.
2468 631 2602 685 Nam
2627 641 2719 686 aut
2743 635 2985 690 avaritiae
3010 646 3102 692 aut
3130 638 3369 696 libidinis
3402 659 3500 712 pa:

1929 723 2138 771 tescunt
2183 721 2427 776 maculae.
2467 721 2572 777 Sed
2619 725 2859 780 avaritiae
2899 727 3104 782 crimen
3141 729 3296 786 facile
3325 744 3506 802 potest

1926 811 2189 874 resecari,
2220 812 2358 868 unde
2383 833 2394 867 :
2417 815 2552 869 Date
2590 817 2962 889 eleemosynam
2999 831 3047 874 et
3086 825 3260 878 omnia
3306 833 3501 882 ntuudu

1923 909 2072 954 erunt
2115 902 2276 956 vobis.
2324 903 2514 960 Libido
2559 924 2770 978 quoque
2807 909 3028 980 jejuniis
3071 925 3126 968 et
3173 916 3498 972 abstinentia

1923 991 2230 1044 mandatur.
2259 992 2361 1047 Sed
2383 997 2632 1051 omnibus
2653 1013 2750 1066 per
2771 1001 3102 1056 sacerdotem
3127 1005 3332 1059 medela
3357 1008 3505 1060 adhi-

1922 1080 2099 1136 betur.
2136 1083 2254 1138 Alia
2283 1085 2427 1140 enim
2460 1088 2848 1145 sacriﬁciorum
2886 1093 3245 1150 oblationibus
3278 1100 3504 1152 munda-

1924 1181 2042 1239 tnr;
2069 1175 2174 1229 alia
2217 1187 2320 1244 est,
2347 1193 2468 1248 qua:
2515 1180 2754 1247 facilius;
2784 1183 2908 1249 alia,
2958 1201 3076 1255 quae
3119 1198 3270 1242 extra
3319 1200 3499 1245 castra

1921 1265 2096 1332 posita
2145 1267 2468 1334 mandatur;
2511 1270 2649 1337 alia,
2693 1289 2814 1343 quae
2852 1277 3072 1334 omnino
3124 1295 3231 1334 non
3276 1283 3502 1335 munda-

1923 1365 2036 1410 llll'.

1992 1449 2156 1505 Vens.
2197 1451 2534 1508 M.-—-Caro
2573 1458 2763 1517 vivens.
2801 1469 2907 1515 etc.
2944 1461 3168 1532 (lsrcn.)
3215 1461 3500 1520 Judaicum

1924 1541 2252 1608 mandatum,
2287 1547 2428 1613 quod
2459 1547 2641 1602 vivere
2668 1550 2864 1605 dicitur
2891 1563 3149 1622 quantum
3179 1557 3244 1610 ad
3269 1558 3498 1612 manda-

1921 1637 2054 1695 tum,
2084 1631 2169 1687 vel
2194 1633 2319 1701 quia
2347 1634 2484 1690 bene
2511 1638 2842 1694 intellectum
2873 1641 3026 1696 affert
3057 1645 3238 1699 vitam.

1991 1721 2153 1776 Vens.
2186 1723 2271 1778 18.
2293 1755 2364 1765 -
2386 1724 2524 1780 Caro
2550 1730 2706 1792 enim,
2733 1740 2838 1785 etc.
2879 1732 3049 1803 (1810.)
3095 1735 3151 1789 In
3187 1753 3352 1792 carne
3377 1739 3500 1799 viva

1841 1806 1888 1865 B
1918 1810 2120 1880 lepram
2157 1824 2352 1884 geStat,
2385 1817 2477 1887 qui
2525 1819 2592 1874 de
2631 1821 2830 1884 anima,
2853 1838 2973 1891 qua:
3022 1825 3128 1880 vita
3177 1829 3357 1883 carnis
3391 1838 3494 1892 est,

1917 1904 2118 1974 aliquid
2159 1906 2352 1962 falsum
2385 1910 2679 1965 existimat.
2725 1911 2876 1968 Sicut
2913 1915 3240 1971 Luciferiani
3280 1921 3371 1988 qui
3411 1921 3496 1975 di-

1917 2007 2047 2052 cunt
2089 1999 2324 2054 animam
2355 2001 2422 2055 de
2461 2004 2642 2058 carnis
2687 2006 2986 2060 substantia
3029 2017 3411 2078 propagatam;
3440 2021 3498 2068 et

1915 2085 2134 2140 Arabici
2164 2089 2255 2157 qui
2281 2091 2516 2144 animam
2543 2107 2664 2146 cum
2695 2109 2922 2164 corpore
2947 2097 3086 2150 mori
3111 2108 3323 2166 putant.

1989 2179 2152 2234 Vens.
2185 2181 2269 2236 19.
2288 2213 2358 2221 —
2381 2181 2634 2248 Cicatrix,
2659 2195 2763 2240 etc.
2799 2186 2922 2258 (ln.)
2951 2187 3008 2242 ln
3036 2190 3291 2246 cicatrice
3321 2197 3496 2250 sanati

1916 2271 2153 2352 vulneer
2203 2274 2408 2344 lepram
2446 2285 2686 2346 portant,
2713 2279 2803 2347 qui
2843 2289 2964 2348 post
2998 2282 3326 2352 agnitionem
3371 2287 3495 2342 ﬁdei

1915 2371 1970 2417 et
1991 2357 2312 2419 medicinam
2341 2365 2434 2420 Dei
2458 2383 2618 2436 quam
2643 2368 2697 2421 in
2719 2367 2934 2424 Christo
2955 2373 3274 2440 suscipiunt,
3307 2390 3496 2440 rursus

1916 2454 2131 2524 aliquod
2159 2456 2417 2514 indicium
2446 2460 2649 2514 erroris
2671 2472 2762 2515 aut
2787 2462 3023 2532 perﬁdia:
3049 2466 3248 2521 veteris
3274 2469 3494 2542 dogma-

1916 2545 1984 2600 tis
2012 2548 2324 2602 ostendunt.

1985 2638 2136 2693 Alba.
2169 2639 2304 2708 Quia
2337 2657 2402 2697 ex
2433 2659 2652 2699 vulnere
2681 2645 2868 2716 legalis
2902 2651 3376 2720 transgressionis;
3407 2653 3493 2710 lex

1913 2727 2055 2782 enim
2083 2728 2200 2783 alba
2221 2740 2276 2784 et
2298 2747 2328 2784 a
2357 2733 2469 2788 sole
2488 2732 2715 2802 iustitiae
2737 2753 2842 2791 non
2865 2738 3122 2794 calefacta
3137 2741 3274 2812 (Act.
3301 2751 3413 2815 xv).
3465 2809 3467 2812 q

1985 2819 2242 2888 Subrufa.
2274 2821 2412 2890 Quia
2431 2824 2498 2880 de
2519 2829 2961 2896 prazvaricatione
2990 2834 3323 2904 evangelica,
3349 2836 3490 2891 sicut

1914 2908 2266 2982 idolothytum
2315 2917 2652 2987 sanguinem,
2678 2920 2762 2974 vel
2807 2921 3126 2979 suﬂ‘ocatum
3171 2929 3487 2997 comedere;

1911 3009 2198 3072 utrumque
2233 3014 2413 3061 autem
2443 3007 2503 3063 ﬁt
2526 3022 2715 3066 contra
2742 3011 3018 3070 Christum
3037 3057 3051 3082 ,
3083 3016 3236 3087 cujus
3266 3029 3349 3076 est
3379 3021 3491 3077 Lex

1911 3100 1967 3146 et
1991 3093 2360 3166 Evangelium.

227 3178 540 3234 districtum
561 3179 823 3249 judicium
853 3182 966 3237 ﬁat.
997 3159 1336 3239 Manifestum
1365 3186 1509 3240 enim
1535 3195 1652 3242 erat
1682 3202 1807 3257 pec-
1835 3159 1879 3220 C
1922 3253 1924 3255 ,
1982 3159 2262 3240 "88:90.
2287 3221 2356 3230 —
2377 3189 2784 3249 Contaminabit.
2809 3195 2943 3264 Quia
2970 3199 3023 3254 in
3050 3201 3234 3256 habitu
3255 3214 3338 3260 est
3357 3220 3486 3274 pec-

228 3277 416 3324 catum
458 3271 744 3337 sacerdoti,
793 3273 886 3328 sed
936 3275 1175 3330 animum
1215 3269 1520 3332 consentire
1565 3280 1805 3348 passioni

230 3360 530 3428 nesciebat,
561 3364 657 3416 sed
696 3363 1200 3432 eonjiciebat:ideo
1227 3368 1421 3422 iterum
1465 3370 1803 3440 inspiciebat.

229 3448 371 3506 Hinc
403 3450 660 3509 Dominus
685 3463 808 3524 post
835 3457 1196 3528 negationem,
1224 3460 1463 3515 animum
1492 3461 1637 3517 Petri
1669 3479 1794 3533 quo-

226 3542 394 3598 modo
422 3558 481 3599 se
503 3543 702 3601 habeat
745 3548 905 3603 tertio
948 3551 1242 3622 interrogat
1267 3550 1449 3624 (Joan.
1476 3554 1577 3626 111),
1609 3563 1669 3609 ut
1697 3570 1804 3610 non

224 3633 343 3687 cito
377 3631 700 3701 judieemus,
733 3638 825 3693 sed
854 3637 1166 3709 frequenter
1190 3641 1546 3711 inquiramus.
1585 3645 1804 3717 Septem

225 3722 426 3777 diebus
460 3723 771 3781 recluditur.
809 3725 1160 3798 Septenarius
1198 3733 1342 3786 enim
1369 3737 1649 3803 praesentis
1683 3739 1806 3792 vitae

223 3811 618 3883 plenitudinem
651 3816 846 3888 signat,
876 3834 996 3889 qua:
1021 3829 1227 3892 septem
1256 3823 1445 3880 diebus
1469 3826 1663 3896 agitur,
1697 3843 1804 3898 quo

226 3904 479 3974 impleto,
507 3917 791 3976 peccatum
829 3919 885 3965 et
911 3914 1190 3968 servitium
1217 3917 1468 3972 cessabit.
1499 3918 1651 3974 Unde
1676 3935 1801 3990 sep-

225 3993 364 4048 tima
393 3995 446 4049 in
474 3996 670 4054 divinis
693 3998 987 4070 Scripturis
1012 4006 1225 4073 requies
1258 4007 1587 4062 nominatur.

305 4083 468 4140 Vsus.
499 4086 552 4140 6.
573 4117 644 4128 ——
682 4087 957 4145 Mundabit
1000 4109 1138 4158 eum,
1167 4096 1290 4165 quia
1335 4097 1532 4153 scabies
1562 4110 1658 4154 est.
1711 4099 1802 4158 Sic

223 4174 430 4230 Paulus
454 4191 577 4232 eum
601 4180 693 4248 qui
723 4181 774 4235 in
805 4180 1063 4238 Corintho
1089 4184 1382 4242 fornicatus
1409 4198 1492 4245 est
1521 4189 1667 4262 (quia
1691 4209 1803 4248 ma-

219 4263 426 4320 nifesta
452 4275 572 4322 erat
592 4269 792 4340 passio)
839 4281 1147 4332 sanctorum
1185 4278 1524 4335 tabernaculo
1550 4284 1800 4350 removit,

219 4363 277 4411 et
310 4354 525 4412 Satanae
561 4361 809 4428 tradidit;
837 4380 996 4434 quem
1025 4381 1148 4422 cmn
1188 4368 1510 4438 inspexisset
1544 4377 1797 4442 secundo,

219 4456 284 4502 et
316 4449 584 4516 paenitere
613 4452 855 4520 vidisset,
879 4457 1076 4527 suscipi
1097 4457 1259 4526 jussit
1285 4462 1336 4532 (I
1360 4462 1481 4517 Cor.
1511 4465 1586 4536 v).

299 4537 466 4594 νεεδ.
490 4540 576 4596 10.
595 4573 666 4582 -
688 4542 915 4616 Cumque
933 4549 1076 4603 color
1097 4549 1247 4606 albus
1268 4555 1322 4606 in
1343 4565 1459 4608 cute
1481 4555 1656 4624 fuerit.
1684 4558 1798 4612 Ma-

219 4636 425 4692 nifesta
449 4639 803 4706 transgressio
828 4639 1018 4696 littera:
1040 4641 1194 4713 legis,
1218 4661 1337 4714 qua:
1363 4649 1576 4718 propria
1600 4649 1800 4707 Judaeis

217 4728 373 4784 sicut
399 4729 454 4782 in
482 4728 762 4784 sacriﬁciis
792 4739 846 4785 et
873 4735 1274 4803 purgationibus
1303 4747 1357 4792 et
1385 4739 1439 4792 in
1470 4738 1796 4810 hujusmodi.

217 4821 324 4876 Est
351 4819 493 4874 enim
513 4827 568 4874 et
595 4823 894 4878 communis
919 4827 1167 4894 gentibus
1192 4829 1256 4882 de
1277 4829 1562 4891 adulterio.
1587 4835 1794 4902 rapina,

218 4912 479 4976 avaritia,
503 4921 558 4967 et
583 4914 864 4969 similibus.

295 5004 465 5059 Vnus.
497 5004 772 5060 12.——Sin
795 5017 968 5062 autem
994 5011 1289 5080 eﬂloruerit.
1317 5011 1520 5084 (I5tcn.)
1553 5015 1800 5072 Ostendit

215 5087 510 5150 Iudaicum
554 5099 808 5168 populum
853 5102 1046 5169 partim
1098 5103 1388 5172 leprosum,
1441 5118 1497 5159 ut
1544 5109 1597 5160 in
1646 5119 1799 5176 parte

218 5197 680 5258 transgressorem
721 5192 894 5264 legis:
926 5195 1070 5248 unde
1111 5211 1230 5250 eum
1277 5200 1528 5255 sacerdos
1579 5202 1799 5270 expellit

215 5289 483 5348 tanquam
532 5280 882 5338 immundum.
933 5283 1038 5340 Sed
1095 5295 1208 5341 toto
1256 5303 1480 5358 corpore
1527 5290 1795 5362 leprosum

214 5369 514 5436 Gentilem,
541 5372 630 5443 qui
655 5380 819 5428 totam
848 5378 1241 5446 transgreditur
1265 5377 1454 5446 legem,
1478 5395 1581 5434 non
1611 5383 1796 5450 expel-

215 5457 314 5521 lit;
345 5459 439 5512 sed
462 5474 584 5513 eum
611 5464 867 5518 mundum
886 5465 1114 5535 judicat,
1145 5469 1270 5536 quia
1303 5468 1434 5538 legis
1455 5471 1584 5541 jugo
1614 5472 1784 5541 subje-

215 5557 343 5606 ειυς
363 5565 470 5605 non
494 5561 627 5606 erat.

292 5640 571 5714 (HIERON.)
603 5644 697 5699 Sin
724 5656 896 5700 autem
919 5650 1224 5719 eﬂioruerit,
1251 5657 1354 5703 etc.
1398 5651 1453 5704 ln
1502 5651 1601 5704 hac
1646 5652 1792 5721 lepra

213 5733 374 5800 quasi
407 5731 632 5791 ﬂorente
651 5746 701 5791 et
732 5736 870 5802 alba,
893 5740 1099 5794 diversa
1122 5741 1345 5794 crimina
1371 5741 1630 5811 designat.
1658 5743 1792 5809 Quia

1824 4516 1878 4576 D

1909 3283 2112 3342 catum,
2147 3285 2200 3332 et
2228 3280 2422 3336 animae
2457 3284 2598 3338 mala
2627 3286 2870 3356 depastio
2903 3304 2999 3358 per
3026 3291 3178 3347 ulcus
3221 3294 3484 3352 incubuit.

1911 3361 2064 3420 Unde
2091 3365 2294 3437 lepram
2313 3384 2378 3424 ex
2403 3372 2622 3429 vulnere
2651 3375 2983 3434 eﬂlorentem
3004 3383 3235 3437 vocavit.

1979 3454 2117 3511 Caro
2157 3469 2204 3512 et
2249 3463 2382 3515 cutis
2423 3480 2578 3534 quam
2622 3467 2756 3536 ignis
2795 3482 3080 3535 exusserat,
3115 3481 3219 3528 etc.
3276 3475 3484 3549 (lsrcn.)

1908 3544 2227 3616 Supradieta
2253 3551 2464 3608 videtur
2489 3567 2749 3624 repetere,
2779 3559 2872 3614 sed
2893 3563 3088 3630 pa’rtim
3117 3544 3305 3620 eadem
3329 3544 3481 3632 dicit,

1904 3637 2100 3706 partim
2142 3638 2346 3709 adjicit,
2373 3642 2598 3700 alteram
2627 3647 2822 3718 quippe
2864 3651 3188 3719 passionem,
3212 3657 3306 3711 sed
3333 3674 3486 3716 cam-

1905 3727 2030 3782 dem
2069 3729 2220 3798 ponit
2258 3731 2658 3792 indicationem.
2699 3739 2820 3810 Egit
2859 3743 3002 3796 enim
3028 3745 3093 3798 de
3130 3745 3311 3803 ulcere
3336 3752 3484 3820 quod

1905 3817 2084 3887 aliqua
2120 3822 2440 3890 aegritudine
2467 3827 2724 3898 neglecta:
2759 3834 2938 3887 carnis
2969 3846 3258 3906 generatur
3277 3817 3480 3910 et

1903 3907 2037 3963 ﬁcit.
2071 3910 2230 3966 Ulcus
2254 3928 2382 3984 ergo
2402 3917 2584 3972 carnis
2605 3929 2804 3976 nostra:
2823 3933 2906 3978 est
2931 3924 3196 3996 voluptas,
3221 3907 3476 3996 ebrietas,
3531 3944 3535 3949 '

1903 4001 2276 4075 gastrimargia
2313 4014 2367 4060 et
2405 4006 2738 4078 hujusmodi.
2771 4028 2890 4083 qua:
2919 4015 3224 4075 luxuriante
3252 4036 3484 4092 corpore

1904 4099 1959 4144 et
1984 4091 2035 4145 in
2056 4097 2346 4165 semetipso
2367 4100 2642 4168 pruriente
2660 4107 3000 4173 proveniunt.
3031 4107 3185 4166 Nunc
3209 4091 3387 4167 autem
3411 4116 3480 4169 de

1902 4181 2056 4254 plaga
2089 4186 2299 4255 majori.
2328 4189 2380 4244 id
2408 4201 2492 4247 est
2512 4197 2790 4252 exustione
2816 4199 2970 4267 ignis.
3000 4200 3075 4256 De
3103 4217 3210 4272 quo
3235 4205 3434 4260 dicitur
3461 4225 3476 4260 :

1903 4272 2051 4344 Ignis
2077 4277 2402 4336 adversarios
2427 4297 2689 4340 consumet
2719 4288 2852 4359 (lea.
2878 4291 3085 4362 Lxruv).

1981 4365 2146 4425 Vens.
2181 4372 2272 4428 25.
2295 4403 2366 4413 —
2385 4373 2523 4439 Quia
2552 4377 2726 4447 plaga,
2750 4386 2855 4433 etc.
2885 4379 2941 4433 ln
2965 4382 3218 4437 cicatrice
3239 4385 3480 4443 exustio-

1903 4468 1988 4522 nis
2017 4466 2220 4535 lepram
2248 4466 2447 4520 habent
2475 4467 2773 4533 Manicbazi,
2799 4473 2888 4541 qui
2913 4473 2966 4526 in
2996 4473 3332 4532 abstinentiae
3354 4493 3479 4534 cru--

1903 4558 2044 4614 ciatu
2081 4561 2310 4624 corpora
2339 4572 2435 4611 sua
2460 4568 2720 4622 exurunt,
2752 4571 2806 4616 et
2829 4578 2926 4632 per
2953 4564 3342 4634 inﬁdelitatem,
3367 4586 3476 4626 non

1903 4650 2218 4704 munditiam
2250 4649 2394 4713 inde,
2425 4651 2516 4705 sed
2543 4651 2741 4721 lepram
2771 4659 3011 4726 gignunt.
3488 4721 3489 4724 η

1972 4743 2133 4797 Vens.
2158 4742 2250 4796 29.
2273 4772 2345 4780 —
2377 4740 2466 4796 Vir
2488 4744 2591 4798 sive
2619 4743 2826 4800 mulier.
2877 4747 2978 4814 Qui
3021 4749 3227 4806 scilicet
3254 4751 3306 4806 in
3337 4753 3476 4809 divi-

1901 4835 2071 4889 nitate
2116 4843 2283 4900 errat,
2311 4834 2452 4890 sicut
2494 4835 2754 4901 haeretici,
2795 4840 2884 4908 qui
2919 4857 3022 4894 non
3051 4842 3221 4897 solum
3250 4843 3469 4910 Patrem

1898 4925 2156 4979 factorem
2179 4925 2360 4978 mundi
2384 4934 2601 4996 negant,
2633 4928 2726 4981 sed
2753 4929 2914 4983 etiam
2943 4940 3180 4988 actorem
3207 4935 3471 4992 malorum

1902 5015 2189 5080 alIirmant,
2219 5025 2278 5069 ut
2303 5016 2645 5071 Manichmus.

1983 5105 2072 5160 Vel
2116 5107 2296 5170 barba,
2320 5118 2423 5162 etc.
2451 5108 2622 5180 (ISID.)
2663 5109 2720 5163 In
2749 5111 2913 5167 barba
2936 5113 3134 5183 lepram
3161 5127 3354 5185 gerunt
3377 5121 3470 5188 qui

1900 5196 1968 5252 de
2013 5197 2266 5266 apostolis
2295 5207 2345 5252 et
2373 5199 2648 5270 discipulis
2672 5201 2870 5257 Christi
2909 5221 3164 5274 perverse
3208 5209 3466 5271 sentiunt.

1900 5299 1954 5343 et
1984 5289 2112 5344 falsa
2140 5291 2432 5358 pnetlicare
2466 5294 2795 5363 conﬁngunt.
2831 5293 3004 5349 Barba
3030 5298 3173 5351 enim
3198 5307 3283 5352 est
3309 5315 3468 5353 oma-

1900 5389 2141 5436 menltnn
2161 5380 2282 5446 viri,
2305 5390 2358 5436 et
2385 5383 2607 5451 apostoli
2635 5384 2882 5438 doctores
2907 5387 3144 5454 corporis
3169 5387 3392 5444 Christi.

1972 5472 2176 5543 (lsrcu.)
2207 5473 2313 5528 Sex
2343 5474 2550 5542 species
2583 5475 2744 5545 lepra:
2768 5477 3068 5532 invenimus
3108 5478 3464 5549 legislamretn

1897 5564 2160 5633 posuisse.
2190 5573 2317 5627 etc.,
2347 5583 2506 5635 usque
2549 5567 2618 5618 ad
2665 5567 2790 5636 quia
2833 5568 3034 5622 erroris
3069 5569 3150 5623 sui
3187 5570 3464 5625 uertitliam

1899 5663 2080 5722 aperta
2118 5656 2378 5724 pravitate
2409 5655 2719 5708 defendunt.

1969 5744 2091 5816 (ln.)
2119 5747 2366 5800 Diversus
2399 5746 2602 5801 colores
2648 5746 2807 5815 leprte
2848 5748 3116 5816 supponit,
3145 5757 3272 5810 etc.,
3306 5764 3466 5818 usque
