3998 6332
600 328 708 386 555
1093 326 1485 385 WALAFRIDI
1522 326 1770 385 STRABI
1809 324 2018 386 FULD.
2061 325 2227 386 MON.
2269 327 2419 386 OPP.
2459 331 2639 390 PARS
2674 334 2714 389 Ι.
2755 364 2824 374 —-
2863 334 3314 396 THEOLOGICA.
3693 352 3767 408 εδδ

585 443 672 498 cad
720 440 959 512 linguam
1006 440 1320 496 mendacem
1357 439 1625 512 signiﬁcat
1658 447 1716 496 et
1745 439 2185 496 imbecillitatem.
2213 440 2262 503 Α
2292 441 2566 500 abscindet
2593 444 2934 516 passionem;
2962 448 3211 519 superbia
3245 449 3558 522 abrumpitur
3579 456 3769 521 ,admota

656 533 839 589 Ἴης.
860 529 1633 603 3L—Recludeteumseptem
1646 530 1848 599 diebus,
1865 540 1915 586 et
1927 531 2031 597 die,
2047 539 2179 599 etc.,
2287 534 2612 604 humilitate;
2647 552 2785 592 vana
2827 537 3017 611 gloria,
3049 547 3229 595 amota
3259 540 3572 609 adulatione,
3596 553 3643 600 et
3670 562 3768 607 vana

600 640 710 680 non
733 632 842 679 tam
866 637 964 693 pro
986 634 1147 693 poena
1166 636 1324 691 quam
1347 622 1604 678 districtze
1620 614 1966 692 probationis
1985 637 2178 690 causa;
2289 624 2470 681 laude.

604 722 817 785 tempus
856 713 1002 769 enim
1036 713 1089 766 in
1132 712 1385 768 omnibus
1426 713 1773 778 servandum,
1801 712 2098 770 districtius
2124 713 2183 768 in
2360 715 2523 772 Vens.
2560 717 2650 772 57.
2679 746 2752 757 —-
2776 716 2947 790 Lepra
3002 719 3247 775 volatilis.
3285 720 3499 794 (Cana,
3525 725 3645 781 hom.
3682 743 3710 784 ι
3732 732 3773 786 is

586 803 690 859 .his
714 818 943 873 quantm
961 800 1144 874 lingua
1170 802 1315 857 circa
1343 802 1680 859 divinitatem
1707 819 1768 859 se
1792 802 2039 860 effrenat.
2290 805 2511 877 Ezech.)
2532 808 2834 879 Aliquando
2867 822 2965 867 nos
3003 811 3142 865 mala
3183 813 3353 882 egisse
3396 818 3713 884 cognoscimus
3735 830 3775 878 st

672 894 841 950 Vens.
868 891 1126 949 54.——Si
1155 893 1240 946 die
1261 894 1500 963 septimo.
1545 893 1683 961 Quia
1726 896 1952 950 verbum
1994 895 2183 966 inquo
2288 898 2539 963 vitamus,
2588 908 2728 965 etc.,
2762 916 2923 971 usque
2964 900 3033 956 ad
3077 918 3174 972 per
3227 903 3607 962 immoderatam
3651 913 3765 967 conti

596 988 953 1058 delinquitur,
990 986 1036 1042 si
1076 985 1241 1041 semel
1277 994 1439 1056 negat
1478 987 1569 1056 qui
1605 987 1870 1057 peccavit,
1897 986 2183 1057 diiudicari
2291 989 2533 1045 nentiam
2557 991 2625 1047 ad
2649 988 2946 1047 iracundias
2967 992 3157 1048 vitium
3188 995 3396 1050 transit.

606 1095 711 1182 non
739 1085 971 1182 oportet.
1018 1076 1149 1144 Quis
1170 1076 1495 1182 enim‘reum
1529 1074 1737 1182 indica:
1762 1092 1860 1148 De?
1885 1076 2187 1182 quoflnoo'”
2687 1164 2702 1182 ,
2889 1121 3116 1182 CAPUT
3152 1122 3272 1182 XIV

576 1169 781 1226 fiessus
809 1180 894 1225 est
920 1169 1123 1239 lingua,
1154 1168 1428 1223 voluntate
1457 1182 1514 1222 se
1536 1167 1825 1245 protulisse
1848 1169 2048 1240 negat?
2687 1164 2702 1183 '
2892 1164 3002 1179 ’λ’-⁵
3028 1164 3107 1182 ν’
3156 1164 3225 1180 ιι·
3243 1164 3259 1182 ν
3277 1165 3293 1181 ο

678 1259 916 1331 Lotisque
943 1259 1167 1314 vestibus
1209 1258 1437 1313 mundus
1477 1258 1594 1325 erit,
1626 1266 1730 1315 etc.
1763 1257 2038 1333 (Ηιειιοκ.)
2067 1259 2185 1315 Alia
2363 1256 2527 1311 Vsus.
2557 1256 2611 1311 l.
2632 1254 3051 1329 —Locutusque
3091 1268 3187 1314 est.
3214 1257 3414 1334 (181cm)
3438 1260 3562 1331 Quia
3579 1266 3773 1334 maculas,

575 1361 730 1408 "ante
749 1350 1072 1423 baptismum
1099 1351 1406 1415 commissa,
1440 1357 1570 1419 etc.,
1593 1368 1754 1423 usque
1774 1352 1844 1406 ad
1876 1352 1943 1408 de
1973 1367 2081 1423 quo
2105 1352 2174 1407 di-

2290 1354 2396 1402 etc.
2417 1386 2432 1412 ,
2485 1362 2649 1418 usque
2674 1346 2744 1400 ad
2782 1346 2898 1416 ipse
2920 1346 3069 1402 enim
3111 1362 3272 1404 omne
3317 1360 3580 1421 peccatum
3605 1357 3772 1411 curavit

575 1448 746 1501 \citur
771 1463 784 1500 :
810 1445 913 1512 Qui
929 1453 1108 1517 peccat
1131 1443 1187 1498 in
1210 1443 1467 1514 Spiritum
1488 1452 1751 1509 sanctum,
1774 1460 1878 1498 non
1897 1444 2174 1499 remittetur

2362 1440 2524 1494 Vens.
2560 1437 2616 1494 4.
2643 1469 2716 1480 -
2750 1437 2897 1494 Duos
2924 1456 3179 1509 passeres.
3206 1439 3330 1513 (11).)
3358 1441 3683 1511 Divinitatem,
3703 1447 3776 1502 sci-

572 1540 668 1605 m‘,
695 1547 799 1594 etc.
2291 1529 2419 1586 licet
2438 1538 2495 1585 et
2514 1529 2906 1586 humanitatem
2942 1528 3164 1586 Christi.
3192 1529 3327 1597 Quae
3351 1533 3556 1599 munda,
3571 1535 3673 1605 quia
3689 1549 3777 1605 pec-

674 1626 838 1684 Vsns.
869 1627 958 1683 57.
980 1656 1047 1667 —
1070 1623 1263 1696 Capilli
1289 1625 1447 1696 nigri,
1475 1624 1529 1680 id
1556 1632 1657 1689 est,
1694 1624 1740 1679 si
1770 1622 1971 1680 luxerit
1998 1623 2187 1695 impie—
2290 1627 2470 1677 catum
2500 1637 2606 1678 non
2628 1621 2849 1689 habuit;
2882 1628 2931 1676 et
2960 1621 3098 1688 viva,
3124 1621 3254 1691 quia
3278 1635 3345 1677 ex
3365 1630 3575 1692 peccato
3604 1640 3691 1681 non
3709 1624 3778 1680 fuit

588 1726 768 1773 ‘tatcm
801 1731 977 1779 suam,
1005 1722 1059 1771 et
1083 1729 1265 1770 veram
1295 1715 1463 1783 egerit
1489 1714 1881 1785 paenitentiam.
1918 1714 2186 1786 Lngentes
2290 1711 2522 1766 obnoxia
2550 1712 2762 1768 mortis.

590 1808 744 1861 'enim
771 1813 827 1861 ct
848 1805 1176 1875 pmnitentes
1205 1804 1361 1874 nigro
1387 1804 1575 1859 habitu
1604 1800 1993 1859 deformantur.
2215 1796 2265 1858 Β
2363 1801 2507 1868 Quos
2534 1804 2694 1870 vesci,
2740 1811 2848 1861 etc.
2878 1803 3047 1873 Quia,
3095 1803 3324 1861 Verbum
3362 1820 3481 1859 caro
3519 1803 3684 1875 {adsis
3708 1814 3776 1869 est,

657 1896 838 1952 'Vens.
864 1888 956 1950 38.
979 1925 1049 1934 -—
1076 1893 1171 1948 Vir
1198 1894 1304 1949 sive
1341 1893 1547 1959 mulier,
1578 1904 1682 1949 etc.
1713 1893 1921 1966 (15103.)
1964 1893 2022 1949 In
2053 1908 2190 1964 prte-
2289 1902 2346 1951 et
2381 1895 2483 1950 nisi
2520 1895 3005 1953 manducauerimus
3043 1912 3257 1952 carnem
3292 1894 3423 1952 Filii
3459 1895 3681 1963 hominis,
3707 1912 3777 1949 nos

600 1986 937 2041 varicatione
962 1980 1130 2040 divini
1157 1983 1422 2055 dogmatis
1443 2023 1458 2049 ,
1496 1991 1630 2052 etc.,
1667 1999 1830 2054 usque
1863 1981 1933 2039 ad
1960 1998 1980 2039 :
2004 1981 2189 2055 quibus
2287 1986 2590 2042 habebimus
2618 1987 2778 2042 vitam
2808 1988 2863 2042 in
2890 1987 3058 2043 nobis.

603 2096 707 2135 non
738 2081 928 2134 vivant.
1111 2142 1122 2157 ‘
2360 2077 2587 2149 Liqnum
2626 2079 2789 2134 cedri.
2813 2077 3023 2151 (larem)
3052 2077 3305 2145 Crucem,
3337 2094 3456 2151 quae
3493 2084 3656 2135 contra
3699 2091 3779 2133 om-

674 2173 837 2230 Vrns.
871 2172 962 2228 40.
1000 2203 1071 2213 -
1100 2170 1294 2227 Calvus
1315 2189 1377 2227 ac
1397 2172 1627 2227 mundus
1654 2180 1751 2227 est.
1784 2170 2048 2243 Simplex,
2079 2185 2188 2228 non
2286 2169 2377 2224 nia
2411 2169 2589 2236 fortis,
2616 2170 2761 2226 sicut
2785 2170 2984 2226 cedrus
3008 2169 3166 2227 fortis
3190 2179 3251 2226 et
3283 2169 3624 2241 imputribilis.

580 2262 811 2330 stultis;
841 2277 1002 2318 nemo
1031 2261 1176 2317 enim
1204 2268 1291 2316 est
1318 2260 1406 2316 cui
1445 2260 1635 2317 saltem
1662 2259 1821 2332 pauci
1860 2274 1971 2316 non
2004 2273 2187 2334 rema-
2364 2259 2738 2317 Vermicutum.
2762 2258 2942 2317 LXX:
2974 2260 3273 2318 Coccinum
3302 2268 3496 2317 tortum
3522 2259 3775 2329 passionem,

571 2363 767 2412 meant
800 2352 999 2425 capilli.
2287 2354 2496 2411 scilicet
2526 2355 2658 2426 quia
2692 2354 2977 2411 coccinum
3016 2355 3246 2410 rubeam
3285 2360 3387 2419 est,
3442 2359 3624 2407 tortum
3652 2349 3778 2421 passi-

663 2440 831 2502 Veas‘.
867 2445 958 2501 44.
997 2476 1070 2488 --
1122 2444 1431 2517 Quicunque
1484 2461 1607 2516 ergo
1667 2443 1964 2501 maculatus
1988 2484 2005 2511 ,
2068 2453 2181 2501 etc.
2284 2447 2512 2514 bilitate,
2545 2454 2603 2504 et
2630 2447 3062 2520 impassibilitate
3082 2455 3418 2505 contextum.

575 2538 774 2613 '(lsin.)
804 2536 1059 2594 Hmretici
1078 2538 1148 2592 ab
1172 2534 1417 2590 Ecclesia
1443 2533 1734 2604 ejiciuntur
1754 2535 1926 2592 donec
1953 2546 2186 2607 purgen-
2342 2538 2678 2613 hyssopum.
2716 2538 2957 2596 Gratiam
2987 2539 3225 2611 Spiritus
3263 2536 3459 2604 sancti,
3483 2550 3593 2606 qua:
3631 2541 3774 2591 nostra

595 2639 707 2687 tur.
737 2628 972 2686 Dissutis
998 2628 1216 2694 tunicis,
1245 2627 1300 2683 id
1322 2634 1426 2694 est,
1456 2625 1818 2684 manifestatis
1850 2627 2074 2684 secretis
2099 2641 2185 2684 se-
2284 2628 2654 2684 emundationi
2670 2636 3008 2700 cooperatur.
3031 2628 3217 2685 Unde:
3241 2628 3488 2700 Asperges
3501 2624 3780 2692 memorant,

596 2723 727 2779 dere
755 2719 1034 2791 iubentur.
1061 2718 1253 2790 Capite
1294 2719 1496 2773 nudato
1516 2758 1531 2783 ,
1565 2727 1629 2772 ut
1673 2718 1889 2775 nuditas
1932 2732 2121 2773 eorum
2151 2733 2183 2773 a
2283 2720 2526 2791 hyssopo,
2559 2728 2609 2774 et
2631 2719 2943 2787 mandabor,
2973 2727 3078 2776 etc.
3106 2717 3290 2793 (Psai.
3314 2718 3392 2792 ι..)

596 2814 809 2869 cunctis
837 2811 1102 2868 videatur.
1136 2808 1243 2866 Ore
1270 2806 1491 2876 clauso,
1520 2823 1591 2864 ne
1628 2807 1856 2864 ulterius
1902 2807 2065 2878 impia
2096 2807 2180 2863 lo-
2356 2811 2521 2867 Vsus.
2547 2809 2603 2865 5.
2640 2841 2709 2852 —
2737 2810 2908 2882 Super
2944 2827 3132 2882 aquas,
3165 2817 3278 2867 etc.
3320 2807 3657 2880 Baptismatis.
3694 2801 3783 2871 Qui-

582 2912 854 2974 ~!luantur.
2283 2917 2485 2974 cunque
2522 2903 2580 2957 iu
2617 2900 2826 2957 Christo
2864 2901 3116 2973 baptizari
3152 2918 3362 2970 sumus,
3391 2903 3448 2957 ia
3489 2907 3637 2955 morte
3669 2896 3782 2967 ipsi“

666 2993 837 3050 Vens;
864 2993 955 3049 46.
987 3022 1057 3033 —
1093 2989 1370 3047 Habitabit
1401 2998 1553 3045 extra
1590 2999 1786 3044 castra.
1826 2988 1920 3045 Sic
1947 2987 2182 3045 Joannes
2285 2991 2537 3064 baptizati
2572 3008 2755 3046 sumus
2786 2990 2958 3062 (Rom.
2995 2991 3097 3064 vr).

586 3083 986 3156 intelligibilem
1017 3083 1287 3154 leprosum
1319 3080 1389 3136 ab
1423 3076 1748 3152 intélligibili
1768 3078 2188 3135 habitaculoex-
2359 3082 2522 3138 Vens.
2559 3080 2613 3137 6.
2644 3111 2716 3122 —
2760 3078 2941 3152 Tinget
2987 3081 3046 3136 in
3091 3082 3374 3153 sanguine,
3398 3088 3502 3137 etc.
3539 3078 3657 3145 Quia
3677 3088 3781 3132 com-

593 3176 763 3233 cludit
797 3192 811 3229 :
841 3173 945 3241 Qui
973 3174 1108 3229 hanc
1126 3172 1421 3227 doctrinam
1451 3187 1555 3225 non
1576 3171 1755 3241 aﬁ‘ert,
1787 3187 1892 3225 non
1918 3172 2178 3242 recipiatis
2205 3157 2251 3221 C
2280 3174 2691 3245 prehenduntur
2736 3173 2917 3228 omnia
2975 3172 3031 3227 in
3079 3172 3289 3229 virtute
3337 3170 3596 3244 baptismi.
3642 3167 3784 3225 Vivus

591 3286 710 3327 eum
739 3269 794 3323 in
823 3268 1057 3331 domum,
1097 3274 1145 3320 et
1175 3281 1266 3320 are
1292 3265 1341 3319 ei
1369 3281 1475 3320 non
1502 3262 1740 3318 dixeritis
1766 3261 1852 3335 (II
1878 3261 2039 3318 Joan.
2068 3262 2177 3336 t0).
2281 3278 2469 3334 passer
2492 3263 2547 3318 in
2568 3263 2831 3334 sanguine
2857 3263 3026 3319 occisi
3054 3264 3300 3334 passeris
3328 3263 3563 3334 tingitur,
3584 3258 3689 3329 quia
3709 3268 3782 3310 non

670 3379 878 3453 (ιειειι.)
916 3375 1159 3434 llidicula
1189 3385 1316 3432 sunt
1348 3377 1465 3431 huic
1506 3374 1800 3430 secundum
1828 3372 2069 3428 litteram
2100 3373 2174 3428 in-

2280 3356 2335 3412 in
2370 3355 2604 3412 hominis
2626 3357 2878 3427 passione
2906 3363 3136 3423 tantum,
3164 3357 3268 3412 sed
3288 3356 3387 3412 Dei
3417 3362 3473 3411 et
3496 3350 3699 3410 hominis
3716 3346 3782 3403 ba-

590 3451 909 3543 terpretala,
948 3477 1080 3535 etc.,
1124 3485 1289 3539 usque
1327 3466 1398 3521 ad
1442 3482 1512 3522 ne
1554 3466 1768 3521 dicatur
1787 3464 1860 3530 ei,
1904 3462 2008 3529 Qui
2045 3478 2181 3534 praz-
2278 3451 2566 3543 Ριίῇθωυιξ
2728 3536 2759 3543 _
2852 3537 2865 3543 _
3087 3537 3098 3543 _
3524 3535 3558 3543 _

591 3533 739 3620 dicas
790 3533 904 3618 non
934 3533 1246 3633 furandum,
1278 3548 1815 3632 furaris;7peccatori
1844 3566 2019 3613 autem
2044 3533 2178 3612 dixit
2294 3632 2299 3633 γ
2352 3537 2497 3594 VB“
2532 3539 2585 3592 ⁷·
2620 3568 2693 3579 ···
2717 3536 2920 3609 sciui“
2976 3547 3034 3592 u‘
3069 3537 3191 3633 iure
3226 3546 3499 3633 Ραῗθεωτ·
3524 3535 3620 3591 PN

572 3652 734 3709 .Deus
761 3667 779 3706 .'
805 3620 984 3719 Quare
1017 3660 1073 3705 tu
1097 3620 1315 3705 enarras
1337 3620 1574 3722 justitias
1604 3649 1789 3704 meas?
1812 3646 1986 3722 (Rom.
2019 3646 2106 3721 ιι.)
2278 3632 2438 3689 Ῑοηηί
2469 3632 2697 3706 Spiritu»
2729 3633 2785 3688 in
2811 3647 2921 3702 (Ιυο
2945 3631 3122 3689 omnis
3148 3632 3435 3688 mundam
3563 3620 3780 3683 τθωίδάθῖ

2276 3724 2361 3782 vel
2390 3735 2447 3780 ut
2475 3732 2738 3797 purgetur
2763 3724 2945 3778 anima
2974 3738 3005 3777 a
3032 3732 3239 3793 septem
3276 3720 3615 3780 daemonibus.

2349 3817 2418 3871 Et
2464 3817 2684 3870 dimittet
2706 3830 2986 3885 passerem.
3010 3812 3149 3881 Quia
3201 3810 3593 3883 quodammodo
3626 3808 3784 3860 totum

2277 3907 2379 3964 sub
2425 3906 2877 3977 contemplatione
2934 3904 3159 3960 humani
3215 3903 3540 3960 intellectus.

2350 3999 2512 4054 Vens.
2549 3998 2602 4054 8.
2628 4030 2699 4040 —
2732 3998 3047 4054 Vestimenta
3072 4014 3191 4051 sua.
3220 3996 3405 4068 Opera
3434 4006 3488 4051 et
3507 3995 3549 4049 si
3572 4003 3689 4062 quas
3704 3984 3785 4039 Vit-

2276 4097 2421 4146 tutes
2446 4091 2725 4156 habuerit,
2749 4091 2875 4160 quia
2906 4101 2960 4145 et
2986 4095 3085 4149 has
3109 4098 3394 4160 peccatum
3415 4085 3613 4159 polluit.

2346 4177 2789 4255 Puri/malusque,
2817 4194 2963 4238 vere.
2998 4182 3266 4252 Superius
3312 4190 3492 4236 tamen
3536 4177 3708 4233 dictum
3734 4172 3789 4223 ω

2275 4272 2481 4342 lepram
2516 4272 2854 4337 mundatam,
2883 4272 2979 4328 sed
3020 4272 3101 4326 sic
3127 4270 3532 4343 intelligendum
3556 4271 3649 4329 est,
3673 4271 3786 4315 mua-

2276 4363 2392 4419 dari
2422 4372 2622 4433 aptam.

651 3765 827 3821 illius.
867 3763 957 3819 47.
990 3793 1063 3804 -
1098 3762 1270 3818 Vestis
1301 3762 1476 3829 lanea,
1507 3772 1614 3819 etc.
1647 3761 1769 3835 (ln.)
1801 3762 2015 3828 Lanea,
2047 3777 2174 3832 pre-

568 3854 734 3911 .”tiosa
774 3861 833 3909 et
866 3853 1109 3908 animum
1149 3852 1545 3917 calefacientia,
1603 3861 1733 3917 etc.,
1760 3870 1922 3924 usque
1967 3853 2037 3907 ad
2066 3852 2175 3908 sci-

563 3985 579 3998 .
594 3946 726 4005 licet
763 3952 819 4001 et
848 3945 992 4001 bona
1025 3958 1215 4015 Opera.

662 4059 830 4115 Vitas.
868 4057 940 4113 £8
972 4088 1059 4107 —.
1086 4057 1155 4112 In
1198 4058 1441 4123 stamine,
1492 4064 1598 4112 etc.
1631 4056 1902 4129 (Ηιεκοκ.)
1949 4055 2176 4113 Stamen

566 4149 771 4206 :anima
820 4158 1092 4218 est:qu
1134 4163 1258 4203 cum
1308 4148 1624 4204 tentationis
1667 4147 1789 4204 fuso
1838 4148 1893 4203 in
1941 4148 2175 4204 filiorum

590 4241 911 4297 tenuitatem
956 4246 1261 4308 torquetur,
1314 4236 1571 4294 ﬁrmioris
1624 4238 1844 4293 virtutis
1901 4238 2175 4294 soliditate

568 4331 1005 4402 constringitur.
1043 4328 1166 4386 Stat
1216 4344 1346 4400 ergo
1387 4331 1587 4395 anima,
1624 4339 1687 4386 ut
1734 4339 1915 4385 tamen
1966 4342 2171 4398 erecta,

564 4421 838 4492 corporis
865 4435 1058 4477 sensus
1086 4419 1331 4490 subiacet
1355 4428 1416 4475 ut
1449 4429 1660 4487 trama;
1696 4420 1801 4476 alia
1832 4430 2016 4478 autem
2045 4431 2173 4479 sunt
2347 4419 2515 4510 E16.“
2565 4453 2981 4510 tabernaculum.
3040 4454 3389 4511 Consortium
3438 4456 3733 4508 ωηοωηω,
3766 4448 3787 4487 ι

560 4516 860 4585 reorporis,
891 4515 994 4570 alia
1019 4516 1214 4569 animae
1248 4524 1492 4586 peccata.

2275 4559 2383 4616 quo
2425 4545 2785 4602 excluduntur
2831 4555 3163 4617 peccatores.
3198 4545 3357 4601 Unde
3399 4559 3517 4599 cum
3550 4526 3788 4609 hujusw‘i

636 4624 868 4698 .(lsrcn.)
892 4624 994 4692 Qui
1024 4625 1193 4680 solam
1235 4625 1475 4681 litteram
1504 4627 1811 4694 attendunt,
1845 4636 1976 4696 etc.,
2006 4646 2170 4702 usque
2276 4656 2368 4693 nec
2395 4640 2565 4693 cibum
2605 4654 2811 4693 sumere
2839 4640 2893 4708 (1
2918 4638 3041 4694 Cor.
3074 4639 3152 4707 5).

558 4718 663 4776 --a'd
709 4717 805 4773 sed
844 4723 902 4771 et
942 4716 1009 4771 de
1033 4731 1100 4773 ca
1154 4732 1276 4787 qua:
1309 4718 1457 4774 circa
1510 4720 1742 4775 virtutes
1771 4722 1991 4777 evenire
2035 4738 2170 4779 con-
2346 4728 2508 4784 Vsus.
2547 4728 2600 4783 9.
2630 4758 2703 4770 -——
2728 4728 2977 4799 Capillos.
3021 4728 3397 4800 Cogitationes
3446 4742 3561 4799 quae
3596 4727 3789 4778 ornatum

566 4808 786 4866 ’mevit.
2283 4816 2480 4877 homini
2512 4826 2574 4873 ut
2607 4820 2879 4886 rationali,
2906 4828 2963 4875 et
2999 4820 3168 4875 multa
3202 4818 3526 4889 disceptanti
3564 4811 3788 4885 prdidi“

658 4897 781 4971 ilo.)
816 4897 1017 4968 Lepra,
1043 4898 1098 4954 in
1127 4906 1274 4955 veste
1313 4900 1472 4967 linea,
1505 4910 1633 4969 etc.,
1665 4919 1829 4975 usque
1852 4904 1922 4957 ad
1951 4920 2004 4958 in
2033 4918 2169 4960 con-
2273 4911 2411 4966 sicut
2433 4910 2613 4980 capilli
2646 4911 2858 4981 capitis.

591 4989 909 5046 νθτθθίίοηε
932 4988 1092 5059 huius
1118 4991 1264 5046 νίῑω·
1368 4997 1374 5003 ’
2350 5002 2419 5056 Et
2445 5002 2746 5073 supercilia.
2772 5003 2903 5071 Quae
2942 5003 3216 5059 hominem
3259 4998 3714 5071 contemplativum
3746 4984 3791 5039 δε

656 5077 819 5135 Pellis
860 5080 938 5136 vel
983 5081 1257 5154 quidquid,
1288 5090 1393 5139 etc.
1422 5084 1545 5155 (ln.)
1577 5085 1829 5141 Tcntatio
1866 5087 2172 5142 tribulatio-
2276 5094 2597 5150 sublimibus
2630 5104 2683 5150 et
2710 5095 3069 5151 diviniorihus
3096 5097 3456 5161 constituunt,
3492 5089 3626 5163 quod
3655 5092 3792 5152 super

560 5170 692 5236 mis,
714 5179 843 5239 etc.,
867 5188 1033 5244 usque
1059 5174 1129 5228 ad
1146 5190 1246 5230 nec
1273 5175 1415 5230 sicut
1440 5174 1639 5229 munda
1666 5184 1869 5233 temere
1887 5179 2168 5250 suscipiat.
2275 5185 2401 5240 cilia
2432 5185 2484 5239 in
2506 5185 2789 5241 altioribus
2814 5188 2917 5241 sita
2946 5188 3272 5258 signiﬁcant.

642 5264 823 5321 'sts.
854 5265 945 5324 49.
966 5298 1037 5309 --
1059 5265 1118 5323 Si
1140 5260 1280 5334 alba,
1308 5275 1417 5323 etc.
1445 5268 1569 5339 (ln.)
1598 5267 1741 5322 LXX
1766 5289 1779 5323 :
1816 5269 2061 5324 Viridans
2090 5279 2172 5324 at-
2348 5274 2529 5331 Totius
2572 5279 2823 5348 corporis.
2855 5278 3032 5332 Etiam
3074 5279 3439 5334 verendarum
3485 5274 3715 5348 partium,
3751 5268 3793 5317 ιιι

578 5373 682 5429 que
700 5358 1004 5427 ﬂavescens,
1030 5358 1081 5413 id
1103 5366 1205 5426 est,
1237 5360 1514 5430 superbia,
1541 5374 1665 5430 quae
1681 5362 1750 5416 ad
1776 5362 2044 5417 modicum
2070 5361 2167 5416 llo-
2272 5366 2418 5421 nulla
2468 5376 2751 5423 remaneat
2770 5377 3015 5424 veterum
3046 5371 3462 5441 cogitationum,
3492 5378 3551 5424 ut
3578 5373 3701 5421 totus
3726 5369 3794 5410 90'

581 5455 670 5502 ret
711 5465 724 5502 :
766 5447 927 5513 unde,
957 5445 1104 5503 Sicut
1143 5448 1289 5504 olera
1314 5450 1594 5504 herbarum
1611 5452 1715 5505 cito
1732 5449 2160 5523 decident(Psal.
2270 5474 2370 5515 vus
2398 5468 2453 5514 et
2486 5461 2640 5529 quasi
2672 5462 2832 5516 modo
2857 5463 3071 5532 genitus
3096 5472 3334 5519 veterem
3365 5464 3632 5518 hominem
3652 5454 3792 5509 exuat.

560 5538 804 5613 κιαι),
867 5548 960 5595 aut
1016 5541 1336 5597 cenodoxia.
1380 5540 1505 5598 Vult
1552 5544 1696 5600 enim
1744 5543 1997 5600 Christus
2048 5545 2163 5601 vir-
2269 5566 2468 5606 novum
2499 5550 2706 5605 induat.
2738 5554 3021 5619 Quomodo
3044 5556 3190 5610 enim
3214 5554 3355 5610 rasis
3397 5553 3522 5624 pilis
3550 5544 3791 5607 succedunt

574 5636 727 5684 tates
766 5645 888 5686 esse
925 5630 1044 5686 sine
1080 5647 1218 5688 vana
1258 5632 1446 5704 gloria.
2267 5642 2415 5706 novi,
2440 5641 2487 5696 si
2515 5656 2668 5696 nova:
2697 5644 3055 5714 cogitationes
3084 5647 3151 5701 ad
3190 5644 3417 5702 meliora
3449 5641 3695 5718 pullulant
3727 5642 3793 5684 τε·

659 5718 817 5775 Vsus.
860 5720 949 5777 56.
991 5753 1060 5763 -
1108 5723 1390 5796 Abrumpet
1437 5744 1574 5783 eum.
1626 5727 1732 5784 Per
1786 5730 2160 5800 paenitentiam
2269 5733 2475 5791 tcribus
2499 5733 2729 5790 abrasis.

3195 5931 3225 5950 Ξ
