3998 6332
216 384 326 444 337

1224 376 1493 439 CLOSSA
1529 376 1926 438 ORDINARIA.
1967 413 2037 426 —-
2072 381 2199 440 LIB.
2241 376 2465 441 LEVIT.

3374 380 3481 437 338

290 501 461 558 Vens.
504 498 592 556 l0.
616 526 687 539 -—
722 491 821 553 Die
860 505 1059 552 octavo.
1100 495 1218 565 Quo
1239 496 1499 555 Dominus
1540 497 1794 563 surrexit,
1825 499 1873 561 Α
1899 498 2093 563 exerit,
2131 500 2235 555 nisi
2287 516 2446 554 manu
2474 507 2774 570 assumpta,
2810 498 2863 557 id
2891 508 2994 564 est,
3038 499 3247 556 actione
3278 500 3480 554 conﬁr-

218 604 333 667 quo
364 588 613 665 leprosos
658 589 959 662 ingreditur
986 599 1189 657 castra,
1226 605 1347 659 quae
1374 590 1683 659 patriarcha
1708 586 1799 643 Ja-

213 690 325 747 cob
374 687 512 743 vidit
555 683 970 742 occurrentibus
1007 681 1109 738 sibi
1156 682 1364 754 angelis
1395 700 1407 735 :
1436 682 1576 737 unde
1624 681 1803 738 locum

212 788 399 836 castra
424 776 520 834 Dei
548 775 836 849 appellavit
858 773 1013 847 (Cen.
1038 774 1236 846 χχιιι).

288 870 599 941 Postquam.
650 867 833 923 Prima
887 865 993 930 die,
1043 880 1149 953 qua
1189 863 1465 936 egreditur
1513 864 1798 931 sacerdos,

209 969 373 1017 extra
416 968 597 1016 castra
640 956 909 1013 immolari
951 955 1019 1010 ad
1068 955 1547 1012 immundationem
1602 955 1801 1026 leprosi

208 1051 502 1125 praecepit,
531 1058 720 1105 octava
748 1049 835 1104 die
876 1047 979 1101 alia
1013 1047 1277 1103 sacriﬁcia
1330 1046 1625 1103 substituit.
1674 1046 1797 1102 limo

211 1142 359 1199 enim
394 1140 641 1196 eamdem
666 1140 774 1195 vim
807 1138 1011 1193 habent
1038 1153 1197 1208 quam
1227 1138 1401 1208 prima
1436 1156 1450 1190 :
1483 1138 1609 1207 quia
1639 1151 1800 1197 cinae

214 1241 433 1303 tempus
478 1230 533 1285 in
572 1227 993 1285 hebdomadibus
1042 1228 1383 1283 terminatur.
1424 1226 1627 1283 Octava
1666 1242 1797 1299 ergo

209 1332 269 1378 et
310 1321 491 1393 prima
527 1328 610 1377 est
643 1336 762 1391 quae
805 1318 1173 1390 subsequitur.
1215 1317 1283 1374 Et
1324 1319 1622 1375 notandum
1654 1317 1799 1391 quod

211 1412 445 1485 lepram,
481 1412 536 1467 id
570 1419 655 1468 est
692 1421 973 1481 peccatum
1025 1425 1363 1481 summopere
1400 1411 1674 1467 vitandum
1718 1426 1801 1468 os-

214 1503 411 1569 tendit,
439 1503 583 1574 quod
612 1510 720 1557 tam
757 1502 1042 1575 diligenter
1076 1502 1292 1574 purgari
1321 1503 1599 1575 prmeepit.

282 1594 461 1664 Agnos
498 1590 884 1657 immaculatos,
917 1599 1025 1646 etc.
1058 1591 1250 1647 Omnia
1281 1591 1397 1647 haec
1437 1592 1676 1663 ﬁgurant
1706 1608 1795 1648 sa-

211 1683 481 1740 criﬁcium
523 1681 850 1747 Salvatoris,
876 1683 970 1752 qui
1016 1697 1115 1754 pro
1143 1683 1299 1738 nobis
1341 1683 1517 1738 hostia
1560 1683 1682 1738 fuit.
1716 1683 1795 1738 Ex

210 1781 444 1845 utroque
489 1787 622 1829 sexu
652 1772 978 1829 sacriﬁcium
1008 1772 1089 1841 ﬁt,
1125 1774 1250 1844 quia
1284 1781 1573 1844 utrumque
1606 1789 1796 1830 sexum

209 1863 460 1919 salvavit.
560 1936 565 1943 _
1785 1924 1797 1933 .

284 1954 494 2028 (Πιειι.)
523 1954 582 2012 ln
633 1956 841 2012 duobus
892 1955 1046 2025 agnis
1093 1954 1200 2010 duo
1256 1955 1517 2011 adventus
1566 1954 1788 2021 Christi,

210 2049 418 2120 quibus
440 2049 763 2105 credendum
793 2057 877 2104 est
905 2062 934 2101 a
966 2047 1115 2118 lepra
1146 2055 1490 2118 peccatorum
1521 2047 1788 2113 mundari,

206 2138 395 2211 primo
419 2140 557 2195 enim
589 2139 739 2195 venit
773 2147 828 2194 et
870 2153 1063 2210 passus
1095 2132 1180 2195 e'st
1220 2156 1233 2191 :
1266 2139 1503 2195 secundo
1534 2138 1589 2193 in
1618 2137 1791 2210 gloria

210 2239 479 2286 venturus
505 2239 606 2285 est.

282 2319 626 2375 Anniculam.
652 2318 973 2375 Anniculum
992 2317 1146 2388 jubet
1174 2334 1295 2375 esse
1322 2317 1648 2375 sacriﬁcium
1677 2327 1793 2374 tan-

208 2425 377 2481 quam
422 2408 719 2480 perfectum
749 2425 763 2462 :
792 2407 1034 2480 perfecta
1080 2408 1227 2466 enim
1268 2409 1323 2464 in
1365 2408 1640 2481 praedictis
1676 2408 1794 2464 ani-

207 2498 448 2555 malibus
493 2499 745 2555 annicula
787 2508 916 2556 sunt
948 2517 964 2556 :
1002 2501 1146 2558 unde
1188 2509 1245 2558 et
1286 2508 1415 2557 tunc
1448 2501 1792 2573 generationi

208 2597 341 2661 apta
366 2597 514 2646 sunt.

281 2680 355 2735 Et
408 2691 514 2737 tm
565 2681 815 2740 decimas.
842 2685 947 2753 Qui
988 2686 1134 2742 enim
1178 2684 1471 2742 mundatur
1514 2683 1785 2743 sacriﬁcio

207 2773 507 2846 Uuigeniti,
536 2776 695 2833 debet
731 2777 836 2833 ﬁde
872 2784 1074 2833 sancta:
1100 2774 1384 2834 Trinitatis
1423 2777 1649 2851 signari,
1681 2785 1793 2835 tres

203 2840 453 2923 decimas
476 2840 686 2935 similae,
710 2867 763 2925 id
790 2877 875 2925 est
901 2868 1243 2935 Trinitatem,
1259 2840 1554 2925 Patremvet
1570 2840 1788 2936 hlium,

200 2966 266 3015 et
297 2957 562 3031 Spiritum
604 2967 850 3015 sanctum
896 2959 1188 3016 habentem
1230 2960 1285 3015 in
1316 2974 1639 3031 unaquaque
1671 2974 1796 3033 per-

200 3067 345 3110 sona
370 3052 756 3125 perfectionem
787 3073 801 3109 :
828 3055 1082 3111 denarius
1110 3056 1255 3111 enim
1284 3053 1563 3126 perfectus
1587 3061 1692 3109 est.

276 3141 504 3200 Simila.
534 3145 825 3217 Unigeniti.
853 3145 1110 3214 Quamvis
1133 3145 1277 3203 enim
1305 3145 1580 3216 Unigeniti
1607 3143 1809 3216 passio.

1813 1872 1862 1933 B

1907 597 2050 643 mata
2099 598 2155 644 et
2198 590 2429 662 signata.
2464 589 2628 644 Mittit
2671 597 2850 645 autem
2887 589 3061 644 oleum
3104 589 3159 645 in
3202 589 3480 645 sinistram

1904 693 2142 745 manum,
2170 687 2225 734 et
2252 680 2465 752 intingit
2494 681 2717 751 digitum
2754 681 3004 736 dextrum
3044 680 3098 735 in
3125 680 3265 748 oleo,
3300 688 3359 737 ut
3385 698 3483 753 per

1902 781 2053 822 arma
2081 768 2307 840 iustitia:
2333 784 2362 823 a
2403 770 2610 825 dextris
2637 779 2692 826 et
2717 770 2955 826 sinistris
2982 779 3358 837 conversetur,
3384 786 3483 841 per

1902 857 2126 928 gloriam
2171 866 2227 916 et
2271 859 2695 932 ignobilitatem,
2722 876 2821 932 per
2853 860 3131 917 infamiam
3178 869 3235 917 et
3284 862 3483 921 bonam

1902 949 2122 1005 famam.

1975 1061 2138 1118 Vens.
2169 1061 2341 1119 l9.—
2365 1061 2434 1117 Et
2457 1063 2611 1134 faciet
2637 1063 2974 1133 sacriﬁcium,
3003 1070 3109 1118 etc.
3144 1063 3250 1119 Per
3273 1079 3337 1119 ea
3360 1080 3480 1135 quae

1902 1151 2043 1208 dicta
2068 1160 2192 1209 sunt
2221 1154 2287 1209 de
2317 1152 2529 1209 delictis
2547 1194 2563 1218 ,
2594 1163 2820 1225 possunt
2840 1169 2930 1218 .ea,
2979 1170 3099 1225 qum
3135 1170 3233 1226 pro
3258 1163 3480 1225 peccato

1901 1252 2065 1310 sunt,
2110 1243 2344 1314 conjici:
2376 1245 2552 1301 vicina
2594 1246 2737 1301 enim
2783 1254 2907 1302 sunt
2934 1257 2990 1304 et
3015 1248 3320 1305 communia
3357 1256 3478 1303 tan-

1902 1349 2067 1405 quam
2098 1334 2154 1389 in
2181 1335 2453 1391 communi
2482 1335 2734 1391 materia.

1972 1444 2388 1513 Holocaustum,
2441 1456 2548 1504 etc.
2578 1447 2783 1505 Christi
2813 1448 3141 1507 sacriﬁcium
3183 1451 3335 1521 prius
3379 1466 3491 1509 nos

1901 1552 1933 1593 a
1962 1539 2174 1595 delictis
2201 1546 2257 1595 et
2283 1540 2522 1610 peccatis
2552 1543 2795 1607 mundat,
2822 1550 2879 1597 et
2902 1550 3032 1597 tunc
3050 1551 3309 1598 nostrum
3347 1558 3483 1600 cono

1900 1629 2080 1705 ﬁcitur
2105 1631 2496 1687 holocaustum.
2526 1631 2661 1688 Cum
2691 1633 2837 1688 enim
2874 1632 3197 1705 intelligibili
3222 1635 3485 1691 emundas

1899 1722 2045 1779 tione
2069 1738 2265 1794 corpus
2291 1733 2537 1780 nostrum
2562 1734 2618 1780 et
2659 1726 2894 1780 animam
2923 1724 3325 1782 sanetiﬁeantes
3344 1725 3475 1782 facti

1899 1827 2085 1868 sumus
2114 1813 2445 1883 spirituales,
2484 1820 2613 1870 tunc
2639 1814 2786 1886 digni
2821 1815 2890 1871 ad
2937 1816 3311 1873 ascensionem
3342 1816 3483 1873 διιε-

1890 1903 1967 1958 ris
1995 1901 2290 1960 efﬁcimur:
2321 1912 2450 1961 tunc
2473 1906 2619 1961 enim
2652 1905 2866 1975 plenam
2904 1906 3347 1962 emundationem
3382 1922 3474 1965 ac-

1891 1992 2140 2065 cipimus,
2171 2009 2274 2051 ncc
2295 1993 2399 2049 alia
2426 1995 2748 2067 indigemus.
2774 1994 2913 2051 Sunt
2946 2011 3183 2066 namque
3219 1996 3474 2053 emunda-

1892 2084 2097 2139 tioumn
2131 2083 2427 2156 profectus,
2461 2088 2708 2157 quaedam
2735 2087 2882 2143 enim
2916 2103 2946 2143 a
2985 2087 3281 2158 pollutione
3307 2088 3471 2160 lepra

1890 2174 2114 2241 liberat;
2148 2175 2251 2230 alia
2284 2175 2489 2231 inducit
2513 2177 2569 2231 in
2602 2185 2814 2245 castra;
2845 2177 2947 2233 alia
2972 2177 3283 2249 plenissime
3308 2195 3467 2236 mun-

1891 2263 2046 2321 datos
2074 2264 2145 2321 ad
2170 2265 2342 2323 altare
2369 2276 2678 2338 praesentat.

1961 2380 2126 2437 Vsus.
2156 2380 2246 2436 21.
2268 2411 2339 2422 —
2369 2380 2522 2448 Quod
2554 2384 2601 2438 si
2641 2400 2838 2454 pauper
2861 2393 2936 2439 est
2961 2393 3010 2439 et
3036 2400 3141 2440 non
3167 2393 3331 2454 potest
3356 2398 3475 2438 ma-

1892 2488 1992 2527 nus
2029 2470 2164 2543 ejus,
2195 2479 2301 2528 etc.
2332 2471 2606 2546 (Ηιειιοκ.)
2655 2473 2769 2530 Hoc
2803 2482 2905 2542 est,
2940 2475 2986 2531 si
3037 2474 3253 2531 divitias
3300 2474 3463 2531 cmle-

1893 2562 2055 2619 stium
2083 2563 2469 2620 charismatum
2494 2580 2603 2621 non
2630 2566 2823 2633 habet,
2852 2566 3003 2623 verbi
3030 2567 3202 2639 gratia
3221 2606 3236 2633 ,
3278 2567 3323 2623 si
3357 2567 3472 2623 vir-

1891 2652 2174 2727 ginitatem
2210 2669 2427 2712 servare
2466 2670 2573 2713 non
2600 2656 2804 2723 valuit,
2829 2657 3044 2712 thorum
3074 2657 3346 2715 custodiat
3372 2657 3475 2713 im-

1891 2745 2250 2813 maculatum;
2298 2746 2345 2802 si
2395 2747 2646 2818 martyrii
2690 2763 2797 2804 non
2842 2748 3016 2820 potuit
3055 2757 3337 2821 reportare
3362 2756 3471 2805 tro-

1891 2851 2087 2909 pazum,
2122 2852 2183 2895 se
2209 2837 2399 2895 saltem
2423 2847 2605 2896 servet
2631 2840 2913 2897 invictum.

1966 2953 2121 3021 Quod
2141 2954 2189 3009 εἰ
2201 2971 2398 3027 pauper
2424 2964 2523 3023 est,
2537 2963 2644 3012 etc.
2662 2956 2980 3014 Mirabiliter
3000 2957 3388 3013 condescendit
3415 2965 3472 3014 et

1892 3044 2104 3100 veniam
2136 3045 2377 3103 tribuens
2397 3047 2719 3121 paupertati,
2752 3064 2986 3121 congrua
3012 3048 3233 3119 pauperi
3259 3047 3472 3105 sacriﬁ-

1893 3137 1975 3194 cia
1998 3139 2267 3210 praecipit,
2295 3154 2362 3196 ne
2388 3140 2734 3212 Obstupescat
2764 3141 2808 3196 si
2834 3137 3041 3212 majora
3066 3141 3275 3198 viribus
3299 3141 3469 3199 sacri-

196 3232 394 3300 fuerit,
451 3250 585 3307 opus
626 3247 803 3292 tamen
847 3245 931 3293 est
967 3237 1131 3294 totius
1178 3235 1460 3293 Trinitatis
1502 3252 1516 3289 :
1549 3235 1691 3290 unde
1736 3234 1791 3290 in
1818 3226 1863 3290 C
1894 3227 2016 3284 ﬁcia
2064 3229 2371 3302 exigantur.
2402 3230 2505 3299 Qui
2541 3239 2723 3287 tamen
2770 3248 2877 3288 non
2926 3233 3090 3289 habet
3127 3247 3324 3303 panem
3376 3238 3470 3288 aut

196 3323 427 3379 nomine
473 3323 669 3392 Patris,
698 3324 821 3381 Filii
856 3333 912 3380 et
953 3324 1187 3397 Spiritus
1208 3325 1383 3382 sancti
1425 3324 1788 3396 baptizamur,

195 3414 337 3471 dum
387 3415 444 3471 in
473 3426 702 3473 mortem
728 3417 930 3474 Christi
952 3417 1308 3488 haptizamur.

270 3505 452 3581 (Ιεω.)
481 3509 577 3565 Est
623 3509 771 3582 lepra
798 3510 1029 3582 peccati,
1062 3518 1195 3578 etc.,
1226 3526 1389 3581 usque
1419 3511 1489 3565 ad
1515 3519 1571 3567 et
1598 3526 1789 3568 conse-

193 3600 298 3673 qui
335 3601 570 3657 veniam.

274 3693 400 3750 Oiei
440 3706 749 3754 sextarium.
783 3692 921 3767 Quia
972 3696 1076 3754 ﬁde
1130 3696 1452 3769 intelligitur
1499 3704 1555 3752 et
1607 3696 1787 3768 agitur

192 3784 628 3857 unumquodque
714 3787 1121 3861 praedictorum.
1201 3784 1485 3843 Sextarius
1554 3782 1799 3855 namque'

190 3892 456 3936 mensura
485 3885 588 3946 est,
637 3893 738 3935 nec
764 3879 901 3951 plus.
926 3893 1028 3936 nec
1071 3877 1252 3937 minus
1295 3876 1561 3948 eapientis
1595 3893 1608 3930 :
1638 3874 1783 3948 quod

190 3972 350 4029 enim
375 3970 496 4041 plus
519 3979 624 4037 est,
651 3970 960 4035 effunditur,
988 3969 1033 4026 si
1065 3970 1244 4025 minus
1272 3975 1378 4036 est,
1406 3984 1514 4023 non
1542 3975 1626 4023 est
1659 3982 1783 4023 sex-

189 4062 395 4118 tarius.
419 4059 512 4117 Sic
539 4060 671 4118 ﬁdes
699 4061 767 4116 ad
794 4061 990 4116 mentis
1015 4068 1214 4117 nostrae
1248 4074 1561 4116 mensuram
1589 4059 1778 4125 datur,

189 4166 303 4208 nec
334 4153 484 4223 capit
516 4151 638 4223 plus
667 4160 762 4208 aut
796 4151 978 4207 minus
1004 4166 1165 4222 quam
1198 4165 1229 4205 a
1257 4150 1370 4206 Deo
1391 4149 1730 4205 distribuitur
1762 4168 1789 4204 .~

189 4242 347 4317 quod
376 4244 522 4299 enim
550 4243 670 4315 plus
703 4253 787 4300 est
810 4251 901 4298 aut
928 4243 1132 4309 minus,
1160 4250 1313 4298 extra
1343 4241 1502 4301 ﬁdem
1530 4249 1634 4297 est.

264 4334 388 4392 Olei
428 4335 721 4390 sextarium
749 4374 764 4401 ,
810 4334 1063 4405 pinguem
1102 4333 1197 4389 Dei
1250 4333 1677 4389 misericordiam
1722 4339 1779 4388 et

189 4425 433 4498 gratiam
488 4442 504 4480 :
553 4432 608 4480 et
646 4424 691 4480 si
738 4424 1094 4481 clarissimam
1155 4425 1526 4481 sanctimoniae
1580 4423 1774 4481 faciem

188 4513 457 4579 praeferre
479 4530 583 4571 non
612 4515 798 4582 valuit,
828 4515 1101 4571 lucernam
1138 4514 1258 4571 ﬁdei
1296 4532 1405 4572 non
1443 4515 1771 4589 exstinguat.

1890 3320 2197 3391 pecuniam,
2224 3321 2367 3377 unde
2392 3331 2539 3379 emat
2562 3337 2760 3395 agnum
2788 3331 2881 3380 aut
2899 3322 3201 3380 columbam
3240 3331 3335 3377 aut
3353 3329 3467 3377 tur-

1890 3412 2105 3468 turem?
2127 3412 2211 3469 Ad
2252 3413 2556 3485 spiritualia
2594 3429 2726 3485 ergo
2753 3415 2945 3472 horum
2983 3415 3269 3471 occasione
3299 3429 3465 3470 voca-

1887 3516 2030 3570 mur,
2060 3512 2120 3560 ut
2144 3504 2375 3576 lepram,
2417 3506 2710 3573 malitiam;
2752 3507 3160 3577 paenitentiam,
3205 3507 3469 3573 emunda:

1889 3594 2092 3651 tionem
2122 3595 2502 3668 intelligamus.
2532 3597 2892 3654 Poenitentiae~
2920 3608 3049 3654 sunt
3083 3614 3248 3670 opera
3276 3614 3469 3656 neces-

1884 3684 2061 3751 saria,
2112 3699 2232 3755 qua:
2277 3684 2491 3741 valeant
2532 3687 2713 3743 delere
2763 3698 3004 3760 peccata.
3038 3688 3192 3747 Unde
3230 3707 3243 3744 :
3283 3687 3470 3745 Facite

1882 3791 2004 3847 ergo
2028 3775 2227 3846 fructus
2248 3776 2433 3848 dignos
2457 3779 2768 3849 pauitantia:
2798 3779 2949 3853 (Luc.
2977 3781 3080 3853 ιιι).
3113 3779 3251 3836 Sunt
3283 3790 3463 3837 autem

1879 3866 2062 3939 plures
2084 3869 2177 3939 qui
2200 3884 2305 3925 non
2331 3879 2554 3941 possunt
2585 3870 2793 3929 solvere
2836 3874 2981 3944 quod
3008 3875 3174 3947 exigit
3200 3875 3481 3931 districtio.

1879 3960 2230 4031 pmnitentite.
2266 3960 2445 4033 Exigit
2470 3962 2613 4017 enim
2658 3963 2957 4019 orationem
2999 3966 3297 4031 assiduam,
3327 3964 3468 4020 elec-

1880 4064 2185 4122 mosynam,
2216 4048 2460 4124 vigilias,
2493 4067 2706 4107 sacrum
2740 4051 3003 4124 jejunium
3031 4096 3046 4120 ,
3094 4065 3151 4110 et
3190 4064 3249 4110 ut
3292 4056 3465 4126 possit

1878 4138 2058 4195 dicere
2085 4158 2099 4195 :
2127 4138 2308 4195 Facta:
2327 4150 2449 4197 sunt
2477 4142 2725 4214 lacryma:
2751 4160 2877 4199 mete
2900 4160 3062 4215 panes
3085 4145 3169 4199 die
3194 4164 3255 4200 ac
3276 4156 3465 4211 nocte;

1877 4238 1963 4297 et,
1996 4228 2201 4288 Lavabo
2229 4248 2322 4303 per
2357 4232 2593 4304 singulas
2623 4245 2793 4289 noctes
2822 4236 3013 4290 lectum
3055 4253 3249 4299 meum,
3293 4236 3466 4304 lacry-

1876 4322 1976 4376 mis
1999 4323 2146 4388 meis,
2179 4330 2284 4377 etc.
2305 4320 2478 4391 (Psal.
2520 4323 2653 4395 xw.)
2679 4324 2777 4388 Et,
2804 4322 2942 4390 Quia
2967 4326 3191 4379 cinerem
3218 4335 3465 4396 tauquam

1873 4427 2062 4481 panem
2100 4410 2503 4479 manducabam,
2543 4422 2646 4467 etc.
2683 4410 2868 4484 (Psal.
2916 4413 3028 4485 cr.)
3090 4413 3324 4483 lgnoscit
3374 4414 3462 4470 his

1875 4501 1967 4572 qui
1994 4501 2200 4569 volunt,
2233 4503 2326 4559 sed
2350 4518 2457 4558 non
2494 4512 2719 4575 possunt
2742 4504 2901 4560 aliam
2928 4506 3070 4560 viam
3102 4508 3459 4577 poenitentiae,

271 4606 437 4667 vus.
470 4604 829 4678 N.—Supra
853 4616 1162 4663 extremum.
1192 4606 1263 4662 Ut
1282 4605 1524 4661 auditum
1548 4581 1778 4673 muniat,
1804 4581 1858 4642 Β
1882 4592 1934 4647 id
1959 4600 2064 4659 est.
2095 4592 2199 4647 alia
2223 4592 2611 4649 sacriﬁciorum
2638 4609 2836 4665 genera
2859 4597 3114 4666 exquirit-

187 4708 247 4757 et
273 4706 496 4755 cautum
538 4697 727 4755 reddat
758 4716 771 4753 :
800 4715 871 4754 ne
899 4697 1130 4770 amplius
1154 4713 1342 4755 vocem
1371 4699 1642 4771 serpentis
1678 4715 1776 4755 au-

188 4790 336 4851 diat.

263 4878 343 4934 Et
374 4878 539 4949 pedis.
569 4878 642 4935 Ut
672 4879 723 4935 in
750 4882 1041 4951 conspectu
1065 4881 1162 4936 Dei
1200 4881 1368 4936 motio
1395 4891 1579 4936 nostra
1606 4889 1662 4936 et
1692 4883 1777 4938 via

186 4968 481 5041 dirigatur.
512 4968 607 5025 His
636 4970 778 5025 enim
824 4969 1149 5039 supradictis
1198 4971 1481 5026 custoditis
1524 4985 1624 5040 per
1649 4987 1775 5027 san-

186 5058 414 5128 guinem
461 5058 582 5129 agni
613 5067 670 5113 et
711 5058 871 5114 ﬁdem
900 5057 1036 5128 ejus,
1066 5072 1184 5130 qua‘
1223 5060 1379 5115 nobis
1421 5075 1518 5131 per
1563 5061 1763 5117 miseri.

186 5149 441 5206 cordiam
477 5157 533 5204 et
574 5149 1003 5221 compassionem
1050 5149 1219 5220 ipsius
1244 5150 1494 5219 donatur,
1526 5149 1775 5223 intelligi-

185 5239 323 5294 bilis
348 5238 493 5308 lepra
518 5237 756 5311 fugatur.

267 5326 434 5383 Vens.
466 5328 634 5384 16.—
662 5329 730 5384 Et
766 5341 1020 5403 aspergat,
1042 5338 1146 5388 etc.
1169 5332 1454 5389 Prmsumit
1479 5334 1623 5390 enim
1654 5336 1776 5392 talis

184 5417 453 5476 sacerdos
480 5421 620 5491 apud
642 5422 829 5485 Deum,
862 5423 1113 5493 quoniam
1144 5424 1404 5483 mundare
1431 5433 1487 5481 et
1507 5426 1777 5483 dimittere

180 5517 414 5581 peccata
441 5513 714 5583 potuerit:
746 5515 887 5570 unde
911 5515 1110 5584 septies
1136 5516 1405 5588 aspergit,
1428 5518 1553 5589 quia
1585 5534 1778 5575 nume-

183 5617 287 5657 rus
309 5610 399 5659 est
431 5605 769 5661 remissionis
797 5615 853 5661 et
890 5608 1096 5676 gratiae.

269 5693 434 5749 Vrsas.
464 5696 550 5750 l7.
568 5728 636 5738 —
659 5695 813 5763 Quod
856 5708 1052 5765 autem,
1078 5709 1181 5756 etc.
1218 5702 1289 5758 Ut
1317 5701 1449 5759 ﬁdes
1478 5704 1776 5767 sacerdotis

188 5785 249 5845 in
292 5788 547 5861 operibus
590 5791 922 5849 ostendatur.
957 5791 1070 5850 Non
1119 5796 1259 5852 enim
1307 5797 1463 5853 aliter
1489 5798 1592 5855 vim
1621 5816 1772 5858 suam

1967 4702 2132 4760 Vens.
2179 4704 2268 4761 20.
2316 4735 2377 4745 —
2424 4703 2591 4760 Ponet
2649 4723 2807 4777 super
2858 4717 3149 4767 extremum
3207 4712 3463 4769 auricula

1880 4795 2078 4849 dextra:
2108 4795 2251 4851 illius
2277 4798 2389 4867 qui,
2417 4807 2522 4852 etc.
2554 4796 2754 4867 (Orum,
2783 4799 2924 4855 hom.
2949 4802 2984 4859 8
3005 4803 3060 4857 in
3088 4802 3275 4875 Leuit.)
3300 4805 3464 4863 Vides

1879 4888 2146 4957 quomodo
2182 4888 2383 4945 ultima:
2428 4897 2484 4945 et
2533 4906 2758 4948 summae
2816 4896 3246 4965 puriﬁcatiouis,
3310 4908 3483 4966 etc.,.

1879 4993 2041 5049 usque
2067 4978 2138 5032 ad
2172 4988 2226 5034 et
2249 4994 2346 5050 per
2369 4982 2550 5037 omnia
2576 4982 2756 5040 Patris
2780 4984 2951 5043 Filius
2981 4998 3280 5059 reparetur.

1956 5065 2113 5122 Vens.
2140 5068 2228 5123 54.
2252 5101 2322 5110 —
2350 5070 2622 5128 Chanaan.
2654 5073 2861 5146 (151cm)
2903 5077 3073 5134 Terra
3123 5078 3459 5137 Chananeus

1879 5173 2000 5213 rum
2022 5158 2252 5215 Abraha:
2290 5163 2553 5230 promissa
2584 5175 2690 5230 est,
2717 5176 2847 5231 etc.,
2890 5184 3052 5239 usque
3095 5168 3165 5223 ad
3206 5170 3349 5241 quod
3382 5171 3457 5229 ibi

1883 5259 2027 5324 patet
2050 5250 2284 5308 Salutate
2308 5253 2604 5326 Nympham
2625 5267 2673 5311 et
2697 5258 3034 5315 domesticam
3054 5261 3166 5331 ejus
3186 5261 3457 5322 ecclesiam

1880 5343 2017 5415 (Col.
2049 5344 2165 5416 1v)..
2223 5332 2229 5341 '

1950 5436 2115 5495 Vsus.
2143 5437 2233 5493 ιθ.
2256 5471 2323 5481 -
2348 5439 2515 5497 Extra
2553 5445 2836 5501 ciuitatem.
2880 5446 2995 5504 Non
3044 5457 3253 5506 tantum
3301 5458 3457 5505 extra

1880 5527 2121 5594 domum,
2150 5531 2277 5601 quia
2294 5533 2364 5588 de
2406 5534 2699 5591 universali
2744 5536 2984 5595 Ecclesia
3008 5549 3135 5595 sunt
3167 5539 3417 5609 ejiciendi
3438 5580 3454 5605 ,

1880 5636 2001 5691 quae
2033 5631 2117 5678 est
2150 5624 2343 5680 civitas
2380 5625 2473 5681 Dei
2504 5628 2632 5682 vivi.

1952 5710 2112 5767 Vsus.
2139 5712 2227 5769 42.
2246 5744 2316 5755 --
2342 5713 2661 5786 Lapidesque
2691 5717 2845 5775 alios.
2888 5719 3144 5789 Dogmata
3186 5719 3455 5781 veritatis,

1881 5802 1945 5860 de
1969 5804 2162 5874 quibus
2184 5805 2405 5864 dicitur:
2428 5806 2646 5878 Lapides
2672 5811 2768 5865 rivi
2794 5810 3063 5868 volt-untur.
3083 5829 3238 5871 suvcr
3250 5824 3463 5869 tenam

3530 617 3576 677 t"
