3998 6332
607 396 710 451 ὅῦἷ)

1100 392 1491 449 WALAFRIDI
1532 393 1779 448 STRABI
1819 393 2024 449 FULD.
2069 391 2233 449 MON.
2273 389 2424 450 OPP.
2465 393 2646 449 PARS
2681 393 2721 452 1.
2761 425 2826 434 ——
2865 393 3320 454 THEOLOGICA.
3713 411 3789 470 διο

607 511 793 578 (Zach.
840 510 948 582 1x);
1005 518 1058 565 et
1087 509 1214 564 alibi
1254 529 1267 563 :
1305 509 1608 580 Quicunque
1655 509 1990 578 wdiﬁcaverit
2029 526 2183 580 super
2208 518 2261 574 Α
2356 511 2519 564 Vens.
2553 511 2726 564 l7.—
2759 509 2961 566 Vestem
2999 521 3046 566 et
3067 512 3271 583 pellem.
3299 511 3555 572 Miseriam
3591 527 3788 593 exprimi;

607 603 1008 676 fundamentum
1049 619 1239 657 aurum
1269 612 1316 656 et
1346 614 1637 672 argentum,
1667 612 1772 658 etc.
1799 601 1852 675 (Ι
1878 603 2001 657 Cor.
2028 603 2135 673 ιιι).

682 703 840 756 Vens.
873 699 960 755 44.
983 730 1054 740 —-—
1075 699 1350 754 Reversam
1391 697 1585 770 lepram
1631 709 1678 753 et
1707 699 1948 769 parietes,
1971 708 2078 754 etc.
2126 698 2184 753 Id

606 803 710 856 est,
741 793 809 853 si.
838 789 1022 859 ejectis
1043 792 1226 860 pravis
1250 791 1610 859 dogmatibus,
1638 791 1972 860 expositione
2000 790 2182 845 subtili

608 900 798 939 rursus
827 883 1118 953 impietatis
1147 882 1392 936 doctrina
1424 881 1730 935 inveniatur
1755 895 1994 950 aspersa.

681 976 843 1031 Vens.
871 975 959 1031 48.
983 1005 1052 1015 -
1074 973 1226 1040 Quod
1264 974 1309 1028 si
1340 973 1609 1036 iutroiens,
1632 980 1738 1026 etc.
1764 972 2032 1026 Memento
2063 985 2184 1042 qua:

607 1067 805 1139 legeris
829 1067 882 1120 in
922 1064 1268 1120 mundatione
1296 1063 1513 1133 leprosi.
1559 1062 1841 1118 Manifesta
1891 1063 2036 1118 enim
2090 1078 2184 1134 ap-

608 1167 764 1229 paret
813 1157 939 1227 quia
982 1156 1265 1211 ecclesiam
1326 1154 1702 1209 haereticorum
1751 1153 2040 1223 exprimit;
2089 1151 2183 1223 qui

607 1258 796 1306 contra
846 1249 1297 1318 dispensationem
1353 1245 1742 1301 incarnationis
1777 1243 1978 1301 Christi
2026 1244 2180 1316 agit:

607 1351 665 1395 et
689 1341 808 1397 ideo
854 1339 921 1394 ad
959 1339 1176 1394 domum
1223 1337 1583 1392 mundandam
1617 1336 1743 1390 talia
1774 1334 2043 1394 sacrificia
2089 1334 2186 1388 ad-

599 1434 750 1504 jicit,
799 1435 855 1489 in
897 1432 1094 1502 quibus
1125 1430 1382 1502 mysteria
1426 1429 1609 1494 carnis
1643 1438 1700 1486 et
1730 1428 2001 1504 passionis
2029 1425 2184 1492 Chri-

605 1526 677 1582 sti
706 1525 915 1595 possint
937 1524 1199 1594 exprimi,
1238 1532 1294 1578 et
1328 1530 1549 1592 peccata
1587 1523 1641 1578 in
1679 1536 1739 1578 se
1766 1521 2056 1577 commissa
2091 1536 2183 1576 sa-

606 1617 751 1671 nari.

676 1711 840 1767 Vens.
870 1710 960 1765 54.
986 1741 1058 1751 —
1091 1709 1203 1764 Ista
1247 1719 1322 1764 est
1361 1708 1467 1763 (ex.
1510 1708 1645 1776 Quia
1692 1708 1795 1764 late
1835 1708 1984 1780 leges
2021 1708 2188 1780 lepra:

604 1802 892 1872 exposuit,
950 1801 1259 1858 necessario
1305 1799 1714 1874 recapitulavit,
1763 1800 1917 1878 prius
1977 1815 2180 1872 genus,

606 1892 802 1948 deinde
831 1901 1013 1963 partes
1035 1892 1276 1962 exponit.

678 1984 880 2054 Leprte.
909 1983 1090 2053 lmpite
1117 1983 1393 2046 doctrinae,
1419 1998 1541 2052 qua:
1583 1982 1846 2053 contingit
1886 1982 2053 2036 etiam
2089 1980 2185 2036 lai-

605 2076 708 2140 eis,
742 2077 862 2131 ideo
891 2076 1128 2130 additum
1157 2083 1242 2130 est
1273 2093 1285 2127 :
1338 2072 1431 2128 Vir
1457 2084 1546 2128 aut
1579 2072 1768 2127 mulier
1793 2075 1849 2127 in
1893 2089 1996 2144 quo
2025 2072 2186 2142 fuerit

605 2168 762 2239 plaga
789 2166 944 2238 lepra:
986 2176 1034 2220 et
1084 2175 1187 2221 eat.
1227 2165 1284 2221 Si
1313 2166 1458 2221 enim
1511 2166 1820 2221 sacerdotes
1864 2172 2070 2219 tantum
2105 2163 2186 2217 in—

606 2259 922 2321 tellexisset,
970 2257 1249 2312 mulierem
1287 2272 1395 2311 non
1423 2257 1739 2312 addidisset.
1776 2255 1905 2310 Post
1947 2256 2062 2309 hazc
2105 2253 2184 2307 le-

603 2365 782 2420 pram,
818 2364 936 2419 qua:
972 2358 1056 2404 est
1080 2350 1134 2404 in
1163 2348 1472 2412 virtutibus,
1509 2347 1710 2416 posuit,
1743 2347 1858 2401 haec
1888 2346 2032 2399 enim
2060 2351 2186 2398 sunt

605 2440 800 2494 animae
838 2439 1177 2494 vestimenta.
1212 2438 1339 2492 Inde
1375 2453 1496 2516 quae
1523 2448 1607 2492 est
1636 2438 1691 2490 in
1713 2437 1966 2491 Ecclesia:
1993 2437 2182 2490 docto-

604 2529 775 2592 ribus,
802 2529 894 2597 qui
923 2538 1050 2583 suut
1079 2529 1314 2598 parietes
1337 2528 1547 2583 domus.
1575 2527 1812 2581 Tandem
1839 2524 2110 2581 cicatricis
2130 2532 2187 2578 et

605 2619 1003 2688 erumpentium
1035 2620 1350 2690 papillarum
1395 2619 1714 2674 memoriam
1764 2618 1892 2673 facit
1933 2637 1945 2671 :
1979 2617 2182 2686 lepram

605 2726 794 2766 veram
837 2711 1168 2777 describens,
1194 2725 1315 2766 eam
1347 2709 1554 2765 scilicet
1589 2725 1709 2779 qua:
1736 2716 1818 2764 est
1848 2709 1901 2774 in
1947 2708 2184 2778 peccatis

605 2801 691 2856 vel
727 2802 778 2856 in
813 2803 988 2857 dubiis
1015 2801 1099 2856 vel
1129 2801 1449 2857 manifestis.
1621 2789 1623 2791 ’

1193 2935 1420 2991 CAPUT
1459 2935 1573 2991 XV.

679 3067 886 3138 (Ιειοιι.)
923 3067 1065 3123 LXX
1093 3068 1191 3135 sic,
1233 3077 1370 3134 etc.,
1401 3087 1562 3140 usque
1607 3073 1677 3126 ad
1706 3073 1760 3130 in
1786 3072 1960 3127 virum
2009 3081 2182 3144 perle-

609 3172 778 3226 ctum,
817 3170 925 3215 etc.

676 3251 838 3307 Vens.
867 3252 920 3306 2.
955 3283 1024 3292 —
1058 3251 1276 3324 (Gnec.,
1303 3253 1396 3308 lib.
1449 3269 1619 3308 xxxiii
1665 3254 1858 3309 Moral.
1881 3298 1894 3320 ,
1939 3272 2057 3326 cap.
2092 3257 2178 3320 15,

604 3351 736 3398 tom.
763 3341 854 3412 ll.)
897 3340 986 3395 Vir
1012 3343 1100 3412 qui
1130 3343 1349 3411 patitur,
1389 3350 1493 3397 etc.
1541 3343 1680 3410 Quid
1729 3352 1810 3398 cst
1855 3361 2034 3400 sermo
2077 3347 2181 3401 nisi

603 3434 825 3489 semen?
846 3442 974 3500 etc.,
999 3450 1158 3504 usque
1181 3433 1250 3488 ad
1282 3449 1444 3505 quam
1475 3443 1746 3507 perpetua:
1776 3435 2039 3491 mercedis
2073 3435 2184 3490 fru-

605 3533 773 3580 ctum.

675 3617 881 3688 (Ιςιοιι.)
921 3618 1056 3686 Quia
1078 3619 1259 3674 multa:
1285 3621 1494 3691 species
1524 3630 1648 3676 sunt
1683 3637 1863 3692 pravm
1899 3622 2176 3685 doctrinm.

605 3716 739 3772 etc.,
765 3724 925 3779 usque
957 3708 1026 3762 ad
1056 3710 1102 3764 si
1130 3711 1401 3781 particeps
1439 3710 1602 3767 fuerit
1639 3713 1896 3768 doctrina:
1934 3713 2048 3783 ejus
2095 3731 2181 3776 sc-

604 3813 779 3868 quens
807 3800 1100 3869 discipulos
1128 3801 1315 3871 ipsius.

679 3891 843 3946 Vsus.
874 3893 927 3947 9.
959 3923 1030 3932 ——
1057 3892 1254 3962 Sagma
1293 3911 1448 3965 super
1475 3911 1600 3963 quo,
1629 3903 1734 3949 etc.
1784 3895 2012 3966 (ISIcu.)
2039 3896 2182 3951 LXX

607 3988 870 4056 ἐπισαγμα
921 3982 1071 4049 ὄνον,
1122 3985 1174 4038 id
1208 3996 1308 4047 est,
1343 3985 1634 4056 stragulum
1686 3986 1844 4040 asini.
1887 3987 1991 4041 Per
2043 3989 2185 4058 quod

605 4071 963 4142 negligentior
993 4073 1284 4142 discipulus
1311 4083 1366 4129 et
1395 4075 1540 4129 molli
1585 4077 1745 4130 corde
1775 4078 2186 4134 commutandus

607 4162 945 4234 intelligitur.
979 4162 1230 4233 Sagmata
1256 4166 1399 4220 enim
1435 4165 1612 4220 mollia
1647 4177 1792 4221 sunt.

680 4253 843 4309 Vnus.
877 4254 1046 4310 45.—
1071 4254 1380 4310 Numerabit
1407 4268 1597 4327 septem
1621 4259 1748 4312 dies.
1775 4260 1896 4333 (ln.)
1927 4261 2062 4328 Quia
2090 4277 2184 4332 per

608 4343 976 4414 septiformem
1023 4344 1281 4415 Spiritum
1329 4345 1489 4400 datur
1531 4347 1776 4402 remissio
1815 4359 2182 4418 peccatorum,

606 4435 761 4504 cujus
790 4443 994 4506 septem
1039 4436 1193 4490 donis
1232 4435 1470 4507 indigent
1516 4437 1605 4507 qui
1654 4439 1890 4508 perfecte
1936 4441 2182 4496 mundari

607 4525 823 4579 debent.

680 4613 844 4668 Vens.
875 4615 960 4669 Μ.
992 4646 1060 4664 —.
1088 4615 1233 4670 Duos
1275 4628 1521 4672 turtures.
1553 4618 1672 4690 llo.)
1721 4621 1948 4689 Dignum
1988 4621 2166 4676 docto-

607 4704 761 4759 ribus
809 4705 1152 4759 sacriﬁcium.
1198 4707 1399 4761 Turtur
1445 4708 1706 4778 siquidem
1755 4711 2177 4770 meditationem.

607 4793 855 4848 columba
887 4793 1197 4864 frequenter
1223 4812 1484 4866 generans
1518 4808 1573 4852 et
1619 4799 1875 4868 simplex,
1919 4800 2178 4870 Spiritum

606 4894 852 4940 sanctum
888 4885 1150 4955 designat.
1192 4885 1414 4956 Oportet
1443 4888 1586 4941 enim
1628 4888 1902 4942 doctorem
1932 4889 2182 4958 spiritua-

606 4973 733 5028 liter
756 4989 1015 5046 generare
1046 4975 1239 5043 :digne
1269 4991 1398 5046 ergo
1430 4978 1532 5030 hoc
1569 4975 1890 5031 sacrificium
1926 4975 2176 5030 sacerdo-

608 5065 754 5122 tibus
779 5075 835 5120 ct
859 5065 1132 5135 magistris
1159 5065 1444 5120 dedicavit.

681 5158 844 5212 Vnus.
874 5157 1047 5212 15.-
1072 5156 1261 5211 Coram
1293 5158 1515 5211 Domino
1545 5168 1599 5210 ut
1621 5156 1945 5210 emundetur.
1977 5155 2180 5212 Secun-

610 5250 737 5304 dum
767 5248 1093 5302 voluntatem
1122 5258 1177 5302 et
1202 5249 1371 5319 legem
1414 5248 1532 5312 Dei,
1573 5263 1735 5316 super
1757 5264 1877 5318 quae
1917 5247 2176 5317 peccavit,

611 5339 935 5394 emundatur
959 5339 1292 5408 pmnitendo,
1322 5337 1586 5393 sacrificia
1624 5339 1925 5392 orationum
1953 5337 2178 5392 offeren—

609 5431 711 5495 do,
744 5438 800 5484 et
830 5430 1085 5498 deinceps
1108 5439 1254 5484 recte
1283 5429 1512 5483 vivendo
1542 5437 1597 5482 et
1625 5432 1860 5497 perfecte
1901 5429 2174 5498 sapiendo.

682 5522 845 5577 Vens.
871 5521 956 5575 16.
975 5551 1043 5562 -—-
1080 5520 1116 5572 γ
1122 5523 1170 5574 ir
1192 5522 1255 5575 de
1275 5537 1376 5590 quo
1396 5522 1676 5589 egreditur,
1700 5528 1802 5574 etc.
1833 5519 2035 5591 (Ιδιαιι.)
2061 5518 2178 5572 Nisi

610 5615 744 5684 quis,
769 5622 900 5676 etc.,
920 5630 1078 5682 usque
1103 5613 1171 5664 ad
1199 5611 1475 5666 mundavit
1514 5625 1681 5680 genus
1721 5609 2032 5662 humanum.

683 5704 805 5774 (In.)
829 5704 964 5770 Quia
991 5702 1163 5770 multi,
1196 5712 1324 5766 etc.,
1351 5718 1514 5771 usque
1543 5702 1610 5755 ad
1652 5701 1932 5756 doctorum
1959 5716 2174 5755 suorum

613 5793 1007 5856 traditionibus.

2289 607 2564 678 originalis
2604 608 2845 678 peccati,
2899 624 3006 679 quo
3055 625 3221 680 genus
3272 613 3551 670 humanum
3583 621 3789 690 polluta

2289 700 2450 753 etiam
2481 699 2753 754 insensata
2800 699 3008 770 polluit.
3040 699 3290 758 Mulieres
3333 707 3575 775 exprimit
3611 727 3709 781 qua:
3743 716 3790 772 ιλ.

2288 789 2486 845 bidinis
2509 806 2672 846 causa
2703 791 3002 846 miscentur
3032 793 3159 848 viris
3195 793 3264 848 ad
3299 799 3629 866 temporalem
3649 820 3784 874 usum,

2289 896 2448 951 quem
2490 890 2769 952 prmstant,
2809 892 2863 938 et
2889 883 3294 952 vestimentum,
3323 887 3484 956 pelles
3522 907 3704 966 quoque
3724 914 3788 956 ve-

2292 982 2476 1028 terata:
2512 972 2890 1045 projiciuntur,
2933 983 2989 1028 et
3026 973 3310 1031 muliebris
3337 983 3647 1040 consuetudo
3682 996 3788 1043 vete-

2288 1073 2536 1119 rascente
2568 1065 2808 1120 amicitia
2847 1065 3139 1135 respuitur.

2358 1155 2523 1210 Vens.
2552 1155 2640 1214 l9.
2681 1187 2752 1196 —
2788 1155 3022 1220 Mulier,
3065 1165 3171 1212 etc.
3215 1157 3322 1214 Per
3361 1171 3619 1218 menstrua
3656 1181 3788 1236 prava

2287 1247 2637 1318 wgitationes
2665 1249 3031 1321 designantur.
3071 1248 3201 1316 Quae
3224 1249 3370 1306 enim
3408 1262 3658 1309 menstrua
3690 1258 3787 1326 pati-

2287 1347 2398 1404 tur,
2419 1339 2650 1394 alienam
2667 1355 2888 1395 carnem
2913 1356 3018 1396 non
3043 1341 3235 1412 tangit,
3251 1350 3306 1396 et
3327 1344 3535 1413 propria
3560 1360 3613 1401 se
3629 1347 3786 1416 polluit.

2289 1426 2382 1488 Sic
2403 1427 2601 1498 iniquae
2627 1428 2988 1500 cogitationes
3015 1438 3071 1484 et
3088 1429 3420 1496 voluntates,
3436 1433 3657 1501 quamvis
3669 1449 3786 1504 opm

2286 1536 2396 1576 non
2424 1521 2821 1591 compleantur,
2852 1521 2994 1593 apud
3025 1521 3195 1578 Deum
3214 1537 3315 1594 pro
3341 1522 3494 1578 lactis
3516 1523 3789 1582 habenturet

2286 1614 2603 1683 puniuntur.

2357 1703 2556 1760 Mulier
2591 1721 2709 1776 qua:
2733 1705 2997 1760 redeunte.
3023 1703 3232 1776 lisrcn.)
3260 1704 3489 1761 lntendit
3515 1714 3612 1761 tam
3645 1706 3786 1761 mulie-

2287 1811 2399 1862 res,
2436 1806 2545 1852 etc.
2566 1836 2582 1862 ,
2621 1812 2784 1867 usque
2812 1796 2884 1850 ad
2914 1810 3035 1866 quae
3074 1797 3350 1868 corruptio
3391 1797 3597 1853 humani
3627 1797 3788 1868 generis

2209 1871 2260 1931 Β
2286 1899 2392 1945 est.

2358 1979 2564 2052 Septem
2604 1980 2805 2046 diebus,
2843 1987 2949 2036 etc.
3000 1979 3414 2036 Universitatem
3441 1989 3704 2051 temporum
3735 1980 3786 2034 si-

2287 2071 2540 2142 gnificat,
2593 2085 2766 2139 usque
2805 2070 2874 2126 ad
2914 2069 3358 2141 completionem,
3395 2085 3497 2141 qua
3527 2070 3784 2125 declaratum

2285 2171 2370 2216 est
2411 2149 2757 2231 Evangelium
2804 2176 2818 2214 :
2865 2161 3099 2229 separati
3144 2160 3292 2215 enim
3337 2168 3487 2216 erant
3530 2160 3732 2214 homines
3761 2171 3785 2212 ι

2286 2252 2397 2306 Deo
2453 2265 2735 2324 usquequo
2780 2251 3132 2326 coniungeret
3169 2265 3266 2306 eos
3311 2249 3602 2321 evangelica
3640 2248 3782 2318 pradi-

2287 2355 2346 2394 ca
2357 2340 2448 2394 tio.

2359 2433 2462 2498 Qui
2503 2434 2726 2504 tetigerit
2772 2433 3128 2488 vestimentum
3176 2433 3319 2504 ejus,
3370 2432 3570 2495 levabit,
3609 2428 3784 2486 etc.Sio

2284 2533 2498 2594 Oportet
2517 2525 2585 2580 ab
2624 2524 2924 2579 idololatria
2964 2523 3242 2580 abstinere
3271 2543 3284 2578 :
3314 2533 3373 2578 ut
3409 2539 3506 2579 nec
3544 2520 3785 2577 idololatras

2285 2633 2387 2673 nec
2410 2632 2599 2672 eorum
2637 2617 2928 2686 discipulos
2963 2615 3048 2671 vel
3087 2615 3356 2680 fautores,
3386 2616 3568 2686 quibus
3591 2612 3713 2681 quasi
3733 2609 3783 2665 le-

2285 2707 2386 2763 ctis
2407 2707 2490 2761 vel
2518 2707 2661 2762 vasis
2688 2717 2936 2773 utuntur,
2975 2706 3375 2778 rontingamus,
3402 2721 3499 2760 nec
3523 2700 3782 2759 communio-

2283 2816 2406 2856 nem
2435 2816 2555 2855 cum
2583 2800 2664 2854 eis
2690 2799 3006 2854 habeamus.

2357 2891 2519 2945 Vens.
2544 2889 2722 2944 25-
2751 2888 2944 2944 Mulier
2973 2906 3111 2960 qum,
3143 2897 3253 2944 etc.
3281 2888 3413 2956 Quia
3456 2885 3637 2941 ﬂuxum
3668 2880 3782 2936 semi-

2284 2983 2372 3038 nis
2406 2983 2722 3053 patientem,
2750 2983 2982 3037 obscena
3020 2991 3075 3038 et
3123 2981 3520 3052 corrumpentia
3568 2979 3781 3033 docentem

2229 3139 2232 3143 ι
2284 3075 2550 3138 diximus;
2580 3083 2635 3129 et
2657 3073 2878 3129 Iudaica
2916 3083 3153 3130 utentem
3185 3075 3428 3130 doctrina
3453 3073 3516 3128 de
3535 3086 3626 3141 quo
3649 3081 3782 3124 semen

2285 3168 2460 3221 coitus
2491 3166 2798 3236 egreditur;
2855 3174 3063 3220 restant
3103 3167 3195 3236 qui
3243 3165 3523 3222 Gentilium
3551 3160 3780 3218 doctrinam

2284 3267 2563 3328 spargunt,
2604 3273 2724 3327 quae
2777 3267 3077 3328 opportune
3126 3260 3307 3317 fluxus
3343 3257 3598 3331 sanguinis
3620 3253 3780 3313 dicitur,

2285 3350 2440 3418 quasi
2480 3349 2719 3409 scductio
2764 3349 3080 3406 idololatriae
3113 3369 3124 3404 :
3155 3353 3394 3422 gaudent
3420 3350 3554 3407 enim
3575 3347 3778 3402 damoncs

2285 3454 2564 3508 sanguine.

2355 3553 2518 3609 Vens.
2553 3552 2640 3607 29.
2665 3584 2735 3593 —
2761 3552 2978 3624 O/feret.
3032 3551 3298 3626 Superius
3333 3555 3525 3610 ﬂuxum
3569 3541 3779 3617 sanguinis

2283 3642 2575 3713 patientem
2599 3659 2812 3699 sumere
2837 3647 2970 3701 duos
2996 3656 3260 3713 turtures,
3291 3642 3645 3701 autcolumbas
3661 3637 3703 3690 in
3721 3647 3778 3686 sa-

2281 3735 2548 3790 crificium
2587 3737 2877 3807 praecepit,
2909 3737 3036 3806 quia
3066 3738 3310 3809 magistri
3333 3738 3500 3792 locum
3528 3724 3775 3798 occupavit;

2283 3835 2338 3883 et
2387 3825 2475 3880 hic
2508 3840 2720 3896 quoque
2767 3842 2889 3882 eum
2937 3827 3029 3896 qui
3079 3829 3285 3898 patitur
3332 3823 3523 3880 fl'uxum
3568 3810 3778 3886 sanguinis

2285 3917 2408 3986 quia
2439 3926 2494 3974 et
2531 3917 2845 3978 idololatria:
2877 3919 3137 3990 magister
3161 3918 3286 3975 fuit.

2355 4030 2519 4086 Vens.
2557 4032 2644 4085 5L
2675 4061 2744 4071 -—
2782 4031 3062 4086 Docebitis.
3117 4031 3233 4088 Hoc
3285 4043 3454 4102 neque
3491 4027 3552 4081 de
3591 4011 3775 4089 lepros'S.

2283 4138 2458 4193 neque
2490 4123 2574 4178 his
2607 4123 2698 4191 qui
2738 4131 2964 4193 tangunt
2996 4123 3326 4194 morticinia,
3355 4115 3588 4177 sancivit.
3751 4187 3760 4198 ι

2354 4213 2741 4267 lmmuuditias.
2771 4211 2942 4267 Omne
2975 4223 3258 4282 peccatum
3281 4204 3598 4268 immunditia
3616 4204 3683 4253 est
3696 4204 3775 4246 anl-

2282 4321 2384 4361 ma:
2401 4347 2415 4369 ,
2444 4305 2538 4359 sed
2562 4304 2862 4358 idololatria
2894 4305 3145 4359 maxime.

2355 4393 2789 4448 Tabernaculum.
2811 4393 3125 4448 lnteriorem
3148 4395 3438 4455 hominem,
3461 4390 3512 4443 in
3532 4397 3625 4454 quo
3647 4378 3774 4469 imago

2282 4485 2400 4540 Dei.
2441 4484 2664 4539 Verbum
2692 4498 2906 4554 quoque
2941 4500 3066 4537 caro
3090 4484 3289 4553 factum
3309 4492 3416 4547 est,
3443 4487 3487 4533 et
3510 4465 3716 4528 habitabit
3736 4465 3772 4509 in

2203 4571 2256 4628 D
2282 4576 2448 4632 nobis.

2351 4667 2512 4728 Vens.
2536 4667 2624 4721 52.
2643 4697 2715 4707 —
2733 4666 2869 4722 Ista.
2893 4667 3022 4734 Qua:
3045 4666 3146 4721 sibi
3170 4667 3438 4721 cohaarent
3455 4701 3470 4725 ,
3507 4663 3556 4710 et
3592 4650 3772 4734 commlr

2281 4773 2404 4812 nem
2461 4758 2811 4812 intentionem
2869 4730 3088 4820 habent,
3135 4764 3353 4812 nectere
3414 4739 3689 4806 consuevit,
3731 4730 3772 4777 ιιι

2279 4847 2528 4904 ostendat
2582 4848 2851 4916 quomodo
2902 4849 3132 4902 debeant
3173 4845 3413 4915 intelligi,
3453 4847 3505 4894 et
3546 4844 3648 4904 qua!
3683 4828 3769 4874 cum

2281 4938 2477 5008 quibus
2503 4936 2825 5006 cognatione
2869 4936 3172 4992 intellectus
3199 4934 3590 5004 coniungantur.

2352 5048 2422 5102 E‘
2471 5049 2592 5119 qui:
2629 5056 2734 5103 ειε-
2762 5047 2862 5114 (ὶυί
2888 5057 3157 5117 Praecepta
3185 5046 3400 5102 Judaica
3421 5041 3580 5095 docet.
3605 5033 3650 5119 ἐι
3671 5012 3770 5119 ma“?

2283 5140 2438 5194 docet
2473 5116 2635 5202 bona,
2685 5116 2992 5193 immundus
3038 5116 3139 5204 est,
3172 5139 3296 5192 dum
3337 5147 3451 5204 qua:
3496 5124 3557 5179 ad
3593 5116 3766 5201 litterati!

2280 5233 2584 5302 pertinent,
2615 5240 2768 5287 extra
2823 5241 3034 5299 tempus
3071 5229 3294 5300 profert,
3325 5228 3459 5283 sicut
3486 5207 3670 5272 mundis
3696 5204 3768 5249 uu-

2285 5334 2370 5378 tur
2395 5325 2702 5384 immundis.
2727 5324 2868 5379 unde
2893 5343 2905 5376 :
2940 5320 3132 5376 Omnia
3159 5321 3351 5376 munda
3381 5308 3587 5370 mundis.
3608 5305 3690 5351 δίε·

2355 5439 2515 5493 Vens.
2543 5439 2715 5493 51—
2745 5439 2811 5492 Et
2839 5455 2976 5510 qum,
3003 5445 3105 5493 etc.
3150 5436 3215 5491 Hi
3256 5441 3375 5492 sunt
3398 5426 3483 5499 qui
3509 5407 3766 5510 magici“?

2283 5530 2517 5593 docent,
2567 5545 2688 5583 cum
2733 5545 2902 5599 genus
2945 5530 3238 5583 humanum
3288 5533 3464 5580 errore
3520 5496 3766 5599 ίί¹⁰¹⁰¹ξ¹ξῖῗ

2281 5620 2350 5675 sit
2396 5620 2668 5674 detentum
2713 5585 2764 5673 iii
2804 5619 3124 5681 menstruis,
3168 5619 3358 5679 idest,
3406 5609 3455 5662 in
3498 5585 3766 5666 separatione

2283 5707 2515 5761 malitia).
