3998 6332
257 337 366 396 341

826 474 1051 534 CAPUT
1124 476 1260 533 XVI.

331 625 502 682 Vens.
544 625 598 684 ι.
647 625 974 701 Locutusque
1019 641 1093 686 est
1141 631 1416 702 Dominus,
1461 645 1566 692 etc.
1610 636 1836 711 (ιειειι.)

257 715 448 775 Unum
473 731 669 788 corpus
707 717 843 790 legis
883 718 1035 786 facit,
1063 729 1189 786 etc.,
1221 739 1383 794 usque
1427 725 1496 780 ad
1543 726 1686 782 unde
1719 735 1841 797 post

258 819 498 866 mortem
539 823 728 864 eorum
769 810 1028 866 Dominus
1069 810 1186 867 haec
1213 812 1283 867 ad
1330 812 1548 886 Moysen
1577 815 1834 885 loquitur.

335 900 502 958 Vens.
528 900 582 956 8.
610 931 679 944 --
707 899 942 972 Loquere
966 901 1035 956 ad
1057 903 1236 958 Aaron
1253 944 1269 970 ,
1293 913 1398 960 etc.
1430 905 1552 977 (Ιυ.)
1565 905 1838 974 Quantum

259 1003 454 1068 parcat
479 992 634 1049 nobis
669 993 831 1060 Deus,
859 1001 992 1062 etc.,
1025 1010 1188 1067 usque
1216 997 1286 1052 ad
1311 999 1456 1069 quod
1481 999 1836 1070 praesentibus

255 1091 486 1140 cavetur
516 1081 720 1138 verbis.

335 1176 529 1232 Coram
576 1173 960 1246 propitiatorio.
991 1174 1196 1250 (lsrcn.)
1230 1176 1372 1232 LXX
1421 1195 1435 1234 :
1468 1178 1664 1236 Coram
1697 1180 1837 1237 facie

258 1266 646 1338 propitiatorii,
668 1274 802 1332 etc.,
831 1283 993 1338 usque
1029 1267 1099 1322 ad
1125 1268 1204 1324 vel
1242 1284 1405 1342 quam
1432 1285 1501 1327 ex
1524 1286 1688 1329 carne
1725 1273 1834 1330 Do-

259 1357 463 1413 minica
491 1355 838 1426 percipimus.

334 1449 502 1503 Vens.
529 1446 584 1501 3.
611 1477 682 1487 —
719 1445 954 1501 Vitulum
988 1464 1084 1518 pro
1118 1457 1327 1519 peccato
1355 1450 1556 1520 o/j‘eret.
1585 1449 1833 1524 (Ιειειι.)

261 1539 541 1595 Mirandus
585 1537 736 1593 ordo.
787 1537 921 1593 Cum
961 1539 1105 1595 enim
1147 1539 1403 1606 dixisset,
1438 1540 1565 1610 quia
1599 1556 1708 1596 non
1751 1550 1837 1598 εει

259 1645 479 1701 semper
505 1629 909 1702 ingrediendum
939 1631 994 1686 in
1022 1640 1231 1697 sancta,
1261 1648 1330 1688 ne
1360 1641 1561 1689 temere
1585 1641 1642 1689 et
1665 1633 1832 1688 incir-

258 1729 576 1791 cumspecte
620 1718 874 1775 accedere
907 1735 1312 1791 praesumamus,
1353 1723 1568 1792 quando
1609 1729 1666 1778 et
1701 1736 1834 1792 quo-

258 1812 423 1869 modo
445 1809 832 1882 ingrediamur,
871 1811 1128 1866 ostendit.

345 1899 580 1954 Vitulum
608 1899 788 1969 offeret
815 1916 910 1970 pro
938 1909 1164 1971 peccato.
1197 1899 1414 1956 Initium
1442 1902 1843 1974 praedicationis

1255 341 1521 401 GLOSSA
1557 343 1952 404 0RDlNARIA.
1992 381 2061 390 —
2094 349 2219 408 LIB.
2262 352 2486 412 LEVIT.

3403 359 3512 416 542

1790 531 1792 533 ,
1856 465 1907 524 Δ
1933 464 2099 521 daica:
2140 468 2310 537 plebis
2352 469 2668 526 liberatione
2713 469 2977 537 oll‘ertur,
3029 471 3532 529 vitulus-dicitur:

1937 557 2061 624 quia
2117 557 2248 630 legis
2286 559 2730 628 justiticationem
2777 563 3122 618 observabat.
3183 561 3334 618 Unde
3382 565 3508 620 ait:

1938 646 2062 702 Non
2099 649 2216 704 veni
2255 648 2416 720 legem
2459 651 2692 718 solvere,
2719 653 2809 706 sed
2851 651 3134 720 adimplere
3173 651 3390 723 (Matth.
3419 654 3509 726 v);

1933 735 2022 804 qui
2045 735 2216 804 [actus
2239 747 2314 792 est
2340 754 2405 793 ea:
2431 739 2648 795 muliere
2674 780 2690 808 ,
2729 749 2786 794 ut
2825 756 2912 794 eos
2937 755 3026 809 qui
3051 740 3147 794 sub
3185 741 3296 811 lege
3330 752 3508 806 erant,

1937 823 2206 880 redimeret
2227 823 2372 897 (Cal.
2402 827 2499 900 iv).
2529 829 2696 887 Recte
2721 844 2850 902 ergo
2878 828 3078 886 dicitur
3102 831 3322 898 vitulus,
3353 833 3542 902 quasi»

1934 917 2204 974 mandatis
2227 917 2364 987 legis
2399 919 2737 991 subjugatus.

2005 1007 2212 1080 (lsxcn.)
2268 1009 2607 1066 Sacriﬁcium
2659 1011 2858 1068 Christi
2901 1027 3020 1070 esse
3066 1014 3283 1084 quidem
3329 1015 3513 1070 carnis

1933 1113 2032 1170 per
2057 1100 2311 1156 virtutem
2337 1102 2652 1170 divinitatis,
2682 1113 2738 1160 et
2773 1104 2828 1159 in
2846 1103 3186 1174 beneplacito
3213 1104 3412 1170 Patris,
3453 1113 3512 1160 et
3525 1147 3536 1155 ..

1934 1192 2366 1263 propitiationem
2397 1210 2496 1264 pro
2523 1195 2761 1266 peccatis
2789 1197 2988 1252 nostris
3025 1215 3038 1250 :
3068 1205 3130 1253 et
3149 1196 3217 1252 ad
3246 1197 3530 1254 submini-—

1933 1283 2252 1340 strationem
2283 1284 2504 1355 spiritus
2525 1286 2708 1356 peragi
2741 1285 3018 1358 legislator
3040 1285 3371 1342 manifestat.

2003 1372 2423 1430 Vens.12.—De
2441 1376 2623 1446 prunis
2645 1375 2850 1442 altaris,
2874 1385 2979 1432 etc.
2996 1375 3376 1448 Spiritualibus
3387 1389 3512 1432 ver-

1932 1463 2037 1530 bis,
2055 1479 2182 1534 quae
2202 1463 2456 1531 Joannes,
2483 1481 2701 1538 egresso
2715 1464 2744 1521 Ι
2749 1467 2870 1531 uda,
2891 1467 2943 1522 in
2957 1481 3112 1522 ctena
3134 1466 3369 1537 scripsit,
3393 1467 3508 1537 qui-

1932 1551 2034 1608 bus
2053 1552 2276 1623 exponit
2295 1555 2562 1623 quomodo
2587 1554 2721 1626 ipse,
2752 1569 2876 1610 cum
2905 1556 2977 1610 sit
2997 1555 3052 1610 in
3083 1555 3243 1613 Patre
3275 1563 3332 1610 et
3350 1554 3514 1611 Pater

1935 1639 1990 1696 in
2019 1640 2136 1711 ipso
2159 1640 2417 1712 Spiritum
2440 1643 2650 1709 mittat;
2667 1644 2936 1713 quomodo
2955 1643 3114 1700 Pater
3125 1645 3514 1717 agricola,ipse

1934 1729 2080 1796 vitis,
2110 1729 2355 1800 palmites
2383 1733 2631 1802 apostoli,
2660 1741 2715 1788 et
2741 1733 2846 1788 alia
2884 1734 3072 1797 multa,
3105 1750 3224 1804 qua:
3246 1736 3314 1792 ad
3339 1736 3512 1806 pieta-

1858 1809 1908 1871 B
1935 1827 2041 1875 tem
2066 1821 2367 1876 accendunt
2388 1830 2642 1892 tanquam
2671 1823 2934 1879 carbones
2956 1822 3094 1895 ignis
3115 1823 3298 1895 (Joan.
3327 1821 3510 1895 xvui).

2014 1907 2280 1966 Haut-iens
2312 1927 2490 1966 manu.
2516 1911 2677 1967 LXX.
2709 1911 2957 1983 Implebit
3001 1927 3193 1968 manus
3219 1927 3348 1968 suas
3385 1913 3511 1984 thy-

264 1991 467 2049 divinze
485 1989 733 2046 Christus
751 1999 853 2058 est,
881 1999 937 2046 et
957 1991 1138 2061 passio
1160 1991 1297 2061 ejus,
1319 1993 1364 2048 si
1389 1993 1504 2049 hazc
1524 2009 1630 2049 non
1655 1993 1848 2050 fuisset
1941 1999 2218 2069 miamate,
2240 2003 2644 2074 compositionis
2663 2003 2894 2071 subtilis,
2927 2001 3142 2060 subtilia
3172 2003 3377 2060 scilicet
3400 2003 3510 2076 spi-

258 2091 326 2141 ει
353 2083 422 2138 ab
448 2096 631 2138 errore
655 2088 765 2136 tam
790 2080 992 2138 ϐεηιίιὶ
1025 2097 1186 2153 quam
1212 2081 1437 2139 Judaico
1461 2083 1707 2141 homines
1735 2101 1843 2142 non

256 2170 589 2238 liberasset,
641 2171 711 2227 de
761 2171 1042 2228 divinitate
1075 2171 1253 2228 Patris
1297 2173 1443 2244 loqui
1483 2189 1591 2230 non
1636 2183 1839 2245 posset.

257 2266 435 2325 Nemo
478 2268 614 2322 enim
665 2268 806 2322 novit
846 2265 1061 2322 Patrem
1093 2267 1194 2322 nisi
1223 2265 1398 2322 Filius
1427 2275 1478 2322 et
1505 2269 1593 2323 cui
1622 2267 1843 2326 voluerit

257 2358 489 2414 revelare
516 2357 731 2429 (Matth.
763 2356 863 2428 si).

265 2488 268 2490 η
332 2449 498 2503 Vens.
543 2448 616 2502 4.
646 2479 715 2489 -
756 2446 956 2502 Tunica
984 2446 1124 2502 linea
1179 2447 1463 2514 vestietur,
1495 2455 1598 2504 etc.
1637 2446 1740 2516 Qui
1769 2447 1836 2504 de

255 2541 372 2595 Deo
399 2539 677 2596 locuturus
697 2547 800 2605 εει,
824 2546 878 2594 ει
902 2539 1077 2610 ipsum
1107 2540 1399 2594 secundum
1425 2539 1839 2610 possibilitatem

253 2631 494 2696 visurus,
527 2631 776 2686 omnibus
817 2637 1057 2684 armetur
1083 2630 1370 2684 virtutibus
1391 2670 1406 2695 ,
1449 2644 1678 2699 quarum
1707 2643 1839 2699 qua-

255 2727 383 2773 tuor
408 2717 686 2788 generales
711 2725 855 2784 sunt,
883 2716 1116 2788 justitia,
1153 2718 1394 2786 castitas,
1423 2716 1681 2774 fortitudo
1702 2757 1718 2784 ,
1745 2731 1820 2773 sa-

253 2807 481 2878 pientia.

331 2899 714 2955 Feminalibus.
749 2899 996 2972 (HIEBON.
1021 2901 1172 2972 epist.
1195 2900 1263 2955 ad
1289 2898 1584 2966 Fabiolam,
1608 2905 1740 2956 tom.
1767 2899 1834 2972 Ι.)

254 2995 361 3051 Ubi
406 2993 638 3050 refertur
677 2995 946 3066 quomodo
982 2995 1191 3066 Moyses
1215 2995 1393 3050 Aaron
1435 2992 1655 3048 fratrem
1679 3008 1834 3049 suum

252 3087 516 3154 induerit,
553 3097 683 3155 etc.,
717 3105 877 3159 usque
905 3089 974 3142 ad
1003 3097 1175 3143 morte
1201 3087 1513 3142 moriamur.

1942 2090 2156 2146 ritualia
2181 2107 2363 2160 orans,
2395 2108 2502 2148 non
2527 2099 2764 2148 terrena.

2013 2180 2320 2253 Thymiama
2339 2183 2662 2240 orationem.
2691 2183 2844 2241 Unde
2872 2202 2885 2238 :
2919 2184 3191 2256 Dirigatur
3208 2185 3376 2240 oratio
3397 2200 3513 2239 mea

1940 2270 2076 2325 sicut
2118 2271 2383 2326 incensum
2409 2273 2468 2326 in
2507 2283 2781 2345 conspectu
2821 2283 2931 2328 tuo.
2965 2273 3151 2330 Oravit
3181 2273 3326 2330 enim
3355 2272 3514 2330 Chri-

1941 2369 2060 2417 stus
2089 2377 2188 2431 pro
2217 2362 2516 2433 discipulis.

2011 2451 2176 2508 Vens.
2206 2453 2292 2509 15.
2315 2484 2385 2496 -
2419 2452 2486 2509 Ut
2524 2455 2707 2526 positis
2728 2495 2743 2519 ,
2787 2465 2890 2511 etc.
2924 2454 3105 2512 Aaron
3133 2470 3232 2527 pro
3255 2454 3512 2526 dignitate

1939 2543 2248 2610 sacerdotii,
2296 2543 2568 2601 Christum
2605 2554 2662 2600 et
2699 2545 2832 2601 alios
2869 2546 3178 2601 sacerdotes
3222 2545 3507 2617 significat.

1938 2633 2186 2690 Christus
2195 2651 2350 2704 super
2367 2636 2555 2706 ignem,
2571 2635 2624 2691 id
2635 2644 2720 2691 est
2731 2635 3051 2700 doctrinam,
3073 2635 3223 2707 ponit
3243 2644 3483 2690 aromata
3492 2675 3506 2696 ,

1938 2724 1994 2780 id
2035 2734 2141 2791 est,
2183 2726 2514 2792 orationem;
2543 2734 2599 2781 et
2636 2743 2797 2798 vapor
2837 2727 3067 2792 nebulae,
3111 2725 3164 2780 id
3197 2734 3300 2792 est,
3338 2727 3512 2781 virtus

1937 2818 2231 2885 orationis,
2261 2819 2439 2888 operit
2475 2818 2786 2884 oraculum,
2833 2819 2887 2874 id
2923 2825 3006 2872 est
3039 2832 3280 2884 carnem,
3306 2831 3374 2873 ex
3401 2832 3511 2886 qua

1937 2908 2092 2963 nobis
2117 2908 2425 2979 pr0pitiatio
2453 2917 2800 2978 peccatorum
2842 2908 2897 2962 in
2933 2907 3181 2973 Christo,
3218 2907 3310 2977 qui
3348 2914 3512 2962 estet

1936 2997 2322 3054 testimonium.
2372 2997 2530 3053 Ponit
2573 3007 2752 3053 autem
2794 3005 2850 3054 et
2885 2997 3112 3069 quisque
3149 2996 3402 3052 sacerdos
3443 2996 3511 3052 de

1935 3093 2150 3150 Christo
2196 3093 2441 3164 loquens,
2488 3093 2543 3147 in
2586 3092 2708 3164 igne
2747 3091 3004 3148 doctrina:
3045 3090 3360 3162 spiritualis,
3391 3105 3512 3145 aro-

328 3179 452 3250 (Ιυ.)
485 3177 788 3235 Secundum
819 3180 1102 3246 Hebraeos,
1157 3188 1263 3235 etc.
1284 3219 1297 3241 ,
1327 3195 1488 3250 usque
1515 3178 1584 3232 ad
1623 3179 1741 3235 ideo
1768 3178 1832 3233 li-
1859 3164 1904 3228 (ἶ
1934 3192 2083 3238 mata
2111 3184 2400 3248 orationis,
2430 3181 2582 3252 cujus
2608 3184 2778 3237 virtus
2803 3183 2978 3252 operit
3003 3180 3283 3236 oraculum
3310 3221 3326 3246 ,
3367 3181 3512 3250 quod

250 3272 374 3327 ncis
402 3271 744 3328 feminalibus
772 3272 971 3327 femina
1001 3272 1086 3326 vel
1114 3271 1320 3326 femora
1351 3270 1616 3326 velantur.

328 3365 461 3418 Cum
481 3363 618 3419 lotus
635 3365 810 3434 fuerit.
837 3364 1046 3437 (Ιειειι.)
1064 3364 1213 3434 Aqua
1231 3363 1505 3434 baptismi,
1523 3372 1652 3429 etc.,
1672 3379 1833 3434 usque

250 3455 326 3509 ad
356 3455 451 3510 sed
481 3455 936 3526 dispensationem
965 3455 1165 3512 Christi
1196 3455 1493 3527 intelligere
1519 3455 1761 3524 cupiens.

327 3544 492 3599 Vens.
527 3544 580 3599 ὃ.
611 3539 681 3585 —é
706 3544 1060 3618 Suscipietque
1102 3547 1166 3600 ab
1195 3546 1433 3600 universa
1476 3545 1830 3612 multitudine,

251 3642 361 3690 etc.
386 3634 509 3706 (lo.)
541 3634 790 3691 Christus
819 3651 918 3705 pro
938 3637 1092 3691 nobis
1114 3634 1421 3690 immolatus
1449 3642 1548 3700 est,
1576 3643 1708 3700 etc.,
1738 3651 1832 3689 us-

251 3743 358 3796 que
404 3727 473 3779 ad
513 3727 652 3782 unde
697 3726 896 3783 Paulus
937 3745 952 3782 :
1005 3725 1308 3796 Mortiﬁcati
1350 3727 1471 3780 estis
1517 3743 1609 3797 per
1645 3743 1832 3799 corpus

255 3814 455 3871 Christi
486 3815 659 3887 (Rom.
687 3817 828 3888 vni).

325 3904 490 3961 Vens.
519 3906 570 3959 7.
595 3937 662 3946 —
685 3906 827 3962 Duos
848 3907 1044 3974 hircos,
1073 3914 1177 3962 etc.
1209 3905 1418 3978 (Ιειειι.)
1441 3905 1574 3974 Quia
1600 3916 1708 3964 tam
1734 3920 1832 3976 pro

249 3998 628 4067 peccatoribus
655 4014 816 4068 quam
841 4015 938 4068 pro
955 3997 1136 4066 justis,
1168 4006 1301 4065 etc.,
1327 4014 1488 4069 usque
1509 3999 1579 4052 ad
1607 3998 1790 4054 dicens
1814 4015 1826 4050 :

253 4087 379 4142 Non
405 4100 554 4142 erunt
580 4089 673 4142 tibi
694 4088 852 4143 alieni
882 4088 1076 4161 (Exod.
1105 4088 1220 4158 xx).

323 4179 509 4249 (Auc.,
533 4190 714 4251 qua’st.
749 4181 818 4235 55
851 4181 904 4234 in
927 4179 1114 4247 Levit.,
1156 4188 1284 4236 tom.
1327 4180 1438 4253 lll.)
1463 4181 1606 4236 Duos
1635 4181 1827 4234 hircos.

249 4270 450 4327 Hircus
479 4272 857 4338 immolandus,
889 4281 1018 4340 etc.,
1055 4290 1216 4344 usque
1257 4273 1325 4327 ad
1352 4272 1634 4345 allegorica
1665 4273 1831 4344 signi-

251 4361 456 4418 ﬁcatio.

324 4455 532 4526 (Ιειειι.)
583 4456 728 4509 Duos
787 4456 958 4509 hircos
1001 4464 1138 4510 stare
1187 4454 1361 4523 faciet.
1412 4454 1547 4522 Quia
1583 4453 1828 4510 Christus

249 4547 398 4604 Deus
425 4555 480 4600 et
501 4547 685 4613 homo,
710 4553 842 4611 etc.,
873 4563 1033 4617 usque
1059 4547 1128 4600 ad
1156 4554 1208 4602 et
1231 4545 1460 4602 alteram
1486 4561 1646 4616 capro
1668 4546 1830 4602 emis-

250 4637 400 4692 sario
434 4634 668 4691 Christo.

326 4726 489 4780 Vens.
537 4725 620 4779 lO.
662 4755 731 4765 —
760 4724 826 4780 In
857 4725 1210 4780 solitudinem.
1242 4725 1300 4780 ld
1328 4734 1408 4781 est
1439 4727 1491 4781 in
1523 4727 1696 4781 sinum
1723 4725 1828 4780 Pa-

249 4817 375 4882 tris,
407 4831 513 4885 quo
545 4817 720 4871 nullus
746 4817 954 4872 accedit
986 4817 1089 4871 nisi
1121 4816 1233 4886 ipse
1259 4825 1311 4872 et
1332 4816 1566 4888 Spiritus
1586 4825 1826 4871 sanctus.

244 4906 401 4964 Abiit
442 4922 589 4977 ergo,
638 4907 690 4961 id
739 4915 857 4972 est,
903 4907 1159 4976 operaudi
1189 4906 1442 4960 virtutem
1480 4905 1736 4970 cohibuit,
1776 4913 1830 4958 ει

244 4999 488 5072 portavit
533 4998 846 5068 iniquitates
894 5007 1124 5064 nostras,
1173 5015 1276 5052 non
1327 5006 1385 5052 ut
1437 4998 1677 5062 haberet,
1733 4997 1825 5051 sed

248 5100 310 5145 ut
337 5100 695 5145 consumeret.
722 5089 863 5143 Deus
892 5091 1030 5143 enim
1057 5089 1189 5158 ignis
1219 5103 1526 5142 consumens
1551 5097 1646 5142 est.

323 5181 381 5234 In
430 5180 792 5246 solitudinem,
831 5182 896 5236 de
932 5196 1037 5250 qua
1069 5180 1266 5235 dicitur
1305 5197 1317 5234 :
1353 5179 1419 5232 In
1451 5189 1587 5233 terra
1622 5179 1826 5234 deserta

248 5272 396 5326 invia
433 5281 477 5324 et
509 5271 782 5342 inaquosa,
813 5280 919 5326 etc.
949 5269 1119 5343 (Psal.
1154 5269 1310 5340 Lxu.)
1349 5269 1423 5324 lbi
1449 5268 1618 5324 hostis
1649 5269 1824 5324 locum

247 5380 360 5418 non
389 5364 567 5425 habet,
597 5363 685 5417 ubi
712 5365 852 5418 Deus
874 5371 1072 5417 manet.
1104 5361 1160 5416 ln
1189 5361 1381 5416 caelum
1405 5361 1548 5416 enim
1572 5360 1824 5415 divinitas

250 5460 495 5521 tempore
541 5452 808 5522 passionis
843 5453 1039 5507 abiisse
1077 5453 1304 5517 dicitur;
1349 5468 1454 5506 non
1500 5450 1672 5504 locum
1708 5466 1824 5504 mu-

249 5549 397 5606 tans,
429 5541 522 5595 sed
552 5539 945 5610 quodammodo
978 5542 1228 5596 virtutem
1273 5541 1529 5609 cohibens
1555 5579 1568 5605 ,
1601 5548 1658 5594 ut
1707 5555 1826 5609 pos-

248 5640 375 5690 sent
407 5631 555 5701 impii
585 5649 960 5688 consummare
991 5633 1311 5702 passionem.

325 5721 487 5778 Vens.
530 5723 612 5778 ll.
661 5753 726 5764 -——
764 5721 1012 5778 i'itulum.
1049 5723 1269 5791 Quando
1310 5723 1552 5780 Christus
1599 5739 1694 5793 pro
1736 5722 1825 5778 Ju-

1933 3284 2017 3333 est
2038 3291 2198 3346 super
2218 3275 2600 3340 testimonium,
2617 3289 2716 3328 nec
2739 3273 3003 3344 permittit
3023 3287 3145 3328 eum
3176 3285 3416 3340 quaerere
3442 3269 3510 3324 de

1931 3366 2184 3438 passione
2211 3365 2412 3422 Christi
2437 3406 2451 3432 ,
2482 3381 2602 3436 qua:
2641 3374 2765 3421 sunt
2793 3381 2952 3436 supra
2984 3365 3240 3418 virtutem
3270 3377 3511 3432 quaeren-

1934 3460 2031 3525 tis,
2060 3466 2114 3514 et
2137 3474 2241 3515 non
2264 3459 2524 3514 morietur
2548 3457 2944 3521 immoderatis,
2969 3455 3178 3511 scilicet
3199 3453 3510 3525 quaestioni-

1933 3549 2056 3604 bus.

2002 3637 2073 3692 Et
2121 3657 2225 3694 non
2264 3640 2536 3694 morietur.
2580 3637 2718 3694 Caro
2761 3636 2877 3708 ejus
2908 3650 3016 3691 non
3049 3635 3182 3691 vidit
3209 3633 3510 3705 corruptio-

1931 3744 2077 3797 nem,
2125 3730 2252 3801 quia
2295 3745 2492 3802 vapore
2548 3738 2852 3785 aromatum
2917 3727 3262 3799 operiebatur
3288 3725 3508 3790 virtute,

1931 3823 2139 3880 scilicet
2163 3821 2444 3889 orationis,
2471 3822 2538 3877 de
2565 3836 2672 3892 qua
2703 3821 2919 3876 dicitur.
2947 3819 3069 3874 Non
3097 3819 3246 3874 dabis
3267 3826 3506 3875 sanctum

1933 3920 2080 3966 tuum
2110 3910 2279 3965 videre
2300 3911 2683 3981 corruptionem
2713 3908 2884 3981 (Psal.
2922 3907 3035 3980 xv).

2002 4001 2165 4056 Vens.
2217 4001 2302 4055 M.
2352 4033 2421 4042 —
2477 4000 2673 4056 Contra
2739 4001 3181 4072 propitiationem.
3235 4000 3374 4068 Quia
3433 4001 3504 4053 ad

1929 4091 2363 4164 propitiationem
2390 4100 2630 4146 nostram
2671 4099 2726 4146 et
2774 4091 3223 4146 illuminationem
3253 4090 3504 4146 Christus

1929 4200 2118 4256 passus
2137 4193 2238 4250 est,
2255 4185 2347 4255 qui
2361 4184 2789 4255 propitiatorium
2807 4185 3020 4251 dicitur,
3035 4185 3303 4240 etoriens.
3320 4185 3472 4241 Unde
3491 4204 3501 4238 :

1927 4273 2068 4328 Ecce
2092 4273 2195 4338 vir,
2231 4274 2430 4338 oriens,
2459 4282 2565 4328 etc.
2597 4271 2769 4344 (Psal.
2802 4274 2913 4345 xv.)
2937 4274 3004 4330 Et.
3039 4273 3165 4328 alibi
3203 4291 3216 4327 :
3247 4282 3302 4328 et
3324 4275 3504 4328 uisita-

1931 4365 1996 4419 vit
2037 4381 2129 4418 nos
2152 4365 2344 4429 oriens,
2367 4372 2472 4417 etc.
2503 4361 2751 4434 (Zachar.
2778 4363 2874 4434 vi).
2907 4362 3001 4417 Vel
3025 4370 3214 4418 contra
3247 4363 3508 4434 propitia,

1932 4455 2150 4521 torium,
2197 4455 2249 4509 id
2279 4462 2381 4522 est,
2429 4455 2482 4509 in
2538 4462 2828 4524 conspectu
2863 4453 3063 4519 Patris,
3110 4455 3330 4524 septies,
3378 4455 3504 4525 quia

1933 4545 2302 4602 remissionem
2331 4553 2680 4615 peccatorum
2707 4553 2761 4599 et
2789 4541 3320 4613 Spirituiusanctum
3349 4544 3506 4600 nobis

1934 4633 2176 4690 donavit.

2004 4722 2168 4778 Vens.
2200 4725 2283 4779 l5.
2309 4753 2379 4763 -ο
2405 4722 2637 4793 Cumque
2683 4723 3042 4788 mactaverint,
3104 4731 3209 4778 etc.
3267 4721 3404 4790 Quia
3437 4725 3503 4780 de

1932 4814 2202 4872 communi
2239 4830 2417 4870 massa
2441 4814 2719 4870 hominum
2748 4813 2924 4870 factus
2949 4823 3033 4870 est
3060 4815 3331 4880 Christus,
3363 4824 3508 4871 recte

1931 4907 2114 4962 hircus
2157 4914 2402 4970 vocatur,
2444 4905 2570 4974 quia
2607 4905 2708 4959 hoc
2743 4905 2942 4960 animal
2982 4905 3105 4976 pilis
3140 4921 3390 4976 asperum
3448 4914 3504 4959 et

1935 4997 2220 5060 hirsutum,
2248 5003 2302 5050 et
2349 5009 2448 5066 pro
2505 5003 2724 5067 peccato
2775 5011 2942 5066 genus
2985 4997 3302 5051 humanum.
3351 4993 3500 5050 Unde

1932 5087 2313 5143 convenienter
2364 5085 2483 5140 ait:
2540 5085 2770 5157 Cumque
2820 5088 3116 5140 mactaverit
3167 5087 3368 5139 hircum
3410 5101 3503 5154 pro

1931 5186 2138 5248 peccato
2197 5175 2376 5246 populi
2436 5175 2581 5246 (Ose.
2634 5176 2708 5247 ι),
2758 5175 2811 5230 id
2854 5185 2938 5230 εει
2976 5175 3198 5230 humani
3241 5174 3497 5245 generis:

1930 5266 2074 5338 quod
2100 5265 2369 5336 quondam
2391 5282 2494 5320 non
2517 5267 2763 5336 populus,
2789 5283 2931 5321 nunc
2953 5275 3130 5323 autem
3161 5265 3407 5338 populus,
3435 5281 3499 5318 ex

1930 5373 2038 5428 quo
2099 5357 2216 5426 ejus
2265 5357 2532 5426 primitias
2576 5361 2867 5427 assumpsit
2927 5355 3195 5412 Christus.
3252 5355 3322 5412 Ut
3371 5370 3502 5424 ergo

1927 5459 2255 5506 monstraret
2302 5451 2369 5505 de
2419 5451 2616 5506 Judaais
2669 5450 3058 5521 principaliter,
3106 5449 3199 5505 sed
3243 5447 3518 5504 etomnis.

1927 5549 2148 5605 llilllll‘ﬂt,
2207 5557 2327 5611 qua:
2387 5541 2437 5594 in
2491 5549 2710 5610 peccato
2747 5548 2852 5605 est,
2903 5539 3169 5610 primitias
3226 5536 3504 5591 Christum

1929 5641 2165 5702 portare,
2195 5631 2421 5685 vitulum
2444 5631 2600 5685 simul
2627 5639 2680 5684 ει
2711 5631 2916 5684 hircum
2943 5629 3250 5698 assumpsit,
3290 5635 3344 5680 et
3371 5627 3504 5696 quia

1931 5739 2093 5779 unum
2150 5723 2506 5790 sacrificium,
2570 5730 2624 5778 ct
2682 5739 2817 5777 unus
2872 5721 3131 5786 effectus,
3192 5721 3512 5777 necessario.
