3998 6332
567 367 673 423 545

1059 366 1444 423 WALAFRIDI
1480 368 1726 423 STRABI
1762 366 1963 425 FULD.
2008 366 2171 425 MON.
2212 367 2363 427 OPP.
2404 368 2581 425 PARS
2616 368 2659 426 Ι.
2694 400 2763 412 -
2802 362 3258 429 THEOLOGICA.
3660 372 3744 437 δα

565 476 869 533 communia
893 475 945 530 in
984 476 1134 531 hirco
1162 488 1393 548 aguntur
1424 489 1479 533 et
1524 480 1708 534 vitulo.
1754 480 1942 536 Cernis
1981 481 2126 536 enim
2152 485 2204 544 Α
2228 491 2332 537 etc.
2360 481 2511 554 (Isai.
2551 483 2625 555 ι).
2649 482 2896 540 Christus
2920 500 3049 556 ergo
3094 485 3330 554 seipsum
3353 499 3451 555 per
3480 489 3668 549 haedum
3683 500 3748 555 τί.

567 569 693 638 quia
718 568 902 622 hircus
935 568 1201 623 occiditur
1223 578 1348 624 ante
1370 571 1559 634 Deum,
1584 571 1636 625 id
1663 580 1747 626 est
1773 571 1987 626 Patrem
2030 591 2042 626 :
2074 581 2130 627 et

566 659 788 730 sanguis
836 658 1066 713 infertur
1091 660 1144 713 in
1186 660 1441 715 interiora
1482 663 1778 728 velaminis,
1819 664 1872 718 id
1916 671 2019 729 est,
2062 664 2130 719 ad

565 751 813 802 eumdem
856 747 1091 803 Patrem.
1126 750 1194 803 Et
1237 752 1480 819 expiatur
1523 754 1907 818 sanctuarium,
1931 769 2128 819 massa,

565 838 789 901 scilicet,
834 839 1052 892 humani
1083 840 1294 908 generis
1317 882 1330 903 ,
1362 856 1480 909 qua:
1508 842 1573 894 ab
1604 842 1756 896 initio
1784 852 1971 897 sancta
2006 840 2126 908 fuit,

561 938 617 984 et
646 931 1047 985 tabernaculum
1083 930 1314 1002 Spiritus
1337 934 1528 1003 sancti.

635 1020 797 1075 Vens.
858 1021 925 1076 16
993 1021 1437 1077 -—Tabernaculo
1473 1025 1785 1090 testimonii,
1814 1034 1918 1081 etc.
1977 1024 2130 1094 Quod

565 1113 812 1179 superius
843 1111 1227 1175 sanctuarium,
1270 1112 1359 1165 hic
1390 1113 1790 1168 tabernaculum
1841 1116 2128 1170 testimonii

560 1206 737 1252 vocat.
761 1198 957 1253 Eadem
982 1200 1121 1252 enim
1148 1198 1355 1253 ratione
1376 1208 1433 1253 et
1454 1210 1636 1255 sancta
1657 1210 1711 1255 et
1730 1202 2129 1257 tabernaculum

564 1290 876 1355 testimonii,
903 1290 1099 1347 dicitur
1128 1305 1304 1344 massa
1340 1290 1561 1345 humani
1603 1293 1832 1363 generis.
1869 1292 1960 1347 Sic
1985 1295 2128 1349 enim

562 1383 966 1438 tabernaculum
1018 1382 1307 1437 testimonii
1350 1382 1547 1437 ccelum
1602 1393 1702 1450 est,
1751 1394 1897 1439 recte
1942 1395 2127 1440 sancta

560 1479 869 1533 nominatur
899 1495 913 1532 :
950 1478 1182 1533 caelestis
1206 1486 1291 1533 est
1308 1479 1469 1533 homo
1494 1488 1678 1534 noster
1703 1480 1769 1533 de
1794 1494 1900 1548 quo
1932 1478 2129 1533 Paulus

561 1567 680 1621 ait:
718 1567 869 1621 Sicut
899 1570 1218 1638 portavimus
1255 1568 1534 1638 imaginem
1566 1578 1734 1632 terrm,
1772 1580 1875 1624 etc.
1920 1567 1971 1640 (I
2002 1566 2123 1623 Cor.

559 1656 671 1729 xv).
701 1656 803 1712 llic
832 1666 977 1713 recte
1036 1667 1223 1713 sancta
1272 1660 1582 1713 nominatur
1621 1658 1711 1728 qui
1755 1659 1914 1714 estin
1952 1660 2128 1714 medio

559 1747 1039 1813 immunditiarum,
1067 1748 1193 1820 quia
1222 1748 1563 1820 passionibus
1588 1749 1768 1803 carnis
1792 1756 2129 1819 oppugnatur

557 1835 828 1892 Christus.

628 1924 1021 1981 Sanctuarium.
1063 1916 1235 1982 Genus
1275 1929 1567 1983 humanum
1603 1969 1619 1993 ,
1702 1942 1919 1981 carnem
1972 1942 2125 1983 assu-

557 2022 772 2087 mendo,
806 2030 863 2077 ut
891 2022 944 2076 in
997 2021 1215 2092 proprio
1240 2020 1550 2077 sanctuario
1590 2018 1769 2074 carnis
1795 2027 2011 2089 rogaret
2033 2033 2131 2088 per

556 2128 794 2187 crpeem.
1456 2115 1466 2122 '

632 2204 794 2261 Vens.
824 2206 1001 2260 i7.—
1030 2204 1202 2259 Donec
1250 2205 1562 2277 egrediatur.
1612 2203 1856 2258 Humano
1927 2201 2130 2257 scilicet

562 2311 715 2351 more
770 2296 1019 2365 spiritum
1056 2297 1330 2362 emitteus,
1359 2305 1415 2352 et
1443 2310 1662 2352 carnem
1693 2295 1745 2349 in
1771 2292 2017 2363 sepulcro
2047 2290 2143 2348 re?

557 2387 828 2455 linquens.

626 2476 789 2531 Vens.
820 2478 905 2534 18.
933 2508 1002 2518 —
1021 2476 1089 2531 Et
1112 2486 1373 2546 sumptum
1390 2476 1714 2545 sanguinem.
1732 2473 1866 2540 Quia
1881 2487 2131 2544 passrone

554 2584 651 2623 sua
675 2584 875 2623 cornua
905 2568 1112 2634 altaris,
1144 2568 1197 2625 id
1223 2577 1308 2623 est
1336 2576 1566 2637 quatuor
1604 2563 1931 2636 principales
1961 2563 2131 2627 virtu-

554 2669 638 2714 tes
660 2657 1033 2713 sanctiﬁcavit.

628 2748 791 2802 Vens.
824 2747 909 2802 19.
940 2777 1011 2787 --
1040 2745 1246 2818 Expiet.
1284 2745 1484 2802 Christi
1511 2743 1776 2801 sacriﬁcio
1823 2746 2117 2815 expiantur.

554 2837 731 2903 Unde,
757 2836 867 2908 ipsa
894 2847 1065 2891 autem
1090 2837 1315 2892 caelestia
1341 2835 1626 2907 majoribus
1646 2835 1830 2891 hostiis
1854 2836 2134 2907 expiantur

554 2924 719 3001 (Heb.
750 2926 832 2998 ιι),
856 2942 1016 2997 quam
1047 2927 1184 2981 istis.

622 3015 701 3071 Ab
750 3017 1112 3072 immunditiis.
1167 3017 1435 3087 Quantum
1481 3017 1551 3073 ad
1598 3017 1857 3073 cmlorum
1901 3017 2132 3073 virtutes

2239 588 2366 626 vum
2385 572 2689 638 immolatis,
2718 574 2832 643 ipse
2851 590 2908 630 se
2924 590 3023 644 per
3042 574 3316 630 hominem
3339 586 3596 645 paratum,
3621 582 3665 642 id
3681 594 3748 643 est

2234 663 2505 734 propriam
2523 664 2796 729 virtutem,
2826 664 2990 718 mittit
3016 662 3224 719 hircum
3250 666 3510 723 viventem
3530 671 3578 724 in
3595 674 3749 731 solitu-

2235 752 2435 820 dinem,
2463 754 2814 809 immortalem
2840 754 3061 817 scilicet,
3091 756 3571 828 impassibilemque
3590 763 3746 821 divini.

2236 858 2401 904 tatem
2440 852 2506 905 ad
2544 851 2684 905 invia
2708 850 2861 905 nobis
2883 850 3033 914 loca,
3061 859 3117 905 et
3136 851 3285 906 omni
3320 851 3519 907 malitia
3551 856 3742 915 deserta.

2241 941 2390 1017 [inde
2405 961 2419 995 :
2437 940 2616 997 Sciens
2634 938 2787 995 Iesus
2798 942 2920 1011 quia
2934 942 3104 993 omnia
3120 943 3261 996 dedit
3277 943 3324 995 ei
3339 940 3497 997 Pater
3513 942 3562 998 in
3577 963 3745 1017 manus,

2233 1038 2282 1082 et
2308 1028 2433 1098 quia
2457 1046 2491 1081 a
2512 1028 2621 1083 Deo
2643 1029 2819 1093 exivit,
2843 1039 2891 1081 et
2913 1029 2982 1083 ad
3003 1028 3169 1083 Deum
3196 1031 3338 1084 vadit
3370 1032 3543 1103 (Joan.
3571 1038 3690 1109 xm).

2304 1118 2460 1173 Ome.
2528 1119 2582 1174 in
2642 1118 2824 1173 homil.
2883 1135 3040 1189 super
3100 1120 3388 1188 Leuiticum
3443 1123 3631 1179 hircum
3676 1130 3747 1198 qui

2233 1207 2458 1262 Domino
2481 1209 2805 1272 immolatur,
2823 1209 2949 1263 dicit
2969 1209 3274 1280 significare
3292 1226 3387 1265 eos
3408 1213 3497 1282 qui
3514 1213 3577 1267 ad
3594 1212 3747 1283 fortem

2234 1297 2445 1353 Domini
2486 1298 2837 1359 destinantur,
2886 1288 3030 1354 sicut
3072 1298 3318 1355 Lazarus
3355 1300 3461 1366 ille,
3497 1305 3581 1370 qui
3618 1304 3665 1358 in
3693 1309 3748 1360 si-

2233 1405 2360 1443 num
2407 1389 2633 1443 Abrahae
2661 1391 2974 1458 deportatur
2999 1390 3203 1462 angelis
3232 1390 3385 1462 (Luc.
3415 1396 3543 1464 ιη).
3571 1394 3748 1453 Hircum

2231 1495 2360 1537 vero
2384 1480 2473 1555 qui
2509 1480 2798 1534 dimittitur
2832 1481 2883 1534 in
2904 1496 3169 1548 eremum,
3187 1483 3446 1552 reprobos
3470 1485 3749 1559 signiﬁcare,

2230 1568 2316 1622 vel
2369 1567 2649 1623 Iudaicum
2695 1568 2988 1647 populum,
3036 1572 3128 1640 qui
3173 1587 3204 1626 a
3255 1571 3395 1627 facie
3446 1572 3637 1628 Domini
3676 1590 3749 1644 pro

2231 1660 2467 1729 peccatis
2491 1659 2603 1728 suis
2644 1659 2990 1730 abjiciuutur,
3029 1663 3168 1717 sicut
3195 1663 3347 1719 dives
3370 1675 3668 1734 purpuratus
3705 1666 3749 1721 in

2234 1749 2441 1805 inferno
2465 1749 2724 1820 sepultus.
2755 1749 3039 1807 Hominem
3068 1767 3196 1807 vero
3220 1744 3491 1824 paratum,
3518 1754 3747 1808 Christum

2157 1823 2207 1883 B
2234 1839 2317 1894 vel
2351 1840 2570 1912 angelos
2616 1830 2752 1909 eius,
2806 1841 2947 1897 unde
2996 1842 3187 1915 recipit
3221 1823 3594 1913 unusquisque
3637 1844 3749 1914 quod

2226 1939 2485 1985 meretur.

2308 2018 2462 2075 Vers.
2513 2019 2602 2074 26.
2655 2051 2728 2060 —
2774 2019 2867 2074 Illi
2907 2037 3027 2075 vero
3077 2023 3168 2094 qui
3227 2022 3533 2077 dimiserint.
3574 2022 3748 2096 (Οιιιιι.ι

2226 2114 2369 2167 hom.
2426 2114 2460 2168 9
2495 2113 2550 2166 in
2589 2112 2736 2187 Leu.)
2760 2113 3013 2170 Ascendit
3035 2114 3089 2169 in
3117 2131 3214 2172 cor
3238 2127 3388 2171 tuum
3414 2118 3746 2187 concupiscen-

2228 2202 2345 2259 tia?
2373 2214 2504 2269 etc.,
2538 2220 2698 2274 usque
2719 2204 2787 2257 ad
2819 2214 2875 2260 et
2897 2205 2984 2260 hic
3015 2206 3069 2260 in
3096 2205 3342 2263 lavandis
3362 2208 3587 2275 vestibus
3607 2217 3747 2278 potest

2225 2293 2413 2348 eadem
2446 2295 2615 2365 ﬁgura
2638 2296 2866 2350 servari.

2300 2387 2461 2440 Vens.
2501 2386 2591 2441 29.
2618 2417 2687 2427 —
2713 2385 2889 2443 Mense
2911 2397 3084 2443 autem
3110 2389 3348 2460 septimo.
3375 2389 3565 2463 (0316.,
3588 2387 3663 2441 ubi
3678 2402 3747 2442 ss-

2227 2492 2343 2546 pra.
2371 2475 2428 2531 lu
2450 2491 2554 2546 qua
2585 2476 2896 2533 solemnitas
2936 2480 3417 2550 repropitiationis,
3456 2464 3576 2545 etc.,
3622 2491 3749 2547 usqu

2231 2565 2299 2639 ad
2326 2565 2382 2621 id
2406 2575 2491 2622 est
2519 2566 2759 2637 abiectus
2792 2577 2847 2622 et
2878 2567 3162 2625 refutatus.

2797 2701 3022 2758 CAPUT
3071 2702 3233 2760 XVII.

2303 2838 2468 2909 Vsus.
2488 2839 2540 2892 1.
2553 2867 2625 2878 —-
2646 2836 2712 2892 Et
2732 2836 2935 2893 locutus
2945 2849 3038 2903 est,
3057 2847 3161 2895 etc.
3178 2838 3435 2897 Praesenti
3452 2839 3561 2910 lnge
3571 2836 3749 2893 demon-

2233 2936 2439 2984 stratur
2467 2926 2591 3001 quia
2617 2942 2722 2981 non
2761 2935 2968 3000 tantum
3004 2926 3195 2999 Moysi,
3229 2928 3322 2984 sed
3366 2925 3598 2983 omnibus
3633 2936 3749 2977 come

2233 3019 2472 3073 muniter
2497 3018 2736 3088 loquitur
2764 3019 3043 3075 Dominus.
3070 3018 3273 3076 Omnes
3300 3019 3437 3075 scire
3471 3017 3604 3087 cupit
3636 3012 3749 3084 quod

552 3102 661 3164 non
692 3104 932 3181 indigent
982 3109 1208 3180 expiari,
1254 3123 1372 3178 quae
1419 3114 1543 3162 sunt
1594 3108 1649 3162 in
1707 3106 2132 3163 sanctiﬁcatione
2166 3173 2202 3182 _
2232 3110 2485 3169 omnibus
2510 3111 2746 3182 expedit,
2774 3111 2940 3181 legem
2969 3111 3172 3168 scilicet
3201 3110 3540 3182 temporalem
3570 3109 3747 3169 esse,el

550 3200 796 3271 perenni.
828 3200 935 3265 Sed
961 3202 1085 3273 quia
1108 3199 1418 3272 frequenter
1443 3188 1791 3273 peccatorum
1820 3208 2128 3255 nostrorum
2158 3173 2202 3235 Ο
2235 3201 2448 3273 expleto
2476 3218 2575 3269 suo
2600 3180 2854 3279 tempore,
2884 3203 3158 3259 observari
3183 3219 3525 3274 supervacue.
3553 3197 3752 3269 Expletio

551 3296 731 3351 fumus
759 3295 1019 3361 ascendit,
1056 3296 1122 3349 de
1151 3309 1257 3365 quo
1290 3294 1489 3349 dicitur
1520 3308 1535 3346 :
1568 3293 1813 3347 Ascendit
1868 3292 2045 3361 fumus
2079 3292 2134 3346 in

550 3385 635 3439 ira
684 3386 801 3456 ejus
850 3376 1022 3453 (Psal.
1055 3384 1223 3456 xvn);
1269 3391 1323 3437 et
1370 3383 1436 3439 de
1492 3382 1702 3447 Ninive,
1763 3381 1974 3438 Malitia
2019 3383 2135 3453 ejus

551 3477 785 3531 ascendit
835 3493 1010 3532 coram
1050 3493 1130 3529 me
1177 3474 1350 3547 (Iona:
1401 3474 1471 3546 l),
1519 3483 1664 3528 recte
1692 3474 1759 3528 ab
1782 3474 2133 3529 immunditiis

548 3565 754 3621 nostris
800 3567 981 3637 expiat
1029 3579 1292 3635 supernos
1335 3566 1548 3631 choros,
1607 3574 1667 3619 ut
1715 3563 2130 3619 abominabilem

551 3653 764 3709 auferat
796 3656 1037 3723 odorem.
1086 3655 1210 3711 Ideo
1252 3670 1357 3710 non
1387 3654 1702 3726 simpliciter
1745 3655 2000 3724 aspergit,
2038 3654 2133 3708 sed

550 3746 773 3818 septies,
797 3748 923 3817 quia
948 3748 1103 3802 venia
1126 3757 1474 3818 peccatorum
1510 3734 1836 3803 'nostrorum
1888 3745 2130 3801 caelestia

550 3839 900 3894 mundantur.

622 3928 788 3985 Vsus.
814 3930 903 3985 20.
932 3961 995 3972 ——
1022 3929 1325 4002 Postquam.
1356 3929 1549 4002 (Anan.
1579 3931 1708 4001 epist
1732 3928 1801 3984 ad
1825 3928 2128 4001 Simplicia-

554 4021 729 4093 num.)

625 4112 777 4169 Sicut
796 4111 900 4167 duo
912 4118 1036 4175 sunt
1049 4111 1102 4166 in
1120 4126 1270 4183 agro,
1288 4119 1394 4167 etc.
1405 4151 1420 4176 ,
1434 4127 1594 4182 usque
1606 4112 1674 4165 ad
1689 4126 1808 4182 quae
1823 4110 1952 4165 facit
1965 4110 2129 4166 animi

550 4201 1010 4273 tranquillitatem.

620 4294 781 4350 Vens.
812 4294 902 4351 2i.
923 4325 993 4335 —-
1024 4293 1092 4348 Et
1110 4282 1293 4365 posita.
1318 4303 1536 4364 utraque
1569 4310 1748 4359 manu,
1778 4303 1881 4349 etc.
1941 4291 2128 4349 Manus

553 4385 827 4459 impositio
856 4384 1280 4447 benedictionem
1307 4383 1578 4437 ministrat
1607 4383 1661 4437 in
1712 4384 2002 4449 sacriﬁcio,
2032 4391 2125 4437 aut

552 4475 926 4530 remissionem
974 4484 1350 4544 peccatorum,
1394 4481 1487 4527 aut
1537 4473 1793 4543 Spiritum
1841 4482 2118 4539 sanctum;

554 4580 677 4636 qua:
700 4578 822 4618 esse
860 4578 965 4617 non
1002 4570 1227 4633 possunt
1250 4558 1305 4616 in
1343 4578 1409 4617 eo
1448 4578 1610 4633 super
1635 4578 1795 4633 quem
1836 4564 1981 4618 cadit
2011 4563 2121 4619 fors

551 4652 773 4709 diaboli.
806 4652 984 4708 Multae
1012 4668 1224 4723 quoque
1258 4655 1676 4710 circumstantiae
1720 4662 1845 4712 sunt
1889 4671 2009 4726 qua:
2045 4656 2121 4710 illi

553 4744 838 4798 sententite
861 4743 1256 4798 contradicunt.

622 4836 694 4891 Et
717 4838 907 4908 posita.
941 4835 1011 4892 Ut
1036 4838 1348 4892 ostendatur
1378 4840 1501 4911 quia
1538 4839 1763 4894 verbum
1792 4839 1884 4894 Dei
1920 4839 2119 4910 impas-

551 4929 749 4994 sibile,
795 4927 1128 4993 immortale,
1171 4930 1224 4984 in
1265 4945 1430 4986 carne
1484 4946 1582 5002 pro
1641 4931 1797 4985 nobis
1851 4930 2128 4987 sufﬁciens

553 5023 883 5093 sacriﬁcium
938 5023 1223 5091 suscepit:
1289 5023 1416 5079 huic
1477 5032 1622 5078 recte
1672 5021 1853 5077 omnia
1907 5033 2126 5093 peccata

553 5115 925 5185 imponuntur,
948 5114 1073 5185 quia
1096 5122 1315 5184 peccata
1346 5125 1528 5169 nostra
1568 5112 1789 5183 pertulit
1818 5113 1870 5167 iu
1903 5129 2127 5184 corpore

553 5219 675 5267 suo.
698 5204 873 5259 LXX:
902 5204 1139 5275 Imponet
1172 5222 1235 5259 ea
1262 5222 1418 5275 super
1445 5214 1598 5274 caput
1627 5204 1766 5257 ha’di
1791 5206 1912 5259 civi.
1939 5206 1995 5261 ln
2020 5222 2128 5276 quo

552 5297 892 5369 signiﬁcatur
928 5298 1111 5367 spinea
1154 5311 1355 5352 corona
1405 5295 1568 5364 capiti
1598 5293 1716 5363 ejus
1748 5296 2029 5367 impressa,
2073 5298 2128 5353 in

551 5390 728 5461 spinis
751 5389 894 5444 enim
923 5388 1299 5459 signiﬁcantur
1316 5396 1562 5457 peccata.

626 5483 734 5538 Per
778 5484 1065 5557 hominem,
1112 5489 1218 5537 etc.
1260 5479 1535 5535 Christum
1574 5481 1665 5551 qui
1695 5489 1777 5537 est
1813 5482 2019 5547 omnia,
2044 5483 2125 5538 sui

553 5578 809 5635 sacriﬁcii
855 5577 1129 5641 sacerdos,
1180 5574 1528 5639 sacriﬁcium,
1588 5574 1781 5641 cultus,
1827 5583 1882 5630 et
1934 5575 2125 5629 altare.

551 5669 783 5727 Paratus
806 5670 1100 5725 secundum
1126 5666 1253 5722 illud
1282 5684 1295 5721 ;
1331 5666 1439 5733 qu
1461 5678 1634 5721 autem
1661 5685 1760 5722 non
1803 5668 2124 5723 contradica.

555 5776 836 5845 retrorsum
855 5780 955 5818 non
981 5762 1086 5817 abii
1110 5774 1129 5813 :
1156 5777 1341 5830 corpus
1364 5777 1531 5814 meum
1556 5760 1674 5816 dedi
1699 5759 2123 5831 percutientibus,

2153 4525 2202 4583 D

2235 3309 2365 3349 vero
2391 3295 2648 3363 temporis
2675 3293 2933 3365 perfecta,
2961 3295 3255 3352 destructio
3274 3295 3376 3351 loci
3404 3295 3455 3349 in
3476 3307 3573 3363 quo
3589 3285 3751 3345 sacriﬁ-

2234 3385 2315 3440 cia
2354 3384 2836 3455 prtecepitoﬁ‘erri,
2886 3384 3186 3440 intimando
3233 3401 3359 3441 eum
3411 3384 3496 3454 qui
3526 3388 3659 3436 extra
3685 3391 3750 3430 ca-

2233 3484 2371 3542 stra,
2406 3476 2519 3531 sive
2544 3474 2694 3538 foris,
2726 3484 2930 3530 tantum
2954 3485 3104 3531 extra
3134 3474 3527 3531 tabernaculum
3550 3470 3747 3526 testimo-

2234 3565 2309 3619 nii
2338 3565 2745 3637 sacriﬁcaverit,
2771 3567 2993 3625 interire
3018 3569 3082 3622 de
3098 3568 3312 3638 populis
3339 3565 3466 3630 suis,
3493 3573 3547 3618 ut
3566 3558 3746 3620 scilicet,

2233 3657 2511 3712 destructo
2540 3656 2886 3712 tabernaculo
2923 3667 2980 3711 et
3023 3656 3164 3722 loco,
3200 3655 3467 3715 sacriﬁcia
3496 3653 3637 3707 ﬁnem
3676 3646 3748 3700 ha-

2232 3748 2412 3803 beant.
2442 3747 2669 3803 Sauctas
2694 3764 2823 3803 vero
2847 3748 3088 3804 actiones
3112 3757 3166 3804 et
3186 3764 3309 3819 quae
3328 3746 3581 3803 aediﬁcant
3602 3740 3750 3795 huma-

2232 3852 2357 3909 nam
2405 3846 2662 3904 mentem,
2713 3846 2772 3891 ut
2798 3847 3006 3909 patrem
3043 3846 3100 3893 et
3150 3849 3381 3893 matrem
3411 3838 3669 3893 honorare,
3708 3831 3750 3880 ei

2230 3930 2506 3998 proximos
2533 3928 2789 3998 diligere,
2834 3937 2887 3983 et
2910 3929 3125 3997 similia,
3168 3929 3289 3985 loco
3332 3943 3434 3984 non
3475 3916 3743 3981 circonscri-

2229 4020 2355 4088 psit,
2392 4019 2517 4089 quia
2540 4034 2751 4088 semper
2773 4027 3015 4088 prosunt,
3048 4029 3101 4073 et
3128 4035 3252 4075 cum
3278 4014 3554 4086 Evangelio
3588 4018 3745 4064 conve-

2231 4111 2405 4183 niunt.
2448 4110 2762 4188 Quicunque
2786 4125 2915 4181 ergo
2944 4126 3085 4164 nunc
3113 4109 3316 4178 ﬁguras
3349 4112 3507 4178 agunt
3540 4091 3747 4157 ἀεδιτυοιὶ

2230 4200 2354 4266 loci,
2389 4202 2703 4270 sanguinem
2732 4199 3031 4264 eﬁ‘uudunt,
3059 4208 3114 4253 et
3141 4211 3476 4254 communem
3505 4198 3745 4248 conversa-

2231 4294 2433 4348 tionem
2467 4293 2759 4358 maculaut,
2819 4292 2871 4347 in
2922 4292 3190 4346 communi
3240 4300 3490 4362 peccant;
3518 4285 3639 4338 sicut
3677 4272 3747 4343 qui

2230 4385 2543 4456 sanguinem
2569 4384 2816 4448 fundunt,
2845 4398 3033 4437 eorum
3080 4398 3294 4451 quoque
3331 4378 3622 4449 sanguinem
3657 4365 3748 4419 lun-

2230 4476 2386 4540 ἀυιιιν
2423 4491 2558 4545 quos
2585 4474 2832 4543 exemplo
2856 4490 2953 4529 suo
2975 4474 3027 4528 iu
3057 4489 3300 4528 errorem
3347 4472 3571 4527 mittunt.
3643 4549 3657 4555 _
3710 4490 3723 4555 ἰ

2310 4566 2470 4622 Vens.
2499 4566 2552 4619 5.
2578 4596 2650 4605 —
2671 4563 2842 4619 Homo
2867 4565 3099 4634 quilibet,
3140 4574 3245 4620 etc.
3285 4561 3442 4630 Quasi
3466 4549 3746 4627 ﬁguratleliis

2231 4659 2554 4733 temporales
2583 4664 2730 4721 sunt,
2762 4664 2817 4710 et
2851 4656 2906 4708 in
2935 4655 3053 4710 loco
3073 4664 3222 4709 certo
3251 4662 3402 4717 sunt,
3437 4663 3537 4719 quo
3574 4644 3747 4699 deslN'

2231 4762 2320 4808 (Σιο
2352 4766 2456 4805 non
2484 4754 2706 4819 ροεευιιι
2737 4759 2975 4800 manere.

2304 4843 2365 4899 Si
2391 4842 2636 4896 occiderit
2666 4856 2828 4893 ouem.
2853 4839 3033 4908 (AUG.,
3059 4847 3245 4915 quiest.
3281 4838 3349 4893 56
3388 4837 3441 4890 in
3468 4820 3745 4920 Levita-Not!

2233 4933 2301 4989 de
2330 4933 2413 4986 his
2441 4932 2589 4993 dicit,
2613 4940 2742 4993 etc.,
2776 4946 2934 4999 usque
2963 4929 3031 4983 ad
3062 4928 3318 4998 quidquid
3342 4929 3392 4982 in
3422 4927 3516 4979 hac
3540 4932 3590 4973 re
3629 4914 3742 4969 fecit,
3770 4916 3783 4929 ‘

2233 5034 2422 5081 contra
2463 5025 2633 5094 legem
2670 5037 2791 5076 esse
2845 5037 2949 5075 non
2979 5019 3171 5089 potuit,
3200 5022 3324 5089 quia
3347 5020 3495 5072 dator
3519 5019 3594 5065 est
3624 5000 3742 5094 legis-

2309 5116 2469 5171 Veus.
2586 5142 2658 5153 --
2700 5110 2767 5165 Et
2796 5127 3120 5180 nequaquam
3148 5109 3285 5163 ultra
3321 5099 3633 5161 immolabant
3672 5090 3744 5139 lto-

2233 5213 2362 5266 stias
2393 5226 2516 5264 suas
2544 5206 2885 5274 dwmonibus,
2937 5214 3045 5260 etc.
3078 5205 3211 5259 Cum
3262 5221 3292 5259 a
3320 5200 3536 5259 Domino
3580 5191 3741 5282 dictum

2233 5300 2305 5355 Sil
2331 5297 2525 5370 (Exod.
2550 5295 2643 5367 xx)
2676 5314 2689 5349 :
2718 5293 2840 5349 Non
2862 5294 3020 5363 facies
3049 5296 3140 5348 tibi
3159 5294 3355 5348 idolum
3377 5306 3465 5345 nec
3496 5292 3670 5340 omnem
3687 5287 3742 5324 st-

2238 5392 2576 5448 militudinem
2595 5406 2773 5445 eorum
2791 5406 2908 5460 qua:
2927 5390 2982 5444 in
3010 5387 3134 5442 ctelo
3154 5399 3271 5443 sunt
3296 5398 3521 5444 sursum,
3537 5385 3579 5430 et
3602 5374 3656 5464 iit
3671 5376 3744 5464 (εξ-

2233 5501 2293 5538 ra
2318 5484 2580 5548 deorsum,
2626 5492 2670 5535 et
2692 5496 3009 5552 quaecunque
3050 5478 3228 5534 subtus
3270 5487 3492 5533 terram;
3537 5459 3736 5520 conﬂau-

2231 5576 2335 5630 lem
2373 5573 2597 5628 vitulum
2638 5551 2904 5637 fecerunt,
2936 5579 2990 5623 et
3024 5562 3075 5623 ci
3109 5568 3428 5623 sacriﬁcium
3455 5551 3735 5649 obtulerunt,

2230 5665 2520 5736 abligurire
2541 5664 2817 5735 cupientes
2843 5660 3187 5714 sacriﬁcium.
3216 5661 3322 5713 Lex
3343 5668 3482 5723 ergo,
3510 5648 3640 5736 quasi
3657 5648 3739 5736 pit:-

2231 5721 2467 5827 dagoglts
2480 5721 2665 5810 eorum
2676 5792 2689 5819 ,
2708 5751 2947 5822 pm‘cipit
2960 5750 3066 5805 Deo
3080 5750 3380 5804 sacriﬁcare
3395 5721 3733 5813 (Exedunt):
