3998 6332
192 339 304 400 385

1192 330 1459 390 GLOSSA
1495 330 1891 389 ORDINARIA.
1929 348 2013 373 -ιο
2034 330 2164 386 LIB.
2206 331 2429 388 LEVIT.

3350 335 3460 397 345

191 468 257 513 ut
296 456 354 511 in
383 453 489 510 boc
509 446 756 521 occupati
785 447 1119 505 abstinerent
1150 462 1210 502 se
1238 463 1269 500 a
1313 445 1582 502 sacriﬁcio
1604 445 1777 500 idolo-
1806 450 1856 508 Α
1883 445 2178 512 deriteum,
2210 448 2301 518 qui
2346 446 2617 502 venationi
2657 454 2713 502 et
2756 447 2879 503 dolo
2922 464 2992 505 ex
3036 450 3350 511 infirmitate
3374 456 3459 512 vel

191 547 394 604 iatriaa.
435 542 588 598 Talia
611 555 792 598 tamen
826 539 1059 595 sancivit
1090 536 1378 602 sacriﬁcia,
1411 535 1608 605 quibus
1655 549 1789 607 my-g

191 638 368 695 steria
394 633 773 705 signiﬁcantur
801 630 1001 684 futura.

268 727 405 782 Cum
434 724 625 796 quibus
653 724 1050 793 fornicatisttnt.
1075 720 1439 775 ldololatriam
1468 717 1780 772 fornicatio-

194 832 323 874 nem
351 824 528 879 vocat,
554 814 677 885 quia
710 813 851 867 Deus
870 811 1156 881 despondit
1182 811 1283 865 sibi
1314 812 1524 864 animas
1540 817 1776 864 nostras.

194 905 411 963 Dicitur
424 920 557 976 ergo
578 903 865 959 fornicatio
888 902 961 956 ab
985 902 1076 957 illo
1095 902 1373 957 discessio.
1402 900 1593 956 Terret
1610 901 1777 955 etiam

191 1012 292 1053 eos
317 998 412 1066 qui
442 995 497 1049 in
517 1009 683 1050 carne
708 991 1060 1055 fornicamur,
1087 1006 1207 1046 cum
1234 998 1514 1059 peceatum
1543 990 1778 1045 fornica-

194 1086 359 1141 tionis
386 1090 668 1155 comparat
698 1082 963 1137 idolorum
985 1080 1151 1136 cultui
1178 1090 1234 1135 et
1280 1080 1585 1135 daemonum
1606 1080 1776 1150 .obla-

193 1180 431 1336 maius.
459 1271 513 1326 8.
541 1300 614 1311 -—
635 1268 809 1324 Homo
829 1270 895 1324 de
930 1269 1083 1324 domo
1106 1268 1296 1334 Israel,
1322 1275 1426 1324 etc.
1473 1268 1653 1341 (Auc.,
1686 1268 1776 1322 ubi

193 1358 403 1433 supra.)
434 1358 493 1413 Si
530 1359 671 1413 idem
708 1359 972 1428 repetitur
997 1359 1333 1424 mandatum,
1360 1366 1491 1423 etc.,
1514 1374 1675 1429 usque
1703 1357 1775 1412 ad

193 1451 400 1506 frustra
422 1464 484 1506 se
512 1450 784 1506 Israelitas
813 1450 902 1505 vel
924 1448 1139 1505 Iudaeos
1159 1448 1390 1518 jactant.

260 1564 431 1622 Vens.
478 1565 564 1620 10.
611 1597 679 1606 -
722 1565 800 1619 De
850 1566 1081 1620 advenis.
1139 1565 1474 1633 Gentilibus,
1526 1566 1616 1636 qui
1666 1580 1773 1620 non

192 1664 320 1712 sunt
361 1656 636 1731 conjuncti
692 1654 911 1720 Iudaeis,
969 1657 1062 1711 sed
1109 1656 1252 1727 apud
1301 1670 1420 1711 nos.
1464 1655 1619 1725 Apud
1677 1670 1773 1710 eos

191 1748 392 1820 quippe
420 1746 644 1814 fuimus,
664 1756 724 1802 ut
746 1747 917 1825 legem
941 1762 1128 1802 eorum
1154 1755 1208 1802 et
1228 1748 1541 1818 prepbetas,
1564 1754 1619 1800 et
1648 1760 1774 1815 pro-

192 1846 414 1901 missam
443 1844 815 1900 luereditatem
841 1844 1122 1907 habentes,
1151 1858 1257 1897 non
1282 1850 1460 1910 tamen
1493 1840 1623 1910 ipsis
1675 1839 1771 1895 sed

190 1936 305 1991 Deo
329 1934 667 1991 adhmrentes
699 1952 712 1986 :
738 1941 1022 2004 propterea
1051 1932 1206 2003 juxta
1243 1931 1408 1997 LXX,
1439 1933 1592 1985 homo
1617 1932 1771 1985 homo

188 2027 352 2093 dixit,
373 2034 434 2083 ut
450 2028 698 2083 ostendat
719 2037 827 2082 tam
848 2043 945 2082 eos
965 2028 1054 2096 qui
1077 2027 1130 2081 in
1155 2025 1589 2090 circumcisione,
1611 2039 1772 2094 quam

188 2118 289 2188 qui
327 2118 383 2173 in
411 2118 672 2190 praeputio
698 2116 979 2177 adhaerent
1005 2118 1137 2184 Deo,
1179 2117 1285 2172 hoc
1316 2115 1515 2171 debere
1545 2115 1771 2171 manda-

186 2221 307 2267 tum
336 2226 573 2268 servare.

260 2322 322 2380 Si
341 2324 625 2379 comederit
646 2322 970 2393 sanguinem,
1002 2331 1107 2378 etc.
1146 2321 1500 2392 Sanguinem,
1543 2318 1774 2376 homici-

186 2416 339 2472 dium
394 2416 784 2487 intelligimus;
816 2414 1003 2471 fratris
1026 2415 1229 2480 odium,
1259 2413 1609 2470 homicidium
1647 2420 1768 2466 est:

188 2508 297 2575 Qui
330 2509 471 2565 enim
499 2507 607 2562 odit
662 2507 881 2577 fratrem
915 2523 1091 2572 suum,
1114 2500 1478 2560 homicida'est
1520 2503 1569 2570 (I
1602 2503 1771 2558 Joan.

185 2599 296 2670 ιιι).
348 2597 740 2654 Abstinendum
782 2606 866 2653 est
902 2597 1063 2668 igitur
1089 2597 1159 2651 ab
1179 2596 1327 2652 omni
1356 2594 1482 2651 odio
1516 2595 1767 2660 fratrum,

185 2690 317 2759 quia
338 2705 503 2760 super
540 2688 701 2743 talem
726 2689 963 2743 animam
999 2703 1120 2758 quae
1165 2686 1326 2743 talem
1369 2688 1605 2742 comedit
1647 2701 1772 2742 san-

184 2780 406 2852 guinem
430 2780 747 2852 (secundum
776 2779 909 2834 illud
936 2796 950 2832 :
981 2777 1086 2844 Qui
1110 2778 1365 2832 devorant
1388 2777 1584 2848 plebem
1600 2792 1771 2832 meam

181 2870 325 2924 sicut
377 2885 551 2924 escam
598 2871 763 2939 .panis
827 2867 1017 2941 (Psul.
1067 2868 1202 2943 xm)
1258 2868 1514 2924 obﬁrmat
1572 2869 1771 2924 faciem

182 2977 343 3017 suam
366 2963 530 3027 Deus,
571 2961 870 3028 Christum,
900 2962 1105 3018 scilicet
1123 2962 1216 3033 qui
1244 2971 1326 3017 est
1351 2961 1528 3031 imago
1567 2961 1769 3016 Patris.

183 3052 295 3119 Qui
321 3055 459 3113 enim
484 3052 621 3111 videt
650 3051 700 3106 F
702 3053 873 3118 ilium,
906 3052 1044 3107 videt
1072 3062 1121 3107 et
1177 3050 1391 3106 Patrem
1416 3050 1600 3124 (Joan.
1633 3052 1768 3124 xw).

177 3144 307 3217 Ipse
330 3143 667 3214 eninLjudex
707 3153 793 3207 est
817 3144 887 3201 de
923 3160 1032 3215 quo
1056 3144 1256 3200 dicitur
1288 3163 1303 3199 :
1349 3143 1539 3199 Vultus
1592 3154 1768 3199 autem

176 3234 405 3290 Domini
439 3250 596 3305 super
622 3234 873 3305 facientes
900 3234 1063 3298 mala,
1090 3243 1148 3288 at
1170 3236 1357 3307 perdat
1396 3236 1461 3291 de
1479 3245 1623 3290 terra
1655 3252 1761 3291 me-

177 3329 413 3384 moriam
437 3345 619 3384 eorum
648 3328 822 3400 (Psal.
851 3331 1068 3401 sui").
1101 3330 1218 3401 Ipse
1261 3338 1441 3387 autem
1484 3331 1771 3387 comeden-

181 3430 295 3477 tem
341 3421 656 3493 sanguinem
687 3423 865 3493 perdit
889 3423 956 3477 de
980 3423 1176 3493 populo
1223 3439 1345 3489 suo,
1394 3422 1462 3478 de
1497 3423 1769 3478 communi

177 3512 395 3573 scilicet
416 3513 692 3580 hominum
713 3528 946 3584 genere:
971 3512 1097 3584 quia
1126 3515 1265 3569 sicut
1287 3514 1769 3569 immisericordem

176 3613 239 3659 et
277 3604 504 3674 impium
532 3617 655 3658 eum
684 3603 933 3674 malignis
966 3602 1245 3673 spiritibus
1277 3603 1443 3671 mittit
1489 3604 1542 3658 in
1596 3604 1772 3674 ignem

177 3706 473 3762 alternum,
495 3697 587 3768 qui
621 3706 950 3767 praeparatus
975 3705 1052 3751 est
1085 3695 1293 3751 diabolo
1331 3706 1379 3751 et
1425 3695 1623 3767 angelis
1658 3696 1772 3766 ejus

178 3790 408 3866 (li-tante.
436 3790 588 3862 xxv).
619 3787 691 3845 Ut
716 3798 894 3845 autem
920 3778 1233 3845 ostenderet
1273 3797 1533 3860 quantum
1579 3788 1773 3847 debea-

177 3899 310 3942 mus
340 3898 463 3938 esse
482 3882 713 3939 invicem
744 3881 1142 3945 misericordes,
1176 3888 1435 3950 quantum
1465 3880 1770 3951 diligentes,

176 3973 426 4030 ostendit
457 3973 581 4042 quia
604 3985 707 4040 pro
723 3970 1029 4040 expiatione
1057 3979 1242 4027 nostra
1272 3970 1590 4041 sanguinem
1614 3984 1773 4023 suum

175 4065 392 4122 fuderit
412 4064 597 4130 dicens
624 4062 775 4134 :Ego
795 4062 915 4118 dedi
941 4062 1091 4119 illum
1132 4062 1294 4128 vobis,
1330 4062 1644 4134 sanguinem
1676 4061 1778 4118 sci-

174 4157 312 4214 licet
333 4155 558 4211 Christi.

251 4272 429 4329 Vens.
452 4272 803 4327 IL—Anima
824 4270 1021 4326 carnis.
1047 4270 1226 4342 (Auc.,
1250 4280 1436 4342 quiest.
1459 4271 1527 4325 57
1550 4271 1605 4324 in
1624 4267 1777 4340 Leo.)

178 4364 409 4436 Aliquid
439 4364 600 4419 vitale
620 4372 706 4419 est
727 4363 781 4417 in
805 4362 1090 4433 sanguine,
1114 4370 1245 4429 etc.,
1272 4378 1435 4434 usque
1462 4361 1530 4415 ad
1554 4360 1640 4416 cui
1662 4368 1778 4414 tan-

182 4471 306 4529 tum
334 4461 592 4519 meritum
621 4457 957 4533 acquirebat.

1881 538 2224 607 simplicitate
2250 538 2529 608 expositus
2566 548 2671 593 est.

1965 626 2052 683 Vel
2080 646 2242 694 ovem,
2274 638 2378 684 etc.
2413 629 2549 684 Eum
2579 630 2785 686 scilicet
2809 633 2899 702 qui
2927 648 2957 687 a
3006 636 3238 691 terrenis
3285 651 3343 692 se
3372 652 3457 692 re~

1881 732 2082 787 movet,
2122 722 2319 791 quibus
2342 723 2483 777 vesci
2508 722 2714 778 licitum
2742 735 2825 780 est
2855 743 2870 779 :
2900 726 3032 781 tales
3052 727 3195 782 enim
3236 728 3461 787 violenti.

1879 826 1935 875 et
1960 818 2108 871 avari
2136 817 2442 872 comedunt.
2472 816 2625 872 Unde
2658 834 2670 868 :
2698 814 2758 871 Si
2782 817 3000 870 inuicem
3046 796 3337 884 comeditis,
3377 819 3456 873 oi-

1878 910 1992 963 dete
2015 926 2077 963 ne
2098 910 2163 963 ab
2194 909 2409 963 invicem
2444 910 2821 963 consumamini
2856 906 2996 980 (Gal.
3037 910 3113 982 v).
3167 912 3262 967 Vel
3315 927 3456 982 quo-

1880 1003 2026 1055 niam
2052 1001 2203 1070 prius
2226 1010 2383 1055 erant
2409 998 2558 1068 justi,
2604 1010 2751 1055 recte
2798 1000 2940 1055 inter
2987 1003 3184 1059 munda
3237 1021 3459 1077 compu~

1877 1104 2078 1148 tantur.

1949 1181 2163 1252 Operiat
2184 1181 2333 1236 illum
2353 1190 2514 1245 terra,
2537 1190 2641 1237 etc.
2664 1183 2889 1240 Peccata
2913 1184 3287 1242 conﬁtentium
3307 1196 3457 1244 terra

1876 1274 2069 1344 operit,
2105 1282 2358 1342 tanquam
2384 1270 2605 1329 inferius
2629 1278 2962 1330 remanentia
2986 1286 3043 1332 et
3066 1292 3166 1348 per
3188 1280 3460 1347 paeniten-

1876 1365 2009 1419 tiam
2035 1364 2355 1419 mortificata
2389 1379 2659 1434 :quorum
2686 1368 2988 1434 prohibitus
3016 1377 3100 1423 est
3135 1369 3343 1424 clamor
3386 1368 3457 1427 ad

1876 1455 2043 1511 caelos
2073 1455 2387 1519 ascendere,
2432 1470 2540 1523 quo
2586 1458 2917 1512 ascendebat
2960 1459 3164 1513 clamor
3195 1458 3459 1516 Sodomo-

1875 1564 2019 1612 rum,
2045 1546 2137 1616 qui
2178 1546 2435 1601 nolebant
2455 1547 2722 1617 paenitere
2759 1547 2912 1620 (Gen.
2936 1552 3113 1621 xvut).
3143 1592 3152 1602 .

1948 1638 2113 1694 Vens.
2146 1639 2231 1693 15.
2255 1670 2325 1678 -
2347 1640 2536 1693 Anima
2560 1656 2677 1711 quae
2698 1642 2996 1705 comederit,
3040 1651 3149 1698 etc.
3195 1642 3460 1714 Superius

1876 1731 2078 1787 dictum
2116 1740 2201 1786 est
2233 1749 2246 1785 :
2279 1731 2409 1798 Qua:
2452 1732 2688 1801 tetigerit
2742 1734 3029 1788 morticina
3078 1749 3112 1787 a
3140 1718 3329 1790 bestiis
3357 1751 3459 1791 ca-

1799 1796 1849 1856 Β
1875 1830 1989 1895 pta,
2016 1822 2071 1878 id
2101 1830 2203 1887 est,
2234 1796 2325 1892 qui
2350 1822 2403 1876 in
2448 1796 2647 1877 talibus
2684 1824 3199 1879 eommunicaverit:
3229 1824 3317 1878 hic
3353 1840 3455 1880 au-
3506 1880 3511 1887 ,

1877 1924 1984 1970 tem
2023 1915 2221 1970 dicitur
2258 1932 2272 1968 :
2304 1914 2496 1967 Anima
2523 1913 2641 1985 qum
2660 1914 2976 1978 comederit;
3018 1921 3189 1968 totum
3248 1913 3461 1970 scilicet

1873 2014 2153 2077 peccatum
2183 2020 2341 2061 suum
2360 2004 2574 2072 fecerit,
2601 2014 2657 2061 et
2681 2021 2749 2060 ex
2793 2021 2858 2062 eo
2912 2005 3247 2062 voluntatem
3299 2020 3463 2063 suam

1875 2097 2190 2168 expleverit.

2448 2209 2675 2268 CAPUT
2702 2210 2884 2268 XVIII.

1920 2347 2109 2419 'Vens.
2137 2364 2195 2418 2.
2233 2361 2438 2434 —Ego
2468 2362 2744 2418 Dominus.
2800 2362 2969 2430 Quasi
3025 2362 3193 2428 dicat,
3240 2359 3459 2434 Cogno-

1874 2456 2010 2511 scite
2066 2463 2307 2510 vestrum
2357 2462 2692 2520 creatorem;
2733 2453 3021 2526 diligenter
3082 2462 3298 2510 servate
3332 2451 3461 2523 ejus

1870 2556 2161 2619 praecepta.
2602 2562 2611 2569 ε

1947 2639 2110 2695 Vens.
2139 2641 2194 2695 ὅ.
2225 2638 2393 2694 Juxta
2429 2639 2891 2704 consuetudinem,
2947 2645 3056 2693 etc.
3098 2637 3463 2693 Intentionem

1872 2733 2037 2789 totius
2067 2732 2200 2802 legis
2224 2732 2416 2801 aperit,
2447 2737 2508 2785 ut
2548 2744 2580 2784 a
2627 2729 2783 2785 malis
2832 2728 3041 2786 scilicet
3090 2728 3462 2785 abstineamus

1872 2835 1929 2880 et
1949 2826 2089 2881 bona
2112 2836 2414 2879 teneamus.

1945 2915 2128 2988 Neque
2158 2914 2475 2986 inlegitimis
2505 2930 2709 2981 eorum,
2737 2922 2845 2971 etc.
2871 2914 2989 2972 Non
3022 2917 3169 2974 enim
3213 2920 3385 2978 solum
3424 2937 3461 2979 ιι

1871 3007 2259 3072 fornicatione,
2288 3005 2516 3060 avaritia
2543 3015 2598 3060 et
2618 3008 2893 3076 superbia,
2922 3007 3015 3063 sed
3051 3010 3217 3066 etiam
3242 3027 3274 3069 a
3317 3013 3459 3069 divi—

1872 3097 2207 3162 nationibus,
2232 3103 2288 3151 et
2314 3094 2577 3166 auguriis,
2608 3103 2663 3151 et
2699 3096 2942 3152 omnium
2972 3099 3214 3170 gentium
3261 3116 3459 3174 super-

1794 3184 1841 3248 C
1871 3187 2181 3245 stitionibus
2207 3185 2451 3256 pr:ecipit
2474 3184 2767 3240 abstinere.

1940 3282 2106 3338 Vsus.
2135 3278 2266 3334 5.-
2279 3276 2419 3332 Vivet
2439 3278 2493 3332 in
2515 3277 2609 3332 eis.
2642 3276 2756 3348 Ego
2781 3277 3058 3335 Dominus.
3085 3279 3222 3349 Quia
3244 3283 3298 3337 in
3321 3283 3457 3353 ipsis

1867 3389 1998 3431 vera
2025 3373 2134 3428 vita
2164 3373 2216 3427 in
2245 3370 2519 3427 Christum
2545 3368 2890 3426 credentibus
2913 3386 2928 3425 :
2950 3372 3075 3442 quia
3093 3374 3183 3444 qui
3196 3375 3330 3430 videt
3350 3374 3457 3431 Fi-

1870 3468 2023 3533 lium,
2044 3477 2091 3521 et
2110 3465 2272 3519 credit
2292 3464 2347 3518 in
2368 3479 2507 3526 eum,
2530 3461 2681 3515 habet
2701 3462 2858 3515 vitam
2878 3472 3127 3517 aeternam
3152 3462 3332 3533 (loan.
3355 3468 3458 3541 γι).

1871 3559 1985 3614 Hoc
2010 3559 2063 3614 in
2090 3559 2363 3629 prioribus
2386 3556 2605 3628 judiciis
2634 3563 2689 3611 et
2708 3556 2990 3626 praeceptis
3044 3573 3152 3615 non
3199 3559 3407 3617 addidit
3436 3579 3453 3617 :

1872 3653 1957 3709 lex
1988 3652 2132 3707 enim
2156 3666 2262 3706 non
2292 3649 2552 3708 viviﬁcat.
2583 3649 2683 3703 nisi
2707 3650 3041 3721 evangelium
3084 3654 3455 3720 superveniat.

1943 3740 2110 3795 Vens.
2134 3739 2188 3794 6.
2226 3768 2299 3779 --
2332 3736 2518 3792 Omnis
2537 3738 2692 3792 homo
2713 3742 2782 3792 ad
2822 3739 3135 3808 proximam,
3166 3748 3273 3796 etc.
3331 3741 3462 3799 Pro-

1873 3814 2025 3885 hibet
2061 3843 2130 3883 ne
2160 3835 2337 3883 astute
2359 3827 2427 3882 ad
2461 3836 2749 3897 peccantes
2769 3828 2821 3882 in
2846 3828 2985 3900 lege,
3013 3831 3350 3900 cognationis
3368 3848 3462 3889 oc-

1874 3922 2111 3984 casione,
2146 3920 2489 3984 accedamus,
2519 3926 2580 3973 ut
2604 3918 2819 3974 tandem
2868 3921 3044 3990 turpia
3091 3919 3236 3977 facta
3269 3937 3461 3980 eorum

1875 4021 2264 4088 cognoscentes
2290 4012 2624 4082 prodamus;
2673 4012 2816 4068 unde
2851 4012 3077 4069 subdit:
3118 4013 3233 4085 Ego
3278 4014 3464 4072 Domi-

1875 4125 1996 4163 nus.

1946 4199 2133 4254 Omnis
2162 4197 2335 4251 homo.
2368 4195 2550 4252 LXX:
2581 4196 2754 4252 Homo
2777 4197 2847 4251 ad
2870 4213 3072 4251 omnem
3123 4197 3463 4253 domesticam

1878 4293 2054 4348 carnis
2080 4294 2248 4361 ipsius
2271 4305 2375 4342 non
2400 4287 2631 4349 accedet,
2660 4296 2767 4342 etc.
2809 4286 3270 4353 Quemadmodum
3318 4287 3464 4341 enim

1878 4388 2042 4449 homo
2072 4385 2291 4465 duplex,
2322 4383 2402 4438 sic
2430 4381 2661 4450 duplicia
2692 4388 2981 4449 praecepta,
3030 4378 3350 4434 interiorem
3409 4389 3467 4435 et

1879 4475 2204 4531 exteriorem
2233 4471 2506 4527 hominem
2529 4470 2796 4524 decentia.
2844 4467 2955 4522 Lex
2983 4470 3219 4525 exterior
3250 4473 3467 4543 sangui-

252 4572 428 4629 Vens.
455 4571 543 4626 15.
570 4600 642 4611 -
670 4569 845 4624 Homo
887 4569 1200 4643 quicunque.
1240 4566 1449 4649 (Ιδιειι.)
1477 4567 1643 4624 Multa
1666 4569 1778 4625 Deo
1804 4547 1857 4609 D
1883 4570 2001 4623 neis
2033 4564 2250 4622 misceri
2273 4563 2541 4634 prohibet,
2585 4562 2725 4616 sicut
2769 4571 2976 4632 gentes,
3016 4577 3247 4632 quarum
3290 4565 3466 4622 haere-

180 4680 320 4724 cura
358 4675 445 4721 est
476 4664 545 4719 de
565 4663 741 4728 nobis,
786 4677 855 4718 ne
905 4662 1062 4717 alteri
1109 4676 1447 4717 noceamus:
1487 4671 1777 4731 propterea

178 4755 516 4830 percutienti
547 4754 821 4809 maxillam
842 4752 996 4821 jubet
1024 4752 1249 4808 alteram
1300 4754 1469 4818 dare;
1520 4761 1576 4807 et
1621 4751 1777 4807 aule-

180 4848 331 4905 senti
351 4845 597 4917 pallium,
626 4844 861 4899 tunicam
895 4843 1205 4907 dimittere;
1239 4849 1421 4897 etnon
1473 4842 1526 4896 in
1575 4841 1779 4910 judicio

180 4939 547 5003 contendere,
574 4952 647 4992 ne
664 4951 733 4991 ex
760 4936 1103 4993 contentione
1125 4934 1353 4989 velimus
1393 4933 1557 4989 etiam
1580 4948 1777 4988 nocere

182 5034 411 5108 (Matth.
438 5032 518 5104 v),
541 5031 635 5087 sed
660 5030 912 5101 patiendo
939 5030 1115 5099 ipsum
1141 5028 1435 5108 corrigere.
1460 5026 1587 5082 Ideo
1616 5026 1777 5095 legis-

181 5106 336 5183 lator
391 5124 671 5197 sanguinis
696 5124 1009 5180 mandatum
1034 5106 1374 5192 recapitblat,
1399 5128 1456 5174 ut
1484 5120 1699 5175 fraudes
1723 5127 1779 5175 et

183 5220 424 5281 astutias
444 5219 671 5275 nocendi
699 5218 880 5273 varias
900 5215 1130 5283 auferat,
1175 5216 1362 5270 dicens
1395 5232 1408 5269 :
1473 5211 1593 5268 Sive
1624 5230 1777 5267 vena-

184 5312 336 5369 tione
363 5312 473 5370 sive
502 5311 748 5381 aucupia,
785 5318 892 5366 elc.

269 5401 582 5459 Venatione.
612 5400 842 5466 Fraude,
873 5416 994 5471 qua:
1038 5399 1107 5453 ad
1136 5399 1452 5469 sanguinem
1506 5397 1780 5466 vitamque

188 5494 450 5567 pertinet.
471 5491 657 5549 Unde:
682 5491 974 5563 Captabant
1000 5492 1056 5546 in
1071 5492 1301 5545 animam
1321 5489 1475 5570 justi,
1503 5489 1781 5560 etsangui-

188 5605 316 5645 nem
345 5588 671 5646 innocentem
692 5584 1108 5640 condemnabam
1136 5582 1309 5656 (Psal.
1340 5580 1516 5653 xu").
1546 5581 1615 5635 Et
1660 5596 1782 5637 rur-

190 5696 291 5737 sus
322 5698 338 5734 :
379 5680 571 5733 Anima
593 5690 768 5735 nostra
806 5679 940 5734 sicut
962 5694 1164 5748 passer,
1202 5686 1376 5747 erepta
1402 5685 1476 5730 est
1511 5675 1576 5728 de
1597 5674 1782 5747 laqueo

193 5771 498 5845 cenantium
532 5769 707 5845 (Psal.
745 5771 957 5843 enin).
990 5770 1100 5827 lloc
1124 5779 1225 5837 est,
1258 5770 1300 5824 si
1333 5776 1649 5839 peccantem
1700 5766 1782 5821 vi-

1881 4660 2105 4717 ditatem
2133 4663 2457 4724 accepturus
2492 4660 2609 4711 erat
2634 4650 2816 4717 Israel,
2869 4652 2961 4721 qui
2992 4653 3128 4708 adeo
3171 4654 3469 4711 dissolutus

1880 4762 1935 4809 et
1953 4751 2166 4808 deditus
2192 4748 2371 4805 carnis
2404 4745 2791 4816 voluptatibus,
2834 4754 2893 4800 ut
2937 4762 3076 4802 unus
3116 4746 3310 4802 multas
3335 4764 3469 4804 uxo-

1882 4859 1971 4901 res
2006 4841 2300 4913 acciperet,
2333 4838 2499 4893 utsic
2543 4836 2734 4893 saltem
2785 4837 2853 4892 ab
2890 4836 3206 4908 alienigenis
3232 4839 3471 4915 abstines

1884 4945 2024 4999 rent.
2049 4930 2442 4988 Generationes
2462 4943 2591 5000 ergo
2622 4927 2896 4999 legislator
2919 4929 3239 4999 exsequitur
3257 4944 3357 5001 per
3373 4946 3469 4986 or»

1883 5027 2084 5089 dinem,
2115 5039 2146 5078 a
2174 5020 2370 5094 quibus
2410 5021 2685 5075 continere
2710 5019 2929 5085 debent,
2958 5035 3027 5075 ne
3063 5019 3468 5077 confundantur

1882 5116 2259 5191 generationes
2285 5120 2340 5167 et
2362 5110 2667 5183 dispereunt
2692 5111 3055 5165 hereditates.
3080 5108 3289 5164 Talium
3333 5126 3438 5169 con

1881 5193 2217 5283 iunctionem
2254 5201 2638 5273 turpitudinem
2670 5199 2933 5270 appellat,
2973 5207 3033 5253 ut
3054 5199 3468 5259 abominandam

1888 5297 2322 5366 horrendamque
2374 5292 2643 5349 ostendat.
2687 5290 3099 5360 Notandumque
3148 5293 3293 5361 quod
3345 5309 3467 5352 cum

1889 5397 1942 5451 in
1995 5391 2262 5464 principio
2309 5388 2472 5459 hujus
2521 5386 2657 5458 legis
2721 5384 2987 5441 dixisset:
3047 5383 3161 5455 Ego
3210 5383 3468 5440 Dominus

1888 5486 2031 5541 Deus
2052 5493 2233 5547 vester,
2260 5479 2476 5536 iteravit
2550 5478 2665 5551 Ego
2689 5477 2970 5541 Dominus,
3000 5475 3316 5547 significans
3344 5475 3467 5544 quia

1892 5576 2047 5633 nobis
2093 5590 2257 5631 carne
2277 5570 2597 5642 coniunctus
2642 5578 2744 5637 est,
2795 5577 2850 5624 et
2890 5578 3087 5624 nostra:
3136 5568 3473 5639 cognationis

1895 5669 2163 5739 particeps
2198 5685 2210 5720 :
2255 5676 2457 5723 tantam
2481 5681 2610 5737 ergo
2632 5662 3003 5733 cognationem
3031 5659 3304 5716 oll‘endere
3324 5660 3475 5721 dam-

1898 5760 2074 5818 nabile
2104 5766 2221 5845 est.
