3998 6332
639 335 740 389 δι’]

1124 325 1514 383 WALAFRlDl
1558 321 1803 381 STRABI
1841 321 2044 378 FULD.
2086 317 2251 374 MON.
2287 317 2440 374 OPP.
2485 319 2665 375 PARS
2704 320 2744 374 l.
2786 351 2854 360 —
2893 319 3348 379 THEOLOGICA.
3723 334 3797 389 us

704 443 816 514 Ego
840 441 1110 498 Dominus.
1141 440 1257 496 Non
1277 438 1629 495 manifestans
1658 444 1874 506 peccata
1903 434 2199 497 hominum,
2228 435 2278 494 Α
2305 441 2408 496 set,
2425 442 2556 499 etc.,
2580 450 2740 505 usque
2759 435 2828 488 ad
2854 435 2946 490 sed
2969 435 3328 505 concipienda:
3345 435 3477 506 proli
3502 441 3687 498 noxium
3705 460 3796 516 pro.

631 537 726 593 sed
755 536 939 592 delens
968 544 1022 589 et
1049 543 1234 604 tegens
1282 532 1427 602 quod
1475 529 1636 585 fuerit
1665 527 2005 584 confessione
2055 524 2203 580 dele-

634 639 747 684 tum
779 627 859 681 vel
891 627 1158 681 detectum

705 714 1121 784 Turpitudinem,
1153 720 1257 767 etc.
1290 711 1472 782 (Auc.,
1495 719 1679 781 quiest.
1707 706 1775 763 58
1804 708 1857 762 in
1888 705 2040 777 Leu.)
2068 705 2202 760 Pro-

631 807 779 862 hibet
807 821 930 861 cum
961 813 1133 860 matre
1161 802 1538 866 concumbere,
1566 808 1696 865 etc.,
1716 813 1876 866 usque
1904 798 1972 852 ad
1996 797 2048 852 in
2077 797 2203 852 cha-

630 899 790 954 ritate
818 897 960 952 enim
1011 902 1218 966 peccat,
1266 907 1385 964 qua:
1436 889 1710 962 plenitudo
1754 889 1888 960 legis
1915 895 1997 943 est
2027 885 2198 958 (Rom.

630 987 864 1129 xuigens.
893 1075 947 1130 9.
975 1103 1045 1113 —
1075 1070 1230 1127 Foris
1270 1071 1443 1143 genita
1473 1080 1566 1125 est.
1601 1069 1724 1142 (10.,
1754 1079 1938 1141 qua'st.
1963 1066 2084 1140 59.)
2120 1068 2200 1123 Ex

628 1175 824 1231 matre,
853 1167 897 1221 si
925 1166 991 1221 de
1020 1165 1185 1235 priori
1210 1164 1347 1228 viro,
1398 1171 1532 1230 etc.,
1575 1179 1734 1234 usque
1790 1161 1860 1216 ad
1911 1161 2054 1232 quod
2105 1177 2199 1218 su-

628 1258 814 1329 perius
841 1257 976 1313 dixit
1005 1257 1252 1311 obscure.

699 1349 859 1404 Vens.
885 1348 970 1402 11.
993 1378 1064 1389 ——
1085 1345 1239 1401 Filias
1293 1347 1493 1412 uxoris,
1522 1353 1625 1400 etc.
1658 1344 1836 1416 (Auc.,
1863 1344 1950 1398 ubi
1993 1343 2199 1416 supra.)

625 1441 741 1497 Non
771 1456 893 1496 cum
924 1440 1030 1494 ﬁlia
1060 1454 1306 1495 novercae
1332 1455 1398 1494 ex
1443 1438 1611 1507 priori
1641 1437 1757 1491 viro
1798 1437 2043 1492 videatur
2071 1451 2199 1507 pro-

626 1531 812 1586 hibere
839 1530 1206 1600 concubitum,
1237 1544 1362 1585 cum
1414 1528 1464 1583 ei
1515 1529 1602 1582 cui
1650 1527 1988 1598 prohibetur,
2045 1541 2200 1582 soror

622 1637 731 1678 non
753 1621 842 1687 sit,
870 1621 954 1678 vel
983 1637 1051 1677 ex
1077 1631 1231 1692 patre
1260 1620 1345 1675 vel
1377 1634 1445 1675 ex
1472 1627 1666 1687 matre,
1712 1619 1914 1674 addidit
1954 1621 2098 1690 quod
2130 1633 2198 1674 ex

621 1716 812 1771 eodem
839 1723 1012 1784 patre.

2304 524 2541 580 hibetur.

2379 614 2537 670 Vens.
2561 616 2652 671 ‘20.
2675 647 2744 656 —
2771 617 2902 672 Cum
2947 635 3124 684 uxore,
3161 627 3266 675 etc.
3300 619 3499 693 (lstcn.)
3545 623 3632 680 ilic
3661 631 3797 698 probi.

2301 707 2462 764 betur
2489 723 2679 764 rursus
2724 709 3073 776 adulterium,
3125 713 3269 781 quod
3317 713 3474 768 etiam
3519 716 3568 770 in
3603 719 3798 796 decalogo

2300 799 2650 869 prohibetur:
2676 801 2818 855 unde
2843 809 3064 870 apparet
3106 801 3194 856 illa
3241 803 3314 858 ita
3343 819 3460 860 esse
3482 807 3732 879 prohibita,
3754 826 3796 872 ut

2300 890 2463 944 etiam
2485 891 2712 945 mortuis
2738 891 2870 946 viris
2894 907 3002 947 non
3030 893 3230 949 ducant
3250 909 3463 962 uxores,
3489 911 3686 966 quarum
3707 917 3796 973 pro-

2301 979 2452 1035 hibet
2488 979 2871 1050 turpitudinem
2897 982 3142 1038 revelari.

2372 1071 2535 1126 Vens.
2551 1072 2640 1126 21.
2656 1101 2722 1112 —
2738 1070 2815 1126 De
2835 1073 3052 1140 nmine,
3077 1082 3182 1129 etc.
3216 1074 3795 1147 (ln.)Convenienterliec

2300 1161 2716 1232 subjunguntur,
2748 1169 2878 1230 etc.,
2909 1179 3070 1234 usque
3091 1166 3161 1220 ad
3183 1181 3287 1222 nec
3314 1167 3370 1222 in
3393 1183 3566 1224 errore
3585 1173 3793 1242 gentilium

2300 1268 2615 1308 miscemur.

2369 1344 2484 1399 Nec
2505 1345 2729 1416 pollues,
2754 1354 2860 1402 etc.
2890 1345 3008 1402 Non
3035 1346 3208 1402 solum
3235 1348 3565 1416 luxuriando,
3590 1351 3664 1407 vel
3683 1353 3794 1410 idolis

2300 1435 2648 1500 immolando,
2671 1437 2766 1492 sed
2804 1447 2860 1494 et
2886 1439 3163 1508 gentilium
3182 1439 3568 1510 philosophiam
3591 1443 3637 1496 in
3661 1443 3792 1499 Eccle-

2298 1527 2432 1582 siam
2463 1527 2866 1584 introducendo.
2896 1527 3195 1596 Quis'enim
3221 1544 3516 1585 consensus
3533 1531 3703 1603 templo
3726 1532 3792 1590 Del

2300 1630 2423 1670 cum
2452 1614 2650 1670 idolis?

2369 1706 2532 1762 Vens.
2561 1706 2651 1761 23.
2680 1736 2751 1746 -
2781 1705 2977 1761 Mulier
3013 1725 3141 1774 non,
3187 1717 3294 1764 etc.
3346 1707 3461 1765 Non
3512 1709 3662 1766 solum
3685 1712 3790 1776 viris,

693 1775 858 1858 Vens:
906 1804 992 1858 11.
1040 1833 1110 1844 —
1158 1802 1554 1873 Turpitudinem
1599 1802 1780 1872 fratris
1827 1801 2034 1872 patris,
2089 1809 2195 1863 etc.
2227 1775 2393 1852 Bsed
2433 1797 2597 1852 etiam
2650 1797 2965 1853 mulieribus
3015 1798 3102 1854 lex
3146 1800 3325 1870 posita
3370 1809 3455 1856 est
3496 1801 3574 1873 (11
3599 1802 3789 1877 Cana).

628 1893 809 1966 (Auc.,
842 1904 1030 1968 quiest.
1057 1893 1169 1965 61.)
1202 1892 1472 1962 Quaeritur
1494 1900 1675 1948 utrum
1703 1893 1824 1958 hoc,
1870 1900 1998 1957 etc.,
2036 1908 2198 1962 usque

620 1986 691 2040 ad
712 1995 892 2057 posset
919 1986 1062 2040 enim
1087 1984 1280 2055 aliquis
1303 1992 1491 2053 putare
1523 1983 1665 2052 quod
1697 1982 1855 2040 talem
1877 1982 2066 2038 liceret
2091 1982 2196 2038 sibi

621 2077 819 2132 ducere
847 2085 902 2131 et
926 2075 1246 2130 adulterium
1275 2090 1383 2129 non
1423 2073 1635 2128 timere.

692 2165 804 2221 Nec
828 2167 1061 2232 accedes,
1092 2175 1194 2221 etc.
1249 2165 1392 2221 LXX
1426 2184 1439 2220 :
1473 2166 1540 2221 Et
1571 2165 1640 2220 ad
1687 2182 1900 2220 uxorem
1946 2166 2061 2236 ejus
2090 2182 2194 2220 non

618 2257 879 2310 introibis.
914 2257 1145 2312 Proinde
1195 2257 1334 2311 hanc
1385 2257 1529 2312 enim
1578 2256 1965 2327 turpitudinem
2009 2256 2193 2311 dicunt

616 2351 788 2422 patris
817 2349 1000 2405 fratris
1035 2350 1172 2422 ejus,
1207 2351 1261 2406 id
1319 2359 1403 2407 est
1442 2351 1617 2422 patrui
1662 2351 1928 2422 pudenda,
1962 2350 2187 2418 scilicet,

615 2442 822 2497 uxoris.

679 2552 844 2608 Vens.
897 2552 983 2610 16.
1031 2584 1102 2593 —
1146 2553 1543 2624 Turpitudinem
1594 2553 1774 2606 uxoris
1828 2553 2031 2621 fratris,
2080 2559 2185 2607 etc.

610 2642 669 2697 1n
702 2651 875 2696 matre
930 2644 1386 2712 concupiscentia,
1420 2644 1561 2697 actio
1611 2642 1923 2712 intelligitur
1951 2642 2004 2696 in
2055 2641 2186 2707 filia,

610 2731 666 2785 in
696 2740 852 2800 nepte
882 2747 1048 2785 mors.
1078 2731 1512 2802 Concupiscentia
1556 2733 1693 2786 enim
1733 2733 1868 2801 parit
1897 2739 2186 2800 peccatum,

609 2829 876 2887 peccatum
904 2830 1118 2874 mortem
1144 2821 1279 2893 (Jac.
1327 2821 1391 2892 l),
1424 2821 1507 2875 vel
1534 2821 1676 2876 aliud
1705 2828 1980 2891 peccatum
2007 2837 2022 2885 ;
2049 2820 2189 2875 sicut

613 2909 783 2964 David
809 2925 875 2964 ex
901 2912 1333 2981 concupiscentia
1361 2911 1700 2977 adulteravit,
1726 2919 1780 2964 et
1804 2925 1902 2981 pro
1926 2909 2187 2964 adulterio

607 3001 825 3056 occidit.

677 3113 840 3169 Vens.
875 3114 959 3168 17.
991 3145 1060 3155 —
1093 3113 1159 3168 Ut
1209 3114 1395 3168 reveles
1443 3114 1783 3185 ignominiam
1829 3115 1963 3184 ejus.
2018 3113 2182 3180 Quasi
2211 3133 2254 3194 ρ

607 3203 874 3259 familiare
901 3214 954 3258 et
1002 3215 1283 3275 cognatum
1333 3213 1418 3259 est
1469 3206 1624 3260 nobis
1667 3213 1966 3274 peccatum.
2027 3203 2181 3259 Unde

606 3296 839 3350 invicem
865 3296 1120 3350 debemus
1143 3295 1448 3362 condolere,
1472 3306 1527 3350 et
1551 3312 1713 3352 onera
1735 3304 1920 3350 nostra
1945 3303 2178 3366 portare,

607 3395 664 3440 ut
693 3386 1081 3454 adimpleamus
1131 3385 1302 3458 legem
1358 3386 1581 3453 Christi,
1616 3386 1706 3456 qui
1746 3393 1968 3456 peccata
1998 3393 2181 3440 nostra

601 3478 856 3548 portavit.

673 3589 836 3645 Vens.
883 3590 969 3645 18.
1015 3620 1084 3628 —
1132 3589 1377 3644 Sororem
1427 3587 1605 3641 uxoris
1661 3596 1806 3649 tuae,
1839 3593 1943 3640 etc.
1995 3581 2176 3657 (Ana,

607 3693 792 3749 qmest.
846 3683 899 3735 in
944 3680 1088 3753 Lev.)
1134 3681 1250 3736 Non
1299 3679 1562 3752 prohibet,
1595 3685 1723 3744 etc.,
1779 3694 1938 3749 usque
1982 3678 2050 3731 ad
2107 3693 2176 3732 ne

599 3772 802 3827 faceret
828 3788 946 3826 eam
973 3772 1254 3826 ntmchari.

670 3882 737 3936 In
756 3881 1054 3952 pellicatum
1081 3883 1221 3935 illius
1254 3900 1356 3937 non
1385 3883 1604 3952 accipies
1652 3898 1744 3935 nec
1771 3880 2039 3946 reuelabis,
2067 3889 2171 3935 etc.

597 3972 780 4028 LXX:
812 3973 876 4026 In
907 3972 1070 4026 zelum
1103 3973 1264 4039 illius,
1297 3973 1454 4042 quasi
1501 3973 1604 4026 hoc
1648 3979 1791 4026 esset
1841 3970 1988 4024 zelus
2039 3970 2178 4046 inter

599 4079 834 4129 sorores,
863 4064 1015 4134 quasi
1046 4080 1150 4118 non
1180 4064 1248 4118 sit
1287 4071 1342 4117 et
1390 4064 1529 4117 inter
1559 4079 1665 4116 non
1699 4076 1932 4116 sorores.
1965 4060 2045 4114 An
2076 4075 2174 4130 po-

596 4143 706 4207 tius
754 4169 820 4206 ne
849 4153 950 4206 hoc
981 4155 1161 4206 animo
1210 4151 1321 4217 ﬁat,
1356 4159 1414 4204 ut
1458 4151 1512 4205 in
1553 4149 1727 4204 zelum
1784 4149 1985 4204 sororis
2023 4164 2177 4203 soror

596 4243 1028 4314 superdncatur?
1059 4241 1124 4295 In
1147 4259 1272 4311 pace
1302 4259 1393 4296 nos
1431 4241 1628 4294 vocavit
1652 4239 1815 4304 Deus,
1855 4257 2033 4308 pacem
2057 4257 2175 4292 cum

595 4333 834 4387 omnibus
887 4332 1168 4385 habeamus
1222 4330 1400 4402 (Rom.
1429 4328 1550 4399 xu),
1602 4328 1836 4382 maxime
1889 4343 2012 4382 cum
2044 4342 2172 4397 pro-

595 4424 774 4477 ximis.
818 4423 876 4475 ln
908 4420 1132 4476 Judaica
1180 4435 1391 4490 quoque
1419 4419 1832 4474 conversatione
1877 4433 1983 4472 non
2019 4418 2172 4472 decet

2297 1886 2486 1942 Unde:
2539 1885 2812 1942 Mulierem
2840 1887 3028 1957 fortem
3054 1890 3170 1959 quis
3220 1889 3482 1962 invenisti?
3505 1889 3664 1962 (Prov.
3689 1895 3791 1964 xm.)

2296 1977 2448 2033 Sicut
2475 1978 2620 2033 enim
2646 1978 2918 2034 masculus
2945 1980 3182 2034 animam
3233 1980 3424 2036 fortem
3451 1989 3503 2038 et
3527 1991 3790 2039 constantem

2292 2069 2348 2124 in
2373 2069 2662 2124 virtutibus
2687 2069 2975 2140 significat,
3012 2070 3092 2125 sic
3131 2071 3330 2126 mulier
3366 2071 3653 2144 dignitatem
3683 2089 3787 2128 suam

2291 2160 2684 2216 custodientem
2709 2161 2952 2233 designat
2976 2177 2990 2216 :
3021 2162 3164 2218 facta
3185 2172 3272 2220 est
3298 2165 3438 2220 enim
3464 2166 3514 2220 in
3536 2165 3788 2234 adjutorium

2289 2249 2393 2304 viri
2419 2248 2572 2320 (Gen.-
2604 2250 2667 2322 ιι)
2697 2269 2710 2305 :
2741 2267 2862 2321 quae
2883 2268 3012 2308 vero
3045 2253 3170 2309 talis
3192 2265 3296 2322 est,
3338 2270 3443 2310 non
3467 2255 3607 2313 debet
3628 2255 3781 2325 jumen-

2290 2348 2469 2394 torum
2499 2341 2642 2395 coitu
2669 2342 2947 2398 maculari.

2358 2429 2523 2486 Vens.
2554 2431 2644 2485 24.
2681 2462 2750 2473 --
2778 2431 2891 2488 Nec
2927 2433 3241 2504 polluamini
3284 2435 3340 2491 in
3367 2437 3587 2491 omnibus
3607 2437 3692 2503 his,
3711 2447 3783 2493 etc.

2291 2519 2493 2592 (Istcn.)
2522 2519 2734 2588 Quanta
2763 2523 2985 2592 pollutio
3023 2525 3093 2580 sit
3123 2525 3177 2579 in
3200 2526 3486 2596 praedictis,
3506 2543 3644 2598 paena
3666 2527 3786 2596 polln-

2292 2619 2465 2665 torum
2491 2611 2744 2666 ostendit.
2769 2611 2879 2667 Nec
2921 2613 3134 2669 incaute
3166 2618 3606 2685 printereundum,
3625 2618 3721 2687 quia
3741 2630 3783 2670 ea

2287 2715 2406 2769 qua:
2431 2700 2655 2763 invicem
2683 2701 2784 2756 sibi
2811 2701 3096 2770 conjuncta
3144 2713 3292 2770 sunt,
3352 2705 3406 2761 in
3441 2721 3589 2761 unum
3611 2706 3785 2774 colligit,

2287 2799 2348 2846 ut
2371 2792 2621 2846 ostendat
2647 2793 2774 2863 quia
2804 2795 2895 2863 qui
2949 2795 3005 2849 in
3034 2811 3141 2851 uno
3171 2798 3408 2868 pollutus
3452 2798 3612 2864 fuerit,
3639 2799 3680 2853 in
3700 2814 3782 2854 om-

2286 2881 2446 2937 nibus
2472 2881 2696 2937 oil'endit
2723 2884 2862 2955 (.lac.
2889 2885 2976 2956 tt).

2358 2972 2740 3028 contaminata:
2760 2985 2879 3028 sunt
2917 2977 3170 3030 universa:
3200 2986 3394 3047 gentes,
3423 2987 3522 3033 etc.
3553 2978 3784 3038 Damone.

2287 3066 2374 3136 qui
2403 3075 2624 3135 propter
2653 3068 3049 3124 multitudinem
3082 3070 3339 3124 dicuntur
3361 3079 3538 3141 gentes
3563 3069 3778 3124 universae.

2286 3158 2390 3225 Qui
2421 3172 2540 3212 cum
2576 3159 2725 3214 omni
2775 3170 2998 3230 peccato
3046 3163 3338 3231 gaudeant,
3370 3163 3615 3232 praecipue
3654 3168 3780 3213 tamen

2284 3245 2640 3302 fornicatione
2681 3255 2737 3302 et
2782 3247 3104 3315 idololatria,
3141 3251 3271 3318 quia
3304 3251 3357 3304 in
3385 3251 3467 3306 his
3490 3259 3540 3304 et
3563 3263 3720 3318 corpus
3741 3251 3780 3298 et

2285 3337 2463 3390 anima
2491 3338 2810 3404 maculatur,
2842 3347 2896 3393 et
2922 3347 3066 3395 totus
3116 3341 3301 3408 homo,
3335 3342 3424 3412 qui
3463 3349 3592 3396 terra
3620 3338 3776 3394 dicitur-

2285 3430 2390 3486 Scd
2418 3431 2656 3486 visitavit
2681 3431 2821 3488 Deus
2850 3440 3075 3498 terram,
3103 3435 3154 3489 id
3180 3444 3268 3490 est
3295 3437 3558 3490 hominum
3583 3445 3730 3503 genus.

2355 3519 2516 3575 Vens.
2550 3521 2640 3575 29.
2666 3521 2936 3576 —0mnis
2981 3523 3180 3588 anima,
3234 3535 3340 3580 etc.
3397 3524 3493 3591 Qui
3541 3522 3663 3577 enim
3696 3523 3780 3588 post

2280 3611 2640 3681 evangelicum
2679 3612 3111 3681 prmdicationem
3152 3615 3282 3670 talia
3313 3615 3643 3676 committunt,
3664 3608 3776 3662 aliam

2281 3701 2406 3756 mali
2435 3703 2752 3757 medicinam
2781 3718 2885 3758 non
2929 3705 3243 3771 inveniunt;
3277 3722 3378 3761 nec
3425 3706 3474 3760 in
3502 3710 3630 3760 sorte
3651 3697 3776 3755 homi-

2279 3809 2430 3856 num,
2467 3794 2562 3848 sed
2589 3795 2891 3848 daamonum
2925 3804 3104 3850 erunt.

2350 3885 2511 3940 Vens.
2540 3885 2628 3939 50.
2659 3917 2730 3926 ——
2759 3886 3025 3942 Custodite
3054 3890 3308 3944 mandata
3335 3907 3464 3944 mea.
3497 3886 3669 3954 Quasi:
3698 3879 3776 3934 lica

2278 3985 2406 4031 sunt
2460 3979 2736 4044 mandata,
2787 3996 2896 4034 non
2952 3981 3224 4048 hominis;
3259 3983 3324 4038 ad
3372 3981 3516 4052 cujus
3557 3977 3774 4046 imaginem

2277 4066 2403 4123 facti
2432 4070 2600 4134 estis;
2635 4085 2796 4140 quam
2835 4073 3074 4142 polluere
3127 4092 3234 4130 non
3285 4078 3514 4133 debetis:
3560 4071 3774 4140 quietem-

2275 4155 2418 4227 plum
2462 4157 2556 4212 Dei
2602 4160 2722 4214 estis
2750 4201 2763 4226 ,
2813 4171 2860 4214 ct
2918 4162 3146 4232 Spiritus
3199 4165 3299 4220 Dei
3359 4165 3545 4220 habitat
3587 4163 3634 4215 in
3679 4152 3778 4210 robit

2276 4245 2326 4318 (ι
2343 4245 2462 4300 Cur.
2488 4247 2592 4319 ιιι).

2876 4359 3106 4419 CAPUT
3144 4362 3290 4418 XIX.

594 4514 1014 4569 ccclesiasﬁcam
1047 4513 1338 4582 suscipere,
1381 4526 1481 4566 nec
1529 4511 1765 4582 lypicum
1814 4510 2014 4579 pascha
2046 4524 2169 4564 cum
2196 4484 2250 4544 D
2345 4510 2508 4567 Vens.
2535 4512 2586 4580 1,
2610 4512 2665 4568 2.
2686 4512 3007 4570 —-Loculus
3031 4527 3104 4570 est
3127 4516 3447 4570 Dominus...
3471 4509 3770 4589 Sanctietlol€~

595 4623 727 4662 vero
753 4608 1045 4672 cclelzrare,
1075 4623 1172 4663 nec
1201 4606 1662 4662 circumcisionem
1685 4621 1806 4660 cum
1828 4605 2168 4674 baptismate.

598 4696 750 4751 Unde
784 4697 975 4750 Paulus
1000 4715 1012 4749 :
1049 4695 1108 4751 Si
1129 4696 1582 4761 circumcidimini,
1609 4694 1846 4749 Christus
1877 4694 2016 4748 vobis
2043 4693 2172 4748 nihil

595 4785 823 4856 proderit
875 4783 1015 4854 (Gal.
1048 4785 1124 4856 v).
1160 4783 1475 4842 Mortificata
1525 4801 1654 4855 ergo
1684 4783 1908 4840 Judaica
1947 4801 2173 4840 conver-

597 4873 804 4927 satione
859 4873 1114 4928 Ecclesite
1175 4874 1334 4929 debet
1382 4873 1650 4944 conjungi,
1709 4889 1829 4942 quae
1885 4882 1969 4927 cst
2023 4887 2159 4928 sorm

595 4963 749 5033 legis,
805 4965 1023 5019 eosdem
1073 4965 1236 5020 habet
1283 4965 1550 5026 doctores,
1592 4963 1809 5018 eosdem
1859 4963 2170 5033 prOphetas.

599 5053 703 5109 Sed
745 5054 967 5110 .ludaica
1014 5056 1352 5110 conversatio
1380 5053 1680 5117 aemulatur,
1712 5055 1836 5125 quia
1887 5054 1953 5107 ad
1983 5053 2172 5108 Eccle-

597 5146 732 5200 siam
784 5147 1116 5200 transierunt
1166 5145 1365 5200 divitia:
1418 5142 1550 5212 ejus.
1589 5143 1740 5198 Unde
1797 5143 1996 5198 Paulus
2048 5143 2168 5197 ait:

598 5235 944 5290 A'Imulantur
986 5252 1071 5290 vos
1117 5251 1219 5289 non
1265 5234 1406 5299 bene,
1461 5233 1550 5288 sed
1581 5233 1854 5286 excludere
1899 5249 2008 5299 vos,
2061 5240 2165 5287 etc.

598 5325 740 5397 (Gal.
777 5327 870 5397 tv).
928 5327 1075 5384 Uxor
1103 5340 1334 5395 namque
1363 5325 1512 5394 prior
1539 5323 1695 5388 zelat,
1727 5325 1852 5394 quia
1903 5324 2170 5378 subintrat

596 5417 854 5473 secunda.
890 5417 1040 5473 Unde
1081 5417 1175 5471 Lia
1205 5416 1316 5470 ait:
1359 5412 1624 5468 Parumne
1665 5413 1755 5466 tibi
1783 5414 1985 5467 videtur
2027 5413 2168 5483 quod

597 5512 929 5582 pru'ripueris
965 5511 1209 5562 maritum
1239 5508 1408 5562 mihi?
1437 5505 1587 5578 (Gen.
1625 5503 1778 5574 xxx.)

672 5601 834 5655 Vens.
863 5601 946 5655 19.
979 5630 1049 5640 ——-
1070 5599 1150 5652 Ad
1198 5599 1484 5664 mulierem,
1513 5606 1618 5653 etc.
1667 5595 1846 5668 (Auc.,
1886 5607 2070 5666 qumst.
2102 5599 2169 5653 6-1

602 5701 653 5752 in
683 5696 829 5766 Lor.)
859 5697 991 5751 Cum
1046 5699 1144 5752 hoc
1187 5696 1432 5764 superius
1481 5693 1806 5750 suilicientcr
1862 5694 2166 5762 prohibuis-

2275 4602 2476 4675 (Ontc.,
2507 4604 2648 4658 hom.
2681 4605 2748 4660 12
2769 4608 2822 4660 in
2853 4607 3003 4679 Lev.)
3035 4608 3175 4673 Quid
3215 4608 3473 4681 signiticet
3501 4605 3590 4659 hoc
3629 4603 3774 4681 nomen

2272 4695 2415 4766 quod
2437 4703 2517 4750 est
2542 4706 2813 4763 sanctum,
2841 4707 2970 4763 etc.,
2987 4678 3156 4768 usque
3175 4699 3245 4752 ad
3272 4678 3329 4752 ut
3354 4696 3548 4752 scilicet
3567 4691 3612 4745 in
3633 4678 3773 4741 sarcul0

2274 4788 2738 4842 conversationem
2761 4788 3024 4842 habeatis.

2347 4876 2510 4931 Vens.
2559 4877 2611 4930 '5.
2659 4907 2728 4916 ——
2777 4875 3158 4948 Unusquisque.
3211 4876 3386 4946 Super
3439 4864 3770 4954 fundamentum

2275 4967 2540 5022 aedificat:
2568 4967 2743 5037 quasi,
2775 4975 2946 5022 estote
2986 4967 3182 5033 sancti,
3213 4975 3274 5021 ut
3303 4972 3514 5021 sanctus
3549 4953 3766 5037 habitettn

2274 5059 2428 5114 vobis
2453 5076 2467 5124 ;
2495 5067 2549 5112 et
2571 5035 2778 5113 natura:
2810 5059 3192 5129 benignitatem
3217 5056 3504 5129 impendite
3530 5035 3772 5106 honorando

2276 5158 2485 5218 patrem
2513 5157 2568 5203 et
2589 5160 2836 5204 matrem.

2349 5241 2580 5296 Sabbata
2608 5260 2719 5296 mea
2741 5243 3232 5316 custodite.‘(lsncu.)
3257 5242 3492 5298 Mandata
3508 5234 3621 5306 legis
3638 5225 3772 5281 volens

2277 5330 2648 5399 recapitulare,
2675 5330 2726 5384 id
2751 5342 2852 5397 est,
2881 5331 3004 5385 Non
3026 5333 3248 5398 occides,
3275 5330 3392 5385 Non
3415 5320 3660 5398 furaberis,
3677 5319 3764 5406 θιςσι

2275 5429 2408 5485 etc.,
2455 5420 2629 5490 inquit
2664 5435 2678 5474 :
2711 5421 2944 5475 Sabbata
2979 5439 3091 5475 utea
3132 5421 3400 5476 custodite.
3455 5416 3630 5476 Verum
3668 5407 3768 5455 80"“

2276 5511 2557 5565 sabbatum
2589 5519 2672 5565 est
2698 5513 2765 5565 ab
2791 5512 2936 5565 omni
2968 5512 3110 5566 malo
3144 5526 3375 5567 cessare.
3409 5506 3548 5589 Unde
3578 5497 3765 5589 Moyses:
3873 5523 3875 5589 ι

2280 5601 2444 5656 Omne
2463 5619 2590 5672 opus
2613 5602 2798 5657 servile
2827 5619 2929 5656 non
2960 5604 3162 5672 facietis
3193 5606 3246 5658 in
3271 5620 3330 5657 eo
3365 5586 3548 5671 (Exod.
3573 5583 3710 5648 xxx!)-

2350 5665 2576 5749 Sabbata
2606 5711 2717 5749 mea
2741 5665 3010 5751 custodite.
3042 5694 3236 5752 Volcns
3281 5665 3381 5749 nos‘
3411 5690 3540 5746 Deus
3567 5683 3622 5739 de
3655 5665 3766 5730 intcl-

3863 6207 3869 6297 Ι
