  <div class='ocr_page' id='page_1' title='image "/cluster/home/n/w/nwhite01/storage/ocr_20150623/113/hvd.32044018909572/180.png"; bbox 0 0 3998 6332; ppageno 0'>
   <div class='ocr_carea' id='block_1_1' title="bbox 237 338 344 397">
    <p class='ocr_par' dir='ltr' id='par_1_1' title="bbox 237 338 344 397">
     <span class='ocr_line' id='line_1_1' title="bbox 237 338 344 397; baseline -0.009 0"><span class='ocrx_word' id='word_1_1' title='bbox 237 338 344 397; x_wconf 67' lang='grc'><strong>540</strong></span> 
     </span>
    </p>
   </div>
   <div class='ocr_carea' id='block_1_2' title="bbox 1239 340 2475 401">
    <p class='ocr_par' dir='ltr' id='par_1_2' title="bbox 1239 340 2475 401">
     <span class='ocr_line' id='line_1_2' title="bbox 1239 340 2475 401; baseline 0.001 -4"><span class='ocrx_word' id='word_1_2' title='bbox 1239 341 1504 398; x_wconf 76' lang='lat' dir='ltr'><strong>GLOSSA</strong></span> <span class='ocrx_word' id='word_1_3' title='bbox 1544 340 1941 397; x_wconf 75' lang='lat' dir='ltr'><strong>ORDINARIA.</strong></span> <span class='ocrx_word' id='word_1_4' title='bbox 1978 373 2047 381; x_wconf 88' lang='lat'><strong>—</strong></span> <span class='ocrx_word' id='word_1_5' title='bbox 2082 343 2212 398; x_wconf 83' lang='lat' dir='ltr'><strong>LIB.</strong></span> <span class='ocrx_word' id='word_1_6' title='bbox 2249 343 2475 401; x_wconf 81' lang='lat' dir='ltr'><strong>LEVIT.</strong></span> 
     </span>
    </p>
   </div>
   <div class='ocr_carea' id='block_1_3' title="bbox 3384 355 3494 411">
    <p class='ocr_par' dir='ltr' id='par_1_3' title="bbox 3384 355 3494 411">
     <span class='ocr_line' id='line_1_3' title="bbox 3384 355 3494 411; baseline 0.009 -1"><span class='ocrx_word' id='word_1_7' title='bbox 3384 355 3494 411; x_wconf 72' lang='lat'><strong>550</strong></span> 
     </span>
    </p>
   </div>
   <div class='ocr_carea' id='block_1_4' title="bbox 235 453 3491 534">
    <p class='ocr_par' dir='ltr' id='par_1_4' title="bbox 235 453 3491 534">
     <span class='ocr_line' id='line_1_4' title="bbox 235 453 3491 534; baseline -0.001 -22"><span class='ocrx_word' id='word_1_8' title='bbox 235 456 429 529; x_wconf 85' lang='lat' dir='ltr'><strong>ligibili</strong></span> <span class='ocrx_word' id='word_1_9' title='bbox 455 455 640 525; x_wconf 84' lang='lat' dir='ltr'><strong>requie</strong></span> <span class='ocrx_word' id='word_1_10' title='bbox 683 453 893 520; x_wconf 88' lang='lat' dir='ltr'><strong>docere,</strong></span> <span class='ocrx_word' id='word_1_11' title='bbox 919 463 975 510; x_wconf 91' lang='lat' dir='ltr'><strong>et</strong></span> <span class='ocrx_word' id='word_1_12' title='bbox 1026 455 1092 530; x_wconf 90' lang='lat' dir='ltr'><strong>de</strong></span> <span class='ocrx_word' id='word_1_13' title='bbox 1115 456 1300 510; x_wconf 92' lang='lat' dir='ltr'><strong>mundi</strong></span> <span class='ocrx_word' id='word_1_14' title='bbox 1325 456 1804 519; x_wconf 78' lang='lat' dir='ltr'><strong>consummatione,</strong></span> <span class='ocrx_word' id='word_1_15' title='bbox 1835 459 1888 516; x_wconf 79' lang='grc' dir='ltr'>Α</span> <span class='ocrx_word' id='word_1_16' title='bbox 1982 455 2143 511; x_wconf 73' lang='lat' dir='ltr'><strong>Vens.</strong></span> <span class='ocrx_word' id='word_1_17' title='bbox 2189 457 2274 511; x_wconf 90' lang='grc'><strong>10.</strong></span> <span class='ocrx_word' id='word_1_18' title='bbox 2297 487 2366 496; x_wconf 91' lang='grc'><strong><em>-</em></strong></span> <span class='ocrx_word' id='word_1_19' title='bbox 2397 457 2576 528; x_wconf 85' lang='lat' dir='ltr'><strong><em>Neque</em></strong></span> <span class='ocrx_word' id='word_1_20' title='bbox 2611 458 2664 511; x_wconf 88' lang='lat' dir='ltr'><strong>in</strong></span> <span class='ocrx_word' id='word_1_21' title='bbox 2701 459 2864 513; x_wconf 85' lang='lat' dir='ltr'><strong>vinea.</strong></span> <span class='ocrx_word' id='word_1_22' title='bbox 2916 460 3124 534; x_wconf 75' lang='lat' dir='ltr'><strong>(lsrcu.)</strong></span> <span class='ocrx_word' id='word_1_23' title='bbox 3176 465 3344 521; x_wconf 69' lang='lat' dir='ltr'><strong>Vinea</strong></span> <span class='ocrx_word' id='word_1_24' title='bbox 3385 468 3491 524; x_wconf 80' lang='grc' dir='ltr'><strong>οο-</strong></span> 
     </span>
    </p>
   </div>
   <div class='ocr_carea' id='block_1_5' title="bbox 235 544 1812 617">
    <p class='ocr_par' dir='ltr' id='par_1_5' title="bbox 235 544 1812 617">
     <span class='ocr_line' id='line_1_5' title="bbox 235 544 1812 617; baseline -0.001 -16"><span class='ocrx_word' id='word_1_25' title='bbox 235 547 458 617; x_wconf 83' lang='lat' dir='ltr'><strong>quando</strong></span> <span class='ocrx_word' id='word_1_26' title='bbox 505 544 835 614; x_wconf 85' lang='lat' dir='ltr'><strong>impossibile</strong></span> <span class='ocrx_word' id='word_1_27' title='bbox 883 553 966 599; x_wconf 92' lang='lat' dir='ltr'><strong>est</strong></span> <span class='ocrx_word' id='word_1_28' title='bbox 1013 546 1191 599; x_wconf 85' lang='lat' dir='ltr'><strong>cibum</strong></span> <span class='ocrx_word' id='word_1_29' title='bbox 1235 561 1429 614; x_wconf 87' lang='lat' dir='ltr'><strong>parare</strong></span> <span class='ocrx_word' id='word_1_30' title='bbox 1467 546 1549 601; x_wconf 90' lang='lat' dir='ltr'><strong>vel</strong></span> <span class='ocrx_word' id='word_1_31' title='bbox 1579 546 1812 616; x_wconf 90' lang='lat' dir='ltr'><strong>operari,</strong></span> 
     </span>
    </p>
   </div>
   <div class='ocr_carea' id='block_1_6' title="bbox 237 635 1813 708">
    <p class='ocr_par' dir='ltr' id='par_1_6' title="bbox 237 635 1813 708">
     <span class='ocr_line' id='line_1_6' title="bbox 237 635 1813 708; baseline -0.002 -14"><span class='ocrx_word' id='word_1_32' title='bbox 237 654 344 694; x_wconf 89' lang='lat' dir='ltr'><strong>nec</strong></span> <span class='ocrx_word' id='word_1_33' title='bbox 364 639 510 693; x_wconf 89' lang='lat' dir='ltr'><strong>circa</strong></span> <span class='ocrx_word' id='word_1_34' title='bbox 535 636 735 706; x_wconf 88' lang='lat' dir='ltr'><strong>aliquid</strong></span> <span class='ocrx_word' id='word_1_35' title='bbox 757 635 1036 706; x_wconf 84' lang='lat' dir='ltr'><strong>corporale</strong></span> <span class='ocrx_word' id='word_1_36' title='bbox 1054 638 1332 706; x_wconf 90' lang='lat' dir='ltr'><strong>occupari,</strong></span> <span class='ocrx_word' id='word_1_37' title='bbox 1353 637 1430 691; x_wconf 92' lang='lat' dir='ltr'><strong>ait</strong></span> <span class='ocrx_word' id='word_1_38' title='bbox 1447 653 1545 706; x_wconf 87' lang='lat' dir='ltr'><strong>per</strong></span> <span class='ocrx_word' id='word_1_39' title='bbox 1564 636 1813 708; x_wconf 76' lang='lat' dir='ltr'><strong>Moysen:</strong></span> 
     </span>
    </p>
   </div>
   <div class='ocr_carea' id='block_1_7' title="bbox 237 724 1815 796">
    <p class='ocr_par' dir='ltr' id='par_1_7' title="bbox 237 724 1815 796">
     <span class='ocr_line' id='line_1_7' title="bbox 237 724 1815 796; baseline -0.001 -16"><span class='ocrx_word' id='word_1_40' title='bbox 237 725 473 786; x_wconf 85' lang='lat' dir='ltr'><strong>Sabbata</strong></span> <span class='ocrx_word' id='word_1_41' title='bbox 508 726 660 779; x_wconf 82' lang='lat' dir='ltr'><strong>hodie</strong></span> <span class='ocrx_word' id='word_1_42' title='bbox 697 724 940 788; x_wconf 76' lang='lat' dir='ltr'><strong>Domino,</strong></span> <span class='ocrx_word' id='word_1_43' title='bbox 981 741 1084 778; x_wconf 85' lang='lat' dir='ltr'><strong>non</strong></span> <span class='ocrx_word' id='word_1_44' title='bbox 1133 725 1399 780; x_wconf 77' lang='lat' dir='ltr'><strong>invenietis</strong></span> <span class='ocrx_word' id='word_1_45' title='bbox 1441 725 1573 778; x_wconf 84' lang='lat' dir='ltr'><strong>illud</strong></span> <span class='ocrx_word' id='word_1_46' title='bbox 1601 727 1654 778; x_wconf 87' lang='lat' dir='ltr'><strong>in</strong></span> <span class='ocrx_word' id='word_1_47' title='bbox 1691 742 1815 796; x_wconf 88' lang='lat' dir='ltr'><strong>agro</strong></span> 
     </span>
    </p>
   </div>
   <div class='ocr_carea' id='block_1_8' title="bbox 240 814 1817 889">
    <p class='ocr_par' dir='ltr' id='par_1_8' title="bbox 240 814 1817 889">
     <span class='ocr_line' id='line_1_8' title="bbox 240 814 1817 889; baseline 0 -19"><span class='ocrx_word' id='word_1_48' title='bbox 240 817 442 889; x_wconf 74' lang='lat' dir='ltr'><strong>(Exod.</strong></span> <span class='ocrx_word' id='word_1_49' title='bbox 472 817 606 885; x_wconf 75' lang='lat' dir='ltr'><strong>xvr),</strong></span> <span class='ocrx_word' id='word_1_50' title='bbox 633 825 740 870; x_wconf 90' lang='lat' dir='ltr'><strong>etc.</strong></span> <span class='ocrx_word' id='word_1_51' title='bbox 783 814 918 871; x_wconf 84' lang='lat' dir='ltr'><strong>Nota</strong></span> <span class='ocrx_word' id='word_1_52' title='bbox 956 816 1082 884; x_wconf 91' lang='lat' dir='ltr'><strong>quia</strong></span> <span class='ocrx_word' id='word_1_53' title='bbox 1111 831 1216 870; x_wconf 91' lang='lat' dir='ltr'><strong>non</strong></span> <span class='ocrx_word' id='word_1_54' title='bbox 1260 817 1358 883; x_wconf 90' lang='lat' dir='ltr'><strong>ait,</strong></span> <span class='ocrx_word' id='word_1_55' title='bbox 1387 817 1690 880; x_wconf 89' lang='lat' dir='ltr'><strong>sabbatum,</strong></span> <span class='ocrx_word' id='word_1_56' title='bbox 1722 815 1817 870; x_wconf 83' lang='lat' dir='ltr'><strong>sed</strong></span> 
     </span>
    </p>
   </div>
   <div class='ocr_carea' id='block_1_9' title="bbox 237 905 1817 978">
    <p class='ocr_par' dir='ltr' id='par_1_9' title="bbox 237 905 1817 978">
     <span class='ocr_line' id='line_1_9' title="bbox 237 905 1817 978; baseline -0.001 -15"><span class='ocrx_word' id='word_1_57' title='bbox 237 909 478 972; x_wconf 84' lang='lat' dir='ltr'><strong>sabbata,</strong></span> <span class='ocrx_word' id='word_1_58' title='bbox 507 907 634 978; x_wconf 87' lang='lat' dir='ltr'><strong>quia</strong></span> <span class='ocrx_word' id='word_1_59' title='bbox 677 905 1026 978; x_wconf 87' lang='lat' dir='ltr'><strong>intelligibilis</strong></span> <span class='ocrx_word' id='word_1_60' title='bbox 1073 907 1288 976; x_wconf 89' lang='lat' dir='ltr'><strong>requies</strong></span> <span class='ocrx_word' id='word_1_61' title='bbox 1322 923 1426 962; x_wconf 90' lang='lat' dir='ltr'><strong>non</strong></span> <span class='ocrx_word' id='word_1_62' title='bbox 1466 909 1533 961; x_wconf 92' lang='lat' dir='ltr'><strong>ab</strong></span> <span class='ocrx_word' id='word_1_63' title='bbox 1562 923 1691 972; x_wconf 90' lang='lat' dir='ltr'><strong>uno,</strong></span> <span class='ocrx_word' id='word_1_64' title='bbox 1723 907 1817 962; x_wconf 91' lang='lat' dir='ltr'><strong>sed</strong></span> 
     </span>
    </p>
   </div>
   <div class='ocr_carea' id='block_1_10' title="bbox 239 997 1816 1068">
    <p class='ocr_par' dir='ltr' id='par_1_10' title="bbox 239 997 1816 1068">
     <span class='ocr_line' id='line_1_10' title="bbox 239 997 1816 1068; baseline 0 -14"><span class='ocrx_word' id='word_1_65' title='bbox 239 998 312 1054; x_wconf 91' lang='lat' dir='ltr'><strong>ab</strong></span> <span class='ocrx_word' id='word_1_66' title='bbox 343 999 594 1054; x_wconf 90' lang='lat' dir='ltr'><strong>omnibus</strong></span> <span class='ocrx_word' id='word_1_67' title='bbox 622 997 929 1053; x_wconf 82' lang='lat' dir='ltr'><strong>carnalibus</strong></span> <span class='ocrx_word' id='word_1_68' title='bbox 953 997 1134 1068; x_wconf 88' lang='lat' dir='ltr'><strong>quieta</strong></span> <span class='ocrx_word' id='word_1_69' title='bbox 1159 1008 1242 1054; x_wconf 89' lang='lat' dir='ltr'><strong>est</strong></span> <span class='ocrx_word' id='word_1_70' title='bbox 1286 1007 1342 1053; x_wconf 91' lang='lat' dir='ltr'><strong>et</strong></span> <span class='ocrx_word' id='word_1_71' title='bbox 1383 999 1628 1054; x_wconf 90' lang='lat' dir='ltr'><strong>absoluta</strong></span> <span class='ocrx_word' id='word_1_72' title='bbox 1655 1017 1669 1053; x_wconf 90' lang='lat'><strong>:</strong></span> <span class='ocrx_word' id='word_1_73' title='bbox 1697 997 1816 1054; x_wconf 90' lang='lat' dir='ltr'><strong>ideo</strong></span> 
     </span>
    </p>
   </div>
   <div class='ocr_carea' id='block_1_11' title="bbox 238 1088 1818 1159">
    <p class='ocr_par' dir='ltr' id='par_1_11' title="bbox 238 1088 1818 1159">
     <span class='ocr_line' id='line_1_11' title="bbox 238 1088 1818 1159; baseline -0.002 -12"><span class='ocrx_word' id='word_1_74' title='bbox 238 1092 296 1148; x_wconf 85' lang='lat' dir='ltr'><strong>in</strong></span> <span class='ocrx_word' id='word_1_75' title='bbox 331 1093 435 1146; x_wconf 91' lang='lat' dir='ltr'><strong>hoc</strong></span> <span class='ocrx_word' id='word_1_76' title='bbox 459 1090 577 1145; x_wconf 88' lang='lat' dir='ltr'><strong>loco</strong></span> <span class='ocrx_word' id='word_1_77' title='bbox 597 1091 746 1159; x_wconf 89' lang='lat' dir='ltr'><strong>prius</strong></span> <span class='ocrx_word' id='word_1_78' title='bbox 771 1090 1117 1144; x_wconf 80' lang='lat' dir='ltr'><strong>sabbatorum</strong></span> <span class='ocrx_word' id='word_1_79' title='bbox 1150 1105 1343 1145; x_wconf 90' lang='lat' dir='ltr'><strong>nomen</strong></span> <span class='ocrx_word' id='word_1_80' title='bbox 1373 1089 1428 1144; x_wconf 91' lang='lat' dir='ltr'><strong>in</strong></span> <span class='ocrx_word' id='word_1_81' title='bbox 1461 1089 1639 1144; x_wconf 92' lang='lat' dir='ltr'><strong>divina</strong></span> <span class='ocrx_word' id='word_1_82' title='bbox 1670 1088 1818 1145; x_wconf 86' lang='lat' dir='ltr'><strong>Scri-</strong></span> 
     </span>
    </p>
   </div>
   <div class='ocr_carea' id='block_1_12' title="bbox 243 1178 1817 1250">
    <p class='ocr_par' dir='ltr' id='par_1_12' title="bbox 243 1178 1817 1250">
     <span class='ocr_line' id='line_1_12' title="bbox 243 1178 1817 1250; baseline 0.001 -17"><span class='ocrx_word' id='word_1_83' title='bbox 243 1189 405 1250; x_wconf 86' lang='lat' dir='ltr'><strong>ptura</strong></span> <span class='ocrx_word' id='word_1_84' title='bbox 434 1179 670 1250; x_wconf 89' lang='lat' dir='ltr'><strong>positum</strong></span> <span class='ocrx_word' id='word_1_85' title='bbox 709 1187 812 1244; x_wconf 90' lang='lat' dir='ltr'><strong>est,</strong></span> <span class='ocrx_word' id='word_1_86' title='bbox 850 1187 911 1233; x_wconf 91' lang='lat' dir='ltr'><strong>ut</strong></span> <span class='ocrx_word' id='word_1_87' title='bbox 939 1178 1081 1235; x_wconf 87' lang='lat' dir='ltr'><strong>scias</strong></span> <span class='ocrx_word' id='word_1_88' title='bbox 1107 1179 1232 1249; x_wconf 91' lang='lat' dir='ltr'><strong>quia</strong></span> <span class='ocrx_word' id='word_1_89' title='bbox 1261 1179 1542 1235; x_wconf 78' lang='lat' dir='ltr'><strong>sabbatum</strong></span> <span class='ocrx_word' id='word_1_90' title='bbox 1569 1178 1726 1250; x_wconf 89' lang='lat' dir='ltr'><strong>plena</strong></span> <span class='ocrx_word' id='word_1_91' title='bbox 1760 1187 1817 1234; x_wconf 91' lang='lat' dir='ltr'><strong>et</strong></span> 
     </span>
    </p>
   </div>
   <div class='ocr_carea' id='block_1_13' title="bbox 238 1268 682 1340">
    <p class='ocr_par' dir='ltr' id='par_1_13' title="bbox 238 1268 682 1340">
     <span class='ocr_line' id='line_1_13' title="bbox 238 1268 682 1340; baseline 0.005 -18"><span class='ocrx_word' id='word_1_92' title='bbox 238 1268 482 1340; x_wconf 79' lang='lat' dir='ltr'><strong>perfecta</strong></span> <span class='ocrx_word' id='word_1_93' title='bbox 505 1269 682 1339; x_wconf 87' lang='lat' dir='ltr'><strong>quies.</strong></span> 
     </span>
    </p>
   </div>
   <div class='ocr_carea' id='block_1_14' title="bbox 312 1356 1817 1431">
    <p class='ocr_par' dir='ltr' id='par_1_14' title="bbox 312 1356 1817 1431">
     <span class='ocr_line' id='line_1_14' title="bbox 312 1356 1817 1431; baseline 0.001 -19"><span class='ocrx_word' id='word_1_94' title='bbox 312 1357 476 1412; x_wconf 66' lang='lat' dir='ltr'><strong>Vsus.</strong></span> <span class='ocrx_word' id='word_1_95' title='bbox 503 1357 557 1412; x_wconf 90' lang='lat'><strong>5.</strong></span> <span class='ocrx_word' id='word_1_96' title='bbox 580 1386 650 1398; x_wconf 89' lang='lat'><strong>—</strong></span> <span class='ocrx_word' id='word_1_97' title='bbox 671 1356 729 1411; x_wconf 91' lang='lat' dir='ltr'><strong>Si</strong></span> <span class='ocrx_word' id='word_1_98' title='bbox 755 1356 1164 1423; x_wconf 81' lang='lat' dir='ltr'><strong>immolaveritis,</strong></span> <span class='ocrx_word' id='word_1_99' title='bbox 1205 1366 1312 1414; x_wconf 89' lang='lat' dir='ltr'><strong>etc.</strong></span> <span class='ocrx_word' id='word_1_100' title='bbox 1337 1357 1529 1414; x_wconf 90' lang='lat' dir='ltr'><strong>Omnia</strong></span> <span class='ocrx_word' id='word_1_101' title='bbox 1552 1357 1666 1415; x_wconf 91' lang='lat' dir='ltr'><strong>fere</strong></span> <span class='ocrx_word' id='word_1_102' title='bbox 1682 1359 1817 1431; x_wconf 87' lang='lat' dir='ltr'><strong>legis</strong></span> 
     </span>
    </p>
   </div>
   <div class='ocr_carea' id='block_1_15' title="bbox 239 1446 1816 1516">
    <p class='ocr_par' dir='ltr' id='par_1_15' title="bbox 239 1446 1816 1516">
     <span class='ocr_line' id='line_1_15' title="bbox 239 1446 1816 1516; baseline 0.001 -12"><span class='ocrx_word' id='word_1_103' title='bbox 239 1446 476 1516; x_wconf 83' lang='lat' dir='ltr'><strong>capitula</strong></span> <span class='ocrx_word' id='word_1_104' title='bbox 519 1447 762 1513; x_wconf 87' lang='lat' dir='ltr'><strong>reiterat,</strong></span> <span class='ocrx_word' id='word_1_105' title='bbox 799 1459 860 1502; x_wconf 90' lang='lat' dir='ltr'><strong>ut</strong></span> <span class='ocrx_word' id='word_1_106' title='bbox 883 1463 1071 1503; x_wconf 92' lang='lat' dir='ltr'><strong>eorum</strong></span> <span class='ocrx_word' id='word_1_107' title='bbox 1114 1451 1430 1505; x_wconf 87' lang='lat' dir='ltr'><strong>memoriam</strong></span> <span class='ocrx_word' id='word_1_108' title='bbox 1481 1451 1816 1506; x_wconf 72' lang='lat' dir='ltr'><strong>auditoribus</strong></span> 
     </span>
    </p>
   </div>
   <div class='ocr_carea' id='block_1_16' title="bbox 239 1541 1814 1612">
    <p class='ocr_par' dir='ltr' id='par_1_16' title="bbox 239 1541 1814 1612">
     <span class='ocr_line' id='line_1_16' title="bbox 239 1541 1814 1612; baseline 0.001 -16"><span class='ocrx_word' id='word_1_109' title='bbox 239 1541 463 1612; x_wconf 85' lang='lat' dir='ltr'><strong>inﬁgat;</strong></span> <span class='ocrx_word' id='word_1_110' title='bbox 495 1541 592 1596; x_wconf 92' lang='lat' dir='ltr'><strong>sed</strong></span> <span class='ocrx_word' id='word_1_111' title='bbox 643 1543 879 1598; x_wconf 79' lang='lat' dir='ltr'><strong>maxime</strong></span> <span class='ocrx_word' id='word_1_112' title='bbox 920 1544 1250 1610; x_wconf 88' lang='lat' dir='ltr'><strong>necessaria,</strong></span> <span class='ocrx_word' id='word_1_113' title='bbox 1283 1545 1422 1599; x_wconf 90' lang='lat' dir='ltr'><strong>sicut</strong></span> <span class='ocrx_word' id='word_1_114' title='bbox 1463 1545 1566 1600; x_wconf 92' lang='lat' dir='ltr'><strong>hoc</strong></span> <span class='ocrx_word' id='word_1_115' title='bbox 1591 1545 1814 1600; x_wconf 87' lang='lat' dir='ltr'><strong>manda-</strong></span> 
     </span>
    </p>
   </div>
   <div class='ocr_carea' id='block_1_17' title="bbox 239 1631 1816 1702">
    <p class='ocr_par' dir='ltr' id='par_1_17' title="bbox 239 1631 1816 1702">
     <span class='ocr_line' id='line_1_17' title="bbox 239 1631 1816 1702; baseline 0.003 -17"><span class='ocrx_word' id='word_1_116' title='bbox 239 1639 356 1685; x_wconf 93' lang='lat' dir='ltr'><strong>tum</strong></span> <span class='ocrx_word' id='word_1_117' title='bbox 402 1631 546 1701; x_wconf 92' lang='lat' dir='ltr'><strong>quod</strong></span> <span class='ocrx_word' id='word_1_118' title='bbox 599 1631 847 1702; x_wconf 87' lang='lat' dir='ltr'><strong>superius</strong></span> <span class='ocrx_word' id='word_1_119' title='bbox 898 1633 1200 1702; x_wconf 82' lang='lat' dir='ltr'><strong>proposuit,</strong></span> <span class='ocrx_word' id='word_1_120' title='bbox 1249 1649 1371 1688; x_wconf 93' lang='lat' dir='ltr'><strong>cum</strong></span> <span class='ocrx_word' id='word_1_121' title='bbox 1419 1634 1486 1688; x_wconf 89' lang='lat' dir='ltr'><strong>de</strong></span> <span class='ocrx_word' id='word_1_122' title='bbox 1537 1633 1816 1689; x_wconf 90' lang='lat' dir='ltr'><strong>sacriﬁciis</strong></span> 
     </span>
    </p>
   </div>
   <div class='ocr_carea' id='block_1_18' title="bbox 236 1723 1816 1797">
    <p class='ocr_par' dir='ltr' id='par_1_18' title="bbox 236 1723 1816 1797">
     <span class='ocr_line' id='line_1_18' title="bbox 236 1723 1816 1797; baseline -0.001 -15"><span class='ocrx_word' id='word_1_123' title='bbox 236 1732 441 1797; x_wconf 78' lang='lat' dir='ltr'><strong>ageret.</strong></span> <span class='ocrx_word' id='word_1_124' title='bbox 481 1723 820 1779; x_wconf 75' lang='lat' dir='ltr'><strong>Sacrificium</strong></span> <span class='ocrx_word' id='word_1_125' title='bbox 857 1724 1094 1780; x_wconf 88' lang='lat' dir='ltr'><strong>salutare</strong></span> <span class='ocrx_word' id='word_1_126' title='bbox 1121 1725 1348 1794; x_wconf 89' lang='lat' dir='ltr'><strong>accepit,</strong></span> <span class='ocrx_word' id='word_1_127' title='bbox 1388 1726 1445 1780; x_wconf 88' lang='lat' dir='ltr'><strong>in</strong></span> <span class='ocrx_word' id='word_1_128' title='bbox 1475 1740 1581 1795; x_wconf 90' lang='lat' dir='ltr'><strong>quo</strong></span> <span class='ocrx_word' id='word_1_129' title='bbox 1605 1741 1724 1796; x_wconf 63' lang='lat' dir='ltr'><strong>quae</strong></span> <span class='ocrx_word' id='word_1_130' title='bbox 1748 1727 1816 1780; x_wconf 90' lang='lat' dir='ltr'><strong>ad</strong></span> 
     </span>
    </p>
   </div>
   <div class='ocr_carea' id='block_1_19' title="bbox 1917 545 3490 621">
    <p class='ocr_par' dir='ltr' id='par_1_19' title="bbox 1917 545 3490 621">
     <span class='ocr_line' id='line_1_19' title="bbox 1917 545 3490 621; baseline 0.011 -23"><span class='ocrx_word' id='word_1_131' title='bbox 1917 545 2047 599; x_wconf 91' lang='lat' dir='ltr'><strong>mini</strong></span> <span class='ocrx_word' id='word_1_132' title='bbox 2084 547 2329 614; x_wconf 87' lang='lat' dir='ltr'><strong>sabaoth,</strong></span> <span class='ocrx_word' id='word_1_133' title='bbox 2357 557 2488 612; x_wconf 90' lang='lat' dir='ltr'><strong>etc.,</strong></span> <span class='ocrx_word' id='word_1_134' title='bbox 2513 565 2671 619; x_wconf 88' lang='lat' dir='ltr'><strong>usque</strong></span> <span class='ocrx_word' id='word_1_135' title='bbox 2693 549 2764 602; x_wconf 81' lang='lat' dir='ltr'><strong>ad</strong></span> <span class='ocrx_word' id='word_1_136' title='bbox 2787 558 2846 604; x_wconf 92' lang='lat' dir='ltr'><strong>ut</strong></span> <span class='ocrx_word' id='word_1_137' title='bbox 2870 553 3237 621; x_wconf 82' lang='lat' dir='ltr'><strong>experimento</strong></span> <span class='ocrx_word' id='word_1_138' title='bbox 3251 557 3490 616; x_wconf 84' lang='lat' dir='ltr'><strong>divinum</strong></span> 
     </span>
    </p>
   </div>
   <div class='ocr_carea' id='block_1_20' title="bbox 1915 636 2621 708">
    <p class='ocr_par' dir='ltr' id='par_1_20' title="bbox 1915 636 2621 708">
     <span class='ocr_line' id='line_1_20' title="bbox 1915 636 2621 708; baseline 0 -16"><span class='ocrx_word' id='word_1_139' title='bbox 1915 636 2187 706; x_wconf 87' lang='lat' dir='ltr'><strong>eloquium</strong></span> <span class='ocrx_word' id='word_1_140' title='bbox 2219 638 2621 708; x_wconf 89' lang='lat' dir='ltr'><strong>eomprohelur.</strong></span> 
     </span>
    </p>
   </div>
   <div class='ocr_carea' id='block_1_21' title="bbox 1985 728 3488 808">
    <p class='ocr_par' dir='ltr' id='par_1_21' title="bbox 1985 728 3488 808">
     <span class='ocr_line' id='line_1_21' title="bbox 1985 728 3488 808; baseline 0.006 -25"><span class='ocrx_word' id='word_1_141' title='bbox 1985 728 2148 783; x_wconf 75' lang='lat' dir='ltr'><strong>Vens.</strong></span> <span class='ocrx_word' id='word_1_142' title='bbox 2187 729 2273 782; x_wconf 88' lang='grc'><strong>11.</strong></span> <span class='ocrx_word' id='word_1_143' title='bbox 2320 759 2391 768; x_wconf 92' lang='grc'><strong><em>-</em></strong></span> <span class='ocrx_word' id='word_1_144' title='bbox 2451 729 2574 784; x_wconf 88' lang='lat' dir='ltr'><strong>Non</strong></span> <span class='ocrx_word' id='word_1_145' title='bbox 2617 730 2819 800; x_wconf 80' lang='lat' dir='ltr'><strong>facietis</strong></span> <span class='ocrx_word' id='word_1_146' title='bbox 2867 732 3089 801; x_wconf 88' lang='lat' dir='ltr'><strong>furtum,</strong></span> <span class='ocrx_word' id='word_1_147' title='bbox 3137 744 3241 790; x_wconf 88' lang='lat' dir='ltr'><strong>etc.</strong></span> <span class='ocrx_word' id='word_1_148' title='bbox 3302 737 3488 808; x_wconf 81' lang='lat' dir='ltr'><strong>(Auo.,</strong></span> 
     </span>
    </p>
   </div>
   <div class='ocr_carea' id='block_1_22' title="bbox 1913 817 3490 897">
    <p class='ocr_par' dir='ltr' id='par_1_22' title="bbox 1913 817 3490 897">
     <span class='ocr_line' id='line_1_22' title="bbox 1913 817 3490 897; baseline 0.008 -25"><span class='ocrx_word' id='word_1_149' title='bbox 1913 826 2097 890; x_wconf 66' lang='lat' dir='ltr'><strong>quiest.</strong></span> <span class='ocrx_word' id='word_1_150' title='bbox 2159 817 2229 874; x_wconf 88' lang='lat'><strong>86</strong></span> <span class='ocrx_word' id='word_1_151' title='bbox 2281 818 2334 871; x_wconf 85' lang='lat' dir='ltr'><strong>in</strong></span> <span class='ocrx_word' id='word_1_152' title='bbox 2383 818 2571 890; x_wconf 76' lang='lat' dir='ltr'><strong>Levii.)</strong></span> <span class='ocrx_word' id='word_1_153' title='bbox 2649 820 2760 876; x_wconf 84' lang='lat' dir='ltr'><strong>Hoc</strong></span> <span class='ocrx_word' id='word_1_154' title='bbox 2811 822 2864 875; x_wconf 93' lang='lat' dir='ltr'><strong>in</strong></span> <span class='ocrx_word' id='word_1_155' title='bbox 2928 822 3191 896; x_wconf 87' lang='lat' dir='ltr'><strong>Decalogo</strong></span> <span class='ocrx_word' id='word_1_156' title='bbox 3256 828 3490 897; x_wconf 89' lang='lat' dir='ltr'><strong>positum</strong></span> 
     </span>
    </p>
   </div>
   <div class='ocr_carea' id='block_1_23' title="bbox 1914 911 3494 988">
    <p class='ocr_par' dir='ltr' id='par_1_23' title="bbox 1914 911 3494 988">
     <span class='ocr_line' id='line_1_23' title="bbox 1914 911 3494 988; baseline 0.007 -24"><span class='ocrx_word' id='word_1_157' title='bbox 1914 919 2018 975; x_wconf 90' lang='lat' dir='ltr'><strong>est,</strong></span> <span class='ocrx_word' id='word_1_158' title='bbox 2070 917 2200 975; x_wconf 90' lang='lat' dir='ltr'><strong>etc.,</strong></span> <span class='ocrx_word' id='word_1_159' title='bbox 2253 926 2414 980; x_wconf 84' lang='lat' dir='ltr'><strong>usque</strong></span> <span class='ocrx_word' id='word_1_160' title='bbox 2439 911 2508 964; x_wconf 88' lang='lat' dir='ltr'><strong>ad</strong></span> <span class='ocrx_word' id='word_1_161' title='bbox 2546 921 2603 966; x_wconf 91' lang='lat' dir='ltr'><strong>et</strong></span> <span class='ocrx_word' id='word_1_162' title='bbox 2637 913 2944 968; x_wconf 90' lang='lat' dir='ltr'><strong>detestanda</strong></span> <span class='ocrx_word' id='word_1_163' title='bbox 2986 915 3146 971; x_wconf 89' lang='lat' dir='ltr'><strong>talem</strong></span> <span class='ocrx_word' id='word_1_164' title='bbox 3194 929 3494 988; x_wconf 89' lang='lat' dir='ltr'><strong>sequuntur</strong></span> 
     </span>
    </p>
   </div>
   <div class='ocr_carea' id='block_1_24' title="bbox 1915 1014 2178 1056">
    <p class='ocr_par' dir='ltr' id='par_1_24' title="bbox 1915 1014 2178 1056">
     <span class='ocr_line' id='line_1_24' title="bbox 1915 1014 2178 1056; baseline -0.008 0"><span class='ocrx_word' id='word_1_165' title='bbox 1915 1014 2178 1056; x_wconf 89' lang='lat' dir='ltr'><strong>errorem.</strong></span> 
     </span>
    </p>
   </div>
   <div class='ocr_carea' id='block_1_25' title="bbox 1987 1089 3490 1168">
    <p class='ocr_par' dir='ltr' id='par_1_25' title="bbox 1987 1089 3490 1168">
     <span class='ocr_line' id='line_1_25' title="bbox 1987 1089 3490 1168; baseline 0.009 -23"><span class='ocrx_word' id='word_1_166' title='bbox 1987 1089 2109 1146; x_wconf 87' lang='lat' dir='ltr'><strong>Non</strong></span> <span class='ocrx_word' id='word_1_167' title='bbox 2135 1093 2470 1148; x_wconf 82' lang='lat' dir='ltr'><strong>mentiemini.</strong></span> <span class='ocrx_word' id='word_1_168' title='bbox 2514 1093 2898 1166; x_wconf 88' lang='lat' dir='ltr'><strong>Cognationem</strong></span> <span class='ocrx_word' id='word_1_169' title='bbox 2925 1107 3267 1168; x_wconf 88' lang='lat' dir='ltr'><strong>peccatorum</strong></span> <span class='ocrx_word' id='word_1_170' title='bbox 3301 1111 3490 1158; x_wconf 89' lang='lat' dir='ltr'><strong>osten-</strong></span> 
     </span>
    </p>
   </div>
   <div class='ocr_carea' id='block_1_26' title="bbox 1915 1182 3493 1257">
    <p class='ocr_par' dir='ltr' id='par_1_26' title="bbox 1915 1182 3493 1257">
     <span class='ocr_line' id='line_1_26' title="bbox 1915 1182 3493 1257; baseline 0.006 -19"><span class='ocrx_word' id='word_1_171' title='bbox 1915 1183 2012 1239; x_wconf 91' lang='lat' dir='ltr'><strong>dit.</strong></span> <span class='ocrx_word' id='word_1_172' title='bbox 2067 1182 2233 1237; x_wconf 88' lang='lat' dir='ltr'><strong>Multa</strong></span> <span class='ocrx_word' id='word_1_173' title='bbox 2271 1193 2522 1254; x_wconf 84' lang='lat' dir='ltr'><strong>putamus</strong></span> <span class='ocrx_word' id='word_1_174' title='bbox 2569 1200 2752 1255; x_wconf 90' lang='lat' dir='ltr'><strong>parva,</strong></span> <span class='ocrx_word' id='word_1_175' title='bbox 2793 1203 2914 1257; x_wconf 73' lang='lat' dir='ltr'><strong>quae</strong></span> <span class='ocrx_word' id='word_1_176' title='bbox 2955 1197 3078 1244; x_wconf 90' lang='lat' dir='ltr'><strong>sunt</strong></span> <span class='ocrx_word' id='word_1_177' title='bbox 3114 1192 3374 1257; x_wconf 77' lang='lat' dir='ltr'><strong>maxima.</strong></span> <span class='ocrx_word' id='word_1_178' title='bbox 3409 1189 3493 1248; x_wconf 86' lang='lat' dir='ltr'><strong>ut</strong></span> 
     </span>
    </p>
   </div>
   <div class='ocr_carea' id='block_1_27' title="bbox 1914 1272 3491 1350">
    <p class='ocr_par' dir='ltr' id='par_1_27' title="bbox 1914 1272 3491 1350">
     <span class='ocr_line' id='line_1_27' title="bbox 1914 1272 3491 1350; baseline 0.008 -24"><span class='ocrx_word' id='word_1_179' title='bbox 1914 1272 2276 1338; x_wconf 89' lang='lat' dir='ltr'><strong>mendacium,</strong></span> <span class='ocrx_word' id='word_1_180' title='bbox 2319 1274 2654 1344; x_wconf 75' lang='lat' dir='ltr'><strong>periurium;</strong></span> <span class='ocrx_word' id='word_1_181' title='bbox 2690 1291 2810 1346; x_wconf 49' lang='lat' dir='ltr'><strong>qua).</strong></span> <span class='ocrx_word' id='word_1_182' title='bbox 2846 1277 2988 1334; x_wconf 90' lang='lat' dir='ltr'><strong>furto</strong></span> <span class='ocrx_word' id='word_1_183' title='bbox 3015 1288 3145 1334; x_wconf 89' lang='lat' dir='ltr'><strong>sunt</strong></span> <span class='ocrx_word' id='word_1_184' title='bbox 3182 1280 3491 1350; x_wconf 84' lang='lat' dir='ltr'><strong>conjuncta,</strong></span> 
     </span>
    </p>
   </div>
   <div class='ocr_carea' id='block_1_28' title="bbox 1885 1355 3028 1438">
    <p class='ocr_par' dir='ltr' id='par_1_28' title="bbox 1885 1355 3028 1438">
     <span class='ocr_line' id='line_1_28' title="bbox 1885 1355 3028 1438; baseline 0.006 -22"><span class='ocrx_word' id='word_1_185' title='bbox 1885 1355 1888 1358; x_wconf 68' lang='grc'><strong>’</strong></span> <span class='ocrx_word' id='word_1_186' title='bbox 1914 1371 1970 1417; x_wconf 92' lang='lat' dir='ltr'><strong>et</strong></span> <span class='ocrx_word' id='word_1_187' title='bbox 1993 1372 2160 1430; x_wconf 90' lang='lat' dir='ltr'><strong>recte,</strong></span> <span class='ocrx_word' id='word_1_188' title='bbox 2201 1365 2326 1433; x_wconf 91' lang='lat' dir='ltr'><strong>quia</strong></span> <span class='ocrx_word' id='word_1_189' title='bbox 2350 1365 2464 1420; x_wconf 67' lang='lat' dir='ltr'><strong>iure</strong></span> <span class='ocrx_word' id='word_1_190' title='bbox 2489 1363 2632 1420; x_wconf 91' lang='lat' dir='ltr'><strong>furto</strong></span> <span class='ocrx_word' id='word_1_191' title='bbox 2653 1377 3028 1438; x_wconf 90' lang='lat' dir='ltr'><strong>cooperantur.</strong></span> 
     </span>
    </p>
   </div>
   <div class='ocr_carea' id='block_1_29' title="bbox 1983 1453 3489 1526">
    <p class='ocr_par' dir='ltr' id='par_1_29' title="bbox 1983 1453 3489 1526">
     <span class='ocr_line' id='line_1_29' title="bbox 1983 1453 3489 1526; baseline 0.007 -18"><span class='ocrx_word' id='word_1_192' title='bbox 1983 1453 2147 1510; x_wconf 68' lang='lat' dir='ltr'><strong>Vnus.</strong></span> <span class='ocrx_word' id='word_1_193' title='bbox 2176 1455 2262 1510; x_wconf 75' lang='grc'><strong>12.</strong></span> <span class='ocrx_word' id='word_1_194' title='bbox 2281 1485 2355 1497; x_wconf 89' lang='lat'><strong>—-</strong></span> <span class='ocrx_word' id='word_1_195' title='bbox 2375 1455 2498 1510; x_wconf 83' lang='lat' dir='ltr'><strong>Non</strong></span> <span class='ocrx_word' id='word_1_196' title='bbox 2513 1457 2821 1526; x_wconf 79' lang='lat' dir='ltr'><strong>perjumbis,</strong></span> <span class='ocrx_word' id='word_1_197' title='bbox 2845 1469 2948 1515; x_wconf 90' lang='lat' dir='ltr'><strong>etc.</strong></span> <span class='ocrx_word' id='word_1_198' title='bbox 2974 1460 3120 1516; x_wconf 81' lang='lat' dir='ltr'><strong>LXX</strong></span> <span class='ocrx_word' id='word_1_199' title='bbox 3147 1477 3163 1516; x_wconf 90' lang='lat'><strong>:</strong></span> <span class='ocrx_word' id='word_1_200' title='bbox 3197 1459 3319 1517; x_wconf 85' lang='lat' dir='ltr'><strong>Non</strong></span> <span class='ocrx_word' id='word_1_201' title='bbox 3345 1462 3489 1518; x_wconf 83' lang='lat' dir='ltr'><strong>leva-</strong></span> 
     </span>
    </p>
   </div>
   <div class='ocr_carea' id='block_1_30' title="bbox 1915 1546 3496 1628">
    <p class='ocr_par' dir='ltr' id='par_1_30' title="bbox 1915 1546 3496 1628">
     <span class='ocr_line' id='line_1_30' title="bbox 1915 1546 3496 1628; baseline 0.007 -29"><span class='ocrx_word' id='word_1_202' title='bbox 1915 1546 2054 1612; x_wconf 86' lang='lat' dir='ltr'><strong>bitis,</strong></span> <span class='ocrx_word' id='word_1_203' title='bbox 2115 1555 2248 1612; x_wconf 91' lang='lat' dir='ltr'><strong>etc.,</strong></span> <span class='ocrx_word' id='word_1_204' title='bbox 2303 1563 2464 1614; x_wconf 83' lang='lat' dir='ltr'><strong>usque</strong></span> <span class='ocrx_word' id='word_1_205' title='bbox 2507 1549 2575 1602; x_wconf 88' lang='lat' dir='ltr'><strong>ad</strong></span> <span class='ocrx_word' id='word_1_206' title='bbox 2617 1549 2746 1628; x_wconf 86' lang='lat' dir='ltr'><strong>talia</strong></span> <span class='ocrx_word' id='word_1_207' title='bbox 2786 1548 3095 1618; x_wconf 81' lang='lat' dir='ltr'><strong>juramenta</strong></span> <span class='ocrx_word' id='word_1_208' title='bbox 3140 1569 3249 1610; x_wconf 92' lang='lat' dir='ltr'><strong>non</strong></span> <span class='ocrx_word' id='word_1_209' title='bbox 3295 1555 3496 1611; x_wconf 92' lang='lat' dir='ltr'><strong>debent</strong></span> 
     </span>
    </p>
   </div>
   <div class='ocr_carea' id='block_1_31' title="bbox 1914 1635 2760 1703">
    <p class='ocr_par' dir='ltr' id='par_1_31' title="bbox 1914 1635 2760 1703">
     <span class='ocr_line' id='line_1_31' title="bbox 1914 1635 2760 1703; baseline 0.005 -13"><span class='ocrx_word' id='word_1_210' title='bbox 1914 1635 2052 1700; x_wconf 91' lang='lat' dir='ltr'><strong>ﬁeri,</strong></span> <span class='ocrx_word' id='word_1_211' title='bbox 2097 1636 2182 1691; x_wconf 87' lang='lat' dir='ltr'><strong>vel</strong></span> <span class='ocrx_word' id='word_1_212' title='bbox 2212 1637 2256 1692; x_wconf 91' lang='lat' dir='ltr'><strong>si</strong></span> <span class='ocrx_word' id='word_1_213' title='bbox 2281 1637 2434 1703; x_wconf 86' lang='lat' dir='ltr'><strong>ﬁant,</strong></span> <span class='ocrx_word' id='word_1_214' title='bbox 2480 1639 2760 1694; x_wconf 87' lang='lat' dir='ltr'><strong>custodiri.</strong></span> 
     </span>
    </p>
   </div>
   <div class='ocr_carea' id='block_1_32' title="bbox 1984 1719 3492 1802">
    <p class='ocr_par' dir='ltr' id='par_1_32' title="bbox 1984 1719 3492 1802">
     <span class='ocr_line' id='line_1_32' title="bbox 1984 1719 3492 1802; baseline 0.006 -21"><span class='ocrx_word' id='word_1_215' title='bbox 1984 1726 2097 1781; x_wconf 88' lang='lat' dir='ltr'><strong>Nec</strong></span> <span class='ocrx_word' id='word_1_216' title='bbox 2127 1726 2346 1794; x_wconf 78' lang='lat' dir='ltr'><strong>pollues,</strong></span> <span class='ocrx_word' id='word_1_217' title='bbox 2386 1739 2492 1784; x_wconf 92' lang='lat' dir='ltr'><strong>etc.</strong></span> <span class='ocrx_word' id='word_1_218' title='bbox 2537 1719 2920 1797; x_wconf 82' lang='lat' dir='ltr'><strong>Maledicendo,</strong></span> <span class='ocrx_word' id='word_1_219' title='bbox 2952 1733 3078 1802; x_wconf 90' lang='lat' dir='ltr'><strong>quia</strong></span> <span class='ocrx_word' id='word_1_220' title='bbox 3113 1731 3492 1802; x_wconf 85' lang='lat' dir='ltr'><strong>jusjurandum</strong></span> 
     </span>
    </p>
   </div>
   <div class='ocr_carea' id='block_1_33' title="bbox 235 1799 3497 1895">
    <p class='ocr_par' dir='ltr' id='par_1_33' title="bbox 235 1799 3497 1895">
     <span class='ocr_line' id='line_1_33' title="bbox 235 1799 3497 1895; baseline 0.003 -24"><span class='ocrx_word' id='word_1_221' title='bbox 235 1816 465 1872; x_wconf 84' lang='lat' dir='ltr'><strong>salutem</strong></span> <span class='ocrx_word' id='word_1_222' title='bbox 491 1816 761 1886; x_wconf 87' lang='lat' dir='ltr'><strong>pertinent</strong></span> <span class='ocrx_word' id='word_1_223' title='bbox 795 1831 1017 1871; x_wconf 90' lang='lat' dir='ltr'><strong>necesse</strong></span> <span class='ocrx_word' id='word_1_224' title='bbox 1043 1824 1127 1870; x_wconf 90' lang='lat' dir='ltr'><strong>est</strong></span> <span class='ocrx_word' id='word_1_225' title='bbox 1149 1816 1384 1885; x_wconf 90' lang='lat' dir='ltr'><strong>operari,</strong></span> <span class='ocrx_word' id='word_1_226' title='bbox 1429 1825 1490 1870; x_wconf 92' lang='lat' dir='ltr'><strong>ut</strong></span> <span class='ocrx_word' id='word_1_227' title='bbox 1529 1826 1707 1871; x_wconf 90' lang='lat' dir='ltr'><strong>autem</strong></span> <span class='ocrx_word' id='word_1_228' title='bbox 1739 1816 1809 1871; x_wconf 90' lang='lat' dir='ltr'><strong>sit</strong></span> <span class='ocrx_word' id='word_1_229' title='bbox 1838 1799 1884 1859; x_wconf 83' lang='grc' dir='ltr'><strong>Β</strong></span> <span class='ocrx_word' id='word_1_230' title='bbox 1913 1819 2213 1889; x_wconf 82' lang='lat' dir='ltr'><strong>transgredi</strong></span> <span class='ocrx_word' id='word_1_231' title='bbox 2257 1835 2362 1874; x_wconf 93' lang='lat' dir='ltr'><strong>non</strong></span> <span class='ocrx_word' id='word_1_232' title='bbox 2402 1829 2575 1890; x_wconf 88' lang='lat' dir='ltr'><strong>potes.</strong></span> <span class='ocrx_word' id='word_1_233' title='bbox 2648 1820 2789 1877; x_wconf 87' lang='lat' dir='ltr'><strong>Deus</strong></span> <span class='ocrx_word' id='word_1_234' title='bbox 2847 1799 3013 1888; x_wconf 82' lang='lat' dir='ltr'><strong>enim,</strong></span> <span class='ocrx_word' id='word_1_235' title='bbox 3060 1799 3157 1893; x_wconf 81' lang='lat' dir='ltr'><strong>per</strong></span> <span class='ocrx_word' id='word_1_236' title='bbox 3198 1799 3360 1895; x_wconf 83' lang='lat' dir='ltr'><strong>quem</strong></span> <span class='ocrx_word' id='word_1_237' title='bbox 3405 1825 3497 1894; x_wconf 83' lang='lat' dir='ltr'><strong>ju-</strong></span> 
     </span>
    </p>
   </div>
   <div class='ocr_carea' id='block_1_34' title="bbox 239 1907 1809 1978">
    <p class='ocr_par' dir='ltr' id='par_1_34' title="bbox 239 1907 1809 1978">
     <span class='ocr_line' id='line_1_34' title="bbox 239 1907 1809 1978; baseline 0.001 -15"><span class='ocrx_word' id='word_1_238' title='bbox 239 1907 594 1978; x_wconf 82' lang='lat' dir='ltr'><strong>acceptabile,</strong></span> <span class='ocrx_word' id='word_1_239' title='bbox 625 1915 838 1977; x_wconf 92' lang='lat' dir='ltr'><strong>oportet</strong></span> <span class='ocrx_word' id='word_1_240' title='bbox 889 1907 1156 1963; x_wconf 88' lang='lat' dir='ltr'><strong>immolari</strong></span> <span class='ocrx_word' id='word_1_241' title='bbox 1206 1908 1460 1976; x_wconf 91' lang='lat' dir='ltr'><strong>pietatem</strong></span> <span class='ocrx_word' id='word_1_242' title='bbox 1507 1917 1564 1963; x_wconf 92' lang='lat' dir='ltr'><strong>et</strong></span> <span class='ocrx_word' id='word_1_243' title='bbox 1603 1909 1809 1978; x_wconf 88' lang='lat' dir='ltr'><strong>pudici-</strong></span> 
     </span>
    </p>
   </div>
   <div class='ocr_carea' id='block_1_35' title="bbox 231 1997 1812 2068">
    <p class='ocr_par' dir='ltr' id='par_1_35' title="bbox 231 1997 1812 2068">
     <span class='ocr_line' id='line_1_35' title="bbox 231 1997 1812 2068; baseline -0.003 -12"><span class='ocrx_word' id='word_1_244' title='bbox 231 1999 392 2058; x_wconf 87' lang='lat' dir='ltr'><strong>tiam.</strong></span> <span class='ocrx_word' id='word_1_245' title='bbox 422 1999 534 2054; x_wconf 84' lang='lat' dir='ltr'><strong>Hoc</strong></span> <span class='ocrx_word' id='word_1_246' title='bbox 560 2000 703 2054; x_wconf 92' lang='lat' dir='ltr'><strong>enim</strong></span> <span class='ocrx_word' id='word_1_247' title='bbox 735 2000 1031 2054; x_wconf 91' lang='lat' dir='ltr'><strong>secundum</strong></span> <span class='ocrx_word' id='word_1_248' title='bbox 1053 1997 1366 2068; x_wconf 85' lang='lat' dir='ltr'><strong>Apostolum</strong></span> <span class='ocrx_word' id='word_1_249' title='bbox 1411 2000 1610 2054; x_wconf 90' lang='lat' dir='ltr'><strong>bonum</strong></span> <span class='ocrx_word' id='word_1_250' title='bbox 1649 2006 1734 2054; x_wconf 93' lang='lat' dir='ltr'><strong>est</strong></span> <span class='ocrx_word' id='word_1_251' title='bbox 1756 2007 1812 2052; x_wconf 91' lang='lat' dir='ltr'><strong>et</strong></span> 
     </span>
    </p>
   </div>
   <div class='ocr_carea' id='block_1_36' title="bbox 233 2088 1805 2161">
    <p class='ocr_par' dir='ltr' id='par_1_36' title="bbox 233 2088 1805 2161">
     <span class='ocr_line' id='line_1_36' title="bbox 233 2088 1805 2161; baseline -0.003 -15"><span class='ocrx_word' id='word_1_252' title='bbox 233 2100 516 2161; x_wconf 90' lang='lat' dir='ltr'><strong>acceptum</strong></span> <span class='ocrx_word' id='word_1_253' title='bbox 543 2105 724 2146; x_wconf 89' lang='lat' dir='ltr'><strong>coram</strong></span> <span class='ocrx_word' id='word_1_254' title='bbox 755 2089 1034 2145; x_wconf 88' lang='lat' dir='ltr'><strong>Salvatore</strong></span> <span class='ocrx_word' id='word_1_255' title='bbox 1063 2099 1248 2145; x_wconf 91' lang='lat' dir='ltr'><strong>nostro</strong></span> <span class='ocrx_word' id='word_1_256' title='bbox 1276 2089 1406 2154; x_wconf 92' lang='lat' dir='ltr'><strong>Deo,</strong></span> <span class='ocrx_word' id='word_1_257' title='bbox 1445 2090 1536 2160; x_wconf 86' lang='lat' dir='ltr'><strong>qui</strong></span> <span class='ocrx_word' id='word_1_258' title='bbox 1561 2088 1664 2144; x_wconf 80' lang='lat' dir='ltr'><strong>vult</strong></span> <span class='ocrx_word' id='word_1_259' title='bbox 1692 2105 1805 2142; x_wconf 85' lang='lat' dir='ltr'><strong>om-</strong></span> 
     </span>
    </p>
   </div>
   <div class='ocr_carea' id='block_1_37' title="bbox 229 2179 1808 2252">
    <p class='ocr_par' dir='ltr' id='par_1_37' title="bbox 229 2179 1808 2252">
     <span class='ocr_line' id='line_1_37' title="bbox 229 2179 1808 2252; baseline -0.002 -15"><span class='ocrx_word' id='word_1_260' title='bbox 229 2199 324 2237; x_wconf 80' lang='lat' dir='ltr'><strong>nes</strong></span> <span class='ocrx_word' id='word_1_261' title='bbox 349 2182 579 2236; x_wconf 79' lang='lat' dir='ltr'><strong>homines</strong></span> <span class='ocrx_word' id='word_1_262' title='bbox 599 2180 768 2235; x_wconf 85' lang='lat' dir='ltr'><strong>salvos</strong></span> <span class='ocrx_word' id='word_1_263' title='bbox 808 2180 925 2249; x_wconf 79' lang='lat' dir='ltr'><strong>ﬁeri</strong></span> <span class='ocrx_word' id='word_1_264' title='bbox 963 2180 1014 2252; x_wconf 88' lang='grc'><strong>(1</strong></span> <span class='ocrx_word' id='word_1_265' title='bbox 1040 2179 1174 2234; x_wconf 81' lang='lat' dir='ltr'><strong>Tim.</strong></span> <span class='ocrx_word' id='word_1_266' title='bbox 1201 2179 1286 2250; x_wconf 86' lang='grc' dir='ltr'><strong>ιι).</strong></span> <span class='ocrx_word' id='word_1_267' title='bbox 1311 2180 1604 2237; x_wconf 89' lang='lat' dir='ltr'><strong>Comedere</strong></span> <span class='ocrx_word' id='word_1_268' title='bbox 1627 2188 1808 2236; x_wconf 90' lang='lat' dir='ltr'><strong>autem</strong></span> 
     </span>
    </p>
   </div>
   <div class='ocr_carea' id='block_1_38' title="bbox 227 2269 1808 2339">
    <p class='ocr_par' dir='ltr' id='par_1_38' title="bbox 227 2269 1808 2339">
     <span class='ocr_line' id='line_1_38' title="bbox 227 2269 1808 2339; baseline -0.003 -10"><span class='ocrx_word' id='word_1_269' title='bbox 227 2273 286 2330; x_wconf 88' lang='lat' dir='ltr'><strong>in</strong></span> <span class='ocrx_word' id='word_1_270' title='bbox 317 2273 405 2327; x_wconf 91' lang='lat' dir='ltr'><strong>die</strong></span> <span class='ocrx_word' id='word_1_271' title='bbox 435 2271 817 2326; x_wconf 89' lang='lat' dir='ltr'><strong>immolationis</strong></span> <span class='ocrx_word' id='word_1_272' title='bbox 868 2279 922 2324; x_wconf 90' lang='lat' dir='ltr'><strong>et</strong></span> <span class='ocrx_word' id='word_1_273' title='bbox 950 2271 1142 2335; x_wconf 89' lang='lat' dir='ltr'><strong>altero,</strong></span> <span class='ocrx_word' id='word_1_274' title='bbox 1193 2271 1358 2324; x_wconf 91' lang='lat' dir='ltr'><strong>estin</strong></span> <span class='ocrx_word' id='word_1_275' title='bbox 1401 2271 1510 2324; x_wconf 89' lang='lat' dir='ltr'><strong>vita</strong></span> <span class='ocrx_word' id='word_1_276' title='bbox 1559 2269 1808 2339; x_wconf 61' lang='lat' dir='ltr'><strong>praesenti</strong></span> 
     </span>
    </p>
   </div>
   <div class='ocr_carea' id='block_1_39' title="bbox 227 2358 1810 2431">
    <p class='ocr_par' dir='ltr' id='par_1_39' title="bbox 227 2358 1810 2431">
     <span class='ocr_line' id='line_1_39' title="bbox 227 2358 1810 2431; baseline -0.003 -15"><span class='ocrx_word' id='word_1_277' title='bbox 227 2375 569 2431; x_wconf 62' lang='lat' dir='ltr'><strong>quaecunque</strong></span> <span class='ocrx_word' id='word_1_278' title='bbox 620 2362 688 2416; x_wconf 89' lang='lat' dir='ltr'><strong>ad</strong></span> <span class='ocrx_word' id='word_1_279' title='bbox 739 2360 965 2414; x_wconf 87' lang='lat' dir='ltr'><strong>salutem</strong></span> <span class='ocrx_word' id='word_1_280' title='bbox 1017 2359 1295 2430; x_wconf 87' lang='lat' dir='ltr'><strong>pertinent</strong></span> <span class='ocrx_word' id='word_1_281' title='bbox 1342 2359 1594 2429; x_wconf 89' lang='lat' dir='ltr'><strong>operari:</strong></span> <span class='ocrx_word' id='word_1_282' title='bbox 1649 2358 1810 2413; x_wconf 87' lang='lat' dir='ltr'><strong>hodie</strong></span> 
     </span>
    </p>
   </div>
   <div class='ocr_carea' id='block_1_40' title="bbox 224 2437 1808 2524">
    <p class='ocr_par' dir='ltr' id='par_1_40' title="bbox 224 2437 1808 2524">
     <span class='ocr_line' id='line_1_40' title="bbox 224 2437 1808 2524; baseline -0.003 -15"><span class='ocrx_word' id='word_1_283' title='bbox 224 2455 374 2509; x_wconf 89' lang='lat' dir='ltr'><strong>enim</strong></span> <span class='ocrx_word' id='word_1_284' title='bbox 405 2437 469 2509; x_wconf 84' lang='lat' dir='ltr'><strong>et</strong></span> <span class='ocrx_word' id='word_1_285' title='bbox 490 2470 614 2509; x_wconf 91' lang='lat' dir='ltr'><strong>cras</strong></span> <span class='ocrx_word' id='word_1_286' title='bbox 638 2469 735 2524; x_wconf 93' lang='lat' dir='ltr'><strong>pro</strong></span> <span class='ocrx_word' id='word_1_287' title='bbox 763 2453 1014 2524; x_wconf 63' lang='lat' dir='ltr'><strong>priesenti</strong></span> <span class='ocrx_word' id='word_1_288' title='bbox 1037 2453 1231 2507; x_wconf 66' lang='lat' dir='ltr'><strong>sazculo</strong></span> <span class='ocrx_word' id='word_1_289' title='bbox 1261 2451 1636 2521; x_wconf 87' lang='lat' dir='ltr'><strong>accipiuntur;</strong></span> <span class='ocrx_word' id='word_1_290' title='bbox 1667 2451 1808 2504; x_wconf 91' lang='lat' dir='ltr'><strong>unde</strong></span> 
     </span>
    </p>
   </div>
   <div class='ocr_carea' id='block_1_41' title="bbox 221 2542 1809 2612">
    <p class='ocr_par' dir='ltr' id='par_1_41' title="bbox 221 2542 1809 2612">
     <span class='ocr_line' id='line_1_41' title="bbox 221 2542 1809 2612; baseline -0.004 -12"><span class='ocrx_word' id='word_1_291' title='bbox 221 2546 462 2606; x_wconf 80' lang='lat' dir='ltr'><strong>Jacobus</strong></span> <span class='ocrx_word' id='word_1_292' title='bbox 486 2545 622 2612; x_wconf 82' lang='lat' dir='ltr'><strong>:Qui</strong></span> <span class='ocrx_word' id='word_1_293' title='bbox 643 2546 816 2599; x_wconf 82' lang='lat' dir='ltr'><strong>dicitis</strong></span> <span class='ocrx_word' id='word_1_294' title='bbox 838 2559 856 2596; x_wconf 90' lang='lat'><strong><em>:</em></strong></span> <span class='ocrx_word' id='word_1_295' title='bbox 879 2543 1052 2598; x_wconf 80' lang='lat' dir='ltr'><strong>Hodie</strong></span> <span class='ocrx_word' id='word_1_296' title='bbox 1076 2554 1123 2597; x_wconf 85' lang='lat' dir='ltr'><strong>et</strong></span> <span class='ocrx_word' id='word_1_297' title='bbox 1143 2544 1370 2597; x_wconf 83' lang='lat' dir='ltr'><strong>crastino</strong></span> <span class='ocrx_word' id='word_1_298' title='bbox 1400 2543 1589 2596; x_wconf 82' lang='lat' dir='ltr'><strong>ibimus</strong></span> <span class='ocrx_word' id='word_1_299' title='bbox 1612 2543 1666 2596; x_wconf 84' lang='lat' dir='ltr'><strong>in</strong></span> <span class='ocrx_word' id='word_1_300' title='bbox 1685 2542 1809 2595; x_wconf 84' lang='lat' dir='ltr'><strong>civi-</strong></span> 
     </span>
    </p>
   </div>
   <div class='ocr_carea' id='block_1_42' title="bbox 220 2632 1808 2708">
    <p class='ocr_par' dir='ltr' id='par_1_42' title="bbox 220 2632 1808 2708">
     <span class='ocr_line' id='line_1_42' title="bbox 220 2632 1808 2708; baseline -0.003 -18"><span class='ocrx_word' id='word_1_301' title='bbox 220 2646 405 2702; x_wconf 82' lang='lat' dir='ltr'><strong>tatem,</strong></span> <span class='ocrx_word' id='word_1_302' title='bbox 431 2647 536 2693; x_wconf 89' lang='lat' dir='ltr'><strong>etc.</strong></span> <span class='ocrx_word' id='word_1_303' title='bbox 573 2635 712 2707; x_wconf 77' lang='lat' dir='ltr'><strong>(Jac.</strong></span> <span class='ocrx_word' id='word_1_304' title='bbox 740 2636 835 2708; x_wconf 83' lang='lat' dir='ltr'><strong>tv).</strong></span> <span class='ocrx_word' id='word_1_305' title='bbox 891 2635 1015 2690; x_wconf 92' lang='lat' dir='ltr'><strong>Dies</strong></span> <span class='ocrx_word' id='word_1_306' title='bbox 1060 2634 1238 2700; x_wconf 90' lang='lat' dir='ltr'><strong>tertia,</strong></span> <span class='ocrx_word' id='word_1_307' title='bbox 1290 2634 1417 2704; x_wconf 89' lang='lat' dir='ltr'><strong>quia</strong></span> <span class='ocrx_word' id='word_1_308' title='bbox 1464 2635 1518 2688; x_wconf 91' lang='lat' dir='ltr'><strong>iu</strong></span> <span class='ocrx_word' id='word_1_309' title='bbox 1548 2633 1661 2703; x_wconf 84' lang='lat' dir='ltr'><strong>ipsa</strong></span> <span class='ocrx_word' id='word_1_310' title='bbox 1703 2632 1808 2686; x_wconf 85' lang='lat' dir='ltr'><strong>Do-</strong></span> 
     </span>
    </p>
   </div>
   <div class='ocr_carea' id='block_1_43' title="bbox 221 2724 1807 2796">
    <p class='ocr_par' dir='ltr' id='par_1_43' title="bbox 221 2724 1807 2796">
     <span class='ocr_line' id='line_1_43' title="bbox 221 2724 1807 2796; baseline -0.003 -14"><span class='ocrx_word' id='word_1_311' title='bbox 221 2728 405 2783; x_wconf 88' lang='lat' dir='ltr'><strong>minus</strong></span> <span class='ocrx_word' id='word_1_312' title='bbox 439 2745 468 2782; x_wconf 90' lang='lat' dir='ltr'><strong>a</strong></span> <span class='ocrx_word' id='word_1_313' title='bbox 519 2729 745 2783; x_wconf 89' lang='lat' dir='ltr'><strong>mortuis</strong></span> <span class='ocrx_word' id='word_1_314' title='bbox 803 2727 1119 2793; x_wconf 78' lang='lat' dir='ltr'><strong>resurrexit,</strong></span> <span class='ocrx_word' id='word_1_315' title='bbox 1180 2727 1405 2796; x_wconf 89' lang='lat' dir='ltr'><strong>ﬁguram</strong></span> <span class='ocrx_word' id='word_1_316' title='bbox 1449 2727 1588 2796; x_wconf 87' lang='lat' dir='ltr'><strong>gerit</strong></span> <span class='ocrx_word' id='word_1_317' title='bbox 1638 2724 1807 2778; x_wconf 90' lang='lat' dir='ltr'><strong>futuri</strong></span> 
     </span>
    </p>
   </div>
   <div class='ocr_carea' id='block_1_44' title="bbox 219 2815 1803 2887">
    <p class='ocr_par' dir='ltr' id='par_1_44' title="bbox 219 2815 1803 2887">
     <span class='ocr_line' id='line_1_44' title="bbox 219 2815 1803 2887; baseline -0.003 -14"><span class='ocrx_word' id='word_1_318' title='bbox 219 2818 406 2873; x_wconf 70' lang='lat' dir='ltr'><strong>smculi</strong></span> <span class='ocrx_word' id='word_1_319' title='bbox 435 2827 490 2873; x_wconf 89' lang='lat' dir='ltr'><strong>et</strong></span> <span class='ocrx_word' id='word_1_320' title='bbox 525 2818 958 2881; x_wconf 83' lang='lat' dir='ltr'><strong>resurrectionis,</strong></span> <span class='ocrx_word' id='word_1_321' title='bbox 997 2818 1049 2870; x_wconf 91' lang='lat' dir='ltr'><strong>in</strong></span> <span class='ocrx_word' id='word_1_322' title='bbox 1081 2832 1188 2887; x_wconf 88' lang='lat' dir='ltr'><strong>quo</strong></span> <span class='ocrx_word' id='word_1_323' title='bbox 1220 2831 1326 2870; x_wconf 93' lang='lat' dir='ltr'><strong>non</strong></span> <span class='ocrx_word' id='word_1_324' title='bbox 1349 2815 1532 2870; x_wconf 84' lang='lat' dir='ltr'><strong>licebit</strong></span> <span class='ocrx_word' id='word_1_325' title='bbox 1567 2815 1803 2883; x_wconf 90' lang='lat' dir='ltr'><strong>operari,</strong></span> 
     </span>
    </p>
   </div>
   <div class='ocr_carea' id='block_1_45' title="bbox 219 2904 1805 2980">
    <p class='ocr_par' dir='ltr' id='par_1_45' title="bbox 219 2904 1805 2980">
     <span class='ocr_line' id='line_1_45' title="bbox 219 2904 1805 2980; baseline -0.006 -14"><span class='ocrx_word' id='word_1_326' title='bbox 219 2911 322 2966; x_wconf 87' lang='lat' dir='ltr'><strong>sed</strong></span> <span class='ocrx_word' id='word_1_327' title='bbox 364 2925 587 2980; x_wconf 84' lang='lat' dir='ltr'><strong>Operum</strong></span> <span class='ocrx_word' id='word_1_328' title='bbox 614 2909 889 2980; x_wconf 89' lang='lat' dir='ltr'><strong>suscipere</strong></span> <span class='ocrx_word' id='word_1_329' title='bbox 942 2907 1372 2962; x_wconf 86' lang='lat' dir='ltr'><strong>retributionem.</strong></span> <span class='ocrx_word' id='word_1_330' title='bbox 1433 2904 1535 2971; x_wconf 86' lang='lat' dir='ltr'><strong>Qui</strong></span> <span class='ocrx_word' id='word_1_331' title='bbox 1563 2919 1691 2974; x_wconf 87' lang='lat' dir='ltr'><strong>ergo</strong></span> <span class='ocrx_word' id='word_1_332' title='bbox 1716 2904 1805 2958; x_wconf 89' lang='lat' dir='ltr'><strong>hic</strong></span> 
     </span>
    </p>
   </div>
   <div class='ocr_carea' id='block_1_46' title="bbox 1910 1907 3494 1979">
    <p class='ocr_par' dir='ltr' id='par_1_46' title="bbox 1910 1907 3494 1979">
     <span class='ocr_line' id='line_1_46' title="bbox 1910 1907 3494 1979; baseline 0.005 -18"><span class='ocrx_word' id='word_1_333' title='bbox 1910 1923 2019 1973; x_wconf 88' lang='lat' dir='ltr'><strong>ras,</strong></span> <span class='ocrx_word' id='word_1_334' title='bbox 2051 1907 2106 1962; x_wconf 93' lang='lat' dir='ltr'><strong>in</strong></span> <span class='ocrx_word' id='word_1_335' title='bbox 2151 1917 2354 1962; x_wconf 88' lang='lat' dir='ltr'><strong>tantum</strong></span> <span class='ocrx_word' id='word_1_336' title='bbox 2388 1908 2501 1964; x_wconf 88' lang='lat' dir='ltr'><strong>vult</strong></span> <span class='ocrx_word' id='word_1_337' title='bbox 2528 1910 2692 1975; x_wconf 87' lang='lat' dir='ltr'><strong>bona,</strong></span> <span class='ocrx_word' id='word_1_338' title='bbox 2730 1926 2790 1965; x_wconf 86' lang='lat' dir='ltr'><strong>ut</strong></span> <span class='ocrx_word' id='word_1_339' title='bbox 2835 1911 2878 1965; x_wconf 92' lang='lat' dir='ltr'><strong>si</strong></span> <span class='ocrx_word' id='word_1_340' title='bbox 2905 1912 3044 1966; x_wconf 89' lang='lat' dir='ltr'><strong>mala</strong></span> <span class='ocrx_word' id='word_1_341' title='bbox 3075 1913 3330 1979; x_wconf 86' lang='lat' dir='ltr'><strong>minetur,</strong></span> <span class='ocrx_word' id='word_1_342' title='bbox 3387 1929 3494 1970; x_wconf 90' lang='lat' dir='ltr'><strong>non</strong></span> 
     </span>
    </p>
   </div>
   <div class='ocr_carea' id='block_1_47' title="bbox 1909 2001 3496 2077">
    <p class='ocr_par' dir='ltr' id='par_1_47' title="bbox 1909 2001 3496 2077">
     <span class='ocr_line' id='line_1_47' title="bbox 1909 2001 3496 2077; baseline 0.002 -19"><span class='ocrx_word' id='word_1_343' title='bbox 1909 2011 2089 2058; x_wconf 87' lang='lat' dir='ltr'><strong>tamen</strong></span> <span class='ocrx_word' id='word_1_344' title='bbox 2134 2001 2350 2070; x_wconf 85' lang='lat' dir='ltr'><strong>inferat,</strong></span> <span class='ocrx_word' id='word_1_345' title='bbox 2401 2003 2449 2059; x_wconf 90' lang='lat' dir='ltr'><strong>si</strong></span> <span class='ocrx_word' id='word_1_346' title='bbox 2507 2003 2832 2074; x_wconf 73' lang='lat' dir='ltr'><strong>pmnitentes</strong></span> <span class='ocrx_word' id='word_1_347' title='bbox 2868 2004 3069 2071; x_wconf 87' lang='lat' dir='ltr'><strong>videat,</strong></span> <span class='ocrx_word' id='word_1_348' title='bbox 3125 2015 3185 2060; x_wconf 91' lang='lat' dir='ltr'><strong>ut</strong></span> <span class='ocrx_word' id='word_1_349' title='bbox 3238 2007 3496 2077; x_wconf 89' lang='lat' dir='ltr'><strong>pietatem</strong></span> 
     </span>
    </p>
   </div>
   <div class='ocr_carea' id='block_1_48' title="bbox 1908 2089 2205 2158">
    <p class='ocr_par' dir='ltr' id='par_1_48' title="bbox 1908 2089 2205 2158">
     <span class='ocr_line' id='line_1_48' title="bbox 1908 2089 2205 2158; baseline 0 -17"><span class='ocrx_word' id='word_1_350' title='bbox 1908 2089 2205 2158; x_wconf 91' lang='lat' dir='ltr'><strong>impendat.</strong></span> 
     </span>
    </p>
   </div>
   <div class='ocr_carea' id='block_1_49' title="bbox 1979 2176 3488 2251">
    <p class='ocr_par' dir='ltr' id='par_1_49' title="bbox 1979 2176 3488 2251">
     <span class='ocr_line' id='line_1_49' title="bbox 1979 2176 3488 2251; baseline 0.005 -20"><span class='ocrx_word' id='word_1_351' title='bbox 1979 2176 2146 2232; x_wconf 76' lang='lat' dir='ltr'><strong>Vens.</strong></span> <span class='ocrx_word' id='word_1_352' title='bbox 2181 2178 2361 2232; x_wconf 79' lang='lat' dir='ltr'><strong>l5.—</strong></span> <span class='ocrx_word' id='word_1_353' title='bbox 2411 2177 2536 2234; x_wconf 87' lang='lat' dir='ltr'><strong>Non</strong></span> <span class='ocrx_word' id='word_1_354' title='bbox 2564 2181 2725 2250; x_wconf 84' lang='lat' dir='ltr'><strong>facies</strong></span> <span class='ocrx_word' id='word_1_355' title='bbox 2764 2198 3105 2237; x_wconf 61' lang='lat' dir='ltr'><strong>calumniam.</strong></span> <span class='ocrx_word' id='word_1_356' title='bbox 3160 2183 3347 2251; x_wconf 82' lang='lat' dir='ltr'><strong>(Auc.,</strong></span> <span class='ocrx_word' id='word_1_357' title='bbox 3397 2184 3488 2238; x_wconf 88' lang='lat' dir='ltr'><strong>ubi</strong></span> 
     </span>
    </p>
   </div>
   <div class='ocr_carea' id='block_1_50' title="bbox 1907 2267 3493 2344">
    <p class='ocr_par' dir='ltr' id='par_1_50' title="bbox 1907 2267 3493 2344">
     <span class='ocr_line' id='line_1_50' title="bbox 1907 2267 3493 2344; baseline 0.004 -21"><span class='ocrx_word' id='word_1_358' title='bbox 1907 2268 2111 2338; x_wconf 86' lang='lat' dir='ltr'><strong>supra.)</strong></span> <span class='ocrx_word' id='word_1_359' title='bbox 2137 2267 2329 2324; x_wconf 92' lang='lat' dir='ltr'><strong>Omnia</strong></span> <span class='ocrx_word' id='word_1_360' title='bbox 2351 2285 2470 2339; x_wconf 74' lang='lat' dir='ltr'><strong>qua:</strong></span> <span class='ocrx_word' id='word_1_361' title='bbox 2491 2271 2847 2340; x_wconf 87' lang='lat' dir='ltr'><strong>prohibentur</strong></span> <span class='ocrx_word' id='word_1_362' title='bbox 2868 2287 2974 2327; x_wconf 92' lang='lat' dir='ltr'><strong>non</strong></span> <span class='ocrx_word' id='word_1_363' title='bbox 3000 2274 3260 2328; x_wconf 90' lang='lat' dir='ltr'><strong>committi</strong></span> <span class='ocrx_word' id='word_1_364' title='bbox 3291 2275 3343 2329; x_wconf 92' lang='lat' dir='ltr'><strong>in</strong></span> <span class='ocrx_word' id='word_1_365' title='bbox 3366 2290 3493 2344; x_wconf 89' lang='lat' dir='ltr'><strong>pro-</strong></span> 
     </span>
    </p>
   </div>
   <div class='ocr_carea' id='block_1_51' title="bbox 1907 2361 3490 2435">
    <p class='ocr_par' dir='ltr' id='par_1_51' title="bbox 1907 2361 3490 2435">
     <span class='ocr_line' id='line_1_51' title="bbox 1907 2361 3490 2435; baseline 0.003 -19"><span class='ocrx_word' id='word_1_366' title='bbox 1907 2363 2130 2427; x_wconf 81' lang='lat' dir='ltr'><strong>ximum,</strong></span> <span class='ocrx_word' id='word_1_367' title='bbox 2177 2361 2244 2417; x_wconf 90' lang='lat' dir='ltr'><strong>ad</strong></span> <span class='ocrx_word' id='word_1_368' title='bbox 2268 2365 2372 2418; x_wconf 87' lang='lat' dir='ltr'><strong>hoc</strong></span> <span class='ocrx_word' id='word_1_369' title='bbox 2405 2379 2571 2418; x_wconf 92' lang='lat' dir='ltr'><strong>unum</strong></span> <span class='ocrx_word' id='word_1_370' title='bbox 2630 2364 2910 2420; x_wconf 90' lang='lat' dir='ltr'><strong>referenda</strong></span> <span class='ocrx_word' id='word_1_371' title='bbox 2937 2374 3064 2420; x_wconf 91' lang='lat' dir='ltr'><strong>sunt</strong></span> <span class='ocrx_word' id='word_1_372' title='bbox 3105 2367 3248 2435; x_wconf 91' lang='lat' dir='ltr'><strong>quod</strong></span> <span class='ocrx_word' id='word_1_373' title='bbox 3289 2367 3490 2421; x_wconf 90' lang='lat' dir='ltr'><strong>dictum</strong></span> 
     </span>
    </p>
   </div>
   <div class='ocr_carea' id='block_1_52' title="bbox 1907 2450 3488 2526">
    <p class='ocr_par' dir='ltr' id='par_1_52' title="bbox 1907 2450 3488 2526">
     <span class='ocr_line' id='line_1_52' title="bbox 1907 2450 3488 2526; baseline 0.001 -19"><span class='ocrx_word' id='word_1_374' title='bbox 1907 2463 1991 2507; x_wconf 88' lang='lat' dir='ltr'><strong>est</strong></span> <span class='ocrx_word' id='word_1_375' title='bbox 2021 2470 2034 2505; x_wconf 95' lang='lat'>:</span> <span class='ocrx_word' id='word_1_376' title='bbox 2060 2450 2183 2507; x_wconf 85' lang='lat' dir='ltr'><strong>Non</strong></span> <span class='ocrx_word' id='word_1_377' title='bbox 2210 2453 2413 2507; x_wconf 88' lang='lat' dir='ltr'><strong>nocebis</strong></span> <span class='ocrx_word' id='word_1_378' title='bbox 2437 2455 2692 2523; x_wconf 76' lang='lat' dir='ltr'><strong>proximo.</strong></span> <span class='ocrx_word' id='word_1_379' title='bbox 2718 2453 2852 2508; x_wconf 80' lang='lat' dir='ltr'><strong>Nam</strong></span> <span class='ocrx_word' id='word_1_380' title='bbox 2882 2456 3023 2524; x_wconf 90' lang='lat' dir='ltr'><strong>quod</strong></span> <span class='ocrx_word' id='word_1_381' title='bbox 3052 2456 3296 2526; x_wconf 89' lang='lat' dir='ltr'><strong>sequitur</strong></span> <span class='ocrx_word' id='word_1_382' title='bbox 3322 2473 3335 2509; x_wconf 90' lang='lat'>:</span> <span class='ocrx_word' id='word_1_383' title='bbox 3361 2455 3488 2510; x_wconf 84' lang='lat' dir='ltr'><strong>Non</strong></span> 
     </span>
    </p>
   </div>
   <div class='ocr_carea' id='block_1_53' title="bbox 1910 2543 3488 2615">
    <p class='ocr_par' dir='ltr' id='par_1_53' title="bbox 1910 2543 3488 2615">
     <span class='ocr_line' id='line_1_53' title="bbox 1910 2543 3488 2615; baseline 0.003 -21"><span class='ocrx_word' id='word_1_384' title='bbox 1910 2543 2098 2612; x_wconf 87' lang='lat' dir='ltr'><strong>rapies,</strong></span> <span class='ocrx_word' id='word_1_385' title='bbox 2147 2543 2251 2598; x_wconf 89' lang='lat' dir='ltr'><strong>nisi</strong></span> <span class='ocrx_word' id='word_1_386' title='bbox 2285 2543 2476 2598; x_wconf 89' lang='lat' dir='ltr'><strong>adhoc</strong></span> <span class='ocrx_word' id='word_1_387' title='bbox 2507 2544 2791 2611; x_wconf 88' lang='lat' dir='ltr'><strong>referatur,</strong></span> <span class='ocrx_word' id='word_1_388' title='bbox 2823 2562 2890 2600; x_wconf 93' lang='lat' dir='ltr'><strong>ne</strong></span> <span class='ocrx_word' id='word_1_389' title='bbox 2912 2546 3168 2615; x_wconf 90' lang='lat' dir='ltr'><strong>rapiendo</strong></span> <span class='ocrx_word' id='word_1_390' title='bbox 3202 2555 3488 2610; x_wconf 87' lang='lat' dir='ltr'><strong>noceatur,</strong></span> 
     </span>
    </p>
   </div>
   <div class='ocr_carea' id='block_1_54' title="bbox 1907 2634 3490 2709">
    <p class='ocr_par' dir='ltr' id='par_1_54' title="bbox 1907 2634 3490 2709">
     <span class='ocr_line' id='line_1_54' title="bbox 1907 2634 3490 2709; baseline 0.003 -23"><span class='ocrx_word' id='word_1_391' title='bbox 1907 2634 2086 2688; x_wconf 83' lang='lat' dir='ltr'><strong>evenit</strong></span> <span class='ocrx_word' id='word_1_392' title='bbox 2128 2643 2187 2688; x_wconf 90' lang='lat' dir='ltr'><strong>ut</strong></span> <span class='ocrx_word' id='word_1_393' title='bbox 2223 2649 2328 2688; x_wconf 90' lang='lat' dir='ltr'><strong>non</strong></span> <span class='ocrx_word' id='word_1_394' title='bbox 2365 2635 2620 2705; x_wconf 91' lang='lat' dir='ltr'><strong>rapiendo</strong></span> <span class='ocrx_word' id='word_1_395' title='bbox 2670 2638 2792 2706; x_wconf 91' lang='lat' dir='ltr'><strong>quis</strong></span> <span class='ocrx_word' id='word_1_396' title='bbox 2837 2647 3051 2704; x_wconf 81' lang='lat' dir='ltr'><strong>noceat,</strong></span> <span class='ocrx_word' id='word_1_397' title='bbox 3125 2653 3248 2691; x_wconf 91' lang='lat' dir='ltr'><strong>nam</strong></span> <span class='ocrx_word' id='word_1_398' title='bbox 3282 2637 3490 2709; x_wconf 83' lang='lat' dir='ltr'><strong>gladius</strong></span> 
     </span>
    </p>
   </div>
   <div class='ocr_carea' id='block_1_55' title="bbox 1907 2724 2672 2796">
    <p class='ocr_par' dir='ltr' id='par_1_55' title="bbox 1907 2724 2672 2796">
     <span class='ocr_line' id='line_1_55' title="bbox 1907 2724 2672 2796; baseline 0.003 -18"><span class='ocrx_word' id='word_1_399' title='bbox 1907 2724 2195 2780; x_wconf 86' lang='lat' dir='ltr'><strong>insanienti</strong></span> <span class='ocrx_word' id='word_1_400' title='bbox 2240 2726 2526 2796; x_wconf 90' lang='lat' dir='ltr'><strong>rapiendus</strong></span> <span class='ocrx_word' id='word_1_401' title='bbox 2571 2738 2672 2782; x_wconf 90' lang='lat' dir='ltr'><strong>est.</strong></span> 
     </span>
    </p>
   </div>
   <div class='ocr_carea' id='block_1_56' title="bbox 1977 2815 3490 2888">
    <p class='ocr_par' dir='ltr' id='par_1_56' title="bbox 1977 2815 3490 2888">
     <span class='ocr_line' id='line_1_56' title="bbox 1977 2815 3490 2888; baseline 0 -18"><span class='ocrx_word' id='word_1_402' title='bbox 1977 2816 2140 2870; x_wconf 69' lang='lat' dir='ltr'><strong>Vens.</strong></span> <span class='ocrx_word' id='word_1_403' title='bbox 2176 2815 2263 2870; x_wconf 77' lang='grc'><strong>15.</strong></span> <span class='ocrx_word' id='word_1_404' title='bbox 2292 2847 2364 2858; x_wconf 92' lang='lat'><strong>—-</strong></span> <span class='ocrx_word' id='word_1_405' title='bbox 2392 2815 2502 2871; x_wconf 90' lang='lat' dir='ltr'><strong>Nec</strong></span> <span class='ocrx_word' id='word_1_406' title='bbox 2537 2817 2586 2872; x_wconf 85' lang='lat' dir='ltr'><strong>vi</strong></span> <span class='ocrx_word' id='word_1_407' title='bbox 2605 2817 2884 2888; x_wconf 83' lang='lat' dir='ltr'><strong>opprimes,</strong></span> <span class='ocrx_word' id='word_1_408' title='bbox 2932 2826 3038 2873; x_wconf 93' lang='lat' dir='ltr'><strong>etc.</strong></span> <span class='ocrx_word' id='word_1_409' title='bbox 3091 2815 3352 2872; x_wconf 85' lang='lat' dir='ltr'><strong>Paulatim</strong></span> <span class='ocrx_word' id='word_1_410' title='bbox 3393 2833 3490 2871; x_wconf 82' lang='lat' dir='ltr'><strong>au-</strong></span> 
     </span>
    </p>
   </div>
   <div class='ocr_carea' id='block_1_57' title="bbox 1905 2904 3491 2976">
    <p class='ocr_par' dir='ltr' id='par_1_57' title="bbox 1905 2904 3491 2976">
     <span class='ocr_line' id='line_1_57' title="bbox 1905 2904 3491 2976; baseline 0.002 -19"><span class='ocrx_word' id='word_1_411' title='bbox 1905 2904 2134 2960; x_wconf 92' lang='lat' dir='ltr'><strong>ditorem</strong></span> <span class='ocrx_word' id='word_1_412' title='bbox 2171 2905 2366 2970; x_wconf 89' lang='lat' dir='ltr'><strong>erudit,</strong></span> <span class='ocrx_word' id='word_1_413' title='bbox 2401 2913 2454 2961; x_wconf 92' lang='lat' dir='ltr'><strong>et</strong></span> <span class='ocrx_word' id='word_1_414' title='bbox 2480 2921 2597 2975; x_wconf 68' lang='lat' dir='ltr'><strong>qua:</strong></span> <span class='ocrx_word' id='word_1_415' title='bbox 2626 2905 2873 2960; x_wconf 91' lang='lat' dir='ltr'><strong>videntur</strong></span> <span class='ocrx_word' id='word_1_416' title='bbox 2906 2921 3092 2976; x_wconf 89' lang='lat' dir='ltr'><strong>parva,</strong></span> <span class='ocrx_word' id='word_1_417' title='bbox 3124 2906 3336 2975; x_wconf 89' lang='lat' dir='ltr'><strong>magnis</strong></span> <span class='ocrx_word' id='word_1_418' title='bbox 3360 2921 3491 2962; x_wconf 86' lang='lat' dir='ltr'><strong>con-</strong></span> 
     </span>
    </p>
   </div>
   <div class='ocr_carea' id='block_1_58' title="bbox 216 2996 3484 3074">
    <p class='ocr_par' dir='ltr' id='par_1_58' title="bbox 216 2996 3484 3074">
     <span class='ocr_line' id='line_1_58' title="bbox 216 2996 3484 3074; baseline -0.003 -15"><span class='ocrx_word' id='word_1_419' title='bbox 216 3005 359 3060; x_wconf 89' lang='lat' dir='ltr'><strong>vivit</strong></span> <span class='ocrx_word' id='word_1_420' title='bbox 394 3013 647 3073; x_wconf 88' lang='lat' dir='ltr'><strong>tanquam</strong></span> <span class='ocrx_word' id='word_1_421' title='bbox 674 3003 782 3059; x_wconf 89' lang='lat' dir='ltr'><strong>illic</strong></span> <span class='ocrx_word' id='word_1_422' title='bbox 805 3011 1123 3074; x_wconf 90' lang='lat' dir='ltr'><strong>operaturus</strong></span> <span class='ocrx_word' id='word_1_423' title='bbox 1146 3001 1236 3067; x_wconf 91' lang='lat' dir='ltr'><strong>sit,</strong></span> <span class='ocrx_word' id='word_1_424' title='bbox 1264 3013 1516 3072; x_wconf 90' lang='lat' dir='ltr'><strong>tanquam</strong></span> <span class='ocrx_word' id='word_1_425' title='bbox 1539 3001 1624 3056; x_wconf 91' lang='lat' dir='ltr'><strong>die</strong></span> <span class='ocrx_word' id='word_1_426' title='bbox 1649 3000 1802 3054; x_wconf 80' lang='lat' dir='ltr'><strong>tertia</strong></span> <span class='ocrx_word' id='word_1_427' title='bbox 1899 2996 2120 3067; x_wconf 83' lang='lat' dir='ltr'><strong>jungit:</strong></span> <span class='ocrx_word' id='word_1_428' title='bbox 2169 3005 2229 3050; x_wconf 93' lang='lat' dir='ltr'><strong>ut</strong></span> <span class='ocrx_word' id='word_1_429' title='bbox 2277 2997 2368 3066; x_wconf 91' lang='lat' dir='ltr'><strong>qui</strong></span> <span class='ocrx_word' id='word_1_430' title='bbox 2406 2996 2627 3051; x_wconf 88' lang='lat' dir='ltr'><strong>deﬁnita</strong></span> <span class='ocrx_word' id='word_1_431' title='bbox 2680 2997 2946 3050; x_wconf 89' lang='lat' dir='ltr'><strong>malormn</strong></span> <span class='ocrx_word' id='word_1_432' title='bbox 2990 3011 3148 3066; x_wconf 80' lang='lat' dir='ltr'><strong>poma</strong></span> <span class='ocrx_word' id='word_1_433' title='bbox 3192 3004 3484 3061; x_wconf 86' lang='lat' dir='ltr'><strong>terrentur,</strong></span> 
     </span>
    </p>
   </div>
   <div class='ocr_carea' id='block_1_59' title="bbox 217 3092 1806 3165">
    <p class='ocr_par' dir='ltr' id='par_1_59' title="bbox 217 3092 1806 3165">
     <span class='ocr_line' id='line_1_59' title="bbox 217 3092 1806 3165; baseline -0.004 -13"><span class='ocrx_word' id='word_1_434' title='bbox 217 3095 553 3152; x_wconf 90' lang='lat' dir='ltr'><strong>sacriﬁcium</strong></span> <span class='ocrx_word' id='word_1_435' title='bbox 597 3095 1042 3160; x_wconf 88' lang='lat' dir='ltr'><strong>manducaturus,</strong></span> <span class='ocrx_word' id='word_1_436' title='bbox 1071 3110 1102 3149; x_wconf 87' lang='lat' dir='ltr'><strong>a</strong></span> <span class='ocrx_word' id='word_1_437' title='bbox 1131 3094 1442 3165; x_wconf 85' lang='lat' dir='ltr'><strong>legislatore</strong></span> <span class='ocrx_word' id='word_1_438' title='bbox 1481 3093 1586 3148; x_wconf 88' lang='lat' dir='ltr'><strong>hoc</strong></span> <span class='ocrx_word' id='word_1_439' title='bbox 1629 3092 1806 3147; x_wconf 89' lang='lat' dir='ltr'><strong>facere</strong></span> 
     </span>
    </p>
   </div>
   <div class='ocr_carea' id='block_1_60' title="bbox 1908 3087 3484 3154">
    <p class='ocr_par' dir='ltr' id='par_1_60' title="bbox 1908 3087 3484 3154">
     <span class='ocr_line' id='line_1_60' title="bbox 1908 3087 3484 3154; baseline 0 -14"><span class='ocrx_word' id='word_1_440' title='bbox 1908 3087 2211 3142; x_wconf 87' lang='lat' dir='ltr'><strong>abstineant</strong></span> <span class='ocrx_word' id='word_1_441' title='bbox 2235 3103 2264 3141; x_wconf 90' lang='lat' dir='ltr'><strong>a</strong></span> <span class='ocrx_word' id='word_1_442' title='bbox 2289 3087 2606 3142; x_wconf 91' lang='lat' dir='ltr'><strong>minoribus.</strong></span> <span class='ocrx_word' id='word_1_443' title='bbox 2637 3087 2739 3154; x_wconf 86' lang='lat' dir='ltr'><strong>Qui</strong></span> <span class='ocrx_word' id='word_1_444' title='bbox 2774 3087 2920 3142; x_wconf 90' lang='lat' dir='ltr'><strong>enim</strong></span> <span class='ocrx_word' id='word_1_445' title='bbox 2946 3088 3220 3141; x_wconf 86' lang='lat' dir='ltr'><strong>sociantur</strong></span> <span class='ocrx_word' id='word_1_446' title='bbox 3251 3087 3302 3140; x_wconf 91' lang='lat' dir='ltr'><strong>in</strong></span> <span class='ocrx_word' id='word_1_447' title='bbox 3329 3102 3484 3141; x_wconf 91' lang='lat' dir='ltr'><strong>man-</strong></span> 
     </span>
    </p>
   </div>
   <div class='ocr_carea' id='block_1_61' title="bbox 215 3154 3488 3256">
    <p class='ocr_par' dir='ltr' id='par_1_61' title="bbox 215 3154 3488 3256">
     <span class='ocr_line' id='line_1_61' title="bbox 215 3154 3488 3256; baseline -0.001 -16"><span class='ocrx_word' id='word_1_448' title='bbox 215 3186 563 3256; x_wconf 87' lang='lat' dir='ltr'><strong>prohibetur,</strong></span> <span class='ocrx_word' id='word_1_449' title='bbox 620 3186 746 3256; x_wconf 92' lang='lat' dir='ltr'><strong>quia</strong></span> <span class='ocrx_word' id='word_1_450' title='bbox 795 3173 1048 3240; x_wconf 83' lang='lat' dir='ltr'><strong>virtutem</strong></span> <span class='ocrx_word' id='word_1_451' title='bbox 1101 3154 1472 3255; x_wconf 68' lang='lat' dir='ltr'><strong>imperfectam</strong></span> <span class='ocrx_word' id='word_1_452' title='bbox 1523 3181 1799 3254; x_wconf 85' lang='lat' dir='ltr'><strong>relinquit,</strong></span> <span class='ocrx_word' id='word_1_453' title='bbox 1833 3154 1877 3215; x_wconf 65' lang='grc' dir='ltr'>ε</span> <span class='ocrx_word' id='word_1_454' title='bbox 1908 3181 2056 3247; x_wconf 88' lang='lat' dir='ltr'><strong>dato,</strong></span> <span class='ocrx_word' id='word_1_455' title='bbox 2104 3181 2239 3235; x_wconf 92' lang='lat' dir='ltr'><strong>etin</strong></span> <span class='ocrx_word' id='word_1_456' title='bbox 2277 3197 2456 3251; x_wconf 74' lang='lat' dir='ltr'><strong>pmna.</strong></span> <span class='ocrx_word' id='word_1_457' title='bbox 2499 3183 2602 3249; x_wconf 87' lang='lat' dir='ltr'><strong>Qui</strong></span> <span class='ocrx_word' id='word_1_458' title='bbox 2624 3183 2767 3236; x_wconf 88' lang='lat' dir='ltr'><strong>euim</strong></span> <span class='ocrx_word' id='word_1_459' title='bbox 2804 3182 2858 3236; x_wconf 91' lang='lat' dir='ltr'><strong>in</strong></span> <span class='ocrx_word' id='word_1_460' title='bbox 2889 3198 2996 3236; x_wconf 92' lang='lat' dir='ltr'><strong>uno</strong></span> <span class='ocrx_word' id='word_1_461' title='bbox 3021 3181 3326 3248; x_wconf 81' lang='lat' dir='ltr'><strong>offenderit,</strong></span> <span class='ocrx_word' id='word_1_462' title='bbox 3370 3199 3488 3236; x_wconf 85' lang='lat' dir='ltr'><strong>om-</strong></span> 
     </span>
    </p>
   </div>
   <div class='ocr_carea' id='block_1_62' title="bbox 215 3277 1087 3348">
    <p class='ocr_par' dir='ltr' id='par_1_62' title="bbox 215 3277 1087 3348">
     <span class='ocr_line' id='line_1_62' title="bbox 215 3277 1087 3348; baseline -0.005 -15"><span class='ocrx_word' id='word_1_463' title='bbox 215 3288 482 3347; x_wconf 84' lang='lat' dir='ltr'><strong>tanquam</strong></span> <span class='ocrx_word' id='word_1_464' title='bbox 510 3278 583 3333; x_wconf 93' lang='lat' dir='ltr'><strong>ibi</strong></span> <span class='ocrx_word' id='word_1_465' title='bbox 611 3280 871 3348; x_wconf 87' lang='lat' dir='ltr'><strong>perlicere</strong></span> <span class='ocrx_word' id='word_1_466' title='bbox 897 3277 1087 3347; x_wconf 88' lang='lat' dir='ltr'><strong>possit.</strong></span> 
     </span>
    </p>
   </div>
   <div class='ocr_carea' id='block_1_63' title="bbox 293 3365 1799 3432">
    <p class='ocr_par' dir='ltr' id='par_1_63' title="bbox 293 3365 1799 3432">
     <span class='ocr_line' id='line_1_63' title="bbox 293 3365 1799 3432; baseline -0.003 -9"><span class='ocrx_word' id='word_1_467' title='bbox 293 3369 459 3425; x_wconf 67' lang='lat' dir='ltr'><strong>Vens.</strong></span> <span class='ocrx_word' id='word_1_468' title='bbox 485 3371 538 3425; x_wconf 89' lang='lat'><strong>9.</strong></span> <span class='ocrx_word' id='word_1_469' title='bbox 568 3399 641 3410; x_wconf 93' lang='lat'><strong>—-</strong></span> <span class='ocrx_word' id='word_1_470' title='bbox 688 3369 818 3423; x_wconf 89' lang='lat' dir='ltr'><strong>Cum</strong></span> <span class='ocrx_word' id='word_1_471' title='bbox 853 3369 1149 3432; x_wconf 85' lang='lat' dir='ltr'><strong>messueris,</strong></span> <span class='ocrx_word' id='word_1_472' title='bbox 1194 3376 1298 3422; x_wconf 90' lang='lat' dir='ltr'><strong>etc.</strong></span> <span class='ocrx_word' id='word_1_473' title='bbox 1343 3365 1415 3422; x_wconf 90' lang='lat' dir='ltr'><strong>Ut</strong></span> <span class='ocrx_word' id='word_1_474' title='bbox 1453 3366 1799 3422; x_wconf 89' lang='lat' dir='ltr'><strong>dilectionem</strong></span> 
     </span>
    </p>
   </div>
   <div class='ocr_carea' id='block_1_64' title="bbox 214 3458 1805 3527">
    <p class='ocr_par' dir='ltr' id='par_1_64' title="bbox 214 3458 1805 3527">
     <span class='ocr_line' id='line_1_64' title="bbox 214 3458 1805 3527; baseline -0.002 -10"><span class='ocrx_word' id='word_1_475' title='bbox 214 3461 525 3524; x_wconf 63' lang='lat' dir='ltr'><strong>adiuv-icem</strong></span> <span class='ocrx_word' id='word_1_476' title='bbox 577 3462 894 3527; x_wconf 85' lang='lat' dir='ltr'><strong>habeamus,</strong></span> <span class='ocrx_word' id='word_1_477' title='bbox 940 3469 1000 3514; x_wconf 91' lang='lat' dir='ltr'><strong>ut</strong></span> <span class='ocrx_word' id='word_1_478' title='bbox 1026 3469 1299 3514; x_wconf 87' lang='lat' dir='ltr'><strong>amatores</strong></span> <span class='ocrx_word' id='word_1_479' title='bbox 1342 3469 1395 3513; x_wconf 89' lang='lat' dir='ltr'><strong>et</strong></span> <span class='ocrx_word' id='word_1_480' title='bbox 1425 3458 1805 3514; x_wconf 87' lang='lat' dir='ltr'><strong>misericordes</strong></span> 
     </span>
    </p>
   </div>
   <div class='ocr_carea' id='block_1_65' title="bbox 214 3549 1801 3621">
    <p class='ocr_par' dir='ltr' id='par_1_65' title="bbox 214 3549 1801 3621">
     <span class='ocr_line' id='line_1_65' title="bbox 214 3549 1801 3621; baseline -0.004 -13"><span class='ocrx_word' id='word_1_481' title='bbox 214 3553 274 3608; x_wconf 90' lang='lat' dir='ltr'><strong>in</strong></span> <span class='ocrx_word' id='word_1_482' title='bbox 325 3567 590 3621; x_wconf 91' lang='lat' dir='ltr'><strong>pauperes</strong></span> <span class='ocrx_word' id='word_1_483' title='bbox 636 3552 824 3616; x_wconf 90' lang='lat' dir='ltr'><strong>simus,</strong></span> <span class='ocrx_word' id='word_1_484' title='bbox 897 3552 1149 3621; x_wconf 59' lang='lat' dir='ltr'><strong>praesenti</strong></span> <span class='ocrx_word' id='word_1_485' title='bbox 1185 3550 1420 3619; x_wconf 90' lang='lat' dir='ltr'><strong>capitulo</strong></span> <span class='ocrx_word' id='word_1_486' title='bbox 1471 3549 1801 3619; x_wconf 63' lang='lat' dir='ltr'><strong>principitur.</strong></span> 
     </span>
    </p>
   </div>
   <div class='ocr_carea' id='block_1_66' title="bbox 215 3639 1803 3711">
    <p class='ocr_par' dir='ltr' id='par_1_66' title="bbox 215 3639 1803 3711">
     <span class='ocr_line' id='line_1_66' title="bbox 215 3639 1803 3711; baseline -0.003 -13"><span class='ocrx_word' id='word_1_487' title='bbox 215 3643 496 3698; x_wconf 85' lang='lat' dir='ltr'><strong>Debemus</strong></span> <span class='ocrx_word' id='word_1_488' title='bbox 519 3641 663 3696; x_wconf 89' lang='lat' dir='ltr'><strong>enim</strong></span> <span class='ocrx_word' id='word_1_489' title='bbox 701 3641 983 3711; x_wconf 84' lang='lat' dir='ltr'><strong>egentibus</strong></span> <span class='ocrx_word' id='word_1_490' title='bbox 1017 3641 1165 3702; x_wconf 89' lang='lat' dir='ltr'><strong>dare,</strong></span> <span class='ocrx_word' id='word_1_491' title='bbox 1205 3656 1302 3694; x_wconf 89' lang='lat' dir='ltr'><strong>nec</strong></span> <span class='ocrx_word' id='word_1_492' title='bbox 1336 3640 1515 3694; x_wconf 88' lang='lat' dir='ltr'><strong>debita</strong></span> <span class='ocrx_word' id='word_1_493' title='bbox 1540 3639 1803 3693; x_wconf 79' lang='lat' dir='ltr'><strong>violenter</strong></span> 
     </span>
    </p>
   </div>
   <div class='ocr_carea' id='block_1_67' title="bbox 213 3726 1798 3800">
    <p class='ocr_par' dir='ltr' id='par_1_67' title="bbox 213 3726 1798 3800">
     <span class='ocr_line' id='line_1_67' title="bbox 213 3726 1798 3800; baseline -0.004 -14"><span class='ocrx_word' id='word_1_494' title='bbox 213 3731 463 3800; x_wconf 80' lang='lat' dir='ltr'><strong>exigere,</strong></span> <span class='ocrx_word' id='word_1_495' title='bbox 490 3737 543 3783; x_wconf 92' lang='lat' dir='ltr'><strong>et</strong></span> <span class='ocrx_word' id='word_1_496' title='bbox 574 3729 828 3798; x_wconf 86' lang='lat' dir='ltr'><strong>reliquias</strong></span> <span class='ocrx_word' id='word_1_497' title='bbox 850 3729 1112 3783; x_wconf 91' lang='lat' dir='ltr'><strong>bonorum</strong></span> <span class='ocrx_word' id='word_1_498' title='bbox 1145 3736 1452 3781; x_wconf 90' lang='lat' dir='ltr'><strong>nostrorum</strong></span> <span class='ocrx_word' id='word_1_499' title='bbox 1481 3726 1798 3790; x_wconf 89' lang='lat' dir='ltr'><strong>concedere,</strong></span> 
     </span>
    </p>
   </div>
   <div class='ocr_carea' id='block_1_68' title="bbox 213 3816 1802 3887">
    <p class='ocr_par' dir='ltr' id='par_1_68' title="bbox 213 3816 1802 3887">
     <span class='ocr_line' id='line_1_68' title="bbox 213 3816 1802 3887; baseline -0.004 -9"><span class='ocrx_word' id='word_1_500' title='bbox 213 3823 491 3878; x_wconf 88' lang='lat' dir='ltr'><strong>imitando</strong></span> <span class='ocrx_word' id='word_1_501' title='bbox 529 3821 701 3876; x_wconf 91' lang='lat' dir='ltr'><strong>Deum</strong></span> <span class='ocrx_word' id='word_1_502' title='bbox 750 3821 992 3874; x_wconf 87' lang='lat' dir='ltr'><strong>datorem</strong></span> <span class='ocrx_word' id='word_1_503' title='bbox 1035 3819 1296 3872; x_wconf 86' lang='lat' dir='ltr'><strong>omnium.</strong></span> <span class='ocrx_word' id='word_1_504' title='bbox 1346 3816 1639 3887; x_wconf 88' lang='lat' dir='ltr'><strong>Propterea</strong></span> <span class='ocrx_word' id='word_1_505' title='bbox 1687 3831 1802 3871; x_wconf 91' lang='lat' dir='ltr'><strong>mc-</strong></span> 
     </span>
    </p>
   </div>
   <div class='ocr_carea' id='block_1_69' title="bbox 212 3908 1804 3986">
    <p class='ocr_par' dir='ltr' id='par_1_69' title="bbox 212 3908 1804 3986">
     <span class='ocr_line' id='line_1_69' title="bbox 212 3908 1804 3986; baseline -0.004 -20"><span class='ocrx_word' id='word_1_506' title='bbox 212 3920 405 3966; x_wconf 84' lang='lat' dir='ltr'><strong>tentes</strong></span> <span class='ocrx_word' id='word_1_507' title='bbox 429 3911 514 3966; x_wconf 90' lang='lat' dir='ltr'><strong>vel</strong></span> <span class='ocrx_word' id='word_1_508' title='bbox 532 3910 926 3966; x_wconf 89' lang='lat' dir='ltr'><strong>vindemiantes</strong></span> <span class='ocrx_word' id='word_1_509' title='bbox 942 3908 1052 3962; x_wconf 91' lang='lat' dir='ltr'><strong>vult</strong></span> <span class='ocrx_word' id='word_1_510' title='bbox 1066 3908 1262 3986; x_wconf 86' lang='lat' dir='ltr'><strong>aliquid</strong></span> <span class='ocrx_word' id='word_1_511' title='bbox 1276 3908 1644 3976; x_wconf 88' lang='lat' dir='ltr'><strong>derelinquere</strong></span> <span class='ocrx_word' id='word_1_512' title='bbox 1669 3924 1804 3978; x_wconf 86' lang='lat' dir='ltr'><strong>pau-</strong></span> 
     </span>
    </p>
   </div>
   <div class='ocr_carea' id='block_1_70' title="bbox 212 4000 1805 4074">
    <p class='ocr_par' dir='ltr' id='par_1_70' title="bbox 212 4000 1805 4074">
     <span class='ocr_line' id='line_1_70' title="bbox 212 4000 1805 4074; baseline -0.002 -18"><span class='ocrx_word' id='word_1_513' title='bbox 212 4003 340 4072; x_wconf 81' lang='lat' dir='ltr'><strong>peri</strong></span> <span class='ocrx_word' id='word_1_514' title='bbox 380 4012 436 4056; x_wconf 90' lang='lat' dir='ltr'><strong>et</strong></span> <span class='ocrx_word' id='word_1_515' title='bbox 465 4001 759 4074; x_wconf 80' lang='lat' dir='ltr'><strong>proselyto,</strong></span> <span class='ocrx_word' id='word_1_516' title='bbox 796 4015 863 4055; x_wconf 92' lang='lat' dir='ltr'><strong>ne</strong></span> <span class='ocrx_word' id='word_1_517' title='bbox 892 4001 1066 4054; x_wconf 90' lang='lat' dir='ltr'><strong>datori</strong></span> <span class='ocrx_word' id='word_1_518' title='bbox 1093 4000 1331 4053; x_wconf 66' lang='lat' dir='ltr'><strong>ouu‘iium</strong></span> <span class='ocrx_word' id='word_1_519' title='bbox 1355 4000 1602 4054; x_wconf 88' lang='lat' dir='ltr'><strong>videatur</strong></span> <span class='ocrx_word' id='word_1_520' title='bbox 1629 4000 1805 4069; x_wconf 76' lang='lat' dir='ltr'><strong>ingra-</strong></span> 
     </span>
    </p>
   </div>
   <div class='ocr_carea' id='block_1_71' title="bbox 213 4091 1806 4164">
    <p class='ocr_par' dir='ltr' id='par_1_71' title="bbox 213 4091 1806 4164">
     <span class='ocr_line' id='line_1_71' title="bbox 213 4091 1806 4164; baseline -0.002 -15"><span class='ocrx_word' id='word_1_521' title='bbox 213 4106 334 4160; x_wconf 90' lang='lat' dir='ltr'><strong>tus,</strong></span> <span class='ocrx_word' id='word_1_522' title='bbox 355 4096 446 4164; x_wconf 91' lang='lat' dir='ltr'><strong>qui</strong></span> <span class='ocrx_word' id='word_1_523' title='bbox 471 4096 592 4149; x_wconf 91' lang='lat' dir='ltr'><strong>aliis</strong></span> <span class='ocrx_word' id='word_1_524' title='bbox 621 4095 837 4149; x_wconf 84' lang='lat' dir='ltr'><strong>divitias</strong></span> <span class='ocrx_word' id='word_1_525' title='bbox 859 4093 1026 4158; x_wconf 91' lang='lat' dir='ltr'><strong>dedit,</strong></span> <span class='ocrx_word' id='word_1_526' title='bbox 1063 4093 1196 4146; x_wconf 92' lang='lat' dir='ltr'><strong>alios</strong></span> <span class='ocrx_word' id='word_1_527' title='bbox 1217 4094 1282 4148; x_wconf 92' lang='lat' dir='ltr'><strong>de</strong></span> <span class='ocrx_word' id='word_1_528' title='bbox 1314 4091 1540 4146; x_wconf 91' lang='lat' dir='ltr'><strong>aliorum</strong></span> <span class='ocrx_word' id='word_1_529' title='bbox 1564 4091 1806 4160; x_wconf 88' lang='lat' dir='ltr'><strong>reliquiis</strong></span> 
     </span>
    </p>
   </div>
   <div class='ocr_carea' id='block_1_72' title="bbox 208 4183 1804 4254">
    <p class='ocr_par' dir='ltr' id='par_1_72' title="bbox 208 4183 1804 4254">
     <span class='ocr_line' id='line_1_72' title="bbox 208 4183 1804 4254; baseline -0.002 -15"><span class='ocrx_word' id='word_1_530' title='bbox 208 4186 406 4240; x_wconf 86' lang='lat' dir='ltr'><strong>vivere</strong></span> <span class='ocrx_word' id='word_1_531' title='bbox 445 4185 650 4250; x_wconf 90' lang='lat' dir='ltr'><strong>voluit;</strong></span> <span class='ocrx_word' id='word_1_532' title='bbox 692 4184 856 4240; x_wconf 92' lang='lat' dir='ltr'><strong>utsic</strong></span> <span class='ocrx_word' id='word_1_533' title='bbox 881 4184 1132 4254; x_wconf 90' lang='lat' dir='ltr'><strong>probaret</strong></span> <span class='ocrx_word' id='word_1_534' title='bbox 1172 4183 1625 4254; x_wconf 89' lang='lat' dir='ltr'><strong>dispensationem</strong></span> <span class='ocrx_word' id='word_1_535' title='bbox 1665 4183 1804 4236; x_wconf 88' lang='lat' dir='ltr'><strong>divi-</strong></span> 
     </span>
    </p>
   </div>
   <div class='ocr_carea' id='block_1_73' title="bbox 210 4271 1808 4343">
    <p class='ocr_par' dir='ltr' id='par_1_73' title="bbox 210 4271 1808 4343">
     <span class='ocr_line' id='line_1_73' title="bbox 210 4271 1808 4343; baseline -0.003 -14"><span class='ocrx_word' id='word_1_536' title='bbox 210 4283 358 4339; x_wconf 86' lang='lat' dir='ltr'><strong>tum,</strong></span> <span class='ocrx_word' id='word_1_537' title='bbox 387 4281 442 4329; x_wconf 92' lang='lat' dir='ltr'><strong>et</strong></span> <span class='ocrx_word' id='word_1_538' title='bbox 461 4275 772 4343; x_wconf 88' lang='lat' dir='ltr'><strong>patientiam</strong></span> <span class='ocrx_word' id='word_1_539' title='bbox 798 4288 1110 4343; x_wconf 88' lang='lat' dir='ltr'><strong>pauperum.</strong></span> <span class='ocrx_word' id='word_1_540' title='bbox 1136 4271 1406 4342; x_wconf 81' lang='lat' dir='ltr'><strong>Paupercs</strong></span> <span class='ocrx_word' id='word_1_541' title='bbox 1434 4272 1576 4325; x_wconf 89' lang='lat' dir='ltr'><strong>enim</strong></span> <span class='ocrx_word' id='word_1_542' title='bbox 1603 4279 1658 4324; x_wconf 90' lang='lat' dir='ltr'><strong>et</strong></span> <span class='ocrx_word' id='word_1_543' title='bbox 1679 4287 1808 4340; x_wconf 86' lang='lat' dir='ltr'><strong>pro-</strong></span> 
     </span>
    </p>
   </div>
   <div class='ocr_carea' id='block_1_74' title="bbox 210 4363 1804 4436">
    <p class='ocr_par' dir='ltr' id='par_1_74' title="bbox 210 4363 1804 4436">
     <span class='ocr_line' id='line_1_74' title="bbox 210 4363 1804 4436; baseline -0.002 -15"><span class='ocrx_word' id='word_1_544' title='bbox 210 4367 422 4436; x_wconf 76' lang='lat' dir='ltr'><strong>selytos</strong></span> <span class='ocrx_word' id='word_1_545' title='bbox 458 4381 565 4419; x_wconf 92' lang='lat' dir='ltr'><strong>non</strong></span> <span class='ocrx_word' id='word_1_546' title='bbox 593 4365 800 4434; x_wconf 74' lang='lat' dir='ltr'><strong>alzjicit,</strong></span> <span class='ocrx_word' id='word_1_547' title='bbox 853 4365 1050 4433; x_wconf 88' lang='lat' dir='ltr'><strong>quibus</strong></span> <span class='ocrx_word' id='word_1_548' title='bbox 1079 4364 1240 4418; x_wconf 88' lang='lat' dir='ltr'><strong>etiam</strong></span> <span class='ocrx_word' id='word_1_549' title='bbox 1287 4364 1367 4418; x_wconf 90' lang='lat' dir='ltr'><strong>sie</strong></span> <span class='ocrx_word' id='word_1_550' title='bbox 1395 4364 1594 4417; x_wconf 88' lang='lat' dir='ltr'><strong>victum</strong></span> <span class='ocrx_word' id='word_1_551' title='bbox 1622 4363 1804 4431; x_wconf 73' lang='lat' dir='ltr'><strong>provi~</strong></span> 
     </span>
    </p>
   </div>
   <div class='ocr_carea' id='block_1_75' title="bbox 209 4455 1804 4526">
    <p class='ocr_par' dir='ltr' id='par_1_75' title="bbox 209 4455 1804 4526">
     <span class='ocr_line' id='line_1_75' title="bbox 209 4455 1804 4526; baseline -0.002 -14"><span class='ocrx_word' id='word_1_552' title='bbox 209 4459 321 4512; x_wconf 88' lang='lat' dir='ltr'><strong>dit.</strong></span> <span class='ocrx_word' id='word_1_553' title='bbox 355 4456 508 4512; x_wconf 79' lang='lat' dir='ltr'><strong>Unde</strong></span> <span class='ocrx_word' id='word_1_554' title='bbox 537 4459 717 4512; x_wconf 89' lang='lat' dir='ltr'><strong>subdit</strong></span> <span class='ocrx_word' id='word_1_555' title='bbox 747 4476 759 4510; x_wconf 91' lang='lat'><strong>:</strong></span> <span class='ocrx_word' id='word_1_556' title='bbox 790 4457 903 4526; x_wconf 85' lang='lat' dir='ltr'><strong>Ego</strong></span> <span class='ocrx_word' id='word_1_557' title='bbox 934 4456 1188 4509; x_wconf 83' lang='lat' dir='ltr'><strong>Dominus</strong></span> <span class='ocrx_word' id='word_1_558' title='bbox 1216 4455 1357 4508; x_wconf 83' lang='lat' dir='ltr'><strong>Deus</strong></span> <span class='ocrx_word' id='word_1_559' title='bbox 1383 4465 1564 4519; x_wconf 82' lang='lat' dir='ltr'><strong>vester,</strong></span> <span class='ocrx_word' id='word_1_560' title='bbox 1597 4455 1804 4509; x_wconf 85' lang='lat' dir='ltr'><strong>scilicet</strong></span> 
     </span>
    </p>
   </div>
   <div class='ocr_carea' id='block_1_76' title="bbox 208 4545 1800 4616">
    <p class='ocr_par' dir='ltr' id='par_1_76' title="bbox 208 4545 1800 4616">
     <span class='ocr_line' id='line_1_76' title="bbox 208 4545 1800 4616; baseline 0 -18"><span class='ocrx_word' id='word_1_561' title='bbox 208 4546 314 4615; x_wconf 88' lang='lat' dir='ltr'><strong>qui</strong></span> <span class='ocrx_word' id='word_1_562' title='bbox 345 4546 540 4600; x_wconf 86' lang='lat' dir='ltr'><strong>divites</strong></span> <span class='ocrx_word' id='word_1_563' title='bbox 567 4545 728 4613; x_wconf 81' lang='lat' dir='ltr'><strong>facio,</strong></span> <span class='ocrx_word' id='word_1_564' title='bbox 773 4546 860 4615; x_wconf 92' lang='lat' dir='ltr'><strong>qui</strong></span> <span class='ocrx_word' id='word_1_565' title='bbox 888 4561 984 4616; x_wconf 91' lang='lat' dir='ltr'><strong>pro</strong></span> <span class='ocrx_word' id='word_1_566' title='bbox 1012 4545 1164 4599; x_wconf 88' lang='lat' dir='ltr'><strong>vobis</strong></span> <span class='ocrx_word' id='word_1_567' title='bbox 1188 4547 1391 4614; x_wconf 80' lang='lat' dir='ltr'><strong>pauper</strong></span> <span class='ocrx_word' id='word_1_568' title='bbox 1425 4547 1517 4610; x_wconf 89' lang='lat' dir='ltr'><strong>ﬁo,</strong></span> <span class='ocrx_word' id='word_1_569' title='bbox 1547 4545 1638 4613; x_wconf 90' lang='lat' dir='ltr'><strong>qui</strong></span> <span class='ocrx_word' id='word_1_570' title='bbox 1677 4560 1800 4614; x_wconf 84' lang='lat' dir='ltr'><strong>pro-</strong></span> 
     </span>
    </p>
   </div>
   <div class='ocr_carea' id='block_1_77' title="bbox 206 4635 1799 4709">
    <p class='ocr_par' dir='ltr' id='par_1_77' title="bbox 206 4635 1799 4709">
     <span class='ocr_line' id='line_1_77' title="bbox 206 4635 1799 4709; baseline -0.003 -15"><span class='ocrx_word' id='word_1_571' title='bbox 206 4649 343 4709; x_wconf 86' lang='lat' dir='ltr'><strong>pter</strong></span> <span class='ocrx_word' id='word_1_572' title='bbox 384 4638 656 4693; x_wconf 89' lang='lat' dir='ltr'><strong>miseriam</strong></span> <span class='ocrx_word' id='word_1_573' title='bbox 696 4638 914 4708; x_wconf 89' lang='lat' dir='ltr'><strong>inopum</strong></span> <span class='ocrx_word' id='word_1_574' title='bbox 965 4645 1019 4691; x_wconf 90' lang='lat' dir='ltr'><strong>et</strong></span> <span class='ocrx_word' id='word_1_575' title='bbox 1049 4638 1308 4707; x_wconf 87' lang='lat' dir='ltr'><strong>gemitum</strong></span> <span class='ocrx_word' id='word_1_576' title='bbox 1345 4652 1640 4706; x_wconf 83' lang='lat' dir='ltr'><strong>pauperum</strong></span> <span class='ocrx_word' id='word_1_577' title='bbox 1699 4635 1799 4692; x_wconf 90' lang='lat' dir='ltr'><strong>ali-</strong></span> 
     </span>
    </p>
   </div>
   <div class='ocr_carea' id='block_1_78' title="bbox 208 4733 770 4804">
    <p class='ocr_par' dir='ltr' id='par_1_78' title="bbox 208 4733 770 4804">
     <span class='ocr_line' id='line_1_78' title="bbox 208 4733 770 4804; baseline 0.002 -18"><span class='ocrx_word' id='word_1_578' title='bbox 208 4733 440 4804; x_wconf 80' lang='lat' dir='ltr'><strong>quando</strong></span> <span class='ocrx_word' id='word_1_579' title='bbox 466 4745 770 4800; x_wconf 79' lang='lat' dir='ltr'><strong>exsurgam.</strong></span> 
     </span>
    </p>
   </div>
   <div class='ocr_carea' id='block_1_79' title="bbox 285 4824 1798 4895">
    <p class='ocr_par' dir='ltr' id='par_1_79' title="bbox 285 4824 1798 4895">
     <span class='ocr_line' id='line_1_79' title="bbox 285 4824 1798 4895; baseline -0.002 -14"><span class='ocrx_word' id='word_1_580' title='bbox 285 4827 428 4881; x_wconf 85' lang='lat' dir='ltr'><strong>Cum</strong></span> <span class='ocrx_word' id='word_1_581' title='bbox 455 4827 752 4889; x_wconf 85' lang='lat' dir='ltr'><strong>messueris,</strong></span> <span class='ocrx_word' id='word_1_582' title='bbox 780 4833 885 4880; x_wconf 90' lang='lat' dir='ltr'><strong>etc.</strong></span> <span class='ocrx_word' id='word_1_583' title='bbox 909 4825 1107 4895; x_wconf 87' lang='lat' dir='ltr'><strong>Aperte</strong></span> <span class='ocrx_word' id='word_1_584' title='bbox 1137 4825 1372 4880; x_wconf 87' lang='lat' dir='ltr'><strong>ostendit</strong></span> <span class='ocrx_word' id='word_1_585' title='bbox 1399 4824 1526 4893; x_wconf 86' lang='lat' dir='ltr'><strong>quia</strong></span> <span class='ocrx_word' id='word_1_586' title='bbox 1551 4824 1798 4878; x_wconf 91' lang='lat' dir='ltr'><strong>doctores</strong></span> 
     </span>
    </p>
   </div>
   <div class='ocr_carea' id='block_1_80' title="bbox 207 4915 1796 4988">
    <p class='ocr_par' dir='ltr' id='par_1_80' title="bbox 207 4915 1796 4988">
     <span class='ocr_line' id='line_1_80' title="bbox 207 4915 1796 4988; baseline -0.006 -14"><span class='ocrx_word' id='word_1_587' title='bbox 207 4917 526 4974; x_wconf 64' lang='lat' dir='ltr'><strong>Iudaeorum</strong></span> <span class='ocrx_word' id='word_1_588' title='bbox 556 4919 719 4972; x_wconf 87' lang='lat' dir='ltr'><strong>totius</strong></span> <span class='ocrx_word' id='word_1_589' title='bbox 739 4917 870 4988; x_wconf 87' lang='lat' dir='ltr'><strong>legis</strong></span> <span class='ocrx_word' id='word_1_590' title='bbox 893 4917 1391 4986; x_wconf 87' lang='lat' dir='ltr'><strong>interpretationem</strong></span> <span class='ocrx_word' id='word_1_591' title='bbox 1419 4931 1523 4969; x_wconf 90' lang='lat' dir='ltr'><strong>non</strong></span> <span class='ocrx_word' id='word_1_592' title='bbox 1556 4915 1796 4984; x_wconf 87' lang='lat' dir='ltr'><strong>capiunt,</strong></span> 
     </span>
    </p>
   </div>
   <div class='ocr_carea' id='block_1_81' title="bbox 207 5009 1801 5081">
    <p class='ocr_par' dir='ltr' id='par_1_81' title="bbox 207 5009 1801 5081">
     <span class='ocr_line' id='line_1_81' title="bbox 207 5009 1801 5081; baseline -0.006 -13"><span class='ocrx_word' id='word_1_593' title='bbox 207 5013 318 5068; x_wconf 82' lang='lat' dir='ltr'><strong>sed</strong></span> <span class='ocrx_word' id='word_1_594' title='bbox 342 5011 588 5081; x_wconf 68' lang='lat' dir='ltr'><strong>quaedam</strong></span> <span class='ocrx_word' id='word_1_595' title='bbox 618 5011 835 5080; x_wconf 83' lang='lat' dir='ltr'><strong>pauperi</strong></span> <span class='ocrx_word' id='word_1_596' title='bbox 859 5019 913 5064; x_wconf 88' lang='lat' dir='ltr'><strong>et</strong></span> <span class='ocrx_word' id='word_1_597' title='bbox 941 5009 1210 5080; x_wconf 86' lang='lat' dir='ltr'><strong>proselyto</strong></span> <span class='ocrx_word' id='word_1_598' title='bbox 1241 5009 1640 5077; x_wconf 88' lang='lat' dir='ltr'><strong>derelinquunt,</strong></span> <span class='ocrx_word' id='word_1_599' title='bbox 1674 5023 1801 5077; x_wconf 88' lang='lat' dir='ltr'><strong>gen-</strong></span> 
     </span>
    </p>
   </div>
   <div class='ocr_carea' id='block_1_82' title="bbox 210 5098 1798 5171">
    <p class='ocr_par' dir='ltr' id='par_1_82' title="bbox 210 5098 1798 5171">
     <span class='ocr_line' id='line_1_82' title="bbox 210 5098 1798 5171; baseline -0.005 -12"><span class='ocrx_word' id='word_1_600' title='bbox 210 5105 368 5159; x_wconf 85' lang='lat' dir='ltr'><strong>tibus</strong></span> <span class='ocrx_word' id='word_1_601' title='bbox 407 5101 632 5165; x_wconf 83' lang='lat' dir='ltr'><strong>scilicet,</strong></span> <span class='ocrx_word' id='word_1_602' title='bbox 673 5102 867 5171; x_wconf 89' lang='lat' dir='ltr'><strong>quibus</strong></span> <span class='ocrx_word' id='word_1_603' title='bbox 906 5101 1140 5155; x_wconf 90' lang='lat' dir='ltr'><strong>dicitur:</strong></span> <span class='ocrx_word' id='word_1_604' title='bbox 1192 5098 1342 5152; x_wconf 81' lang='lat' dir='ltr'><strong>Beati</strong></span> <span class='ocrx_word' id='word_1_605' title='bbox 1385 5114 1656 5168; x_wconf 85' lang='lat' dir='ltr'><strong>pauperes,</strong></span> <span class='ocrx_word' id='word_1_606' title='bbox 1693 5105 1798 5151; x_wconf 89' lang='lat' dir='ltr'><strong>etc.</strong></span> 
     </span>
    </p>
   </div>
   <div class='ocr_carea' id='block_1_83' title="bbox 209 5188 1798 5265">
    <p class='ocr_par' dir='ltr' id='par_1_83' title="bbox 209 5188 1798 5265">
     <span class='ocr_line' id='line_1_83' title="bbox 209 5188 1798 5265; baseline -0.001 -18"><span class='ocrx_word' id='word_1_607' title='bbox 209 5193 440 5265; x_wconf 79' lang='lat' dir='ltr'><strong>(Matth.</strong></span> <span class='ocrx_word' id='word_1_608' title='bbox 479 5192 556 5263; x_wconf 91' lang='lat' dir='ltr'><strong>v).</strong></span> <span class='ocrx_word' id='word_1_609' title='bbox 604 5192 705 5258; x_wconf 89' lang='lat' dir='ltr'><strong>Qui</strong></span> <span class='ocrx_word' id='word_1_610' title='bbox 746 5200 802 5246; x_wconf 88' lang='lat' dir='ltr'><strong>et</strong></span> <span class='ocrx_word' id='word_1_611' title='bbox 834 5191 1088 5262; x_wconf 86' lang='lat' dir='ltr'><strong>prosclyti</strong></span> <span class='ocrx_word' id='word_1_612' title='bbox 1133 5198 1276 5254; x_wconf 90' lang='lat' dir='ltr'><strong>sunt,</strong></span> <span class='ocrx_word' id='word_1_613' title='bbox 1327 5188 1454 5258; x_wconf 90' lang='lat' dir='ltr'><strong>quia</strong></span> <span class='ocrx_word' id='word_1_614' title='bbox 1497 5188 1798 5258; x_wconf 73' lang='lat' dir='ltr'><strong>cogitationi</strong></span> 
     </span>
    </p>
   </div>
   <div class='ocr_carea' id='block_1_84' title="bbox 208 5281 1792 5354">
    <p class='ocr_par' dir='ltr' id='par_1_84' title="bbox 208 5281 1792 5354">
     <span class='ocr_line' id='line_1_84' title="bbox 208 5281 1792 5354; baseline -0.004 -12"><span class='ocrx_word' id='word_1_615' title='bbox 208 5286 453 5342; x_wconf 71' lang='lat' dir='ltr'><strong>Abrahae</strong></span> <span class='ocrx_word' id='word_1_616' title='bbox 501 5299 560 5339; x_wconf 90' lang='lat' dir='ltr'><strong>se</strong></span> <span class='ocrx_word' id='word_1_617' title='bbox 586 5285 853 5353; x_wconf 84' lang='lat' dir='ltr'><strong>ingerunt.</strong></span> <span class='ocrx_word' id='word_1_618' title='bbox 902 5283 1053 5350; x_wconf 87' lang='lat' dir='ltr'><strong>Quod</strong></span> <span class='ocrx_word' id='word_1_619' title='bbox 1081 5299 1208 5354; x_wconf 90' lang='lat' dir='ltr'><strong>ergo</strong></span> <span class='ocrx_word' id='word_1_620' title='bbox 1235 5282 1434 5337; x_wconf 90' lang='lat' dir='ltr'><strong>dicitur</strong></span> <span class='ocrx_word' id='word_1_621' title='bbox 1465 5295 1479 5334; x_wconf 92' lang='lat'><strong>:</strong></span> <span class='ocrx_word' id='word_1_622' title='bbox 1508 5281 1630 5334; x_wconf 86' lang='lat' dir='ltr'><strong>Non</strong></span> <span class='ocrx_word' id='word_1_623' title='bbox 1666 5281 1792 5336; x_wconf 64' lang='lat' dir='ltr'><strong>oeci.</strong></span> 
     </span>
    </p>
   </div>
   <div class='ocr_carea' id='block_1_85' title="bbox 208 5371 1796 5442">
    <p class='ocr_par' dir='ltr' id='par_1_85' title="bbox 208 5371 1796 5442">
     <span class='ocr_line' id='line_1_85' title="bbox 208 5371 1796 5442; baseline -0.004 -10"><span class='ocrx_word' id='word_1_624' title='bbox 208 5378 333 5442; x_wconf 86' lang='lat' dir='ltr'><strong>des,</strong></span> <span class='ocrx_word' id='word_1_625' title='bbox 364 5374 490 5431; x_wconf 83' lang='lat' dir='ltr'><strong>Non</strong></span> <span class='ocrx_word' id='word_1_626' title='bbox 532 5375 886 5439; x_wconf 64' lang='lat' dir='ltr'><strong>mare/laberis,</strong></span> <span class='ocrx_word' id='word_1_627' title='bbox 926 5382 1132 5428; x_wconf 90' lang='lat' dir='ltr'><strong>metant</strong></span> <span class='ocrx_word' id='word_1_628' title='bbox 1168 5371 1471 5426; x_wconf 74' lang='lat' dir='ltr'><strong>Judaeorum</strong></span> <span class='ocrx_word' id='word_1_629' title='bbox 1512 5371 1796 5436; x_wconf 87' lang='lat' dir='ltr'><strong>doctores;</strong></span> 
     </span>
    </p>
   </div>
   <div class='ocr_carea' id='block_1_86' title="bbox 211 5462 1800 5539">
    <p class='ocr_par' dir='ltr' id='par_1_86' title="bbox 211 5462 1800 5539">
     <span class='ocr_line' id='line_1_86' title="bbox 211 5462 1800 5539; baseline -0.003 -17"><span class='ocrx_word' id='word_1_630' title='bbox 211 5483 343 5539; x_wconf 69' lang='lat' dir='ltr'><strong>qua:</strong></span> <span class='ocrx_word' id='word_1_631' title='bbox 370 5476 551 5522; x_wconf 90' lang='lat' dir='ltr'><strong>autem</strong></span> <span class='ocrx_word' id='word_1_632' title='bbox 576 5465 906 5535; x_wconf 86' lang='lat' dir='ltr'><strong>spiritualem</strong></span> <span class='ocrx_word' id='word_1_633' title='bbox 930 5465 1129 5519; x_wconf 90' lang='lat' dir='ltr'><strong>habent</strong></span> <span class='ocrx_word' id='word_1_634' title='bbox 1149 5463 1670 5534; x_wconf 89' lang='lat' dir='ltr'><strong>interpretationem,</strong></span> <span class='ocrx_word' id='word_1_635' title='bbox 1695 5462 1800 5518; x_wconf 90' lang='lat' dir='ltr'><strong>sic-</strong></span> 
     </span>
    </p>
   </div>
   <div class='ocr_carea' id='block_1_87' title="bbox 214 5555 1798 5623">
    <p class='ocr_par' dir='ltr' id='par_1_87' title="bbox 214 5555 1798 5623">
     <span class='ocr_line' id='line_1_87' title="bbox 214 5555 1798 5623; baseline -0.004 -8"><span class='ocrx_word' id='word_1_636' title='bbox 214 5568 284 5615; x_wconf 83' lang='lat' dir='ltr'><strong>ut</strong></span> <span class='ocrx_word' id='word_1_637' title='bbox 314 5559 756 5623; x_wconf 89' lang='lat' dir='ltr'><strong>emundationes,</strong></span> <span class='ocrx_word' id='word_1_638' title='bbox 799 5558 1058 5613; x_wconf 90' lang='lat' dir='ltr'><strong>sacriﬁcia</strong></span> <span class='ocrx_word' id='word_1_639' title='bbox 1113 5565 1168 5612; x_wconf 90' lang='lat' dir='ltr'><strong>et</strong></span> <span class='ocrx_word' id='word_1_640' title='bbox 1213 5557 1432 5622; x_wconf 88' lang='lat' dir='ltr'><strong>similia,</strong></span> <span class='ocrx_word' id='word_1_641' title='bbox 1481 5557 1675 5612; x_wconf 88' lang='lat' dir='ltr'><strong>cedant</strong></span> <span class='ocrx_word' id='word_1_642' title='bbox 1699 5555 1798 5609; x_wconf 86' lang='lat' dir='ltr'><strong>Ec-</strong></span> 
     </span>
    </p>
   </div>
   <div class='ocr_carea' id='block_1_88' title="bbox 213 5651 1795 5721">
    <p class='ocr_par' dir='ltr' id='par_1_88' title="bbox 213 5651 1795 5721">
     <span class='ocr_line' id='line_1_88' title="bbox 213 5651 1795 5721; baseline -0.003 -13"><span class='ocrx_word' id='word_1_643' title='bbox 213 5652 406 5708; x_wconf 79' lang='lat' dir='ltr'><strong>clesia:</strong></span> <span class='ocrx_word' id='word_1_644' title='bbox 434 5652 769 5717; x_wconf 89' lang='lat' dir='ltr'><strong>doctoribus,</strong></span> <span class='ocrx_word' id='word_1_645' title='bbox 803 5661 858 5706; x_wconf 92' lang='lat' dir='ltr'><strong>et</strong></span> <span class='ocrx_word' id='word_1_646' title='bbox 889 5667 1008 5721; x_wconf 82' lang='lat' dir='ltr'><strong>quae</strong></span> <span class='ocrx_word' id='word_1_647' title='bbox 1035 5651 1144 5706; x_wconf 90' lang='lat' dir='ltr'><strong>illis</strong></span> <span class='ocrx_word' id='word_1_648' title='bbox 1174 5651 1500 5708; x_wconf 88' lang='lat' dir='ltr'><strong>metentibus</strong></span> <span class='ocrx_word' id='word_1_649' title='bbox 1523 5651 1795 5713; x_wconf 79' lang='lat' dir='ltr'><strong>decidunt,</strong></span> 
     </span>
    </p>
   </div>
   <div class='ocr_carea' id='block_1_89' title="bbox 219 5744 1147 5827">
    <p class='ocr_par' dir='ltr' id='par_1_89' title="bbox 219 5744 1147 5827">
     <span class='ocr_line' id='line_1_89' title="bbox 219 5744 1147 5827; baseline -0.005 -25"><span class='ocrx_word' id='word_1_650' title='bbox 219 5747 279 5812; x_wconf 79' lang='lat' dir='ltr'><strong>id</strong></span> <span class='ocrx_word' id='word_1_651' title='bbox 305 5756 388 5801; x_wconf 88' lang='lat' dir='ltr'><strong>est</strong></span> <span class='ocrx_word' id='word_1_652' title='bbox 421 5763 540 5827; x_wconf 71' lang='lat' dir='ltr'><strong>quae</strong></span> <span class='ocrx_word' id='word_1_653' title='bbox 571 5746 670 5818; x_wconf 91' lang='lat' dir='ltr'><strong>ipsi</strong></span> <span class='ocrx_word' id='word_1_654' title='bbox 701 5762 804 5801; x_wconf 92' lang='lat' dir='ltr'><strong>non</strong></span> <span class='ocrx_word' id='word_1_655' title='bbox 831 5744 1147 5813; x_wconf 87' lang='lat' dir='ltr'><strong>intelligunt.</strong></span> 
     </span>
    </p>
   </div>
   <div class='ocr_carea' id='block_1_90' title="bbox 1905 3272 3488 3346">
    <p class='ocr_par' dir='ltr' id='par_1_90' title="bbox 1905 3272 3488 3346">
     <span class='ocr_line' id='line_1_90' title="bbox 1905 3272 3488 3346; baseline 0 -19"><span class='ocrx_word' id='word_1_656' title='bbox 1905 3273 2055 3328; x_wconf 88' lang='lat' dir='ltr'><strong>nium</strong></span> <span class='ocrx_word' id='word_1_657' title='bbox 2079 3289 2203 3328; x_wconf 90' lang='lat' dir='ltr'><strong>reus</strong></span> <span class='ocrx_word' id='word_1_658' title='bbox 2226 3281 2308 3328; x_wconf 87' lang='lat' dir='ltr'><strong>est</strong></span> <span class='ocrx_word' id='word_1_659' title='bbox 2353 3272 2494 3346; x_wconf 81' lang='lat' dir='ltr'><strong>(Jac.</strong></span> <span class='ocrx_word' id='word_1_660' title='bbox 2521 3276 2607 3345; x_wconf 69' lang='lat' dir='ltr'><strong>It).</strong></span> <span class='ocrx_word' id='word_1_661' title='bbox 2655 3274 2780 3328; x_wconf 86' lang='lat' dir='ltr'><strong>Ideo</strong></span> <span class='ocrx_word' id='word_1_662' title='bbox 2811 3274 2917 3327; x_wconf 88' lang='lat' dir='ltr'><strong>vim</strong></span> <span class='ocrx_word' id='word_1_663' title='bbox 2955 3274 3238 3328; x_wconf 66' lang='lat' dir='ltr'><strong>calumnia“:</strong></span> <span class='ocrx_word' id='word_1_664' title='bbox 3269 3272 3488 3342; x_wconf 90' lang='lat' dir='ltr'><strong>conjun-</strong></span> 
     </span>
    </p>
   </div>
   <div class='ocr_carea' id='block_1_91' title="bbox 1905 3363 3471 3434">
    <p class='ocr_par' dir='ltr' id='par_1_91' title="bbox 1905 3363 3471 3434">
     <span class='ocr_line' id='line_1_91' title="bbox 1905 3363 3471 3434; baseline 0 -16"><span class='ocrx_word' id='word_1_665' title='bbox 1905 3366 2000 3433; x_wconf 89' lang='lat' dir='ltr'><strong>git.</strong></span> <span class='ocrx_word' id='word_1_666' title='bbox 2047 3364 2155 3419; x_wconf 89' lang='lat' dir='ltr'><strong>Nec</strong></span> <span class='ocrx_word' id='word_1_667' title='bbox 2184 3364 2362 3420; x_wconf 76' lang='lat' dir='ltr'><strong>differt</strong></span> <span class='ocrx_word' id='word_1_668' title='bbox 2398 3365 2665 3434; x_wconf 90' lang='lat' dir='ltr'><strong>quomodo</strong></span> <span class='ocrx_word' id='word_1_669' title='bbox 2695 3365 2814 3432; x_wconf 90' lang='lat' dir='ltr'><strong>quis</strong></span> <span class='ocrx_word' id='word_1_670' title='bbox 2844 3379 2930 3418; x_wconf 92' lang='lat' dir='ltr'><strong>res</strong></span> <span class='ocrx_word' id='word_1_671' title='bbox 2963 3379 3088 3418; x_wconf 89' lang='lat' dir='ltr'><strong>suas</strong></span> <span class='ocrx_word' id='word_1_672' title='bbox 3122 3363 3334 3432; x_wconf 87' lang='lat' dir='ltr'><strong>perdat,</strong></span> <span class='ocrx_word' id='word_1_673' title='bbox 3385 3365 3471 3418; x_wconf 88' lang='lat' dir='ltr'><strong>vel</strong></span> 
     </span>
    </p>
   </div>
   <div class='ocr_carea' id='block_1_92' title="bbox 1903 3454 3236 3526">
    <p class='ocr_par' dir='ltr' id='par_1_92' title="bbox 1903 3454 3236 3526">
     <span class='ocr_line' id='line_1_92' title="bbox 1903 3454 3236 3526; baseline -0.002 -17"><span class='ocrx_word' id='word_1_674' title='bbox 1903 3455 2112 3520; x_wconf 84' lang='lat' dir='ltr'><strong>fraude,</strong></span> <span class='ocrx_word' id='word_1_675' title='bbox 2149 3456 2230 3510; x_wconf 89' lang='lat' dir='ltr'><strong>vel</strong></span> <span class='ocrx_word' id='word_1_676' title='bbox 2266 3457 2524 3526; x_wconf 89' lang='lat' dir='ltr'><strong>potentia,</strong></span> <span class='ocrx_word' id='word_1_677' title='bbox 2553 3455 2636 3508; x_wconf 85' lang='lat' dir='ltr'><strong>vel</strong></span> <span class='ocrx_word' id='word_1_678' title='bbox 2661 3454 2898 3524; x_wconf 88' lang='lat' dir='ltr'><strong>quolibet</strong></span> <span class='ocrx_word' id='word_1_679' title='bbox 2935 3454 3039 3508; x_wconf 93' lang='lat' dir='ltr'><strong>alio</strong></span> <span class='ocrx_word' id='word_1_680' title='bbox 3063 3454 3236 3508; x_wconf 86' lang='lat' dir='ltr'><strong>modo.</strong></span> 
     </span>
    </p>
   </div>
   <div class='ocr_carea' id='block_1_93' title="bbox 1977 3541 3486 3612">
    <p class='ocr_par' dir='ltr' id='par_1_93' title="bbox 1977 3541 3486 3612">
     <span class='ocr_line' id='line_1_93' title="bbox 1977 3541 3486 3612; baseline -0.001 -14"><span class='ocrx_word' id='word_1_681' title='bbox 1977 3546 2099 3600; x_wconf 86' lang='lat' dir='ltr'><strong>Non</strong></span> <span class='ocrx_word' id='word_1_682' title='bbox 2130 3547 2439 3610; x_wconf 85' lang='lat' dir='ltr'><strong>morabitur,</strong></span> <span class='ocrx_word' id='word_1_683' title='bbox 2469 3555 2572 3600; x_wconf 90' lang='lat' dir='ltr'><strong>etc.</strong></span> <span class='ocrx_word' id='word_1_684' title='bbox 2627 3544 2851 3607; x_wconf 84' lang='lat' dir='ltr'><strong>Merces,</strong></span> <span class='ocrx_word' id='word_1_685' title='bbox 2886 3543 3094 3598; x_wconf 88' lang='lat' dir='ltr'><strong>scilicet</strong></span> <span class='ocrx_word' id='word_1_686' title='bbox 3122 3558 3228 3612; x_wconf 91' lang='lat' dir='ltr'><strong>qua</strong></span> <span class='ocrx_word' id='word_1_687' title='bbox 3259 3541 3486 3596; x_wconf 86' lang='lat' dir='ltr'><strong>forsitan</strong></span> 
     </span>
    </p>
   </div>
   <div class='ocr_carea' id='block_1_94' title="bbox 1905 3633 3482 3705">
    <p class='ocr_par' dir='ltr' id='par_1_94' title="bbox 1905 3633 3482 3705">
     <span class='ocr_line' id='line_1_94' title="bbox 1905 3633 3482 3705; baseline -0.003 -15"><span class='ocrx_word' id='word_1_688' title='bbox 1905 3638 2036 3690; x_wconf 90' lang='lat' dir='ltr'><strong>vivit</strong></span> <span class='ocrx_word' id='word_1_689' title='bbox 2065 3653 2184 3691; x_wconf 91' lang='lat' dir='ltr'><strong>cum</strong></span> <span class='ocrx_word' id='word_1_690' title='bbox 2215 3652 2380 3691; x_wconf 82' lang='lat' dir='ltr'><strong>uxore</strong></span> <span class='ocrx_word' id='word_1_691' title='bbox 2412 3645 2468 3690; x_wconf 91' lang='lat' dir='ltr'><strong>ct</strong></span> <span class='ocrx_word' id='word_1_692' title='bbox 2496 3636 2620 3690; x_wconf 90' lang='lat' dir='ltr'><strong>ﬁliis</strong></span> <span class='ocrx_word' id='word_1_693' title='bbox 2645 3644 2701 3690; x_wconf 92' lang='lat' dir='ltr'><strong>et</strong></span> <span class='ocrx_word' id='word_1_694' title='bbox 2735 3635 3067 3705; x_wconf 86' lang='lat' dir='ltr'><strong>parentibus.</strong></span> <span class='ocrx_word' id='word_1_695' title='bbox 3123 3633 3181 3688; x_wconf 91' lang='lat' dir='ltr'><strong>Si</strong></span> <span class='ocrx_word' id='word_1_696' title='bbox 3212 3633 3482 3699; x_wconf 74' lang='lat' dir='ltr'><strong>differtur,</strong></span> 
     </span>
    </p>
   </div>
   <div class='ocr_carea' id='block_1_95' title="bbox 1906 3725 3480 3796">
    <p class='ocr_par' dir='ltr' id='par_1_95' title="bbox 1906 3725 3480 3796">
     <span class='ocr_line' id='line_1_95' title="bbox 1906 3725 3480 3796; baseline -0.003 -12"><span class='ocrx_word' id='word_1_697' title='bbox 1906 3729 2087 3784; x_wconf 89' lang='lat' dir='ltr'><strong>deﬁcit</strong></span> <span class='ocrx_word' id='word_1_698' title='bbox 2117 3729 2333 3789; x_wconf 86' lang='lat' dir='ltr'><strong>victus;</strong></span> <span class='ocrx_word' id='word_1_699' title='bbox 2377 3728 2590 3782; x_wconf 90' lang='lat' dir='ltr'><strong>etiamsi</strong></span> <span class='ocrx_word' id='word_1_700' title='bbox 2629 3729 2682 3782; x_wconf 94' lang='lat' dir='ltr'><strong>in</strong></span> <span class='ocrx_word' id='word_1_701' title='bbox 2707 3727 2942 3781; x_wconf 91' lang='lat' dir='ltr'><strong>crastino</strong></span> <span class='ocrx_word' id='word_1_702' title='bbox 2984 3725 3230 3796; x_wconf 87' lang='lat' dir='ltr'><strong>recipiat,</strong></span> <span class='ocrx_word' id='word_1_703' title='bbox 3287 3727 3396 3779; x_wconf 90' lang='lat' dir='ltr'><strong>vim</strong></span> <span class='ocrx_word' id='word_1_704' title='bbox 3423 3734 3480 3780; x_wconf 91' lang='lat' dir='ltr'><strong>et</strong></span> 
     </span>
    </p>
   </div>
   <div class='ocr_carea' id='block_1_96' title="bbox 1904 3819 3484 3892">
    <p class='ocr_par' dir='ltr' id='par_1_96' title="bbox 1904 3819 3484 3892">
     <span class='ocr_line' id='line_1_96' title="bbox 1904 3819 3484 3892; baseline -0.003 -16"><span class='ocrx_word' id='word_1_705' title='bbox 1904 3823 2229 3876; x_wconf 89' lang='lat' dir='ltr'><strong>calumniam</strong></span> <span class='ocrx_word' id='word_1_706' title='bbox 2255 3821 2497 3892; x_wconf 91' lang='lat' dir='ltr'><strong>pertulit,</strong></span> <span class='ocrx_word' id='word_1_707' title='bbox 2539 3821 2665 3890; x_wconf 89' lang='lat' dir='ltr'><strong>quia</strong></span> <span class='ocrx_word' id='word_1_708' title='bbox 2694 3820 2913 3874; x_wconf 90' lang='lat' dir='ltr'><strong>interim</strong></span> <span class='ocrx_word' id='word_1_709' title='bbox 2943 3819 3086 3873; x_wconf 91' lang='lat' dir='ltr'><strong>unde</strong></span> <span class='ocrx_word' id='word_1_710' title='bbox 3121 3819 3329 3873; x_wconf 87' lang='lat' dir='ltr'><strong>viveret</strong></span> <span class='ocrx_word' id='word_1_711' title='bbox 3374 3833 3484 3873; x_wconf 91' lang='lat' dir='ltr'><strong>non</strong></span> 
     </span>
    </p>
   </div>
   <div class='ocr_carea' id='block_1_97' title="bbox 1905 3912 2110 3966">
    <p class='ocr_par' dir='ltr' id='par_1_97' title="bbox 1905 3912 2110 3966">
     <span class='ocr_line' id='line_1_97' title="bbox 1905 3912 2110 3966; baseline -0.01 0"><span class='ocrx_word' id='word_1_712' title='bbox 1905 3912 2110 3966; x_wconf 83' lang='lat' dir='ltr'><strong>habuit.</strong></span> 
     </span>
    </p>
   </div>
   <div class='ocr_carea' id='block_1_98' title="bbox 1978 4003 3484 4076">
    <p class='ocr_par' dir='ltr' id='par_1_98' title="bbox 1978 4003 3484 4076">
     <span class='ocr_line' id='line_1_98' title="bbox 1978 4003 3484 4076; baseline -0.002 -17"><span class='ocrx_word' id='word_1_713' title='bbox 1978 4005 2120 4076; x_wconf 82' lang='lat' dir='ltr'><strong>Opus</strong></span> <span class='ocrx_word' id='word_1_714' title='bbox 2148 4006 2476 4068; x_wconf 82' lang='lat' dir='ltr'><strong>mercenarii,</strong></span> <span class='ocrx_word' id='word_1_715' title='bbox 2501 4013 2604 4059; x_wconf 89' lang='lat' dir='ltr'><strong>etc.</strong></span> <span class='ocrx_word' id='word_1_716' title='bbox 2652 4003 2856 4058; x_wconf 88' lang='lat' dir='ltr'><strong>Merces</strong></span> <span class='ocrx_word' id='word_1_717' title='bbox 2879 4003 3246 4073; x_wconf 79' lang='lat' dir='ltr'><strong>przedicatoris</strong></span> <span class='ocrx_word' id='word_1_718' title='bbox 3271 4017 3338 4057; x_wconf 78' lang='lat' dir='ltr'><strong>ex</strong></span> <span class='ocrx_word' id='word_1_719' title='bbox 3364 4017 3484 4057; x_wconf 90' lang='lat' dir='ltr'><strong>ver-</strong></span> 
     </span>
    </p>
   </div>
   <div class='ocr_carea' id='block_1_99' title="bbox 1904 4093 3485 4166">
    <p class='ocr_par' dir='ltr' id='par_1_99' title="bbox 1904 4093 3485 4166">
     <span class='ocr_line' id='line_1_99' title="bbox 1904 4093 3485 4166; baseline -0.001 -16"><span class='ocrx_word' id='word_1_720' title='bbox 1904 4095 1973 4150; x_wconf 90' lang='lat' dir='ltr'><strong>bo</strong></span> <span class='ocrx_word' id='word_1_721' title='bbox 2009 4106 2090 4151; x_wconf 91' lang='lat' dir='ltr'><strong>est</strong></span> <span class='ocrx_word' id='word_1_722' title='bbox 2114 4097 2513 4166; x_wconf 71' lang='lat' dir='ltr'><strong>praedicationis</strong></span> <span class='ocrx_word' id='word_1_723' title='bbox 2543 4115 2554 4148; x_wconf 92' lang='lat'><strong>:</strong></span> <span class='ocrx_word' id='word_1_724' title='bbox 2591 4095 2734 4165; x_wconf 86' lang='lat' dir='ltr'><strong>quod</strong></span> <span class='ocrx_word' id='word_1_725' title='bbox 2763 4109 2868 4149; x_wconf 90' lang='lat' dir='ltr'><strong>non</strong></span> <span class='ocrx_word' id='word_1_726' title='bbox 2900 4094 3058 4148; x_wconf 88' lang='lat' dir='ltr'><strong>debet</strong></span> <span class='ocrx_word' id='word_1_727' title='bbox 3079 4093 3218 4163; x_wconf 93' lang='lat' dir='ltr'><strong>apud</strong></span> <span class='ocrx_word' id='word_1_728' title='bbox 3249 4110 3346 4148; x_wconf 91' lang='lat' dir='ltr'><strong>nos</strong></span> <span class='ocrx_word' id='word_1_729' title='bbox 3367 4109 3485 4149; x_wconf 92' lang='lat' dir='ltr'><strong>mo-</strong></span> 
     </span>
    </p>
   </div>
   <div class='ocr_carea' id='block_1_100' title="bbox 1905 4183 3484 4252">
    <p class='ocr_par' dir='ltr' id='par_1_100' title="bbox 1905 4183 3484 4252">
     <span class='ocr_line' id='line_1_100' title="bbox 1905 4183 3484 4252; baseline -0.001 -13"><span class='ocrx_word' id='word_1_730' title='bbox 1905 4186 2039 4251; x_wconf 86' lang='lat' dir='ltr'><strong>rari,</strong></span> <span class='ocrx_word' id='word_1_731' title='bbox 2097 4186 2147 4239; x_wconf 90' lang='lat' dir='ltr'><strong>id</strong></span> <span class='ocrx_word' id='word_1_732' title='bbox 2195 4196 2280 4240; x_wconf 92' lang='lat' dir='ltr'><strong>est</strong></span> <span class='ocrx_word' id='word_1_733' title='bbox 2323 4186 2555 4240; x_wconf 90' lang='lat' dir='ltr'><strong>otiosum</strong></span> <span class='ocrx_word' id='word_1_734' title='bbox 2589 4200 2732 4249; x_wconf 91' lang='lat' dir='ltr'><strong>esse,</strong></span> <span class='ocrx_word' id='word_1_735' title='bbox 2793 4199 2964 4252; x_wconf 92' lang='lat' dir='ltr'><strong>usque</strong></span> <span class='ocrx_word' id='word_1_736' title='bbox 3006 4199 3185 4248; x_wconf 91' lang='lat' dir='ltr'><strong>mane,</strong></span> <span class='ocrx_word' id='word_1_737' title='bbox 3247 4183 3300 4236; x_wconf 91' lang='lat' dir='ltr'><strong>in</strong></span> <span class='ocrx_word' id='word_1_738' title='bbox 3333 4183 3484 4238; x_wconf 65' lang='lat' dir='ltr'><strong>futu-</strong></span> 
     </span>
    </p>
   </div>
   <div class='ocr_carea' id='block_1_101' title="bbox 1906 4271 3474 4342">
    <p class='ocr_par' dir='ltr' id='par_1_101' title="bbox 1906 4271 3474 4342">
     <span class='ocr_line' id='line_1_101' title="bbox 1906 4271 3474 4342; baseline -0.004 -13"><span class='ocrx_word' id='word_1_739' title='bbox 1906 4292 2026 4330; x_wconf 89' lang='lat' dir='ltr'><strong>rum</strong></span> <span class='ocrx_word' id='word_1_740' title='bbox 2099 4275 2304 4331; x_wconf 86' lang='lat' dir='ltr'><strong>scilicet</strong></span> <span class='ocrx_word' id='word_1_741' title='bbox 2355 4273 2627 4336; x_wconf 62' lang='lat' dir='ltr'><strong>saeculum,</strong></span> <span class='ocrx_word' id='word_1_742' title='bbox 2693 4274 2783 4342; x_wconf 91' lang='lat' dir='ltr'><strong>qui</strong></span> <span class='ocrx_word' id='word_1_743' title='bbox 2833 4272 2957 4327; x_wconf 89' lang='lat' dir='ltr'><strong>huic</strong></span> <span class='ocrx_word' id='word_1_744' title='bbox 3004 4271 3148 4325; x_wconf 90' lang='lat' dir='ltr'><strong>nocti</strong></span> <span class='ocrx_word' id='word_1_745' title='bbox 3209 4271 3474 4334; x_wconf 88' lang='lat' dir='ltr'><strong>succedit,</strong></span> 
     </span>
    </p>
   </div>
   <div class='ocr_carea' id='block_1_102' title="bbox 1904 4359 3480 4435">
    <p class='ocr_par' dir='ltr' id='par_1_102' title="bbox 1904 4359 3480 4435">
     <span class='ocr_line' id='line_1_102' title="bbox 1904 4359 3480 4435; baseline -0.006 -14"><span class='ocrx_word' id='word_1_746' title='bbox 1904 4368 1958 4422; x_wconf 92' lang='lat' dir='ltr'><strong>in</strong></span> <span class='ocrx_word' id='word_1_747' title='bbox 1997 4381 2104 4435; x_wconf 93' lang='lat' dir='ltr'><strong>quo</strong></span> <span class='ocrx_word' id='word_1_748' title='bbox 2140 4378 2224 4420; x_wconf 91' lang='lat' dir='ltr'><strong>est</strong></span> <span class='ocrx_word' id='word_1_749' title='bbox 2256 4366 2346 4420; x_wconf 83' lang='lat' dir='ltr'><strong>lux</strong></span> <span class='ocrx_word' id='word_1_750' title='bbox 2396 4363 2864 4433; x_wconf 75' lang='lat' dir='ltr'><strong>iuexstinguibilis.</strong></span> <span class='ocrx_word' id='word_1_751' title='bbox 2932 4361 3009 4414; x_wconf 84' lang='lat' dir='ltr'><strong>Ex</strong></span> <span class='ocrx_word' id='word_1_752' title='bbox 3041 4367 3304 4429; x_wconf 88' lang='lat' dir='ltr'><strong>proventu</strong></span> <span class='ocrx_word' id='word_1_753' title='bbox 3333 4359 3480 4413; x_wconf 87' lang='lat' dir='ltr'><strong>enim</strong></span> 
     </span>
    </p>
   </div>
   <div class='ocr_carea' id='block_1_103' title="bbox 1905 4453 2910 4528">
    <p class='ocr_par' dir='ltr' id='par_1_103' title="bbox 1905 4453 2910 4528">
     <span class='ocr_line' id='line_1_103' title="bbox 1905 4453 2910 4528; baseline -0.009 -15"><span class='ocrx_word' id='word_1_754' title='bbox 1905 4457 2150 4528; x_wconf 88' lang='lat' dir='ltr'><strong>discipuli</strong></span> <span class='ocrx_word' id='word_1_755' title='bbox 2184 4457 2383 4511; x_wconf 89' lang='lat' dir='ltr'><strong>crescit</strong></span> <span class='ocrx_word' id='word_1_756' title='bbox 2413 4469 2623 4509; x_wconf 87' lang='lat' dir='ltr'><strong>merces</strong></span> <span class='ocrx_word' id='word_1_757' title='bbox 2645 4453 2910 4522; x_wconf 80' lang='lat' dir='ltr'><strong>magistri.</strong></span> 
     </span>
    </p>
   </div>
   <div class='ocr_carea' id='block_1_104' title="bbox 1977 4537 3484 4601">
    <p class='ocr_par' dir='ltr' id='par_1_104' title="bbox 1977 4537 3484 4601">
     <span class='ocr_line' id='line_1_104' title="bbox 1977 4537 3484 4601; baseline -0.005 -1"><span class='ocrx_word' id='word_1_758' title='bbox 1977 4548 2141 4601; x_wconf 76' lang='lat' dir='ltr'><strong>Vens.</strong></span> <span class='ocrx_word' id='word_1_759' title='bbox 2176 4546 2261 4599; x_wconf 79' lang='lat' dir='ltr'><strong>M.</strong></span> <span class='ocrx_word' id='word_1_760' title='bbox 2293 4575 2364 4584; x_wconf 93' lang='lat'><strong>—</strong></span> <span class='ocrx_word' id='word_1_761' title='bbox 2400 4544 2523 4598; x_wconf 87' lang='lat' dir='ltr'><strong>Non</strong></span> <span class='ocrx_word' id='word_1_762' title='bbox 2558 4541 2836 4596; x_wconf 85' lang='lat' dir='ltr'><strong>maledices</strong></span> <span class='ocrx_word' id='word_1_763' title='bbox 2875 4539 3055 4594; x_wconf 86' lang='lat' dir='ltr'><strong>surdo.</strong></span> <span class='ocrx_word' id='word_1_764' title='bbox 3097 4538 3274 4594; x_wconf 88' lang='lat' dir='ltr'><strong>Surdo</strong></span> <span class='ocrx_word' id='word_1_765' title='bbox 3315 4537 3484 4592; x_wconf 88' lang='lat' dir='ltr'><strong>male-</strong></span> 
     </span>
    </p>
   </div>
   <div class='ocr_carea' id='block_1_105' title="bbox 1907 4630 3482 4703">
    <p class='ocr_par' dir='ltr' id='par_1_105' title="bbox 1907 4630 3482 4703">
     <span class='ocr_line' id='line_1_105' title="bbox 1907 4630 3482 4703; baseline -0.005 -8"><span class='ocrx_word' id='word_1_766' title='bbox 1907 4641 2088 4695; x_wconf 89' lang='lat' dir='ltr'><strong>dicere</strong></span> <span class='ocrx_word' id='word_1_767' title='bbox 2115 4647 2196 4693; x_wconf 91' lang='lat' dir='ltr'><strong>est</strong></span> <span class='ocrx_word' id='word_1_768' title='bbox 2226 4637 2434 4692; x_wconf 85' lang='lat' dir='ltr'><strong>absenti</strong></span> <span class='ocrx_word' id='word_1_769' title='bbox 2482 4643 2536 4690; x_wconf 91' lang='lat' dir='ltr'><strong>et</strong></span> <span class='ocrx_word' id='word_1_770' title='bbox 2561 4650 2666 4688; x_wconf 91' lang='lat' dir='ltr'><strong>nou</strong></span> <span class='ocrx_word' id='word_1_771' title='bbox 2693 4633 2931 4688; x_wconf 90' lang='lat' dir='ltr'><strong>audienti</strong></span> <span class='ocrx_word' id='word_1_772' title='bbox 2958 4633 3237 4703; x_wconf 85' lang='lat' dir='ltr'><strong>derogare.</strong></span> <span class='ocrx_word' id='word_1_773' title='bbox 3283 4630 3482 4687; x_wconf 90' lang='lat' dir='ltr'><strong>Coram</strong></span> 
     </span>
    </p>
   </div>
   <div class='ocr_carea' id='block_1_106' title="bbox 1907 4725 3478 4796">
    <p class='ocr_par' dir='ltr' id='par_1_106' title="bbox 1907 4725 3478 4796">
     <span class='ocr_line' id='line_1_106' title="bbox 1907 4725 3478 4796; baseline -0.007 -8"><span class='ocrx_word' id='word_1_774' title='bbox 1907 4747 2050 4788; x_wconf 63' lang='lat' dir='ltr'><strong>caeco</strong></span> <span class='ocrx_word' id='word_1_775' title='bbox 2090 4729 2468 4785; x_wconf 81' lang='lat' dir='ltr'><strong>offendiculum</strong></span> <span class='ocrx_word' id='word_1_776' title='bbox 2517 4741 2740 4796; x_wconf 90' lang='lat' dir='ltr'><strong>ponere,</strong></span> <span class='ocrx_word' id='word_1_777' title='bbox 2799 4734 2884 4781; x_wconf 91' lang='lat' dir='ltr'><strong>est</strong></span> <span class='ocrx_word' id='word_1_778' title='bbox 2928 4726 3222 4780; x_wconf 92' lang='lat' dir='ltr'><strong>discretam</strong></span> <span class='ocrx_word' id='word_1_779' title='bbox 3257 4725 3478 4795; x_wconf 87' lang='lat' dir='ltr'><strong>quidem</strong></span> 
     </span>
    </p>
   </div>
   <div class='ocr_carea' id='block_1_107' title="bbox 1906 4813 3478 4891">
    <p class='ocr_par' dir='ltr' id='par_1_107' title="bbox 1906 4813 3478 4891">
     <span class='ocr_line' id='line_1_107' title="bbox 1906 4813 3478 4891; baseline -0.008 -14"><span class='ocrx_word' id='word_1_780' title='bbox 1906 4838 2022 4878; x_wconf 88' lang='lat' dir='ltr'><strong>rem</strong></span> <span class='ocrx_word' id='word_1_781' title='bbox 2050 4837 2230 4891; x_wconf 87' lang='lat' dir='ltr'><strong>agere,</strong></span> <span class='ocrx_word' id='word_1_782' title='bbox 2277 4819 2370 4873; x_wconf 91' lang='lat' dir='ltr'><strong>sed</strong></span> <span class='ocrx_word' id='word_1_783' title='bbox 2406 4817 2454 4871; x_wconf 91' lang='lat' dir='ltr'><strong>ei</strong></span> <span class='ocrx_word' id='word_1_784' title='bbox 2476 4817 2568 4886; x_wconf 93' lang='lat' dir='ltr'><strong>qui</strong></span> <span class='ocrx_word' id='word_1_785' title='bbox 2592 4816 2772 4870; x_wconf 90' lang='lat' dir='ltr'><strong>lumen</strong></span> <span class='ocrx_word' id='word_1_786' title='bbox 2794 4815 3134 4870; x_wconf 89' lang='lat' dir='ltr'><strong>discretionis</strong></span> <span class='ocrx_word' id='word_1_787' title='bbox 3159 4829 3268 4869; x_wconf 87' lang='lat' dir='ltr'><strong>non</strong></span> <span class='ocrx_word' id='word_1_788' title='bbox 3289 4813 3478 4876; x_wconf 85' lang='lat' dir='ltr'><strong>habet,</strong></span> 
     </span>
    </p>
   </div>
   <div class='ocr_carea' id='block_1_108' title="bbox 1909 4904 2802 4974">
    <p class='ocr_par' dir='ltr' id='par_1_108' title="bbox 1909 4904 2802 4974">
     <span class='ocr_line' id='line_1_108' title="bbox 1909 4904 2802 4974; baseline -0.012 -6"><span class='ocrx_word' id='word_1_789' title='bbox 1909 4909 2144 4968; x_wconf 82' lang='lat' dir='ltr'><strong>scandali</strong></span> <span class='ocrx_word' id='word_1_790' title='bbox 2177 4907 2515 4962; x_wconf 89' lang='lat' dir='ltr'><strong>occasionem</strong></span> <span class='ocrx_word' id='word_1_791' title='bbox 2544 4904 2802 4974; x_wconf 69' lang='lat' dir='ltr'><strong>praebere.</strong></span> 
     </span>
    </p>
   </div>
   <div class='ocr_carea' id='block_1_109' title="bbox 1975 4994 3480 5066">
    <p class='ocr_par' dir='ltr' id='par_1_109' title="bbox 1975 4994 3480 5066">
     <span class='ocr_line' id='line_1_109' title="bbox 1975 4994 3480 5066; baseline -0.007 -9"><span class='ocrx_word' id='word_1_792' title='bbox 1975 5002 2139 5058; x_wconf 69' lang='lat' dir='ltr'><strong>Vsus.</strong></span> <span class='ocrx_word' id='word_1_793' title='bbox 2170 4999 2256 5052; x_wconf 83' lang='grc'><strong>15.</strong></span> <span class='ocrx_word' id='word_1_794' title='bbox 2287 5028 2357 5037; x_wconf 91' lang='grc'><strong><em>-</em></strong></span> <span class='ocrx_word' id='word_1_795' title='bbox 2385 4996 2507 5050; x_wconf 86' lang='lat' dir='ltr'><strong>Non</strong></span> <span class='ocrx_word' id='word_1_796' title='bbox 2533 4997 2714 5066; x_wconf 81' lang='lat' dir='ltr'><strong>facies,</strong></span> <span class='ocrx_word' id='word_1_797' title='bbox 2745 5004 2849 5051; x_wconf 89' lang='lat' dir='ltr'><strong>etc.</strong></span> <span class='ocrx_word' id='word_1_798' title='bbox 2883 4994 3084 5066; x_wconf 76' lang='lat' dir='ltr'><strong>(lsmu).</strong></span> <span class='ocrx_word' id='word_1_799' title='bbox 3112 4994 3388 5048; x_wconf 89' lang='lat' dir='ltr'><strong>Summam</strong></span> <span class='ocrx_word' id='word_1_800' title='bbox 3423 4996 3480 5046; x_wconf 81' lang='lat' dir='ltr'><strong>et</strong></span> 
     </span>
    </p>
   </div>
   <div class='ocr_carea' id='block_1_110' title="bbox 1903 5086 3479 5167">
    <p class='ocr_par' dir='ltr' id='par_1_110' title="bbox 1903 5086 3479 5167">
     <span class='ocr_line' id='line_1_110' title="bbox 1903 5086 3479 5167; baseline -0.009 -16"><span class='ocrx_word' id='word_1_801' title='bbox 1903 5095 2194 5167; x_wconf 87' lang='lat' dir='ltr'><strong>perfectam</strong></span> <span class='ocrx_word' id='word_1_802' title='bbox 2211 5091 2496 5162; x_wconf 86' lang='lat' dir='ltr'><strong>justitiam,</strong></span> <span class='ocrx_word' id='word_1_803' title='bbox 2528 5101 2658 5154; x_wconf 90' lang='lat' dir='ltr'><strong>etc.,</strong></span> <span class='ocrx_word' id='word_1_804' title='bbox 2684 5106 2845 5160; x_wconf 83' lang='lat' dir='ltr'><strong>usque</strong></span> <span class='ocrx_word' id='word_1_805' title='bbox 2873 5089 2941 5141; x_wconf 81' lang='lat' dir='ltr'><strong>ad</strong></span> <span class='ocrx_word' id='word_1_806' title='bbox 2974 5097 3028 5141; x_wconf 91' lang='lat' dir='ltr'><strong>et</strong></span> <span class='ocrx_word' id='word_1_807' title='bbox 3049 5086 3268 5142; x_wconf 92' lang='lat' dir='ltr'><strong>surdum</strong></span> <span class='ocrx_word' id='word_1_808' title='bbox 3289 5099 3353 5138; x_wconf 89' lang='lat' dir='ltr'><strong>ac</strong></span> <span class='ocrx_word' id='word_1_809' title='bbox 3373 5098 3479 5138; x_wconf 72' lang='lat' dir='ltr'><strong>ete-</strong></span> 
     </span>
    </p>
   </div>
   <div class='ocr_carea' id='block_1_111' title="bbox 1905 5180 3130 5248">
    <p class='ocr_par' dir='ltr' id='par_1_111' title="bbox 1905 5180 3130 5248">
     <span class='ocr_line' id='line_1_111' title="bbox 1905 5180 3130 5248; baseline -0.01 -8"><span class='ocrx_word' id='word_1_810' title='bbox 1905 5201 2026 5240; x_wconf 93' lang='lat' dir='ltr'><strong>cum</strong></span> <span class='ocrx_word' id='word_1_811' title='bbox 2059 5184 2283 5238; x_wconf 88' lang='lat' dir='ltr'><strong>irridere</strong></span> <span class='ocrx_word' id='word_1_812' title='bbox 2313 5180 2535 5235; x_wconf 90' lang='lat' dir='ltr'><strong>divitum</strong></span> <span class='ocrx_word' id='word_1_813' title='bbox 2559 5187 2614 5233; x_wconf 92' lang='lat' dir='ltr'><strong>et</strong></span> <span class='ocrx_word' id='word_1_814' title='bbox 2639 5187 2918 5248; x_wconf 91' lang='lat' dir='ltr'><strong>potentum</strong></span> <span class='ocrx_word' id='word_1_815' title='bbox 2958 5185 3130 5232; x_wconf 60' lang='lat' dir='ltr'><strong>sunt..</strong></span> 
     </span>
    </p>
   </div>
   <div class='ocr_carea' id='block_1_112' title="bbox 1975 5261 3477 5337">
    <p class='ocr_par' dir='ltr' id='par_1_112' title="bbox 1975 5261 3477 5337">
     <span class='ocr_line' id='line_1_112' title="bbox 1975 5261 3477 5337; baseline -0.007 -9"><span class='ocrx_word' id='word_1_816' title='bbox 1975 5273 2141 5328; x_wconf 78' lang='lat' dir='ltr'><strong>V&#39;eus.</strong></span> <span class='ocrx_word' id='word_1_817' title='bbox 2175 5271 2259 5325; x_wconf 84' lang='grc'><strong>16.</strong></span> <span class='ocrx_word' id='word_1_818' title='bbox 2288 5299 2360 5311; x_wconf 89' lang='lat'><strong>——</strong></span> <span class='ocrx_word' id='word_1_819' title='bbox 2393 5267 2518 5322; x_wconf 82' lang='lat' dir='ltr'><strong>Non</strong></span> <span class='ocrx_word' id='word_1_820' title='bbox 2553 5269 2656 5322; x_wconf 88' lang='lat' dir='ltr'><strong>eris</strong></span> <span class='ocrx_word' id='word_1_821' title='bbox 2683 5268 3008 5321; x_wconf 88' lang='lat' dir='ltr'><strong>criminator.</strong></span> <span class='ocrx_word' id='word_1_822' title='bbox 3039 5263 3247 5337; x_wconf 73' lang='lat' dir='ltr'><strong>(Istam)</strong></span> <span class='ocrx_word' id='word_1_823' title='bbox 3291 5261 3477 5318; x_wconf 87' lang='lat' dir='ltr'><strong>LXX:</strong></span> 
     </span>
    </p>
   </div>
   <div class='ocr_carea' id='block_1_113' title="bbox 1907 5351 3476 5427">
    <p class='ocr_par' dir='ltr' id='par_1_113' title="bbox 1907 5351 3476 5427">
     <span class='ocr_line' id='line_1_113' title="bbox 1907 5351 3476 5427; baseline -0.01 -8"><span class='ocrx_word' id='word_1_824' title='bbox 1907 5364 2031 5419; x_wconf 87' lang='lat' dir='ltr'><strong>Non</strong></span> <span class='ocrx_word' id='word_1_825' title='bbox 2054 5362 2346 5417; x_wconf 77' lang='lat' dir='ltr'><strong>auibulabis</strong></span> <span class='ocrx_word' id='word_1_826' title='bbox 2372 5360 2424 5414; x_wconf 86' lang='lat' dir='ltr'><strong>in</strong></span> <span class='ocrx_word' id='word_1_827' title='bbox 2447 5360 2621 5424; x_wconf 85' lang='lat' dir='ltr'><strong>domo,</strong></span> <span class='ocrx_word' id='word_1_828' title='bbox 2643 5367 2776 5424; x_wconf 91' lang='lat' dir='ltr'><strong>etc.,</strong></span> <span class='ocrx_word' id='word_1_829' title='bbox 2799 5372 2960 5427; x_wconf 85' lang='lat' dir='ltr'><strong>usque</strong></span> <span class='ocrx_word' id='word_1_830' title='bbox 2983 5355 3052 5408; x_wconf 84' lang='lat' dir='ltr'><strong>ad</strong></span> <span class='ocrx_word' id='word_1_831' title='bbox 3079 5355 3170 5425; x_wconf 92' lang='lat' dir='ltr'><strong>qui</strong></span> <span class='ocrx_word' id='word_1_832' title='bbox 3194 5361 3344 5408; x_wconf 88' lang='lat' dir='ltr'><strong>tanto</strong></span> <span class='ocrx_word' id='word_1_833' title='bbox 3363 5351 3476 5407; x_wconf 88' lang='lat' dir='ltr'><strong>cri-</strong></span> 
     </span>
    </p>
   </div>
   <div class='ocr_carea' id='block_1_114' title="bbox 1907 5455 2507 5524">
    <p class='ocr_par' dir='ltr' id='par_1_114' title="bbox 1907 5455 2507 5524">
     <span class='ocr_line' id='line_1_114' title="bbox 1907 5455 2507 5524; baseline -0.005 -14"><span class='ocrx_word' id='word_1_834' title='bbox 1907 5457 2037 5510; x_wconf 89' lang='lat' dir='ltr'><strong>mini</strong></span> <span class='ocrx_word' id='word_1_835' title='bbox 2063 5465 2142 5511; x_wconf 92' lang='lat' dir='ltr'><strong>est</strong></span> <span class='ocrx_word' id='word_1_836' title='bbox 2169 5455 2507 5524; x_wconf 87' lang='lat' dir='ltr'><strong>conjunclus.</strong></span> 
     </span>
    </p>
   </div>
   <div class='ocr_carea' id='block_1_115' title="bbox 1978 5533 3480 5610">
    <p class='ocr_par' dir='ltr' id='par_1_115' title="bbox 1978 5533 3480 5610">
     <span class='ocr_line' id='line_1_115' title="bbox 1978 5533 3480 5610; baseline -0.009 -7"><span class='ocrx_word' id='word_1_837' title='bbox 1978 5549 2100 5603; x_wconf 84' lang='lat' dir='ltr'><strong>Non</strong></span> <span class='ocrx_word' id='word_1_838' title='bbox 2135 5548 2296 5601; x_wconf 84' lang='lat' dir='ltr'><strong>stabis</strong></span> <span class='ocrx_word' id='word_1_839' title='bbox 2338 5556 2539 5599; x_wconf 87' lang='lat' dir='ltr'><strong>contra.</strong></span> <span class='ocrx_word' id='word_1_840' title='bbox 2589 5543 2752 5610; x_wconf 87' lang='lat' dir='ltr'><strong>Quasi</strong></span> <span class='ocrx_word' id='word_1_841' title='bbox 2796 5557 2901 5596; x_wconf 91' lang='lat' dir='ltr'><strong>non</strong></span> <span class='ocrx_word' id='word_1_842' title='bbox 2949 5548 3002 5594; x_wconf 90' lang='lat' dir='ltr'><strong>te</strong></span> <span class='ocrx_word' id='word_1_843' title='bbox 3051 5539 3343 5607; x_wconf 85' lang='lat' dir='ltr'><strong>coujunges</strong></span> <span class='ocrx_word' id='word_1_844' title='bbox 3392 5533 3480 5589; x_wconf 90' lang='lat' dir='ltr'><strong>his</strong></span> 
     </span>
    </p>
   </div>
   <div class='ocr_carea' id='block_1_116' title="bbox 1905 5626 3476 5711">
    <p class='ocr_par' dir='ltr' id='par_1_116' title="bbox 1905 5626 3476 5711">
     <span class='ocr_line' id='line_1_116' title="bbox 1905 5626 3476 5711; baseline -0.01 -16"><span class='ocrx_word' id='word_1_845' title='bbox 1905 5641 1997 5711; x_wconf 91' lang='lat' dir='ltr'><strong>qui</strong></span> <span class='ocrx_word' id='word_1_846' title='bbox 2037 5641 2296 5710; x_wconf 80' lang='lat' dir='ltr'><strong>proximis</strong></span> <span class='ocrx_word' id='word_1_847' title='bbox 2328 5639 2669 5702; x_wconf 88' lang='lat' dir='ltr'><strong>insidiantur,</strong></span> <span class='ocrx_word' id='word_1_848' title='bbox 2721 5635 2860 5688; x_wconf 91' lang='lat' dir='ltr'><strong>sicut</strong></span> <span class='ocrx_word' id='word_1_849' title='bbox 2906 5633 3082 5697; x_wconf 88' lang='lat' dir='ltr'><strong>mulli,</strong></span> <span class='ocrx_word' id='word_1_850' title='bbox 3116 5629 3234 5685; x_wconf 87' lang='lat' dir='ltr'><strong>aliis</strong></span> <span class='ocrx_word' id='word_1_851' title='bbox 3265 5626 3476 5692; x_wconf 81' lang='lat' dir='ltr'><strong>sociati,</strong></span> 
     </span>
    </p>
   </div>
   <div class='ocr_carea' id='block_1_117' title="bbox 1907 5735 2876 5805">
    <p class='ocr_par' dir='ltr' id='par_1_117' title="bbox 1907 5735 2876 5805">
     <span class='ocr_line' id='line_1_117' title="bbox 1907 5735 2876 5805; baseline -0.008 -15"><span class='ocrx_word' id='word_1_852' title='bbox 1907 5736 2108 5790; x_wconf 85' lang='lat' dir='ltr'><strong>faciunt</strong></span> <span class='ocrx_word' id='word_1_853' title='bbox 2140 5735 2278 5805; x_wconf 88' lang='lat' dir='ltr'><strong>quod</strong></span> <span class='ocrx_word' id='word_1_854' title='bbox 2303 5749 2398 5802; x_wconf 85' lang='lat' dir='ltr'><strong>per</strong></span> <span class='ocrx_word' id='word_1_855' title='bbox 2423 5749 2479 5787; x_wconf 89' lang='lat' dir='ltr'><strong>se</strong></span> <span class='ocrx_word' id='word_1_856' title='bbox 2504 5748 2607 5787; x_wconf 92' lang='lat' dir='ltr'><strong>non</strong></span> <span class='ocrx_word' id='word_1_857' title='bbox 2635 5736 2876 5802; x_wconf 87' lang='lat' dir='ltr'><strong>possunt.</strong></span> 
     </span>
    </p>
   </div>
  </div>
