  <div class='ocr_page' id='page_1' title='image "/cluster/home/n/w/nwhite01/storage/ocr_20150623/113/hvd.32044018909572/181.png"; bbox 0 0 3998 6332; ppageno 0'>
   <div class='ocr_carea' id='block_1_1' title="bbox 593 363 691 418">
    <p class='ocr_par' dir='ltr' id='par_1_1' title="bbox 593 363 691 418">
     <span class='ocr_line' id='line_1_1' title="bbox 593 363 691 418; baseline 0 0"><span class='ocrx_word' id='word_1_1' title='bbox 593 363 691 418; x_wconf 77' lang='grc'><strong>351</strong></span> 
     </span>
    </p>
   </div>
   <div class='ocr_carea' id='block_1_2' title="bbox 1088 358 3759 436">
    <p class='ocr_par' dir='ltr' id='par_1_2' title="bbox 1088 358 3759 436">
     <span class='ocr_line' id='line_1_2' title="bbox 1088 358 3759 436; baseline 0.001 -17"><span class='ocrx_word' id='word_1_2' title='bbox 1088 363 1480 420; x_wconf 53' lang='grc' dir='ltr'><strong>ννΑιλΑιῖιιιῐιι</strong></span> <span class='ocrx_word' id='word_1_3' title='bbox 1525 362 1770 418; x_wconf 77' lang='lat' dir='ltr'><strong>STRABl</strong></span> <span class='ocrx_word' id='word_1_4' title='bbox 1808 361 2015 419; x_wconf 84' lang='lat' dir='ltr'><strong>FULD.</strong></span> <span class='ocrx_word' id='word_1_5' title='bbox 2057 358 2222 419; x_wconf 76' lang='lat' dir='ltr'><strong>MON.</strong></span> <span class='ocrx_word' id='word_1_6' title='bbox 2256 358 2410 416; x_wconf 81' lang='lat' dir='ltr'><strong>OPP.</strong></span> <span class='ocrx_word' id='word_1_7' title='bbox 2450 359 2627 416; x_wconf 75' lang='lat' dir='ltr'><strong>PARS</strong></span> <span class='ocrx_word' id='word_1_8' title='bbox 2665 362 2704 417; x_wconf 94' lang='lat' dir='ltr'><strong>l.</strong></span> <span class='ocrx_word' id='word_1_9' title='bbox 2742 392 2809 405; x_wconf 89' lang='lat'><strong>-—</strong></span> <span class='ocrx_word' id='word_1_10' title='bbox 2849 358 3300 423; x_wconf 71' lang='lat' dir='ltr'><strong>TllEOLOGlCA.</strong></span> <span class='ocrx_word' id='word_1_11' title='bbox 3684 374 3759 436; x_wconf 54' lang='grc' dir='ltr'><strong>δεῖ</strong></span> 
     </span>
    </p>
   </div>
   <div class='ocr_carea' id='block_1_3' title="bbox 664 469 3762 552">
    <p class='ocr_par' dir='ltr' id='par_1_3' title="bbox 664 469 3762 552">
     <span class='ocr_line' id='line_1_3' title="bbox 664 469 3762 552; baseline 0.006 -27"><span class='ocrx_word' id='word_1_12' title='bbox 664 471 826 527; x_wconf 74' lang='lat' dir='ltr'><strong>Vens.</strong></span> <span class='ocrx_word' id='word_1_13' title='bbox 856 472 944 529; x_wconf 78' lang='lat' dir='ltr'><strong>i8.</strong></span> <span class='ocrx_word' id='word_1_14' title='bbox 974 503 1043 513; x_wconf 94' lang='lat'><strong>—</strong></span> <span class='ocrx_word' id='word_1_15' title='bbox 1079 472 1202 527; x_wconf 82' lang='lat' dir='ltr'><strong>Non</strong></span> <span class='ocrx_word' id='word_1_16' title='bbox 1222 490 1428 544; x_wconf 65' lang='lat' dir='ltr'><strong>quaeras</strong></span> <span class='ocrx_word' id='word_1_17' title='bbox 1452 472 1717 527; x_wconf 74' lang='lat' dir='ltr'><strong>ultionem.</strong></span> <span class='ocrx_word' id='word_1_18' title='bbox 1750 472 1808 527; x_wconf 88' lang='lat' dir='ltr'><strong>ld</strong></span> <span class='ocrx_word' id='word_1_19' title='bbox 1830 482 1932 536; x_wconf 88' lang='lat' dir='ltr'><strong>est,</strong></span> <span class='ocrx_word' id='word_1_20' title='bbox 1958 486 2024 526; x_wconf 92' lang='lat' dir='ltr'><strong>ne</strong></span> <span class='ocrx_word' id='word_1_21' title='bbox 2044 471 2174 526; x_wconf 86' lang='lat' dir='ltr'><strong>ulci-</strong></span> <span class='ocrx_word' id='word_1_22' title='bbox 2201 473 2249 532; x_wconf 79' lang='grc' dir='ltr'><strong>Α</strong></span> <span class='ocrx_word' id='word_1_23' title='bbox 2277 469 2558 528; x_wconf 71' lang='lat' dir='ltr'><strong>Matthmus</strong></span> <span class='ocrx_word' id='word_1_24' title='bbox 2586 474 2829 529; x_wconf 84' lang='lat' dir='ltr'><strong>distinxit</strong></span> <span class='ocrx_word' id='word_1_25' title='bbox 2859 475 3071 547; x_wconf 70' lang='lat' dir='ltr'><strong>(Matth.</strong></span> <span class='ocrx_word' id='word_1_26' title='bbox 3102 478 3161 548; x_wconf 72' lang='grc' dir='ltr'><strong>ι).</strong></span> <span class='ocrx_word' id='word_1_27' title='bbox 3189 479 3389 547; x_wconf 76' lang='lat' dir='ltr'><strong>Quarto</strong></span> <span class='ocrx_word' id='word_1_28' title='bbox 3419 497 3547 539; x_wconf 84' lang='lat' dir='ltr'><strong>anno</strong></span> <span class='ocrx_word' id='word_1_29' title='bbox 3583 488 3762 552; x_wconf 65' lang='lat' dir='ltr'><strong>fructum</strong></span> 
     </span>
    </p>
   </div>
   <div class='ocr_carea' id='block_1_4' title="bbox 592 560 2166 633">
    <p class='ocr_par' dir='ltr' id='par_1_4' title="bbox 592 560 2166 633">
     <span class='ocr_line' id='line_1_4' title="bbox 592 560 2166 633; baseline -0.004 -14"><span class='ocrx_word' id='word_1_30' title='bbox 592 562 777 619; x_wconf 81' lang='lat' dir='ltr'><strong>scendi</strong></span> <span class='ocrx_word' id='word_1_31' title='bbox 824 562 1045 617; x_wconf 84' lang='lat' dir='ltr'><strong>libidine</strong></span> <span class='ocrx_word' id='word_1_32' title='bbox 1096 563 1324 633; x_wconf 89' lang='lat' dir='ltr'><strong>rapiaris</strong></span> <span class='ocrx_word' id='word_1_33' title='bbox 1352 563 1477 618; x_wconf 90' lang='lat' dir='ltr'><strong>dum</strong></span> <span class='ocrx_word' id='word_1_34' title='bbox 1513 562 1716 633; x_wconf 81' lang='lat' dir='ltr'><strong>arguis,</strong></span> <span class='ocrx_word' id='word_1_35' title='bbox 1769 572 1830 616; x_wconf 86' lang='lat' dir='ltr'><strong>ut</strong></span> <span class='ocrx_word' id='word_1_36' title='bbox 1867 561 2035 616; x_wconf 47' lang='lat' dir='ltr'><strong>laetari</strong></span> <span class='ocrx_word' id='word_1_37' title='bbox 2082 560 2166 615; x_wconf 90' lang='lat' dir='ltr'><strong>vel</strong></span> 
     </span>
    </p>
   </div>
   <div class='ocr_carea' id='block_1_5' title="bbox 590 652 2167 723">
    <p class='ocr_par' dir='ltr' id='par_1_5' title="bbox 590 652 2167 723">
     <span class='ocr_line' id='line_1_5' title="bbox 590 652 2167 723; baseline -0.001 -14"><span class='ocrx_word' id='word_1_38' title='bbox 590 653 858 709; x_wconf 89' lang='lat' dir='ltr'><strong>consolari</strong></span> <span class='ocrx_word' id='word_1_39' title='bbox 890 654 1022 709; x_wconf 90' lang='lat' dir='ltr'><strong>velis</strong></span> <span class='ocrx_word' id='word_1_40' title='bbox 1049 654 1114 709; x_wconf 90' lang='lat' dir='ltr'><strong>de</strong></span> <span class='ocrx_word' id='word_1_41' title='bbox 1141 654 1313 709; x_wconf 90' lang='lat' dir='ltr'><strong>alieno</strong></span> <span class='ocrx_word' id='word_1_42' title='bbox 1338 654 1499 717; x_wconf 89' lang='lat' dir='ltr'><strong>malo,</strong></span> <span class='ocrx_word' id='word_1_43' title='bbox 1542 654 1635 708; x_wconf 87' lang='lat' dir='ltr'><strong>sed</strong></span> <span class='ocrx_word' id='word_1_44' title='bbox 1662 654 1842 723; x_wconf 88' lang='lat' dir='ltr'><strong>potius</strong></span> <span class='ocrx_word' id='word_1_45' title='bbox 1886 652 2167 707; x_wconf 83' lang='lat' dir='ltr'><strong>consulere</strong></span> 
     </span>
    </p>
   </div>
   <div class='ocr_carea' id='block_1_6' title="bbox 590 743 2159 818">
    <p class='ocr_par' dir='ltr' id='par_1_6' title="bbox 590 743 2159 818">
     <span class='ocr_line' id='line_1_6' title="bbox 590 743 2159 818; baseline -0.003 -18"><span class='ocrx_word' id='word_1_46' title='bbox 590 745 667 801; x_wconf 83' lang='lat' dir='ltr'><strong>illi</strong></span> <span class='ocrx_word' id='word_1_47' title='bbox 701 761 861 816; x_wconf 83' lang='lat' dir='ltr'><strong>quem</strong></span> <span class='ocrx_word' id='word_1_48' title='bbox 897 748 1100 818; x_wconf 80' lang='lat' dir='ltr'><strong>arguis.</strong></span> <span class='ocrx_word' id='word_1_49' title='bbox 1144 746 1295 802; x_wconf 88' lang='lat' dir='ltr'><strong>Unde</strong></span> <span class='ocrx_word' id='word_1_50' title='bbox 1342 746 1635 800; x_wconf 87' lang='lat' dir='ltr'><strong>secundum</strong></span> <span class='ocrx_word' id='word_1_51' title='bbox 1684 745 1824 799; x_wconf 78' lang='lat' dir='ltr'><strong>LXX</strong></span> <span class='ocrx_word' id='word_1_52' title='bbox 1876 743 2159 813; x_wconf 79' lang='lat' dir='ltr'><strong>sequitur:</strong></span> 
     </span>
    </p>
   </div>
   <div class='ocr_carea' id='block_1_7' title="bbox 592 834 2167 909">
    <p class='ocr_par' dir='ltr' id='par_1_7' title="bbox 592 834 2167 909">
     <span class='ocr_line' id='line_1_7' title="bbox 592 834 2167 909; baseline 0 -18"><span class='ocrx_word' id='word_1_53' title='bbox 592 834 717 893; x_wconf 83' lang='lat' dir='ltr'><strong>Non</strong></span> <span class='ocrx_word' id='word_1_54' title='bbox 744 838 985 893; x_wconf 84' lang='lat' dir='ltr'><strong>irasceris</strong></span> <span class='ocrx_word' id='word_1_55' title='bbox 1030 839 1158 909; x_wconf 80' lang='lat' dir='ltr'><strong>ﬁliis</strong></span> <span class='ocrx_word' id='word_1_56' title='bbox 1197 838 1375 909; x_wconf 79' lang='lat' dir='ltr'><strong>populi</strong></span> <span class='ocrx_word' id='word_1_57' title='bbox 1408 841 1507 901; x_wconf 80' lang='lat' dir='ltr'><strong>tui,</strong></span> <span class='ocrx_word' id='word_1_58' title='bbox 1543 847 1651 893; x_wconf 81' lang='lat' dir='ltr'><strong>etc.</strong></span> <span class='ocrx_word' id='word_1_59' title='bbox 1710 837 1799 892; x_wconf 89' lang='lat' dir='ltr'><strong>Sic</strong></span> <span class='ocrx_word' id='word_1_60' title='bbox 1836 838 1978 892; x_wconf 87' lang='lat' dir='ltr'><strong>enim</strong></span> <span class='ocrx_word' id='word_1_61' title='bbox 2020 846 2167 892; x_wconf 89' lang='lat' dir='ltr'><strong>recte</strong></span> 
     </span>
    </p>
   </div>
   <div class='ocr_carea' id='block_1_8' title="bbox 588 918 1848 999">
    <p class='ocr_par' dir='ltr' id='par_1_8' title="bbox 588 918 1848 999">
     <span class='ocr_line' id='line_1_8' title="bbox 588 918 1848 999; baseline 0 -17"><span class='ocrx_word' id='word_1_62' title='bbox 588 928 671 983; x_wconf 84' lang='lat' dir='ltr'><strong>ira</strong></span> <span class='ocrx_word' id='word_1_63' title='bbox 697 918 920 983; x_wconf 67' lang='lat' dir='ltr'><strong>delini&#39;ta</strong></span> <span class='ocrx_word' id='word_1_64' title='bbox 947 938 1048 994; x_wconf 90' lang='lat' dir='ltr'><strong>est,</strong></span> <span class='ocrx_word' id='word_1_65' title='bbox 1080 944 1198 999; x_wconf 74' lang='lat' dir='ltr'><strong>quze</strong></span> <span class='ocrx_word' id='word_1_66' title='bbox 1236 931 1305 983; x_wconf 90' lang='lat' dir='ltr'><strong>sit</strong></span> <span class='ocrx_word' id='word_1_67' title='bbox 1344 929 1635 984; x_wconf 68' lang='lat' dir='ltr'><strong>ulciscendi</strong></span> <span class='ocrx_word' id='word_1_68' title='bbox 1664 928 1848 982; x_wconf 81' lang='lat' dir='ltr'><strong>libido.</strong></span> 
     </span>
    </p>
   </div>
   <div class='ocr_carea' id='block_1_9' title="bbox 658 1017 2164 1084">
    <p class='ocr_par' dir='ltr' id='par_1_9' title="bbox 658 1017 2164 1084">
     <span class='ocr_line' id='line_1_9' title="bbox 658 1017 2164 1084; baseline 0 -12"><span class='ocrx_word' id='word_1_69' title='bbox 658 1017 820 1073; x_wconf 74' lang='lat' dir='ltr'><strong>Vens.</strong></span> <span class='ocrx_word' id='word_1_70' title='bbox 860 1020 945 1074; x_wconf 84' lang='lat' dir='ltr'><strong>i9.</strong></span> <span class='ocrx_word' id='word_1_71' title='bbox 972 1050 1042 1060; x_wconf 82' lang='lat'><strong>-</strong></span> <span class='ocrx_word' id='word_1_72' title='bbox 1075 1018 1325 1073; x_wconf 72' lang='lat' dir='ltr'><strong>Iumenta</strong></span> <span class='ocrx_word' id='word_1_73' title='bbox 1361 1030 1474 1084; x_wconf 85' lang='lat' dir='ltr'><strong>tua,</strong></span> <span class='ocrx_word' id='word_1_74' title='bbox 1524 1028 1629 1075; x_wconf 92' lang='lat' dir='ltr'><strong>etc.</strong></span> <span class='ocrx_word' id='word_1_75' title='bbox 1686 1020 1810 1073; x_wconf 74' lang='lat' dir='ltr'><strong>ihec</strong></span> <span class='ocrx_word' id='word_1_76' title='bbox 1845 1018 1909 1072; x_wconf 91' lang='lat' dir='ltr'><strong>ad</strong></span> <span class='ocrx_word' id='word_1_77' title='bbox 1931 1019 2164 1073; x_wconf 91' lang='lat' dir='ltr'><strong>litteram</strong></span> 
     </span>
    </p>
   </div>
   <div class='ocr_carea' id='block_1_10' title="bbox 586 1108 2166 1180">
    <p class='ocr_par' dir='ltr' id='par_1_10' title="bbox 586 1108 2166 1180">
     <span class='ocr_line' id='line_1_10' title="bbox 586 1108 2166 1180; baseline 0.003 -20"><span class='ocrx_word' id='word_1_78' title='bbox 586 1108 839 1164; x_wconf 86' lang='lat' dir='ltr'><strong>videntur</strong></span> <span class='ocrx_word' id='word_1_79' title='bbox 887 1124 1007 1164; x_wconf 89' lang='lat' dir='ltr'><strong>esse</strong></span> <span class='ocrx_word' id='word_1_80' title='bbox 1036 1108 1277 1171; x_wconf 85' lang='lat' dir='ltr'><strong>ridicula,</strong></span> <span class='ocrx_word' id='word_1_81' title='bbox 1328 1126 1427 1164; x_wconf 84' lang='lat' dir='ltr'><strong>nec</strong></span> <span class='ocrx_word' id='word_1_82' title='bbox 1455 1126 1483 1163; x_wconf 91' lang='lat' dir='ltr'><strong>a</strong></span> <span class='ocrx_word' id='word_1_83' title='bbox 1520 1111 1795 1180; x_wconf 81' lang='lat' dir='ltr'><strong>prophetis</strong></span> <span class='ocrx_word' id='word_1_84' title='bbox 1833 1120 1885 1164; x_wconf 90' lang='lat' dir='ltr'><strong>et</strong></span> <span class='ocrx_word' id='word_1_85' title='bbox 1913 1109 2166 1178; x_wconf 80' lang='lat' dir='ltr'><strong>spiritua-</strong></span> 
     </span>
    </p>
   </div>
   <div class='ocr_carea' id='block_1_11' title="bbox 588 1194 2165 1254">
    <p class='ocr_par' dir='ltr' id='par_1_11' title="bbox 588 1194 2165 1254">
     <span class='ocr_line' id='line_1_11' title="bbox 588 1194 2165 1254; baseline 0 -4"><span class='ocrx_word' id='word_1_86' title='bbox 588 1196 729 1252; x_wconf 91' lang='lat' dir='ltr'><strong>libus</strong></span> <span class='ocrx_word' id='word_1_87' title='bbox 756 1198 888 1253; x_wconf 89' lang='lat' dir='ltr'><strong>viris</strong></span> <span class='ocrx_word' id='word_1_88' title='bbox 914 1207 1037 1254; x_wconf 89' lang='lat' dir='ltr'><strong>sunt</strong></span> <span class='ocrx_word' id='word_1_89' title='bbox 1064 1200 1367 1253; x_wconf 89' lang='lat' dir='ltr'><strong>observata.</strong></span> <span class='ocrx_word' id='word_1_90' title='bbox 1404 1198 1555 1254; x_wconf 86' lang='lat' dir='ltr'><strong>Unde</strong></span> <span class='ocrx_word' id='word_1_91' title='bbox 1584 1199 1748 1252; x_wconf 85' lang='lat' dir='ltr'><strong>David</strong></span> <span class='ocrx_word' id='word_1_92' title='bbox 1778 1199 1910 1253; x_wconf 89' lang='lat' dir='ltr'><strong>dicit</strong></span> <span class='ocrx_word' id='word_1_93' title='bbox 1938 1216 1950 1251; x_wconf 92' lang='lat'>:</span> <span class='ocrx_word' id='word_1_94' title='bbox 1981 1194 2165 1251; x_wconf 87' lang='lat' dir='ltr'><strong>Ponite</strong></span> 
     </span>
    </p>
   </div>
   <div class='ocr_carea' id='block_1_12' title="bbox 584 1286 2158 1362">
    <p class='ocr_par' dir='ltr' id='par_1_12' title="bbox 584 1286 2158 1362">
     <span class='ocr_line' id='line_1_12' title="bbox 584 1286 2158 1362; baseline 0.003 -22"><span class='ocrx_word' id='word_1_95' title='bbox 584 1286 755 1357; x_wconf 72' lang='lat' dir='ltr'><strong>ﬁlium</strong></span> <span class='ocrx_word' id='word_1_96' title='bbox 768 1306 935 1343; x_wconf 83' lang='lat' dir='ltr'><strong>meum</strong></span> <span class='ocrx_word' id='word_1_97' title='bbox 959 1288 1292 1346; x_wconf 86' lang='lat' dir='ltr'><strong>Salomonem</strong></span> <span class='ocrx_word' id='word_1_98' title='bbox 1314 1291 1366 1344; x_wconf 86' lang='lat' dir='ltr'><strong>in</strong></span> <span class='ocrx_word' id='word_1_99' title='bbox 1391 1290 1585 1343; x_wconf 80' lang='lat' dir='ltr'><strong>mulam</strong></span> <span class='ocrx_word' id='word_1_100' title='bbox 1615 1308 1781 1344; x_wconf 81' lang='lat' dir='ltr'><strong>meam</strong></span> <span class='ocrx_word' id='word_1_101' title='bbox 1799 1289 1988 1362; x_wconf 84' lang='lat' dir='ltr'><strong>(Eccli.</strong></span> <span class='ocrx_word' id='word_1_102' title='bbox 2023 1290 2158 1361; x_wconf 70' lang='grc' dir='ltr'><strong>χιχ).</strong></span> 
     </span>
    </p>
   </div>
   <div class='ocr_carea' id='block_1_13' title="bbox 586 1379 2163 1451">
    <p class='ocr_par' dir='ltr' id='par_1_13' title="bbox 586 1379 2163 1451">
     <span class='ocr_line' id='line_1_13' title="bbox 586 1379 2163 1451; baseline 0 -16"><span class='ocrx_word' id='word_1_103' title='bbox 586 1379 865 1451; x_wconf 83' lang='lat' dir='ltr'><strong>Oportebit</strong></span> <span class='ocrx_word' id='word_1_104' title='bbox 897 1390 1099 1446; x_wconf 89' lang='lat' dir='ltr'><strong>autem,</strong></span> <span class='ocrx_word' id='word_1_105' title='bbox 1147 1382 1440 1436; x_wconf 82' lang='lat' dir='ltr'><strong>secundum</strong></span> <span class='ocrx_word' id='word_1_106' title='bbox 1464 1381 1697 1435; x_wconf 79' lang='lat' dir='ltr'><strong>litteram</strong></span> <span class='ocrx_word' id='word_1_107' title='bbox 1726 1397 1788 1434; x_wconf 90' lang='lat' dir='ltr'><strong>ea</strong></span> <span class='ocrx_word' id='word_1_108' title='bbox 1816 1398 1936 1450; x_wconf 70' lang='lat' dir='ltr'><strong>quae</strong></span> <span class='ocrx_word' id='word_1_109' title='bbox 1975 1397 2041 1435; x_wconf 83' lang='lat' dir='ltr'><strong>ex</strong></span> <span class='ocrx_word' id='word_1_110' title='bbox 2070 1381 2163 1435; x_wconf 89' lang='lat' dir='ltr'><strong>tali</strong></span> 
     </span>
    </p>
   </div>
   <div class='ocr_carea' id='block_1_14' title="bbox 585 1470 2162 1537">
    <p class='ocr_par' dir='ltr' id='par_1_14' title="bbox 585 1470 2162 1537">
     <span class='ocr_line' id='line_1_14' title="bbox 585 1470 2162 1537; baseline 0 -12"><span class='ocrx_word' id='word_1_111' title='bbox 585 1470 960 1525; x_wconf 89' lang='lat' dir='ltr'><strong>commistione</strong></span> <span class='ocrx_word' id='word_1_112' title='bbox 1006 1473 1389 1537; x_wconf 86' lang='lat' dir='ltr'><strong>nascebantur,</strong></span> <span class='ocrx_word' id='word_1_113' title='bbox 1440 1472 1758 1525; x_wconf 89' lang='lat' dir='ltr'><strong>abominari.</strong></span> <span class='ocrx_word' id='word_1_114' title='bbox 1808 1472 2003 1527; x_wconf 84' lang='lat' dir='ltr'><strong>Unde:</strong></span> <span class='ocrx_word' id='word_1_115' title='bbox 2036 1471 2162 1525; x_wconf 74' lang='lat' dir='ltr'><strong>Mu-</strong></span> 
     </span>
    </p>
   </div>
   <div class='ocr_carea' id='block_1_15' title="bbox 583 1555 2163 1634">
    <p class='ocr_par' dir='ltr' id='par_1_15' title="bbox 583 1555 2163 1634">
     <span class='ocr_line' id='line_1_15' title="bbox 583 1555 2163 1634; baseline 0.004 -23"><span class='ocrx_word' id='word_1_116' title='bbox 583 1555 682 1613; x_wconf 63' lang='lat' dir='ltr'><strong>lier</strong></span> <span class='ocrx_word' id='word_1_117' title='bbox 711 1576 913 1630; x_wconf 82' lang='lat' dir='ltr'><strong>quoque</strong></span> <span class='ocrx_word' id='word_1_118' title='bbox 933 1561 1082 1630; x_wconf 82' lang='lat' dir='ltr'><strong>fortis</strong></span> <span class='ocrx_word' id='word_1_119' title='bbox 1107 1563 1322 1615; x_wconf 79' lang='lat' dir='ltr'><strong>inveniet</strong></span> <span class='ocrx_word' id='word_1_120' title='bbox 1349 1561 1527 1615; x_wconf 87' lang='lat' dir='ltr'><strong>lanam</strong></span> <span class='ocrx_word' id='word_1_121' title='bbox 1569 1574 1615 1616; x_wconf 89' lang='lat' dir='ltr'><strong>et</strong></span> <span class='ocrx_word' id='word_1_122' title='bbox 1646 1563 1831 1627; x_wconf 69' lang='lat' dir='ltr'><strong>linum,</strong></span> <span class='ocrx_word' id='word_1_123' title='bbox 1877 1574 1923 1617; x_wconf 88' lang='lat' dir='ltr'><strong>et</strong></span> <span class='ocrx_word' id='word_1_124' title='bbox 1951 1572 2163 1634; x_wconf 83' lang='lat' dir='ltr'><strong>operata</strong></span> 
     </span>
    </p>
   </div>
   <div class='ocr_carea' id='block_1_16' title="bbox 581 1649 1653 1724">
    <p class='ocr_par' dir='ltr' id='par_1_16' title="bbox 581 1649 1653 1724">
     <span class='ocr_line' id='line_1_16' title="bbox 581 1649 1653 1724; baseline 0.001 -19"><span class='ocrx_word' id='word_1_125' title='bbox 581 1659 661 1705; x_wconf 72' lang='lat' dir='ltr'><strong>ut</strong></span> <span class='ocrx_word' id='word_1_126' title='bbox 683 1650 809 1705; x_wconf 81' lang='lat' dir='ltr'><strong>utile</strong></span> <span class='ocrx_word' id='word_1_127' title='bbox 846 1649 1087 1705; x_wconf 81' lang='lat' dir='ltr'><strong>manibus</strong></span> <span class='ocrx_word' id='word_1_128' title='bbox 1115 1650 1235 1706; x_wconf 83' lang='lat' dir='ltr'><strong>su.&#39;s&#39;</strong></span> <span class='ocrx_word' id='word_1_129' title='bbox 1255 1650 1438 1723; x_wconf 86' lang='lat' dir='ltr'><strong>(Prov.</strong></span> <span class='ocrx_word' id='word_1_130' title='bbox 1478 1652 1653 1724; x_wconf 78' lang='lat' dir='ltr'><strong>xxxt).</strong></span> 
     </span>
    </p>
   </div>
   <div class='ocr_carea' id='block_1_17' title="bbox 658 1739 2161 1817">
    <p class='ocr_par' dir='ltr' id='par_1_17' title="bbox 658 1739 2161 1817">
     <span class='ocr_line' id='line_1_17' title="bbox 658 1739 2161 1817; baseline 0.003 -22"><span class='ocrx_word' id='word_1_131' title='bbox 658 1739 817 1796; x_wconf 78' lang='lat' dir='ltr'><strong>Vens.</strong></span> <span class='ocrx_word' id='word_1_132' title='bbox 843 1741 1021 1796; x_wconf 68' lang='grc'><strong>90.-</strong></span> <span class='ocrx_word' id='word_1_133' title='bbox 1040 1741 1209 1796; x_wconf 79' lang='lat' dir='ltr'><strong>Homo</strong></span> <span class='ocrx_word' id='word_1_134' title='bbox 1242 1743 1288 1797; x_wconf 87' lang='lat' dir='ltr'><strong>si</strong></span> <span class='ocrx_word' id='word_1_135' title='bbox 1315 1744 1605 1807; x_wconf 83' lang='lat' dir='ltr'><strong>dormierit,</strong></span> <span class='ocrx_word' id='word_1_136' title='bbox 1633 1754 1739 1799; x_wconf 90' lang='lat' dir='ltr'><strong>etc.</strong></span> <span class='ocrx_word' id='word_1_137' title='bbox 1767 1744 1976 1817; x_wconf 75' lang='lat' dir='ltr'><strong>(lSIcn.)</strong></span> <span class='ocrx_word' id='word_1_138' title='bbox 2027 1744 2161 1800; x_wconf 87' lang='lat' dir='ltr'><strong>Cum</strong></span> 
     </span>
    </p>
   </div>
   <div class='ocr_carea' id='block_1_18' title="bbox 582 1833 2156 1906">
    <p class='ocr_par' dir='ltr' id='par_1_18' title="bbox 582 1833 2156 1906">
     <span class='ocr_line' id='line_1_18' title="bbox 582 1833 2156 1906; baseline 0.004 -20"><span class='ocrx_word' id='word_1_139' title='bbox 582 1833 1159 1905; x_wconf 87' lang='lat' dir='ltr'><strong>probiberetjumenta</strong></span> <span class='ocrx_word' id='word_1_140' title='bbox 1194 1836 1411 1891; x_wconf 86' lang='lat' dir='ltr'><strong>misceri</strong></span> <span class='ocrx_word' id='word_1_141' title='bbox 1465 1852 1585 1891; x_wconf 90' lang='lat' dir='ltr'><strong>cum</strong></span> <span class='ocrx_word' id='word_1_142' title='bbox 1629 1836 1887 1906; x_wconf 88' lang='lat' dir='ltr'><strong>jumentis</strong></span> <span class='ocrx_word' id='word_1_143' title='bbox 1933 1837 2156 1895; x_wconf 73' lang='lat' dir='ltr'><strong>alterius</strong></span> 
     </span>
    </p>
   </div>
   <div class='ocr_carea' id='block_1_19' title="bbox 582 1922 2154 1999">
    <p class='ocr_par' dir='ltr' id='par_1_19' title="bbox 582 1922 2154 1999">
     <span class='ocr_line' id='line_1_19' title="bbox 582 1922 2154 1999; baseline 0.002 -21"><span class='ocrx_word' id='word_1_144' title='bbox 582 1922 816 1993; x_wconf 82' lang='lat' dir='ltr'><strong>generis,</strong></span> <span class='ocrx_word' id='word_1_145' title='bbox 841 1940 934 1981; x_wconf 89' lang='lat' dir='ltr'><strong>eos</strong></span> <span class='ocrx_word' id='word_1_146' title='bbox 957 1927 1162 1982; x_wconf 85' lang='lat' dir='ltr'><strong>scilicet</strong></span> <span class='ocrx_word' id='word_1_147' title='bbox 1183 1929 1273 1997; x_wconf 87' lang='lat' dir='ltr'><strong>qui</strong></span> <span class='ocrx_word' id='word_1_148' title='bbox 1298 1936 1423 1982; x_wconf 89' lang='lat' dir='ltr'><strong>sunt</strong></span> <span class='ocrx_word' id='word_1_149' title='bbox 1453 1927 1552 1981; x_wconf 85' lang='lat' dir='ltr'><strong>sub</strong></span> <span class='ocrx_word' id='word_1_150' title='bbox 1572 1926 1702 1999; x_wconf 86' lang='lat' dir='ltr'><strong>jugo</strong></span> <span class='ocrx_word' id='word_1_151' title='bbox 1732 1927 1933 1983; x_wconf 84' lang='lat' dir='ltr'><strong>Christi</strong></span> <span class='ocrx_word' id='word_1_152' title='bbox 1983 1928 2154 1983; x_wconf 90' lang='lat' dir='ltr'><strong>susci-</strong></span> 
     </span>
    </p>
   </div>
   <div class='ocr_carea' id='block_1_20' title="bbox 581 2015 2157 2088">
    <p class='ocr_par' dir='ltr' id='par_1_20' title="bbox 581 2015 2157 2088">
     <span class='ocr_line' id='line_1_20' title="bbox 581 2015 2157 2088; baseline 0.002 -19"><span class='ocrx_word' id='word_1_153' title='bbox 581 2029 711 2085; x_wconf 86' lang='lat' dir='ltr'><strong>pere</strong></span> <span class='ocrx_word' id='word_1_154' title='bbox 731 2015 919 2087; x_wconf 84' lang='lat' dir='ltr'><strong>jugum</strong></span> <span class='ocrx_word' id='word_1_155' title='bbox 943 2016 1074 2088; x_wconf 89' lang='lat' dir='ltr'><strong>legis</strong></span> <span class='ocrx_word' id='word_1_156' title='bbox 1104 2034 1119 2073; x_wconf 89' lang='lat'><strong>:</strong></span> <span class='ocrx_word' id='word_1_157' title='bbox 1152 2025 1448 2087; x_wconf 82' lang='lat' dir='ltr'><strong>Opportune</strong></span> <span class='ocrx_word' id='word_1_158' title='bbox 1475 2018 1575 2073; x_wconf 90' lang='lat' dir='ltr'><strong>hoc</strong></span> <span class='ocrx_word' id='word_1_159' title='bbox 1602 2018 1839 2073; x_wconf 80' lang='lat' dir='ltr'><strong>subdidit</strong></span> <span class='ocrx_word' id='word_1_160' title='bbox 1866 2018 2157 2072; x_wconf 88' lang='lat' dir='ltr'><strong>ostendens</strong></span> 
     </span>
    </p>
   </div>
   <div class='ocr_carea' id='block_1_21' title="bbox 588 2105 2157 2178">
    <p class='ocr_par' dir='ltr' id='par_1_21' title="bbox 588 2105 2157 2178">
     <span class='ocr_line' id='line_1_21' title="bbox 588 2105 2157 2178; baseline -0.001 -15"><span class='ocrx_word' id='word_1_161' title='bbox 588 2105 709 2163; x_wconf 79' lang='lat' dir='ltr'><strong>mia</strong></span> <span class='ocrx_word' id='word_1_162' title='bbox 734 2114 790 2161; x_wconf 88' lang='lat' dir='ltr'><strong>et</strong></span> <span class='ocrx_word' id='word_1_163' title='bbox 833 2115 957 2161; x_wconf 85' lang='lat' dir='ltr'><strong>ante</strong></span> <span class='ocrx_word' id='word_1_164' title='bbox 994 2108 1281 2163; x_wconf 85' lang='lat' dir='ltr'><strong>adventum</strong></span> <span class='ocrx_word' id='word_1_165' title='bbox 1327 2106 1528 2165; x_wconf 91' lang='lat' dir='ltr'><strong>Christi</strong></span> <span class='ocrx_word' id='word_1_166' title='bbox 1576 2109 1879 2178; x_wconf 85' lang='lat' dir='ltr'><strong>quicunque</strong></span> <span class='ocrx_word' id='word_1_167' title='bbox 1918 2109 2157 2163; x_wconf 74' lang='lat' dir='ltr'><strong>exterius</strong></span> 
     </span>
    </p>
   </div>
   <div class='ocr_carea' id='block_1_22' title="bbox 580 2196 2152 2269">
    <p class='ocr_par' dir='ltr' id='par_1_22' title="bbox 580 2196 2152 2269">
     <span class='ocr_line' id='line_1_22' title="bbox 580 2196 2152 2269; baseline 0.002 -19"><span class='ocrx_word' id='word_1_168' title='bbox 580 2196 913 2251; x_wconf 80' lang='lat' dir='ltr'><strong>miscebatur</strong></span> <span class='ocrx_word' id='word_1_169' title='bbox 930 2197 1150 2262; x_wconf 70' lang='lat' dir='ltr'><strong>Judmis,</strong></span> <span class='ocrx_word' id='word_1_170' title='bbox 1184 2198 1453 2269; x_wconf 87' lang='lat' dir='ltr'><strong>indigebat</strong></span> <span class='ocrx_word' id='word_1_171' title='bbox 1476 2197 1744 2253; x_wconf 85' lang='lat' dir='ltr'><strong>sacriﬁcio</strong></span> <span class='ocrx_word' id='word_1_172' title='bbox 1784 2199 1899 2253; x_wconf 89' lang='lat' dir='ltr'><strong>veri</strong></span> <span class='ocrx_word' id='word_1_173' title='bbox 1947 2200 2152 2254; x_wconf 81' lang='lat' dir='ltr'><strong>arietis.</strong></span> 
     </span>
    </p>
   </div>
   <div class='ocr_carea' id='block_1_23' title="bbox 650 2286 2153 2361">
    <p class='ocr_par' dir='ltr' id='par_1_23' title="bbox 650 2286 2153 2361">
     <span class='ocr_line' id='line_1_23' title="bbox 650 2286 2153 2361; baseline 0.005 -20"><span class='ocrx_word' id='word_1_174' title='bbox 650 2286 784 2342; x_wconf 82' lang='lat' dir='ltr'><strong>Nota</strong></span> <span class='ocrx_word' id='word_1_175' title='bbox 814 2298 1014 2361; x_wconf 87' lang='lat' dir='ltr'><strong>quanta</strong></span> <span class='ocrx_word' id='word_1_176' title='bbox 1041 2290 1339 2346; x_wconf 82' lang='lat' dir='ltr'><strong>dilfcrentia</strong></span> <span class='ocrx_word' id='word_1_177' title='bbox 1370 2291 1632 2347; x_wconf 82' lang='lat' dir='ltr'><strong>libertatis</strong></span> <span class='ocrx_word' id='word_1_178' title='bbox 1660 2302 1714 2346; x_wconf 90' lang='lat' dir='ltr'><strong>et</strong></span> <span class='ocrx_word' id='word_1_179' title='bbox 1741 2293 2036 2348; x_wconf 84' lang='lat' dir='ltr'><strong>servitutis.</strong></span> <span class='ocrx_word' id='word_1_180' title='bbox 2096 2291 2153 2348; x_wconf 85' lang='lat' dir='ltr'><strong>In</strong></span> 
     </span>
    </p>
   </div>
   <div class='ocr_carea' id='block_1_24' title="bbox 578 2375 2154 2454">
    <p class='ocr_par' dir='ltr' id='par_1_24' title="bbox 578 2375 2154 2454">
     <span class='ocr_line' id='line_1_24' title="bbox 578 2375 2154 2454; baseline 0.006 -23"><span class='ocrx_word' id='word_1_181' title='bbox 578 2375 747 2435; x_wconf 88' lang='lat' dir='ltr'><strong>libera</strong></span> <span class='ocrx_word' id='word_1_182' title='bbox 772 2380 916 2433; x_wconf 90' lang='lat' dir='ltr'><strong>enim</strong></span> <span class='ocrx_word' id='word_1_183' title='bbox 940 2380 1258 2451; x_wconf 85' lang='lat' dir='ltr'><strong>desponsata</strong></span> <span class='ocrx_word' id='word_1_184' title='bbox 1292 2398 1433 2439; x_wconf 81' lang='lat' dir='ltr'><strong>mors</strong></span> <span class='ocrx_word' id='word_1_185' title='bbox 1463 2382 1711 2438; x_wconf 88' lang='lat' dir='ltr'><strong>adulterii</strong></span> <span class='ocrx_word' id='word_1_186' title='bbox 1742 2398 1901 2454; x_wconf 66' lang='lat' dir='ltr'><strong>paena</strong></span> <span class='ocrx_word' id='word_1_187' title='bbox 1941 2393 2049 2450; x_wconf 90' lang='lat' dir='ltr'><strong>est,</strong></span> <span class='ocrx_word' id='word_1_188' title='bbox 2098 2385 2154 2440; x_wconf 90' lang='lat' dir='ltr'><strong>in</strong></span> 
     </span>
    </p>
   </div>
   <div class='ocr_carea' id='block_1_25' title="bbox 577 2470 2155 2543">
    <p class='ocr_par' dir='ltr' id='par_1_25' title="bbox 577 2470 2155 2543">
     <span class='ocr_line' id='line_1_25' title="bbox 577 2470 2155 2543; baseline 0.004 -18"><span class='ocrx_word' id='word_1_189' title='bbox 577 2470 770 2525; x_wconf 82' lang='lat' dir='ltr'><strong>ancilla</strong></span> <span class='ocrx_word' id='word_1_190' title='bbox 806 2481 986 2528; x_wconf 85' lang='lat' dir='ltr'><strong>autem</strong></span> <span class='ocrx_word' id='word_1_191' title='bbox 1016 2474 1205 2539; x_wconf 86' lang='lat' dir='ltr'><strong>nubili,</strong></span> <span class='ocrx_word' id='word_1_192' title='bbox 1236 2484 1311 2539; x_wconf 89' lang='lat' dir='ltr'><strong>et,</strong></span> <span class='ocrx_word' id='word_1_193' title='bbox 1343 2477 1637 2531; x_wconf 88' lang='lat' dir='ltr'><strong>secundum</strong></span> <span class='ocrx_word' id='word_1_194' title='bbox 1689 2476 1854 2543; x_wconf 77' lang='lat' dir='ltr'><strong>LXX,</strong></span> <span class='ocrx_word' id='word_1_195' title='bbox 1895 2478 2155 2531; x_wconf 72' lang='lat' dir='ltr'><strong>custodita</strong></span> 
     </span>
    </p>
   </div>
   <div class='ocr_carea' id='block_1_26' title="bbox 576 2560 2152 2635">
    <p class='ocr_par' dir='ltr' id='par_1_26' title="bbox 576 2560 2152 2635">
     <span class='ocr_line' id='line_1_26' title="bbox 576 2560 2152 2635; baseline 0.004 -22"><span class='ocrx_word' id='word_1_196' title='bbox 576 2560 799 2627; x_wconf 80' lang='lat' dir='ltr'><strong>homini,</strong></span> <span class='ocrx_word' id='word_1_197' title='bbox 824 2563 876 2617; x_wconf 91' lang='lat' dir='ltr'><strong>id</strong></span> <span class='ocrx_word' id='word_1_198' title='bbox 906 2572 990 2619; x_wconf 90' lang='lat' dir='ltr'><strong>est</strong></span> <span class='ocrx_word' id='word_1_199' title='bbox 1009 2565 1355 2634; x_wconf 89' lang='lat' dir='ltr'><strong>desponsata,</strong></span> <span class='ocrx_word' id='word_1_200' title='bbox 1375 2565 1699 2621; x_wconf 84' lang='lat' dir='ltr'><strong>sacriﬁcium</strong></span> <span class='ocrx_word' id='word_1_201' title='bbox 1714 2565 1933 2635; x_wconf 73' lang='lat' dir='ltr'><strong>iubetur</strong></span> <span class='ocrx_word' id='word_1_202' title='bbox 1949 2566 2152 2632; x_wconf 82' lang='lat' dir='ltr'><strong>ollerri,</strong></span> 
     </span>
    </p>
   </div>
   <div class='ocr_carea' id='block_1_27' title="bbox 576 2655 2153 2737">
    <p class='ocr_par' dir='ltr' id='par_1_27' title="bbox 576 2655 2153 2737">
     <span class='ocr_line' id='line_1_27' title="bbox 576 2655 2153 2737; baseline 0.005 -32"><span class='ocrx_word' id='word_1_203' title='bbox 576 2667 685 2707; x_wconf 90' lang='lat' dir='ltr'><strong>non</strong></span> <span class='ocrx_word' id='word_1_204' title='bbox 712 2663 943 2710; x_wconf 89' lang='lat' dir='ltr'><strong>mortem</strong></span> <span class='ocrx_word' id='word_1_205' title='bbox 973 2655 1184 2711; x_wconf 88' lang='lat' dir='ltr'><strong>inferri.</strong></span> <span class='ocrx_word' id='word_1_206' title='bbox 1215 2656 1579 2737; x_wconf 86' lang='lat' dir='ltr'><strong>Spiritualiter</strong></span> <span class='ocrx_word' id='word_1_207' title='bbox 1604 2665 1783 2712; x_wconf 90' lang='lat' dir='ltr'><strong>tamen</strong></span> <span class='ocrx_word' id='word_1_208' title='bbox 1814 2658 1930 2713; x_wconf 62' lang='lat' dir='ltr'><strong>haec</strong></span> <span class='ocrx_word' id='word_1_209' title='bbox 1956 2658 2153 2713; x_wconf 88' lang='lat' dir='ltr'><strong>intelli-</strong></span> 
     </span>
    </p>
   </div>
   <div class='ocr_carea' id='block_1_28' title="bbox 576 2742 917 2812">
    <p class='ocr_par' dir='ltr' id='par_1_28' title="bbox 576 2742 917 2812">
     <span class='ocr_line' id='line_1_28' title="bbox 576 2742 917 2812; baseline 0.009 -17"><span class='ocrx_word' id='word_1_210' title='bbox 576 2742 750 2812; x_wconf 85' lang='lat' dir='ltr'><strong>genda</strong></span> <span class='ocrx_word' id='word_1_211' title='bbox 773 2752 917 2801; x_wconf 89' lang='lat' dir='ltr'><strong>sunt.</strong></span> 
     </span>
    </p>
   </div>
   <div class='ocr_carea' id='block_1_29' title="bbox 649 2833 2154 2915">
    <p class='ocr_par' dir='ltr' id='par_1_29' title="bbox 649 2833 2154 2915">
     <span class='ocr_line' id='line_1_29' title="bbox 649 2833 2154 2915; baseline 0.007 -26"><span class='ocrx_word' id='word_1_212' title='bbox 649 2833 881 2891; x_wconf 80' lang='lat' dir='ltr'><strong>Nubilis.</strong></span> <span class='ocrx_word' id='word_1_213' title='bbox 911 2837 1055 2894; x_wconf 79' lang='lat' dir='ltr'><strong>LXX</strong></span> <span class='ocrx_word' id='word_1_214' title='bbox 1087 2857 1101 2895; x_wconf 82' lang='lat'><strong>;</strong></span> <span class='ocrx_word' id='word_1_215' title='bbox 1125 2839 1398 2896; x_wconf 78' lang='lat' dir='ltr'><strong>Custodita</strong></span> <span class='ocrx_word' id='word_1_216' title='bbox 1426 2842 1645 2910; x_wconf 84' lang='lat' dir='ltr'><strong>homini,</strong></span> <span class='ocrx_word' id='word_1_217' title='bbox 1673 2841 1727 2897; x_wconf 92' lang='lat' dir='ltr'><strong>id</strong></span> <span class='ocrx_word' id='word_1_218' title='bbox 1748 2849 1834 2898; x_wconf 84' lang='lat' dir='ltr'><strong>est</strong></span> <span class='ocrx_word' id='word_1_219' title='bbox 1868 2841 2154 2915; x_wconf 79' lang='lat' dir='ltr'><strong>Synagoga</strong></span> 
     </span>
    </p>
   </div>
   <div class='ocr_carea' id='block_1_30' title="bbox 576 2927 2151 3005">
    <p class='ocr_par' dir='ltr' id='par_1_30' title="bbox 576 2927 2151 3005">
     <span class='ocr_line' id='line_1_30' title="bbox 576 2927 2151 3005; baseline 0.005 -24"><span class='ocrx_word' id='word_1_220' title='bbox 576 2927 843 2982; x_wconf 75' lang='lat' dir='ltr'><strong>custodita</strong></span> <span class='ocrx_word' id='word_1_221' title='bbox 872 2928 1001 3001; x_wconf 77' lang='lat' dir='ltr'><strong>legi,</strong></span> <span class='ocrx_word' id='word_1_222' title='bbox 1026 2946 1147 3003; x_wconf 64' lang='lat' dir='ltr'><strong>quae</strong></span> <span class='ocrx_word' id='word_1_223' title='bbox 1174 2930 1389 2987; x_wconf 85' lang='lat' dir='ltr'><strong>Christo</strong></span> <span class='ocrx_word' id='word_1_224' title='bbox 1416 2948 1524 2987; x_wconf 89' lang='lat' dir='ltr'><strong>non</strong></span> <span class='ocrx_word' id='word_1_225' title='bbox 1564 2941 1778 3003; x_wconf 87' lang='lat' dir='ltr'><strong>poterat</strong></span> <span class='ocrx_word' id='word_1_226' title='bbox 1808 2933 2151 3005; x_wconf 82' lang='lat' dir='ltr'><strong>chponderi,</strong></span> 
     </span>
    </p>
   </div>
   <div class='ocr_carea' id='block_1_31' title="bbox 574 3017 2155 3096">
    <p class='ocr_par' dir='ltr' id='par_1_31' title="bbox 574 3017 2155 3096">
     <span class='ocr_line' id='line_1_31' title="bbox 574 3017 2155 3096; baseline 0.006 -25"><span class='ocrx_word' id='word_1_227' title='bbox 574 3017 889 3088; x_wconf 82' lang='lat' dir='ltr'><strong>priusquam</strong></span> <span class='ocrx_word' id='word_1_228' title='bbox 916 3030 1222 3077; x_wconf 83' lang='lat' dir='ltr'><strong>moreretur</strong></span> <span class='ocrx_word' id='word_1_229' title='bbox 1262 3022 1441 3082; x_wconf 87' lang='lat' dir='ltr'><strong>littera</strong></span> <span class='ocrx_word' id='word_1_230' title='bbox 1490 3023 1641 3096; x_wconf 70' lang='lat' dir='ltr'><strong>legis.</strong></span> <span class='ocrx_word' id='word_1_231' title='bbox 1699 3024 1851 3085; x_wconf 87' lang='lat' dir='ltr'><strong>Unde</strong></span> <span class='ocrx_word' id='word_1_232' title='bbox 1897 3042 1910 3079; x_wconf 91' lang='lat'>:</span> <span class='ocrx_word' id='word_1_233' title='bbox 1960 3024 2155 3080; x_wconf 78' lang='lat' dir='ltr'><strong>Mortui</strong></span> 
     </span>
    </p>
   </div>
   <div class='ocr_carea' id='block_1_32' title="bbox 576 3109 2150 3190">
    <p class='ocr_par' dir='ltr' id='par_1_32' title="bbox 576 3109 2150 3190">
     <span class='ocr_line' id='line_1_32' title="bbox 576 3109 2150 3190; baseline 0.004 -26"><span class='ocrx_word' id='word_1_234' title='bbox 576 3109 699 3164; x_wconf 69' lang='lat' dir='ltr'><strong>tatis</strong></span> <span class='ocrx_word' id='word_1_235' title='bbox 721 3109 823 3181; x_wconf 85' lang='lat' dir='ltr'><strong>legi</strong></span> <span class='ocrx_word' id='word_1_236' title='bbox 839 3128 933 3182; x_wconf 85' lang='lat' dir='ltr'><strong>per</strong></span> <span class='ocrx_word' id='word_1_237' title='bbox 952 3129 1139 3184; x_wconf 77' lang='lat' dir='ltr'><strong>corpus</strong></span> <span class='ocrx_word' id='word_1_238' title='bbox 1163 3112 1377 3177; x_wconf 75' lang='lat' dir='ltr'><strong>Christi,</strong></span> <span class='ocrx_word' id='word_1_239' title='bbox 1400 3124 1455 3170; x_wconf 82' lang='lat' dir='ltr'><strong>ut</strong></span> <span class='ocrx_word' id='word_1_240' title='bbox 1475 3116 1590 3171; x_wconf 78' lang='lat' dir='ltr'><strong>sitis</strong></span> <span class='ocrx_word' id='word_1_241' title='bbox 1604 3116 2008 3190; x_wconf 77' lang='lat' dir='ltr'><strong>alterius(liam.</strong></span> <span class='ocrx_word' id='word_1_242' title='bbox 2032 3116 2150 3190; x_wconf 85' lang='lat' dir='ltr'><strong>vn).</strong></span> 
     </span>
    </p>
   </div>
   <div class='ocr_carea' id='block_1_33' title="bbox 2270 562 3760 640">
    <p class='ocr_par' dir='ltr' id='par_1_33' title="bbox 2270 562 3760 640">
     <span class='ocr_line' id='line_1_33' title="bbox 2270 562 3760 640; baseline 0.013 -23"><span class='ocrx_word' id='word_1_243' title='bbox 2270 562 2403 631; x_wconf 80' lang='lat' dir='ltr'><strong>legis</strong></span> <span class='ocrx_word' id='word_1_244' title='bbox 2440 574 2685 620; x_wconf 87' lang='lat' dir='ltr'><strong>sanctum</strong></span> <span class='ocrx_word' id='word_1_245' title='bbox 2711 569 3053 623; x_wconf 88' lang='lat' dir='ltr'><strong>commendat</strong></span> <span class='ocrx_word' id='word_1_246' title='bbox 3080 577 3134 623; x_wconf 89' lang='lat' dir='ltr'><strong>et</strong></span> <span class='ocrx_word' id='word_1_247' title='bbox 3161 569 3493 637; x_wconf 84' lang='lat' dir='ltr'><strong>laudabilem,</strong></span> <span class='ocrx_word' id='word_1_248' title='bbox 3516 591 3607 632; x_wconf 86' lang='lat' dir='ltr'><strong>non</strong></span> <span class='ocrx_word' id='word_1_249' title='bbox 3629 588 3760 640; x_wconf 79' lang='lat' dir='ltr'><strong>tamen</strong></span> 
     </span>
    </p>
   </div>
   <div class='ocr_carea' id='block_1_34' title="bbox 2268 648 3761 742">
    <p class='ocr_par' dir='ltr' id='par_1_34' title="bbox 2268 648 3761 742">
     <span class='ocr_line' id='line_1_34' title="bbox 2268 648 3761 742; baseline 0.017 -35"><span class='ocrx_word' id='word_1_250' title='bbox 2268 655 2443 711; x_wconf 89' lang='lat' dir='ltr'><strong>adhuc</strong></span> <span class='ocrx_word' id='word_1_251' title='bbox 2468 672 2587 712; x_wconf 90' lang='lat' dir='ltr'><strong>esse</strong></span> <span class='ocrx_word' id='word_1_252' title='bbox 2614 656 2812 713; x_wconf 59' lang='lat' dir='ltr'><strong>Iudaeis</strong></span> <span class='ocrx_word' id='word_1_253' title='bbox 2839 660 3101 716; x_wconf 86' lang='lat' dir='ltr'><strong>esibllem.</strong></span> <span class='ocrx_word' id='word_1_254' title='bbox 3150 661 3374 718; x_wconf 80' lang='lat' dir='ltr'><strong>Fructus</strong></span> <span class='ocrx_word' id='word_1_255' title='bbox 3414 666 3545 722; x_wconf 90' lang='lat' dir='ltr'><strong>enim</strong></span> <span class='ocrx_word' id='word_1_256' title='bbox 3581 667 3686 742; x_wconf 80' lang='lat' dir='ltr'><strong>legis</strong></span> <span class='ocrx_word' id='word_1_257' title='bbox 3723 648 3761 732; x_wconf 76' lang='lat' dir='ltr'><strong>in</strong></span> 
     </span>
    </p>
   </div>
   <div class='ocr_carea' id='block_1_35' title="bbox 2268 751 3762 822">
    <p class='ocr_par' dir='ltr' id='par_1_35' title="bbox 2268 751 3762 822">
     <span class='ocr_line' id='line_1_35' title="bbox 2268 751 3762 822; baseline 0.016 -25"><span class='ocrx_word' id='word_1_258' title='bbox 2268 757 2461 816; x_wconf 87' lang='lat' dir='ltr'><strong>quarto</strong></span> <span class='ocrx_word' id='word_1_259' title='bbox 2496 764 2655 813; x_wconf 85' lang='lat' dir='ltr'><strong>anno,</strong></span> <span class='ocrx_word' id='word_1_260' title='bbox 2690 751 2738 804; x_wconf 90' lang='lat' dir='ltr'><strong>id</strong></span> <span class='ocrx_word' id='word_1_261' title='bbox 2763 762 2844 805; x_wconf 85' lang='lat' dir='ltr'><strong>est</strong></span> <span class='ocrx_word' id='word_1_262' title='bbox 2870 752 2921 806; x_wconf 92' lang='lat' dir='ltr'><strong>in</strong></span> <span class='ocrx_word' id='word_1_263' title='bbox 2959 752 3188 807; x_wconf 88' lang='lat' dir='ltr'><strong>adventu</strong></span> <span class='ocrx_word' id='word_1_264' title='bbox 3243 752 3456 822; x_wconf 89' lang='lat' dir='ltr'><strong>Christi,</strong></span> <span class='ocrx_word' id='word_1_265' title='bbox 3503 771 3686 818; x_wconf 85' lang='lat' dir='ltr'><strong>sanctus</strong></span> <span class='ocrx_word' id='word_1_266' title='bbox 3724 774 3762 821; x_wconf 84' lang='lat' dir='ltr'><strong>et</strong></span> 
     </span>
    </p>
   </div>
   <div class='ocr_carea' id='block_1_36' title="bbox 2264 835 3760 919">
    <p class='ocr_par' dir='ltr' id='par_1_36' title="bbox 2264 835 3760 919">
     <span class='ocr_line' id='line_1_36' title="bbox 2264 835 3760 919; baseline 0.015 -31"><span class='ocrx_word' id='word_1_267' title='bbox 2264 835 2569 903; x_wconf 68' lang='lat' dir='ltr'><strong>laudabilis,</strong></span> <span class='ocrx_word' id='word_1_268' title='bbox 2615 855 2774 910; x_wconf 91' lang='lat' dir='ltr'><strong>quem</strong></span> <span class='ocrx_word' id='word_1_269' title='bbox 2806 840 3061 896; x_wconf 89' lang='lat' dir='ltr'><strong>Sanctum</strong></span> <span class='ocrx_word' id='word_1_270' title='bbox 3107 854 3411 901; x_wconf 86' lang='lat' dir='ltr'><strong>sanctorum</strong></span> <span class='ocrx_word' id='word_1_271' title='bbox 3452 848 3665 919; x_wconf 79' lang='lat' dir='ltr'><strong>faciebat,</strong></span> <span class='ocrx_word' id='word_1_272' title='bbox 3698 870 3760 911; x_wconf 84' lang='lat' dir='ltr'><strong>cu-</strong></span> 
     </span>
    </p>
   </div>
   <div class='ocr_carea' id='block_1_37' title="bbox 2259 924 3761 1016">
    <p class='ocr_par' dir='ltr' id='par_1_37' title="bbox 2259 924 3761 1016">
     <span class='ocr_line' id='line_1_37' title="bbox 2259 924 3761 1016; baseline 0.012 -37"><span class='ocrx_word' id='word_1_273' title='bbox 2259 924 2350 994; x_wconf 85' lang='lat' dir='ltr'><strong>jus</strong></span> <span class='ocrx_word' id='word_1_274' title='bbox 2373 943 2534 997; x_wconf 88' lang='lat' dir='ltr'><strong>opera</strong></span> <span class='ocrx_word' id='word_1_275' title='bbox 2563 928 2848 985; x_wconf 82' lang='lat' dir='ltr'><strong>laudabilia</strong></span> <span class='ocrx_word' id='word_1_276' title='bbox 2885 942 2939 986; x_wconf 92' lang='lat' dir='ltr'><strong>et</strong></span> <span class='ocrx_word' id='word_1_277' title='bbox 2967 932 3216 1004; x_wconf 86' lang='lat' dir='ltr'><strong>gloriosa.</strong></span> <span class='ocrx_word' id='word_1_278' title='bbox 3259 934 3409 992; x_wconf 86' lang='lat' dir='ltr'><strong>Unde</strong></span> <span class='ocrx_word' id='word_1_279' title='bbox 3429 947 3479 993; x_wconf 91' lang='lat' dir='ltr'><strong>et</strong></span> <span class='ocrx_word' id='word_1_280' title='bbox 3520 939 3567 994; x_wconf 90' lang='lat' dir='ltr'><strong>in</strong></span> <span class='ocrx_word' id='word_1_281' title='bbox 3602 946 3761 1016; x_wconf 68' lang='lat' dir='ltr'><strong>paraly-</strong></span> 
     </span>
    </p>
   </div>
   <div class='ocr_carea' id='block_1_38' title="bbox 2269 1017 3757 1101">
    <p class='ocr_par' dir='ltr' id='par_1_38' title="bbox 2269 1017 3757 1101">
     <span class='ocr_line' id='line_1_38' title="bbox 2269 1017 3757 1101; baseline 0.011 -32"><span class='ocrx_word' id='word_1_282' title='bbox 2269 1017 2376 1072; x_wconf 88' lang='lat' dir='ltr'><strong>tico</strong></span> <span class='ocrx_word' id='word_1_283' title='bbox 2401 1020 2682 1089; x_wconf 78' lang='lat' dir='ltr'><strong>grabatum</strong></span> <span class='ocrx_word' id='word_1_284' title='bbox 2709 1030 2955 1090; x_wconf 87' lang='lat' dir='ltr'><strong>portante</strong></span> <span class='ocrx_word' id='word_1_285' title='bbox 2987 1023 3359 1092; x_wconf 83' lang='lat' dir='ltr'><strong>glorificabant</strong></span> <span class='ocrx_word' id='word_1_286' title='bbox 3402 1027 3555 1081; x_wconf 90' lang='lat' dir='ltr'><strong>Deum</strong></span> <span class='ocrx_word' id='word_1_287' title='bbox 3595 1029 3757 1101; x_wconf 69' lang='lat' dir='ltr'><strong>(Manli.</strong></span> 
     </span>
    </p>
   </div>
   <div class='ocr_carea' id='block_1_39' title="bbox 2263 1110 3758 1183">
    <p class='ocr_par' dir='ltr' id='par_1_39' title="bbox 2263 1110 3758 1183">
     <span class='ocr_line' id='line_1_39' title="bbox 2263 1110 3758 1183; baseline 0.01 -21"><span class='ocrx_word' id='word_1_288' title='bbox 2263 1110 2403 1179; x_wconf 86' lang='lat' dir='ltr'><strong>vm),</strong></span> <span class='ocrx_word' id='word_1_289' title='bbox 2451 1111 2540 1181; x_wconf 90' lang='lat' dir='ltr'><strong>qui</strong></span> <span class='ocrx_word' id='word_1_290' title='bbox 2599 1112 2747 1165; x_wconf 88' lang='lat' dir='ltr'><strong>dedit</strong></span> <span class='ocrx_word' id='word_1_291' title='bbox 2797 1112 2956 1166; x_wconf 86' lang='lat' dir='ltr'><strong>talem</strong></span> <span class='ocrx_word' id='word_1_292' title='bbox 3001 1123 3322 1183; x_wconf 78' lang='lat' dir='ltr'><strong>potestatem</strong></span> <span class='ocrx_word' id='word_1_293' title='bbox 3363 1118 3758 1177; x_wconf 83' lang='lat' dir='ltr'><strong>hominibus:sed</strong></span> 
     </span>
    </p>
   </div>
   <div class='ocr_carea' id='block_1_40' title="bbox 2265 1200 3760 1278">
    <p class='ocr_par' dir='ltr' id='par_1_40' title="bbox 2265 1200 3760 1278">
     <span class='ocr_line' id='line_1_40' title="bbox 2265 1200 3760 1278; baseline 0.009 -25"><span class='ocrx_word' id='word_1_294' title='bbox 2265 1201 2499 1254; x_wconf 88' lang='lat' dir='ltr'><strong>nondum</strong></span> <span class='ocrx_word' id='word_1_295' title='bbox 2516 1200 2954 1267; x_wconf 77' lang='lat' dir='ltr'><strong>edebatJudzeus,</strong></span> <span class='ocrx_word' id='word_1_296' title='bbox 2973 1203 3095 1271; x_wconf 83' lang='lat' dir='ltr'><strong>quia</strong></span> <span class='ocrx_word' id='word_1_297' title='bbox 3120 1220 3223 1259; x_wconf 91' lang='lat' dir='ltr'><strong>non</strong></span> <span class='ocrx_word' id='word_1_298' title='bbox 3240 1220 3537 1261; x_wconf 86' lang='lat' dir='ltr'><strong>conversus.</strong></span> <span class='ocrx_word' id='word_1_299' title='bbox 3555 1206 3605 1261; x_wconf 92' lang='lat' dir='ltr'><strong>lu</strong></span> <span class='ocrx_word' id='word_1_300' title='bbox 3622 1210 3760 1278; x_wconf 83' lang='lat' dir='ltr'><strong>quinto</strong></span> 
     </span>
    </p>
   </div>
   <div class='ocr_carea' id='block_1_41' title="bbox 2264 1293 3760 1366">
    <p class='ocr_par' dir='ltr' id='par_1_41' title="bbox 2264 1293 3760 1366">
     <span class='ocr_line' id='line_1_41' title="bbox 2264 1293 3760 1366; baseline 0.009 -22"><span class='ocrx_word' id='word_1_301' title='bbox 2264 1306 2393 1345; x_wconf 87' lang='lat' dir='ltr'><strong>vero</strong></span> <span class='ocrx_word' id='word_1_302' title='bbox 2415 1308 2578 1357; x_wconf 91' lang='lat' dir='ltr'><strong>anno,</strong></span> <span class='ocrx_word' id='word_1_303' title='bbox 2612 1293 2663 1347; x_wconf 93' lang='lat' dir='ltr'><strong>id</strong></span> <span class='ocrx_word' id='word_1_304' title='bbox 2693 1302 2777 1347; x_wconf 83' lang='lat' dir='ltr'><strong>est</strong></span> <span class='ocrx_word' id='word_1_305' title='bbox 2801 1294 3217 1363; x_wconf 67' lang='lat' dir='ltr'><strong>praedicantibus</strong></span> <span class='ocrx_word' id='word_1_306' title='bbox 3271 1298 3539 1366; x_wconf 88' lang='lat' dir='ltr'><strong>apostolis.</strong></span> <span class='ocrx_word' id='word_1_307' title='bbox 3583 1298 3760 1357; x_wconf 73' lang='lat' dir='ltr'><strong>fructum</strong></span> 
     </span>
    </p>
   </div>
   <div class='ocr_carea' id='block_1_42' title="bbox 2263 1380 3354 1455">
    <p class='ocr_par' dir='ltr' id='par_1_42' title="bbox 2263 1380 3354 1455">
     <span class='ocr_line' id='line_1_42' title="bbox 2263 1380 3354 1455; baseline 0.005 -20"><span class='ocrx_word' id='word_1_308' title='bbox 2263 1380 2377 1450; x_wconf 86' lang='lat' dir='ltr'><strong>ejus</strong></span> <span class='ocrx_word' id='word_1_309' title='bbox 2402 1384 2630 1438; x_wconf 88' lang='lat' dir='ltr'><strong>ederunt</strong></span> <span class='ocrx_word' id='word_1_310' title='bbox 2654 1386 2959 1455; x_wconf 89' lang='lat' dir='ltr'><strong>quicunque</strong></span> <span class='ocrx_word' id='word_1_311' title='bbox 2992 1386 3354 1440; x_wconf 89' lang='lat' dir='ltr'><strong>crediderunt.</strong></span> 
     </span>
    </p>
   </div>
   <div class='ocr_carea' id='block_1_43' title="bbox 2336 1474 3757 1554">
    <p class='ocr_par' dir='ltr' id='par_1_43' title="bbox 2336 1474 3757 1554">
     <span class='ocr_line' id='line_1_43' title="bbox 2336 1474 3757 1554; baseline 0.007 -25"><span class='ocrx_word' id='word_1_312' title='bbox 2336 1474 2402 1529; x_wconf 87' lang='lat' dir='ltr'><strong>Et</strong></span> <span class='ocrx_word' id='word_1_313' title='bbox 2432 1476 2811 1546; x_wconf 75' lang='lat' dir='ltr'><strong>plantareritis,</strong></span> <span class='ocrx_word' id='word_1_314' title='bbox 2835 1484 2937 1532; x_wconf 90' lang='lat' dir='ltr'><strong>etc.</strong></span> <span class='ocrx_word' id='word_1_315' title='bbox 2965 1476 3180 1547; x_wconf 60' lang='lat' dir='ltr'><strong>(Casa,</strong></span> <span class='ocrx_word' id='word_1_316' title='bbox 3212 1478 3303 1532; x_wconf 90' lang='lat' dir='ltr'><strong>lib.</strong></span> <span class='ocrx_word' id='word_1_317' title='bbox 3336 1495 3431 1534; x_wconf 85' lang='lat' dir='ltr'><strong>vm</strong></span> <span class='ocrx_word' id='word_1_318' title='bbox 3459 1478 3757 1554; x_wconf 79' lang='lat' dir='ltr'><strong>Moral.,cap.</strong></span> 
     </span>
    </p>
   </div>
   <div class='ocr_carea' id='block_1_44' title="bbox 2262 1564 3760 1641">
    <p class='ocr_par' dir='ltr' id='par_1_44' title="bbox 2262 1564 3760 1641">
     <span class='ocr_line' id='line_1_44' title="bbox 2262 1564 3760 1641; baseline 0.005 -21"><span class='ocrx_word' id='word_1_319' title='bbox 2262 1564 2375 1637; x_wconf 79' lang='lat'><strong>35.)</strong></span> <span class='ocrx_word' id='word_1_320' title='bbox 2410 1566 2577 1637; x_wconf 86' lang='lat' dir='ltr'><strong>Ligna</strong></span> <span class='ocrx_word' id='word_1_321' title='bbox 2610 1567 2891 1637; x_wconf 84' lang='lat' dir='ltr'><strong>pomifera,</strong></span> <span class='ocrx_word' id='word_1_322' title='bbox 2933 1577 3035 1623; x_wconf 92' lang='lat' dir='ltr'><strong>etc.</strong></span> <span class='ocrx_word' id='word_1_323' title='bbox 3071 1610 3085 1635; x_wconf 95' lang='lat'><strong>,</strong></span> <span class='ocrx_word' id='word_1_324' title='bbox 3140 1585 3303 1640; x_wconf 81' lang='lat' dir='ltr'><strong>usque</strong></span> <span class='ocrx_word' id='word_1_325' title='bbox 3342 1570 3411 1623; x_wconf 79' lang='lat' dir='ltr'><strong>ad</strong></span> <span class='ocrx_word' id='word_1_326' title='bbox 3452 1570 3502 1625; x_wconf 90' lang='lat' dir='ltr'><strong>in</strong></span> <span class='ocrx_word' id='word_1_327' title='bbox 3544 1574 3760 1641; x_wconf 75' lang='lat' dir='ltr'><strong>praesentis</strong></span> 
     </span>
    </p>
   </div>
   <div class='ocr_carea' id='block_1_45' title="bbox 2261 1658 2842 1728">
    <p class='ocr_par' dir='ltr' id='par_1_45' title="bbox 2261 1658 2842 1728">
     <span class='ocr_line' id='line_1_45' title="bbox 2261 1658 2842 1728; baseline 0.002 -17"><span class='ocrx_word' id='word_1_328' title='bbox 2261 1658 2385 1712; x_wconf 71' lang='lat' dir='ltr'><strong>vitae</strong></span> <span class='ocrx_word' id='word_1_329' title='bbox 2413 1667 2567 1713; x_wconf 89' lang='lat' dir='ltr'><strong>nocte</strong></span> <span class='ocrx_word' id='word_1_330' title='bbox 2592 1659 2842 1728; x_wconf 84' lang='lat' dir='ltr'><strong>gaudere.</strong></span> 
     </span>
    </p>
   </div>
   <div class='ocr_carea' id='block_1_46' title="bbox 2334 1744 3759 1817">
    <p class='ocr_par' dir='ltr' id='par_1_46' title="bbox 2334 1744 3759 1817">
     <span class='ocr_line' id='line_1_46' title="bbox 2334 1744 3759 1817; baseline 0.002 -14"><span class='ocrx_word' id='word_1_331' title='bbox 2334 1744 2495 1803; x_wconf 78' lang='lat' dir='ltr'><strong>Vens.</strong></span> <span class='ocrx_word' id='word_1_332' title='bbox 2517 1748 2606 1803; x_wconf 68' lang='lat'><strong>26.</strong></span> <span class='ocrx_word' id='word_1_333' title='bbox 2621 1749 2827 1803; x_wconf 85' lang='grc' dir='ltr'><strong>-Νοη</strong></span> <span class='ocrx_word' id='word_1_334' title='bbox 2850 1750 3147 1817; x_wconf 78' lang='lat' dir='ltr'><strong>comedetis,</strong></span> <span class='ocrx_word' id='word_1_335' title='bbox 3177 1759 3287 1807; x_wconf 91' lang='lat' dir='ltr'><strong>etc.</strong></span> <span class='ocrx_word' id='word_1_336' title='bbox 3311 1750 3499 1805; x_wconf 89' lang='lat' dir='ltr'><strong>Totum</strong></span> <span class='ocrx_word' id='word_1_337' title='bbox 3521 1750 3759 1806; x_wconf 61' lang='lat' dir='ltr'><strong>Iudaeorum</strong></span> 
     </span>
    </p>
   </div>
   <div class='ocr_carea' id='block_1_47' title="bbox 2193 1819 3762 1911">
    <p class='ocr_par' dir='ltr' id='par_1_47' title="bbox 2193 1819 3762 1911">
     <span class='ocr_line' id='line_1_47' title="bbox 2193 1819 3762 1911; baseline 0.003 -19"><span class='ocrx_word' id='word_1_338' title='bbox 2193 1819 2237 1878; x_wconf 75' lang='grc' dir='ltr'><strong>Β</strong></span> <span class='ocrx_word' id='word_1_339' title='bbox 2265 1848 2319 1893; x_wconf 90' lang='lat' dir='ltr'><strong>et</strong></span> <span class='ocrx_word' id='word_1_340' title='bbox 2342 1839 2618 1910; x_wconf 81' lang='lat' dir='ltr'><strong>gentilium</strong></span> <span class='ocrx_word' id='word_1_341' title='bbox 2648 1840 2788 1894; x_wconf 90' lang='lat' dir='ltr'><strong>radit</strong></span> <span class='ocrx_word' id='word_1_342' title='bbox 2830 1839 3169 1895; x_wconf 82' lang='lat' dir='ltr'><strong>fermentum.</strong></span> <span class='ocrx_word' id='word_1_343' title='bbox 3215 1841 3367 1897; x_wconf 77' lang='lat' dir='ltr'><strong>Unde</strong></span> <span class='ocrx_word' id='word_1_344' title='bbox 3407 1856 3540 1897; x_wconf 91' lang='lat' dir='ltr'><strong>nunc</strong></span> <span class='ocrx_word' id='word_1_345' title='bbox 3574 1842 3762 1911; x_wconf 85' lang='lat' dir='ltr'><strong>prohibet</strong></span> 
     </span>
    </p>
   </div>
   <div class='ocr_carea' id='block_1_48' title="bbox 2266 1928 3533 1998">
    <p class='ocr_par' dir='ltr' id='par_1_48' title="bbox 2266 1928 3533 1998">
     <span class='ocr_line' id='line_1_48' title="bbox 2266 1928 3533 1998; baseline 0.002 -17"><span class='ocrx_word' id='word_1_346' title='bbox 2266 1942 2297 1981; x_wconf 89' lang='lat' dir='ltr'><strong>a</strong></span> <span class='ocrx_word' id='word_1_347' title='bbox 2324 1928 2457 1998; x_wconf 81' lang='lat' dir='ltr'><strong>legis</strong></span> <span class='ocrx_word' id='word_1_348' title='bbox 2486 1930 2765 1993; x_wconf 84' lang='lat' dir='ltr'><strong>servitute,</strong></span> <span class='ocrx_word' id='word_1_349' title='bbox 2798 1944 2941 1983; x_wconf 88' lang='lat' dir='ltr'><strong>nunc</strong></span> <span class='ocrx_word' id='word_1_350' title='bbox 2969 1945 2998 1982; x_wconf 92' lang='lat' dir='ltr'><strong>a</strong></span> <span class='ocrx_word' id='word_1_351' title='bbox 3030 1929 3311 1994; x_wconf 75' lang='lat' dir='ltr'><strong>gentilium</strong></span> <span class='ocrx_word' id='word_1_352' title='bbox 3339 1945 3533 1985; x_wconf 89' lang='lat' dir='ltr'><strong>errore.</strong></span> 
     </span>
    </p>
   </div>
   <div class='ocr_carea' id='block_1_49' title="bbox 2334 2016 3762 2091">
    <p class='ocr_par' dir='ltr' id='par_1_49' title="bbox 2334 2016 3762 2091">
     <span class='ocr_line' id='line_1_49' title="bbox 2334 2016 3762 2091; baseline 0.001 -19"><span class='ocrx_word' id='word_1_353' title='bbox 2334 2016 2512 2091; x_wconf 71' lang='grc' dir='ltr'><strong>(Αυθ.)</strong></span> <span class='ocrx_word' id='word_1_354' title='bbox 2534 2020 2648 2074; x_wconf 87' lang='lat' dir='ltr'><strong>Non</strong></span> <span class='ocrx_word' id='word_1_355' title='bbox 2677 2019 2957 2075; x_wconf 85' lang='lat' dir='ltr'><strong>comedere</strong></span> <span class='ocrx_word' id='word_1_356' title='bbox 2981 2034 3143 2088; x_wconf 86' lang='lat' dir='ltr'><strong>super</strong></span> <span class='ocrx_word' id='word_1_357' title='bbox 3186 2029 3418 2085; x_wconf 88' lang='lat' dir='ltr'><strong>montes,</strong></span> <span class='ocrx_word' id='word_1_358' title='bbox 3465 2031 3540 2074; x_wconf 82' lang='lat' dir='ltr'><strong>est</strong></span> <span class='ocrx_word' id='word_1_359' title='bbox 3578 2018 3762 2088; x_wconf 80' lang='lat' dir='ltr'><strong>superbis</strong></span> 
     </span>
    </p>
   </div>
   <div class='ocr_carea' id='block_1_50' title="bbox 2264 2107 3761 2179">
    <p class='ocr_par' dir='ltr' id='par_1_50' title="bbox 2264 2107 3761 2179">
     <span class='ocr_line' id='line_1_50' title="bbox 2264 2107 3761 2179; baseline -0.001 -16"><span class='ocrx_word' id='word_1_360' title='bbox 2264 2109 2676 2178; x_wconf 81' lang='lat' dir='ltr'><strong>cogitationibus</strong></span> <span class='ocrx_word' id='word_1_361' title='bbox 2704 2123 2809 2162; x_wconf 92' lang='lat' dir='ltr'><strong>non</strong></span> <span class='ocrx_word' id='word_1_362' title='bbox 2858 2108 3026 2178; x_wconf 89' lang='lat' dir='ltr'><strong>pasci,</strong></span> <span class='ocrx_word' id='word_1_363' title='bbox 3074 2109 3138 2163; x_wconf 89' lang='lat' dir='ltr'><strong>de</strong></span> <span class='ocrx_word' id='word_1_364' title='bbox 3186 2109 3381 2179; x_wconf 88' lang='lat' dir='ltr'><strong>quibus</strong></span> <span class='ocrx_word' id='word_1_365' title='bbox 3420 2107 3761 2164; x_wconf 73' lang='lat' dir='ltr'><strong>isaias:0mit</strong></span> 
     </span>
    </p>
   </div>
   <div class='ocr_carea' id='block_1_51' title="bbox 2262 2197 3760 2272">
    <p class='ocr_par' dir='ltr' id='par_1_51' title="bbox 2262 2197 3760 2272">
     <span class='ocr_line' id='line_1_51' title="bbox 2262 2197 3760 2272; baseline -0.001 -19"><span class='ocrx_word' id='word_1_366' title='bbox 2262 2216 2410 2255; x_wconf 76' lang='lat' dir='ltr'><strong>mons</strong></span> <span class='ocrx_word' id='word_1_367' title='bbox 2436 2210 2482 2254; x_wconf 89' lang='lat' dir='ltr'><strong>et</strong></span> <span class='ocrx_word' id='word_1_368' title='bbox 2506 2199 2652 2253; x_wconf 86' lang='lat' dir='ltr'><strong>collis</strong></span> <span class='ocrx_word' id='word_1_369' title='bbox 2676 2199 3039 2253; x_wconf 85' lang='lat' dir='ltr'><strong>Immiliabitur</strong></span> <span class='ocrx_word' id='word_1_370' title='bbox 3092 2199 3233 2272; x_wconf 87' lang='lat' dir='ltr'><strong>(Isa.</strong></span> <span class='ocrx_word' id='word_1_371' title='bbox 3260 2199 3370 2271; x_wconf 69' lang='lat' dir='ltr'><strong>XL).</strong></span> <span class='ocrx_word' id='word_1_372' title='bbox 3422 2199 3531 2254; x_wconf 82' lang='lat' dir='ltr'><strong>Non</strong></span> <span class='ocrx_word' id='word_1_373' title='bbox 3572 2197 3760 2269; x_wconf 74' lang='lat' dir='ltr'><strong>augurari</strong></span> 
     </span>
    </p>
   </div>
   <div class='ocr_carea' id='block_1_52' title="bbox 2262 2280 3761 2360">
    <p class='ocr_par' dir='ltr' id='par_1_52' title="bbox 2262 2280 3761 2360">
     <span class='ocr_line' id='line_1_52' title="bbox 2262 2280 3761 2360; baseline -0.001 -17"><span class='ocrx_word' id='word_1_374' title='bbox 2262 2289 2591 2354; x_wconf 88' lang='lat' dir='ltr'><strong>volucribus,</strong></span> <span class='ocrx_word' id='word_1_375' title='bbox 2626 2305 2731 2344; x_wconf 90' lang='lat' dir='ltr'><strong>non</strong></span> <span class='ocrx_word' id='word_1_376' title='bbox 2761 2289 3043 2344; x_wconf 87' lang='lat' dir='ltr'><strong>attendere</strong></span> <span class='ocrx_word' id='word_1_377' title='bbox 3076 2305 3197 2359; x_wconf 71' lang='lat' dir='ltr'><strong>qum</strong></span> <span class='ocrx_word' id='word_1_378' title='bbox 3224 2280 3433 2360; x_wconf 79' lang='lat' dir='ltr'><strong>rapiunt</strong></span> <span class='ocrx_word' id='word_1_379' title='bbox 3462 2304 3621 2345; x_wconf 85' lang='lat' dir='ltr'><strong>semen</strong></span> <span class='ocrx_word' id='word_1_380' title='bbox 3638 2289 3761 2356; x_wconf 85' lang='lat' dir='ltr'><strong>pieta-</strong></span> 
     </span>
    </p>
   </div>
   <div class='ocr_carea' id='block_1_53' title="bbox 2264 2363 3763 2447">
    <p class='ocr_par' dir='ltr' id='par_1_53' title="bbox 2264 2363 3763 2447">
     <span class='ocr_line' id='line_1_53' title="bbox 2264 2363 3763 2447; baseline -0.003 -14"><span class='ocrx_word' id='word_1_381' title='bbox 2264 2379 2352 2433; x_wconf 89' lang='lat' dir='ltr'><strong>tis.</strong></span> <span class='ocrx_word' id='word_1_382' title='bbox 2386 2377 2606 2434; x_wconf 89' lang='lat' dir='ltr'><strong>Comam</strong></span> <span class='ocrx_word' id='word_1_383' title='bbox 2651 2379 2703 2432; x_wconf 91' lang='lat' dir='ltr'><strong>in</strong></span> <span class='ocrx_word' id='word_1_384' title='bbox 2755 2379 3039 2433; x_wconf 88' lang='lat' dir='ltr'><strong>rotundum</strong></span> <span class='ocrx_word' id='word_1_385' title='bbox 3072 2379 3321 2441; x_wconf 85' lang='lat' dir='ltr'><strong>tondere,</strong></span> <span class='ocrx_word' id='word_1_386' title='bbox 3363 2388 3444 2433; x_wconf 87' lang='lat' dir='ltr'><strong>est</strong></span> <span class='ocrx_word' id='word_1_387' title='bbox 3485 2363 3763 2447; x_wconf 74' lang='lat' dir='ltr'><strong>cogitationes</strong></span> 
     </span>
    </p>
   </div>
   <div class='ocr_carea' id='block_1_54' title="bbox 2262 2469 3763 2532">
    <p class='ocr_par' dir='ltr' id='par_1_54' title="bbox 2262 2469 3763 2532">
     <span class='ocr_line' id='line_1_54' title="bbox 2262 2469 3763 2532; baseline -0.005 -4"><span class='ocrx_word' id='word_1_388' title='bbox 2262 2472 2594 2528; x_wconf 70' lang='lat' dir='ltr'><strong>dtemonibus</strong></span> <span class='ocrx_word' id='word_1_389' title='bbox 2621 2486 2958 2526; x_wconf 88' lang='lat' dir='ltr'><strong>consecrare.</strong></span> <span class='ocrx_word' id='word_1_390' title='bbox 2991 2471 3226 2526; x_wconf 70' lang='lat' dir='ltr'><strong>Barbam</strong></span> <span class='ocrx_word' id='word_1_391' title='bbox 3260 2471 3465 2532; x_wconf 88' lang='lat' dir='ltr'><strong>radere.</strong></span> <span class='ocrx_word' id='word_1_392' title='bbox 3493 2479 3567 2525; x_wconf 89' lang='lat' dir='ltr'><strong>est</strong></span> <span class='ocrx_word' id='word_1_393' title='bbox 3603 2469 3763 2523; x_wconf 73' lang='lat' dir='ltr'><strong>virtutis</strong></span> 
     </span>
    </p>
   </div>
   <div class='ocr_carea' id='block_1_55' title="bbox 2260 2556 3760 2633">
    <p class='ocr_par' dir='ltr' id='par_1_55' title="bbox 2260 2556 3760 2633">
     <span class='ocr_line' id='line_1_55' title="bbox 2260 2556 3760 2633; baseline -0.003 -18"><span class='ocrx_word' id='word_1_394' title='bbox 2260 2559 2644 2633; x_wconf 78' lang='lat' dir='ltr'><strong>perfectionem</strong></span> <span class='ocrx_word' id='word_1_395' title='bbox 2676 2574 3045 2628; x_wconf 88' lang='lat' dir='ltr'><strong>corrumpere,</strong></span> <span class='ocrx_word' id='word_1_396' title='bbox 3084 2557 3210 2614; x_wconf 83' lang='lat' dir='ltr'><strong>ﬁcte</strong></span> <span class='ocrx_word' id='word_1_397' title='bbox 3264 2560 3544 2629; x_wconf 72' lang='lat' dir='ltr'><strong>operando.</strong></span> <span class='ocrx_word' id='word_1_398' title='bbox 3589 2556 3760 2612; x_wconf 79' lang='lat' dir='ltr'><strong>Carnem</strong></span> 
     </span>
    </p>
   </div>
   <div class='ocr_carea' id='block_1_56' title="bbox 2262 2650 3762 2721">
    <p class='ocr_par' dir='ltr' id='par_1_56' title="bbox 2262 2650 3762 2721">
     <span class='ocr_line' id='line_1_56' title="bbox 2262 2650 3762 2721; baseline -0.003 -15"><span class='ocrx_word' id='word_1_399' title='bbox 2262 2667 2367 2707; x_wconf 90' lang='lat' dir='ltr'><strong>non</strong></span> <span class='ocrx_word' id='word_1_400' title='bbox 2396 2653 2650 2717; x_wconf 83' lang='lat' dir='ltr'><strong>incidere,</strong></span> <span class='ocrx_word' id='word_1_401' title='bbox 2677 2659 2761 2707; x_wconf 88' lang='lat' dir='ltr'><strong>est</strong></span> <span class='ocrx_word' id='word_1_402' title='bbox 2779 2650 3167 2705; x_wconf 78' lang='lat' dir='ltr'><strong>delectationes</strong></span> <span class='ocrx_word' id='word_1_403' title='bbox 3191 2667 3299 2706; x_wconf 82' lang='lat' dir='ltr'><strong>non</strong></span> <span class='ocrx_word' id='word_1_404' title='bbox 3325 2652 3598 2721; x_wconf 87' lang='lat' dir='ltr'><strong>suscipere,</strong></span> <span class='ocrx_word' id='word_1_405' title='bbox 3617 2656 3762 2720; x_wconf 67' lang='lat' dir='ltr'><strong>quae!</strong></span> 
     </span>
    </p>
   </div>
   <div class='ocr_carea' id='block_1_57' title="bbox 2260 2741 3760 2812">
    <p class='ocr_par' dir='ltr' id='par_1_57' title="bbox 2260 2741 3760 2812">
     <span class='ocr_line' id='line_1_57' title="bbox 2260 2741 3760 2812; baseline -0.005 -14"><span class='ocrx_word' id='word_1_406' title='bbox 2260 2743 2455 2799; x_wconf 68' lang='lat' dir='ltr'><strong>anima:</strong></span> <span class='ocrx_word' id='word_1_407' title='bbox 2481 2751 2747 2797; x_wconf 90' lang='lat' dir='ltr'><strong>nocentet</strong></span> <span class='ocrx_word' id='word_1_408' title='bbox 2775 2756 2969 2811; x_wconf 90' lang='lat' dir='ltr'><strong>corpus</strong></span> <span class='ocrx_word' id='word_1_409' title='bbox 2981 2751 3357 2812; x_wconf 88' lang='lat' dir='ltr'><strong>corrumpunt.</strong></span> <span class='ocrx_word' id='word_1_410' title='bbox 3373 2741 3760 2812; x_wconf 81' lang='lat' dir='ltr'><strong>Stigmata,prata</strong></span> 
     </span>
    </p>
   </div>
   <div class='ocr_carea' id='block_1_58' title="bbox 2262 2833 3759 2905">
    <p class='ocr_par' dir='ltr' id='par_1_58' title="bbox 2262 2833 3759 2905">
     <span class='ocr_line' id='line_1_58' title="bbox 2262 2833 3759 2905; baseline -0.004 -15"><span class='ocrx_word' id='word_1_411' title='bbox 2262 2834 2523 2898; x_wconf 88' lang='lat' dir='ltr'><strong>doctrina,</strong></span> <span class='ocrx_word' id='word_1_412' title='bbox 2559 2850 2679 2905; x_wconf 62' lang='lat' dir='ltr'><strong>quae</strong></span> <span class='ocrx_word' id='word_1_413' title='bbox 2705 2835 2897 2889; x_wconf 70' lang='lat' dir='ltr'><strong>anima:</strong></span> <span class='ocrx_word' id='word_1_414' title='bbox 2922 2833 3169 2905; x_wconf 80' lang='lat' dir='ltr'><strong>inﬁgitur‘</strong></span> <span class='ocrx_word' id='word_1_415' title='bbox 3185 2846 3242 2888; x_wconf 89' lang='lat' dir='ltr'><strong>et</strong></span> <span class='ocrx_word' id='word_1_416' title='bbox 3264 2833 3536 2890; x_wconf 83' lang='lat' dir='ltr'><strong>diﬂiculter</strong></span> <span class='ocrx_word' id='word_1_417' title='bbox 3558 2833 3759 2888; x_wconf 83' lang='lat' dir='ltr'><strong>aboletur.</strong></span> 
     </span>
    </p>
   </div>
   <div class='ocr_carea' id='block_1_59' title="bbox 2334 2922 3762 3001">
    <p class='ocr_par' dir='ltr' id='par_1_59' title="bbox 2334 2922 3762 3001">
     <span class='ocr_line' id='line_1_59' title="bbox 2334 2922 3762 3001; baseline -0.003 -21"><span class='ocrx_word' id='word_1_418' title='bbox 2334 2926 2457 2981; x_wconf 85' lang='lat' dir='ltr'><strong>Non</strong></span> <span class='ocrx_word' id='word_1_419' title='bbox 2480 2927 2890 2999; x_wconf 83' lang='lat' dir='ltr'><strong>augurabimini,</strong></span> <span class='ocrx_word' id='word_1_420' title='bbox 2912 2934 3015 2981; x_wconf 89' lang='lat' dir='ltr'><strong>etc.</strong></span> <span class='ocrx_word' id='word_1_421' title='bbox 3042 2925 3148 2981; x_wconf 87' lang='lat' dir='ltr'><strong>Per</strong></span> <span class='ocrx_word' id='word_1_422' title='bbox 3177 2935 3385 3001; x_wconf 89' lang='lat' dir='ltr'><strong>partem</strong></span> <span class='ocrx_word' id='word_1_423' title='bbox 3424 2936 3577 2983; x_wconf 85' lang='lat' dir='ltr'><strong>totum</strong></span> <span class='ocrx_word' id='word_1_424' title='bbox 3614 2922 3762 2996; x_wconf 82' lang='lat' dir='ltr'><strong>signiti-</strong></span> 
     </span>
    </p>
   </div>
   <div class='ocr_carea' id='block_1_60' title="bbox 2261 3015 3759 3086">
    <p class='ocr_par' dir='ltr' id='par_1_60' title="bbox 2261 3015 3759 3086">
     <span class='ocr_line' id='line_1_60' title="bbox 2261 3015 3759 3086; baseline -0.001 -15"><span class='ocrx_word' id='word_1_425' title='bbox 2261 3026 2370 3083; x_wconf 85' lang='lat' dir='ltr'><strong>cat,</strong></span> <span class='ocrx_word' id='word_1_426' title='bbox 2407 3028 2597 3072; x_wconf 88' lang='lat' dir='ltr'><strong>omnes</strong></span> <span class='ocrx_word' id='word_1_427' title='bbox 2643 3015 2951 3086; x_wconf 68' lang='lat' dir='ltr'><strong>huiusmodi</strong></span> <span class='ocrx_word' id='word_1_428' title='bbox 2995 3018 3407 3086; x_wconf 68' lang='lat' dir='ltr'><strong>superstitiones</strong></span> <span class='ocrx_word' id='word_1_429' title='bbox 3447 3017 3759 3077; x_wconf 66' lang='lat' dir='ltr'><strong>condemnant.</strong></span> 
     </span>
    </p>
   </div>
   <div class='ocr_carea' id='block_1_61' title="bbox 2262 3106 3763 3177">
    <p class='ocr_par' dir='ltr' id='par_1_61' title="bbox 2262 3106 3763 3177">
     <span class='ocr_line' id='line_1_61' title="bbox 2262 3106 3763 3177; baseline -0.002 -14"><span class='ocrx_word' id='word_1_430' title='bbox 2262 3108 2363 3177; x_wconf 88' lang='lat' dir='ltr'><strong>Qui</strong></span> <span class='ocrx_word' id='word_1_431' title='bbox 2391 3109 2534 3163; x_wconf 87' lang='lat' dir='ltr'><strong>enim</strong></span> <span class='ocrx_word' id='word_1_432' title='bbox 2560 3108 2684 3164; x_wconf 83' lang='lat' dir='ltr'><strong>talia</strong></span> <span class='ocrx_word' id='word_1_433' title='bbox 2712 3119 2868 3165; x_wconf 84' lang='lat' dir='ltr'><strong>curat</strong></span> <span class='ocrx_word' id='word_1_434' title='bbox 2887 3109 3202 3175; x_wconf 74' lang='lat' dir='ltr'><strong>observare,</strong></span> <span class='ocrx_word' id='word_1_435' title='bbox 3231 3111 3398 3167; x_wconf 85' lang='lat' dir='ltr'><strong>Deum</strong></span> <span class='ocrx_word' id='word_1_436' title='bbox 3437 3110 3628 3167; x_wconf 88' lang='lat' dir='ltr'><strong>videtur</strong></span> <span class='ocrx_word' id='word_1_437' title='bbox 3664 3106 3763 3162; x_wconf 74' lang='lat' dir='ltr'><strong>inla-</strong></span> 
     </span>
    </p>
   </div>
   <div class='ocr_carea' id='block_1_62' title="bbox 574 3182 3768 3281">
    <p class='ocr_par' dir='ltr' id='par_1_62' title="bbox 574 3182 3768 3281">
     <span class='ocr_line' id='line_1_62' title="bbox 574 3182 3768 3281; baseline 0.001 -26"><span class='ocrx_word' id='word_1_438' title='bbox 574 3198 786 3256; x_wconf 80' lang='lat' dir='ltr'><strong>Ancilla</strong></span> <span class='ocrx_word' id='word_1_439' title='bbox 811 3211 895 3258; x_wconf 82' lang='lat' dir='ltr'><strong>est</strong></span> <span class='ocrx_word' id='word_1_440' title='bbox 916 3182 1216 3278; x_wconf 80' lang='lat' dir='ltr'><strong>Synagoga,</strong></span> <span class='ocrx_word' id='word_1_441' title='bbox 1246 3208 1537 3263; x_wconf 90' lang='lat' dir='ltr'><strong>secundum</strong></span> <span class='ocrx_word' id='word_1_442' title='bbox 1558 3208 1686 3265; x_wconf 91' lang='lat' dir='ltr'><strong>illud</strong></span> <span class='ocrx_word' id='word_1_443' title='bbox 1711 3227 1724 3264; x_wconf 90' lang='lat'><strong>:</strong></span> <span class='ocrx_word' id='word_1_444' title='bbox 1748 3182 2011 3263; x_wconf 75' lang='lat' dir='ltr'><strong>Abraham</strong></span> <span class='ocrx_word' id='word_1_445' title='bbox 2024 3182 2158 3264; x_wconf 74' lang='lat' dir='ltr'><strong>duos</strong></span> <span class='ocrx_word' id='word_1_446' title='bbox 2186 3182 2231 3247; x_wconf 61' lang='grc' dir='ltr'><strong>(ἶ</strong></span> <span class='ocrx_word' id='word_1_447' title='bbox 2262 3218 2434 3269; x_wconf 88' lang='lat' dir='ltr'><strong>mare,</strong></span> <span class='ocrx_word' id='word_1_448' title='bbox 2463 3213 2715 3275; x_wconf 87' lang='lat' dir='ltr'><strong>tanquam</strong></span> <span class='ocrx_word' id='word_1_449' title='bbox 2738 3203 2857 3274; x_wconf 76' lang='lat' dir='ltr'><strong>phis</strong></span> <span class='ocrx_word' id='word_1_450' title='bbox 2878 3203 3115 3260; x_wconf 62' lang='lat' dir='ltr'><strong>scientia:</strong></span> <span class='ocrx_word' id='word_1_451' title='bbox 3141 3204 3334 3261; x_wconf 89' lang='lat' dir='ltr'><strong>avibus</strong></span> <span class='ocrx_word' id='word_1_452' title='bbox 3353 3220 3505 3281; x_wconf 70' lang='lat' dir='ltr'><strong>quinm</strong></span> <span class='ocrx_word' id='word_1_453' title='bbox 3524 3201 3768 3259; x_wconf 68' lang='lat' dir='ltr'><strong>hominibus</strong></span> 
     </span>
    </p>
   </div>
   <div class='ocr_carea' id='block_1_63' title="bbox 573 3289 2157 3365">
    <p class='ocr_par' dir='ltr' id='par_1_63' title="bbox 573 3289 2157 3365">
     <span class='ocr_line' id='line_1_63' title="bbox 573 3289 2157 3365; baseline 0.006 -20"><span class='ocrx_word' id='word_1_454' title='bbox 573 3289 715 3360; x_wconf 78' lang='lat' dir='ltr'><strong>ﬁlios</strong></span> <span class='ocrx_word' id='word_1_455' title='bbox 765 3293 967 3362; x_wconf 78' lang='lat' dir='ltr'><strong>habuit,</strong></span> <span class='ocrx_word' id='word_1_456' title='bbox 1018 3313 1179 3351; x_wconf 82' lang='lat' dir='ltr'><strong>unum</strong></span> <span class='ocrx_word' id='word_1_457' title='bbox 1226 3297 1290 3351; x_wconf 80' lang='lat' dir='ltr'><strong>de</strong></span> <span class='ocrx_word' id='word_1_458' title='bbox 1329 3298 1546 3365; x_wconf 84' lang='lat' dir='ltr'><strong>ancilla,</strong></span> <span class='ocrx_word' id='word_1_459' title='bbox 1589 3309 1636 3355; x_wconf 82' lang='lat' dir='ltr'><strong>et</strong></span> <span class='ocrx_word' id='word_1_460' title='bbox 1686 3314 1849 3355; x_wconf 80' lang='lat' dir='ltr'><strong>unum</strong></span> <span class='ocrx_word' id='word_1_461' title='bbox 1875 3300 1938 3354; x_wconf 87' lang='lat' dir='ltr'><strong>de</strong></span> <span class='ocrx_word' id='word_1_462' title='bbox 1990 3299 2157 3357; x_wconf 76' lang='lat' dir='ltr'><strong>libera</strong></span> 
     </span>
    </p>
   </div>
   <div class='ocr_carea' id='block_1_64' title="bbox 577 3378 852 3457">
    <p class='ocr_par' dir='ltr' id='par_1_64' title="bbox 577 3378 852 3457">
     <span class='ocr_line' id='line_1_64' title="bbox 577 3378 852 3457; baseline 0.011 -21"><span class='ocrx_word' id='word_1_463' title='bbox 577 3378 722 3453; x_wconf 82' lang='lat' dir='ltr'><strong>(Gal.</strong></span> <span class='ocrx_word' id='word_1_464' title='bbox 755 3384 852 3457; x_wconf 73' lang='grc' dir='ltr'><strong>ιν).</strong></span> 
     </span>
    </p>
   </div>
   <div class='ocr_carea' id='block_1_65' title="bbox 653 3475 2155 3548">
    <p class='ocr_par' dir='ltr' id='par_1_65' title="bbox 653 3475 2155 3548">
     <span class='ocr_line' id='line_1_65' title="bbox 653 3475 2155 3548; baseline 0.003 -16"><span class='ocrx_word' id='word_1_465' title='bbox 653 3475 1180 3548; x_wconf 76' lang='lat' dir='ltr'><strong>Vapulabuntambo.</strong></span> <span class='ocrx_word' id='word_1_466' title='bbox 1204 3480 1346 3536; x_wconf 76' lang='lat' dir='ltr'><strong>LXX</strong></span> <span class='ocrx_word' id='word_1_467' title='bbox 1371 3500 1385 3538; x_wconf 89' lang='lat'>:</span> <span class='ocrx_word' id='word_1_468' title='bbox 1413 3481 1652 3537; x_wconf 78' lang='lat' dir='ltr'><strong>Visitatio</strong></span> <span class='ocrx_word' id='word_1_469' title='bbox 1686 3485 1783 3538; x_wconf 86' lang='lat' dir='ltr'><strong>erit</strong></span> <span class='ocrx_word' id='word_1_470' title='bbox 1831 3483 1927 3547; x_wconf 77' lang='lat' dir='ltr'><strong>eis,</strong></span> <span class='ocrx_word' id='word_1_471' title='bbox 1973 3482 2025 3537; x_wconf 89' lang='lat' dir='ltr'><strong>id</strong></span> <span class='ocrx_word' id='word_1_472' title='bbox 2070 3490 2155 3538; x_wconf 88' lang='lat' dir='ltr'><strong>est</strong></span> 
     </span>
    </p>
   </div>
   <div class='ocr_carea' id='block_1_66' title="bbox 573 3565 2156 3645">
    <p class='ocr_par' dir='ltr' id='par_1_66' title="bbox 573 3565 2156 3645">
     <span class='ocr_line' id='line_1_66' title="bbox 573 3565 2156 3645; baseline 0.006 -24"><span class='ocrx_word' id='word_1_473' title='bbox 573 3565 948 3625; x_wconf 82' lang='lat' dir='ltr'><strong>liberabuntur</strong></span> <span class='ocrx_word' id='word_1_474' title='bbox 980 3586 1010 3625; x_wconf 90' lang='lat' dir='ltr'><strong>a</strong></span> <span class='ocrx_word' id='word_1_475' title='bbox 1039 3572 1302 3629; x_wconf 84' lang='lat' dir='ltr'><strong>servitute</strong></span> <span class='ocrx_word' id='word_1_476' title='bbox 1326 3573 1474 3644; x_wconf 88' lang='lat' dir='ltr'><strong>legis,</strong></span> <span class='ocrx_word' id='word_1_477' title='bbox 1505 3574 1797 3631; x_wconf 87' lang='lat' dir='ltr'><strong>secundum</strong></span> <span class='ocrx_word' id='word_1_478' title='bbox 1838 3575 1981 3645; x_wconf 91' lang='lat' dir='ltr'><strong>quod</strong></span> <span class='ocrx_word' id='word_1_479' title='bbox 2031 3574 2156 3631; x_wconf 89' lang='lat' dir='ltr'><strong>liliis</strong></span> 
     </span>
    </p>
   </div>
   <div class='ocr_carea' id='block_1_67' title="bbox 572 3656 2153 3734">
    <p class='ocr_par' dir='ltr' id='par_1_67' title="bbox 572 3656 2153 3734">
     <span class='ocr_line' id='line_1_67' title="bbox 572 3656 2153 3734; baseline 0.004 -20"><span class='ocrx_word' id='word_1_480' title='bbox 572 3656 736 3714; x_wconf 78' lang='lat' dir='ltr'><strong>Israel</strong></span> <span class='ocrx_word' id='word_1_481' title='bbox 756 3658 825 3715; x_wconf 87' lang='lat' dir='ltr'><strong>de</strong></span> <span class='ocrx_word' id='word_1_482' title='bbox 866 3660 1097 3734; x_wconf 64' lang='lat' dir='ltr'><strong>Egypto</strong></span> <span class='ocrx_word' id='word_1_483' title='bbox 1145 3663 1434 3721; x_wconf 87' lang='lat' dir='ltr'><strong>liberandis</strong></span> <span class='ocrx_word' id='word_1_484' title='bbox 1476 3665 1711 3721; x_wconf 88' lang='lat' dir='ltr'><strong>dicitur:</strong></span> <span class='ocrx_word' id='word_1_485' title='bbox 1746 3662 1976 3723; x_wconf 77' lang='lat' dir='ltr'><strong>Visitans</strong></span> <span class='ocrx_word' id='word_1_486' title='bbox 2029 3666 2153 3721; x_wconf 74' lang='lat' dir='ltr'><strong>eisi-</strong></span> 
     </span>
    </p>
   </div>
   <div class='ocr_carea' id='block_1_68' title="bbox 574 3750 818 3807">
    <p class='ocr_par' dir='ltr' id='par_1_68' title="bbox 574 3750 818 3807">
     <span class='ocr_line' id='line_1_68' title="bbox 574 3750 818 3807; baseline 0.016 -4"><span class='ocrx_word' id='word_1_487' title='bbox 574 3750 681 3805; x_wconf 78' lang='lat' dir='ltr'><strong>tavi</strong></span> <span class='ocrx_word' id='word_1_488' title='bbox 708 3766 818 3807; x_wconf 76' lang='lat' dir='ltr'><strong>vos.</strong></span> 
     </span>
    </p>
   </div>
   <div class='ocr_carea' id='block_1_69' title="bbox 645 3839 2151 3912">
    <p class='ocr_par' dir='ltr' id='par_1_69' title="bbox 645 3839 2151 3912">
     <span class='ocr_line' id='line_1_69' title="bbox 645 3839 2151 3912; baseline 0.006 -18"><span class='ocrx_word' id='word_1_489' title='bbox 645 3839 715 3895; x_wconf 82' lang='lat' dir='ltr'><strong>Et</strong></span> <span class='ocrx_word' id='word_1_490' title='bbox 737 3858 841 3895; x_wconf 84' lang='lat' dir='ltr'><strong>non</strong></span> <span class='ocrx_word' id='word_1_491' title='bbox 864 3845 1172 3899; x_wconf 82' lang='lat' dir='ltr'><strong>morientur.</strong></span> <span class='ocrx_word' id='word_1_492' title='bbox 1202 3844 1457 3912; x_wconf 82' lang='lat' dir='ltr'><strong>Quamvis</strong></span> <span class='ocrx_word' id='word_1_493' title='bbox 1481 3846 1627 3900; x_wconf 91' lang='lat' dir='ltr'><strong>enim</strong></span> <span class='ocrx_word' id='word_1_494' title='bbox 1658 3848 1952 3902; x_wconf 91' lang='lat' dir='ltr'><strong>secundum</strong></span> <span class='ocrx_word' id='word_1_495' title='bbox 2004 3848 2151 3903; x_wconf 87' lang='lat' dir='ltr'><strong>litte-</strong></span> 
     </span>
    </p>
   </div>
   <div class='ocr_carea' id='block_1_70' title="bbox 577 3938 2155 4009">
    <p class='ocr_par' dir='ltr' id='par_1_70' title="bbox 577 3938 2155 4009">
     <span class='ocr_line' id='line_1_70' title="bbox 577 3938 2155 4009; baseline 0.005 -22"><span class='ocrx_word' id='word_1_496' title='bbox 577 3944 695 3987; x_wconf 81' lang='lat' dir='ltr'><strong>ram</strong></span> <span class='ocrx_word' id='word_1_497' title='bbox 732 3942 979 4003; x_wconf 84' lang='lat' dir='ltr'><strong>agerent,</strong></span> <span class='ocrx_word' id='word_1_498' title='bbox 1007 3951 1111 3989; x_wconf 91' lang='lat' dir='ltr'><strong>non</strong></span> <span class='ocrx_word' id='word_1_499' title='bbox 1140 3938 1437 3993; x_wconf 89' lang='lat' dir='ltr'><strong>secundum</strong></span> <span class='ocrx_word' id='word_1_500' title='bbox 1469 3938 1742 4007; x_wconf 90' lang='lat' dir='ltr'><strong>spiritum,</strong></span> <span class='ocrx_word' id='word_1_501' title='bbox 1772 3939 1896 4008; x_wconf 89' lang='lat' dir='ltr'><strong>quia</strong></span> <span class='ocrx_word' id='word_1_502' title='bbox 1941 3940 2155 4009; x_wconf 89' lang='lat' dir='ltr'><strong>legisla-</strong></span> 
     </span>
    </p>
   </div>
   <div class='ocr_carea' id='block_1_71' title="bbox 576 4021 2157 4100">
    <p class='ocr_par' dir='ltr' id='par_1_71' title="bbox 576 4021 2157 4100">
     <span class='ocr_line' id='line_1_71' title="bbox 576 4021 2157 4100; baseline 0.006 -23"><span class='ocrx_word' id='word_1_503' title='bbox 576 4021 713 4078; x_wconf 86' lang='lat' dir='ltr'><strong>toris</strong></span> <span class='ocrx_word' id='word_1_504' title='bbox 736 4022 1087 4081; x_wconf 90' lang='lat' dir='ltr'><strong>intentionem</strong></span> <span class='ocrx_word' id='word_1_505' title='bbox 1112 4027 1446 4097; x_wconf 88' lang='lat' dir='ltr'><strong>ignorabant,</strong></span> <span class='ocrx_word' id='word_1_506' title='bbox 1469 4026 1677 4083; x_wconf 80' lang='lat' dir='ltr'><strong>facilius</strong></span> <span class='ocrx_word' id='word_1_507' title='bbox 1700 4037 1876 4084; x_wconf 89' lang='lat' dir='ltr'><strong>tamen</strong></span> <span class='ocrx_word' id='word_1_508' title='bbox 1902 4046 2157 4100; x_wconf 83' lang='lat' dir='ltr'><strong>asseque-</strong></span> 
     </span>
    </p>
   </div>
   <div class='ocr_carea' id='block_1_72' title="bbox 574 4104 1037 4171">
    <p class='ocr_par' dir='ltr' id='par_1_72' title="bbox 574 4104 1037 4171">
     <span class='ocr_line' id='line_1_72' title="bbox 574 4104 1037 4171; baseline 0.004 -2"><span class='ocrx_word' id='word_1_509' title='bbox 574 4113 778 4171; x_wconf 85' lang='lat' dir='ltr'><strong>bantur</strong></span> <span class='ocrx_word' id='word_1_510' title='bbox 802 4104 1037 4171; x_wconf 83' lang='lat' dir='ltr'><strong>veniam.</strong></span> 
     </span>
    </p>
   </div>
   <div class='ocr_carea' id='block_1_73' title="bbox 606 4196 2155 4281">
    <p class='ocr_par' dir='ltr' id='par_1_73' title="bbox 606 4196 2155 4281">
     <span class='ocr_line' id='line_1_73' title="bbox 606 4196 2155 4281; baseline 0.006 -20"><span class='ocrx_word' id='word_1_511' title='bbox 606 4196 619 4207; x_wconf 79' lang='grc'><strong>’</strong></span> <span class='ocrx_word' id='word_1_512' title='bbox 647 4206 814 4262; x_wconf 68' lang='lat' dir='ltr'><strong>Vens.</strong></span> <span class='ocrx_word' id='word_1_513' title='bbox 865 4207 956 4262; x_wconf 75' lang='lat'><strong>23.</strong></span> <span class='ocrx_word' id='word_1_514' title='bbox 984 4207 1278 4275; x_wconf 85' lang='lat' dir='ltr'><strong>—Quando</strong></span> <span class='ocrx_word' id='word_1_515' title='bbox 1325 4210 1564 4281; x_wconf 77' lang='lat' dir='ltr'><strong>ingressi,</strong></span> <span class='ocrx_word' id='word_1_516' title='bbox 1618 4218 1722 4266; x_wconf 89' lang='lat' dir='ltr'><strong>etc.</strong></span> <span class='ocrx_word' id='word_1_517' title='bbox 1770 4211 2057 4268; x_wconf 85' lang='lat' dir='ltr'><strong>Permanet</strong></span> <span class='ocrx_word' id='word_1_518' title='bbox 2100 4215 2155 4270; x_wconf 88' lang='lat' dir='ltr'><strong>in</strong></span> 
     </span>
    </p>
   </div>
   <div class='ocr_carea' id='block_1_74' title="bbox 573 4299 2156 4370">
    <p class='ocr_par' dir='ltr' id='par_1_74' title="bbox 573 4299 2156 4370">
     <span class='ocr_line' id='line_1_74' title="bbox 573 4299 2156 4370; baseline 0.004 -17"><span class='ocrx_word' id='word_1_519' title='bbox 573 4299 874 4370; x_wconf 86' lang='lat' dir='ltr'><strong>proposito,</strong></span> <span class='ocrx_word' id='word_1_520' title='bbox 900 4301 1189 4355; x_wconf 89' lang='lat' dir='ltr'><strong>ostendens</strong></span> <span class='ocrx_word' id='word_1_521' title='bbox 1208 4300 1440 4355; x_wconf 90' lang='lat' dir='ltr'><strong>fructum</strong></span> <span class='ocrx_word' id='word_1_522' title='bbox 1465 4303 1661 4357; x_wconf 87' lang='lat' dir='ltr'><strong>bonum</strong></span> <span class='ocrx_word' id='word_1_523' title='bbox 1683 4314 1807 4358; x_wconf 86' lang='lat' dir='ltr'><strong>ante</strong></span> <span class='ocrx_word' id='word_1_524' title='bbox 1825 4303 2027 4360; x_wconf 90' lang='lat' dir='ltr'><strong>Christi</strong></span> <span class='ocrx_word' id='word_1_525' title='bbox 2050 4306 2156 4360; x_wconf 89' lang='lat' dir='ltr'><strong>ad-</strong></span> 
     </span>
    </p>
   </div>
   <div class='ocr_carea' id='block_1_75' title="bbox 575 4388 2153 4458">
    <p class='ocr_par' dir='ltr' id='par_1_75' title="bbox 575 4388 2153 4458">
     <span class='ocr_line' id='line_1_75' title="bbox 575 4388 2153 4458; baseline 0.004 -16"><span class='ocrx_word' id='word_1_526' title='bbox 575 4397 795 4444; x_wconf 78' lang='lat' dir='ltr'><strong>ventum</strong></span> <span class='ocrx_word' id='word_1_527' title='bbox 827 4405 932 4445; x_wconf 87' lang='lat' dir='ltr'><strong>non</strong></span> <span class='ocrx_word' id='word_1_528' title='bbox 965 4391 1217 4447; x_wconf 89' lang='lat' dir='ltr'><strong>habuisse</strong></span> <span class='ocrx_word' id='word_1_529' title='bbox 1271 4388 1508 4458; x_wconf 71' lang='lat' dir='ltr'><strong>Judmos,</strong></span> <span class='ocrx_word' id='word_1_530' title='bbox 1560 4408 1682 4447; x_wconf 89' lang='lat' dir='ltr'><strong>cum</strong></span> <span class='ocrx_word' id='word_1_531' title='bbox 1736 4392 1863 4447; x_wconf 87' lang='lat' dir='ltr'><strong>dicit</strong></span> <span class='ocrx_word' id='word_1_532' title='bbox 1921 4394 2153 4450; x_wconf 81' lang='lat' dir='ltr'><strong>fructum</strong></span> 
     </span>
    </p>
   </div>
   <div class='ocr_carea' id='block_1_76' title="bbox 575 4481 2154 4551">
    <p class='ocr_par' dir='ltr' id='par_1_76' title="bbox 575 4481 2154 4551">
     <span class='ocr_line' id='line_1_76' title="bbox 575 4481 2154 4551; baseline 0.005 -16"><span class='ocrx_word' id='word_1_533' title='bbox 575 4493 683 4535; x_wconf 88' lang='lat' dir='ltr'><strong>non</strong></span> <span class='ocrx_word' id='word_1_534' title='bbox 731 4495 851 4536; x_wconf 87' lang='lat' dir='ltr'><strong>esse</strong></span> <span class='ocrx_word' id='word_1_535' title='bbox 878 4481 1143 4537; x_wconf 87' lang='lat' dir='ltr'><strong>edendum</strong></span> <span class='ocrx_word' id='word_1_536' title='bbox 1176 4483 1230 4537; x_wconf 91' lang='lat' dir='ltr'><strong>in</strong></span> <span class='ocrx_word' id='word_1_537' title='bbox 1263 4483 1515 4549; x_wconf 86' lang='lat' dir='ltr'><strong>triennio,</strong></span> <span class='ocrx_word' id='word_1_538' title='bbox 1574 4497 1673 4539; x_wconf 87' lang='lat' dir='ltr'><strong>nec</strong></span> <span class='ocrx_word' id='word_1_539' title='bbox 1719 4483 1999 4551; x_wconf 86' lang='lat' dir='ltr'><strong>mundum,</strong></span> <span class='ocrx_word' id='word_1_540' title='bbox 2060 4489 2154 4543; x_wconf 90' lang='lat' dir='ltr'><strong>sed</strong></span> 
     </span>
    </p>
   </div>
   <div class='ocr_carea' id='block_1_77' title="bbox 574 4575 2158 4648">
    <p class='ocr_par' dir='ltr' id='par_1_77' title="bbox 574 4575 2158 4648">
     <span class='ocr_line' id='line_1_77' title="bbox 574 4575 2158 4648; baseline 0.006 -23"><span class='ocrx_word' id='word_1_541' title='bbox 574 4580 773 4642; x_wconf 87' lang='lat' dir='ltr'><strong>quarto</strong></span> <span class='ocrx_word' id='word_1_542' title='bbox 798 4588 939 4629; x_wconf 89' lang='lat' dir='ltr'><strong>anno</strong></span> <span class='ocrx_word' id='word_1_543' title='bbox 972 4575 1360 4641; x_wconf 89' lang='lat' dir='ltr'><strong>mundandum,</strong></span> <span class='ocrx_word' id='word_1_544' title='bbox 1391 4592 1492 4631; x_wconf 92' lang='lat' dir='ltr'><strong>nec</strong></span> <span class='ocrx_word' id='word_1_545' title='bbox 1517 4577 1713 4631; x_wconf 90' lang='lat' dir='ltr'><strong>dicitur</strong></span> <span class='ocrx_word' id='word_1_546' title='bbox 1736 4593 1858 4648; x_wconf 70' lang='lat' dir='ltr'><strong>quae</strong></span> <span class='ocrx_word' id='word_1_547' title='bbox 1902 4579 1975 4634; x_wconf 86' lang='lat' dir='ltr'><strong>sit</strong></span> <span class='ocrx_word' id='word_1_548' title='bbox 2002 4595 2158 4635; x_wconf 86' lang='lat' dir='ltr'><strong>mun-</strong></span> 
     </span>
    </p>
   </div>
   <div class='ocr_carea' id='block_1_78' title="bbox 575 4659 2153 4740">
    <p class='ocr_par' dir='ltr' id='par_1_78' title="bbox 575 4659 2153 4740">
     <span class='ocr_line' id='line_1_78' title="bbox 575 4659 2153 4740; baseline 0.007 -25"><span class='ocrx_word' id='word_1_549' title='bbox 575 4659 743 4717; x_wconf 87' lang='lat' dir='ltr'><strong>datio.</strong></span> <span class='ocrx_word' id='word_1_550' title='bbox 774 4661 1140 4733; x_wconf 87' lang='lat' dir='ltr'><strong>Spiritualiter</strong></span> <span class='ocrx_word' id='word_1_551' title='bbox 1164 4681 1293 4737; x_wconf 86' lang='lat' dir='ltr'><strong>ergo</strong></span> <span class='ocrx_word' id='word_1_552' title='bbox 1321 4666 1723 4738; x_wconf 89' lang='lat' dir='ltr'><strong>intelligendum</strong></span> <span class='ocrx_word' id='word_1_553' title='bbox 1771 4678 1856 4725; x_wconf 89' lang='lat' dir='ltr'><strong>est</strong></span> <span class='ocrx_word' id='word_1_554' title='bbox 1894 4671 2039 4740; x_wconf 90' lang='lat' dir='ltr'><strong>quod</strong></span> <span class='ocrx_word' id='word_1_555' title='bbox 2070 4671 2153 4725; x_wconf 88' lang='lat' dir='ltr'><strong>di-</strong></span> 
     </span>
    </p>
   </div>
   <div class='ocr_carea' id='block_1_79' title="bbox 576 4752 738 4806">
    <p class='ocr_par' dir='ltr' id='par_1_79' title="bbox 576 4752 738 4806">
     <span class='ocr_line' id='line_1_79' title="bbox 576 4752 738 4806; baseline -0.006 0"><span class='ocrx_word' id='word_1_556' title='bbox 576 4752 738 4806; x_wconf 87' lang='lat' dir='ltr'><strong>citur.</strong></span> 
     </span>
    </p>
   </div>
   <div class='ocr_carea' id='block_1_80' title="bbox 650 4839 2154 4916">
    <p class='ocr_par' dir='ltr' id='par_1_80' title="bbox 650 4839 2154 4916">
     <span class='ocr_line' id='line_1_80' title="bbox 650 4839 2154 4916; baseline 0.007 -22"><span class='ocrx_word' id='word_1_557' title='bbox 650 4839 876 4907; x_wconf 84' lang='lat' dir='ltr'><strong>Quando</strong></span> <span class='ocrx_word' id='word_1_558' title='bbox 896 4844 1114 4914; x_wconf 80' lang='lat' dir='ltr'><strong>ingressi</strong></span> <span class='ocrx_word' id='word_1_559' title='bbox 1140 4846 1345 4916; x_wconf 82' lang='lat' dir='ltr'><strong>[ueritis</strong></span> <span class='ocrx_word' id='word_1_560' title='bbox 1371 4857 1587 4901; x_wconf 90' lang='lat' dir='ltr'><strong>terram.</strong></span> <span class='ocrx_word' id='word_1_561' title='bbox 1626 4846 1852 4902; x_wconf 88' lang='lat' dir='ltr'><strong>Terram</strong></span> <span class='ocrx_word' id='word_1_562' title='bbox 1892 4858 2049 4903; x_wconf 86' lang='lat' dir='ltr'><strong>vocat</strong></span> <span class='ocrx_word' id='word_1_563' title='bbox 2078 4850 2154 4904; x_wconf 85' lang='lat' dir='ltr'><strong>di-</strong></span> 
     </span>
    </p>
   </div>
   <div class='ocr_carea' id='block_1_81' title="bbox 573 4934 2151 5011">
    <p class='ocr_par' dir='ltr' id='par_1_81' title="bbox 573 4934 2151 5011">
     <span class='ocr_line' id='line_1_81' title="bbox 573 4934 2151 5011; baseline 0.001 -19"><span class='ocrx_word' id='word_1_564' title='bbox 573 4934 756 4992; x_wconf 73' lang='lat' dir='ltr'><strong>vinam</strong></span> <span class='ocrx_word' id='word_1_565' title='bbox 778 4934 1138 5007; x_wconf 89' lang='lat' dir='ltr'><strong>Scripturam,</strong></span> <span class='ocrx_word' id='word_1_566' title='bbox 1168 4955 1327 5010; x_wconf 91' lang='lat' dir='ltr'><strong>quam</strong></span> <span class='ocrx_word' id='word_1_567' title='bbox 1358 4941 1534 5009; x_wconf 86' lang='lat' dir='ltr'><strong>primo</strong></span> <span class='ocrx_word' id='word_1_568' title='bbox 1578 4938 1748 4994; x_wconf 64' lang='lat' dir='ltr'><strong>Judaei</strong></span> <span class='ocrx_word' id='word_1_569' title='bbox 1779 4950 2151 5011; x_wconf 87' lang='lat' dir='ltr'><strong>susceperunt.</strong></span> 
     </span>
    </p>
   </div>
   <div class='ocr_carea' id='block_1_82' title="bbox 575 5024 2148 5101">
    <p class='ocr_par' dir='ltr' id='par_1_82' title="bbox 575 5024 2148 5101">
     <span class='ocr_line' id='line_1_82' title="bbox 575 5024 2148 5101; baseline 0.001 -16"><span class='ocrx_word' id='word_1_570' title='bbox 575 5024 730 5085; x_wconf 86' lang='lat' dir='ltr'><strong>Unde</strong></span> <span class='ocrx_word' id='word_1_571' title='bbox 757 5027 1004 5097; x_wconf 89' lang='lat' dir='ltr'><strong>plantare</strong></span> <span class='ocrx_word' id='word_1_572' title='bbox 1033 5029 1176 5100; x_wconf 87' lang='lat' dir='ltr'><strong>ligna</strong></span> <span class='ocrx_word' id='word_1_573' title='bbox 1202 5031 1461 5100; x_wconf 87' lang='lat' dir='ltr'><strong>pomifera</strong></span> <span class='ocrx_word' id='word_1_574' title='bbox 1488 5031 1742 5101; x_wconf 61' lang='lat' dir='ltr'><strong>praecepti</strong></span> <span class='ocrx_word' id='word_1_575' title='bbox 1769 5039 1914 5086; x_wconf 88' lang='lat' dir='ltr'><strong>sunt.</strong></span> <span class='ocrx_word' id='word_1_576' title='bbox 1948 5031 2148 5101; x_wconf 87' lang='lat' dir='ltr'><strong>Ligno-</strong></span> 
     </span>
    </p>
   </div>
   <div class='ocr_carea' id='block_1_83' title="bbox 577 5121 2153 5194">
    <p class='ocr_par' dir='ltr' id='par_1_83' title="bbox 577 5121 2153 5194">
     <span class='ocr_line' id='line_1_83' title="bbox 577 5121 2153 5194; baseline 0.003 -21"><span class='ocrx_word' id='word_1_577' title='bbox 577 5134 696 5173; x_wconf 89' lang='lat' dir='ltr'><strong>rum</strong></span> <span class='ocrx_word' id='word_1_578' title='bbox 724 5128 901 5175; x_wconf 88' lang='lat' dir='ltr'><strong>autem</strong></span> <span class='ocrx_word' id='word_1_579' title='bbox 935 5121 1217 5191; x_wconf 90' lang='lat' dir='ltr'><strong>plantatio,</strong></span> <span class='ocrx_word' id='word_1_580' title='bbox 1247 5122 1526 5177; x_wconf 89' lang='lat' dir='ltr'><strong>meditatio</strong></span> <span class='ocrx_word' id='word_1_581' title='bbox 1556 5121 1688 5193; x_wconf 88' lang='lat' dir='ltr'><strong>legis</strong></span> <span class='ocrx_word' id='word_1_582' title='bbox 1733 5131 1821 5178; x_wconf 90' lang='lat' dir='ltr'><strong>est</strong></span> <span class='ocrx_word' id='word_1_583' title='bbox 1862 5131 1916 5178; x_wconf 86' lang='lat' dir='ltr'><strong>et</strong></span> <span class='ocrx_word' id='word_1_584' title='bbox 1958 5124 2153 5194; x_wconf 64' lang='lat' dir='ltr'><strong>praedi-</strong></span> 
     </span>
    </p>
   </div>
   <div class='ocr_carea' id='block_1_84' title="bbox 576 5212 2150 5286">
    <p class='ocr_par' dir='ltr' id='par_1_84' title="bbox 576 5212 2150 5286">
     <span class='ocr_line' id='line_1_84' title="bbox 576 5212 2150 5286; baseline 0.002 -19"><span class='ocrx_word' id='word_1_585' title='bbox 576 5212 740 5277; x_wconf 85' lang='lat' dir='ltr'><strong>catio,</strong></span> <span class='ocrx_word' id='word_1_586' title='bbox 772 5214 1067 5269; x_wconf 85' lang='lat' dir='ltr'><strong>secundum</strong></span> <span class='ocrx_word' id='word_1_587' title='bbox 1099 5215 1242 5286; x_wconf 91' lang='lat' dir='ltr'><strong>quod</strong></span> <span class='ocrx_word' id='word_1_588' title='bbox 1264 5215 1465 5269; x_wconf 89' lang='lat' dir='ltr'><strong>dicitur</strong></span> <span class='ocrx_word' id='word_1_589' title='bbox 1502 5233 1514 5268; x_wconf 90' lang='lat'><strong>:</strong></span> <span class='ocrx_word' id='word_1_590' title='bbox 1552 5214 1662 5285; x_wconf 86' lang='lat' dir='ltr'><strong>Ego</strong></span> <span class='ocrx_word' id='word_1_591' title='bbox 1683 5214 1936 5285; x_wconf 85' lang='lat' dir='ltr'><strong>plantavi,</strong></span> <span class='ocrx_word' id='word_1_592' title='bbox 1962 5214 2150 5286; x_wconf 81' lang='lat' dir='ltr'><strong>Apollo</strong></span> 
     </span>
    </p>
   </div>
   <div class='ocr_carea' id='block_1_85' title="bbox 578 5304 2153 5380">
    <p class='ocr_par' dir='ltr' id='par_1_85' title="bbox 578 5304 2153 5380">
     <span class='ocr_line' id='line_1_85' title="bbox 578 5304 2153 5380; baseline 0.002 -22"><span class='ocrx_word' id='word_1_593' title='bbox 578 5305 786 5376; x_wconf 78' lang='lat' dir='ltr'><strong>rigavit,</strong></span> <span class='ocrx_word' id='word_1_594' title='bbox 805 5315 912 5362; x_wconf 84' lang='lat' dir='ltr'><strong>etc.</strong></span> <span class='ocrx_word' id='word_1_595' title='bbox 942 5306 993 5379; x_wconf 88' lang='grc' dir='ltr'><strong>(Ι</strong></span> <span class='ocrx_word' id='word_1_596' title='bbox 1017 5304 1138 5361; x_wconf 86' lang='lat' dir='ltr'><strong>Cor.</strong></span> <span class='ocrx_word' id='word_1_597' title='bbox 1162 5307 1266 5380; x_wconf 86' lang='grc' dir='ltr'><strong>ιιι).</strong></span> <span class='ocrx_word' id='word_1_598' title='bbox 1292 5307 1438 5361; x_wconf 90' lang='lat' dir='ltr'><strong>Bona</strong></span> <span class='ocrx_word' id='word_1_599' title='bbox 1466 5307 1682 5376; x_wconf 87' lang='lat' dir='ltr'><strong>quidem</strong></span> <span class='ocrx_word' id='word_1_600' title='bbox 1718 5308 1970 5362; x_wconf 88' lang='lat' dir='ltr'><strong>mandata</strong></span> <span class='ocrx_word' id='word_1_601' title='bbox 1997 5317 2153 5363; x_wconf 89' lang='lat' dir='ltr'><strong>erant</strong></span> 
     </span>
    </p>
   </div>
   <div class='ocr_carea' id='block_1_86' title="bbox 576 5394 2152 5468">
    <p class='ocr_par' dir='ltr' id='par_1_86' title="bbox 576 5394 2152 5468">
     <span class='ocr_line' id='line_1_86' title="bbox 576 5394 2152 5468; baseline 0.001 -16"><span class='ocrx_word' id='word_1_602' title='bbox 576 5406 832 5467; x_wconf 86' lang='lat' dir='ltr'><strong>tanquam</strong></span> <span class='ocrx_word' id='word_1_603' title='bbox 862 5395 1004 5468; x_wconf 86' lang='lat' dir='ltr'><strong>ligna</strong></span> <span class='ocrx_word' id='word_1_604' title='bbox 1026 5396 1311 5467; x_wconf 85' lang='lat' dir='ltr'><strong>pomifera,</strong></span> <span class='ocrx_word' id='word_1_605' title='bbox 1351 5394 1445 5451; x_wconf 91' lang='lat' dir='ltr'><strong>sed</strong></span> <span class='ocrx_word' id='word_1_606' title='bbox 1473 5396 1546 5451; x_wconf 91' lang='lat' dir='ltr'><strong>illi</strong></span> <span class='ocrx_word' id='word_1_607' title='bbox 1580 5396 1726 5466; x_wconf 90' lang='lat' dir='ltr'><strong>quod</strong></span> <span class='ocrx_word' id='word_1_608' title='bbox 1750 5397 2019 5453; x_wconf 87' lang='lat' dir='ltr'><strong>debebant</strong></span> <span class='ocrx_word' id='word_1_609' title='bbox 2044 5414 2152 5453; x_wconf 90' lang='lat' dir='ltr'><strong>non</strong></span> 
     </span>
    </p>
   </div>
   <div class='ocr_carea' id='block_1_87' title="bbox 575 5488 2150 5565">
    <p class='ocr_par' dir='ltr' id='par_1_87' title="bbox 575 5488 2150 5565">
     <span class='ocr_line' id='line_1_87' title="bbox 575 5488 2150 5565; baseline 0.003 -20"><span class='ocrx_word' id='word_1_610' title='bbox 575 5488 866 5556; x_wconf 76' lang='lat' dir='ltr'><strong>faciebant,</strong></span> <span class='ocrx_word' id='word_1_611' title='bbox 898 5499 1109 5546; x_wconf 88' lang='lat' dir='ltr'><strong>tantum</strong></span> <span class='ocrx_word' id='word_1_612' title='bbox 1138 5498 1427 5561; x_wconf 86' lang='lat' dir='ltr'><strong>sequentes</strong></span> <span class='ocrx_word' id='word_1_613' title='bbox 1448 5489 1707 5547; x_wconf 86' lang='lat' dir='ltr'><strong>litteram.</strong></span> <span class='ocrx_word' id='word_1_614' title='bbox 1742 5490 1974 5549; x_wconf 85' lang='lat' dir='ltr'><strong>Fructus</strong></span> <span class='ocrx_word' id='word_1_615' title='bbox 2001 5510 2150 5565; x_wconf 86' lang='lat' dir='ltr'><strong>ergo,</strong></span> 
     </span>
    </p>
   </div>
   <div class='ocr_carea' id='block_1_88' title="bbox 576 5581 2155 5653">
    <p class='ocr_par' dir='ltr' id='par_1_88' title="bbox 576 5581 2155 5653">
     <span class='ocr_line' id='line_1_88' title="bbox 576 5581 2155 5653; baseline 0.003 -18"><span class='ocrx_word' id='word_1_616' title='bbox 576 5581 631 5636; x_wconf 90' lang='lat' dir='ltr'><strong>id</strong></span> <span class='ocrx_word' id='word_1_617' title='bbox 646 5590 728 5637; x_wconf 88' lang='lat' dir='ltr'><strong>est</strong></span> <span class='ocrx_word' id='word_1_618' title='bbox 744 5584 987 5651; x_wconf 82' lang='lat' dir='ltr'><strong>operatio</strong></span> <span class='ocrx_word' id='word_1_619' title='bbox 1011 5583 1164 5653; x_wconf 87' lang='lat' dir='ltr'><strong>legis,</strong></span> <span class='ocrx_word' id='word_1_620' title='bbox 1188 5582 1422 5638; x_wconf 90' lang='lat' dir='ltr'><strong>triennio</strong></span> <span class='ocrx_word' id='word_1_621' title='bbox 1442 5592 1559 5638; x_wconf 88' lang='lat' dir='ltr'><strong>erat</strong></span> <span class='ocrx_word' id='word_1_622' title='bbox 1584 5581 1881 5651; x_wconf 90' lang='lat' dir='ltr'><strong>immunda,</strong></span> <span class='ocrx_word' id='word_1_623' title='bbox 1898 5585 1967 5639; x_wconf 87' lang='lat' dir='ltr'><strong>ab</strong></span> <span class='ocrx_word' id='word_1_624' title='bbox 1982 5585 2155 5639; x_wconf 80' lang='lat' dir='ltr'><strong>Abra-</strong></span> 
     </span>
    </p>
   </div>
   <div class='ocr_carea' id='block_1_89' title="bbox 577 5672 2151 5746">
    <p class='ocr_par' dir='ltr' id='par_1_89' title="bbox 577 5672 2151 5746">
     <span class='ocr_line' id='line_1_89' title="bbox 577 5672 2151 5746; baseline 0.001 -19"><span class='ocrx_word' id='word_1_625' title='bbox 577 5672 703 5728; x_wconf 81' lang='lat' dir='ltr'><strong>ham</strong></span> <span class='ocrx_word' id='word_1_626' title='bbox 751 5689 921 5746; x_wconf 89' lang='lat' dir='ltr'><strong>usque</strong></span> <span class='ocrx_word' id='word_1_627' title='bbox 959 5674 1023 5728; x_wconf 89' lang='lat' dir='ltr'><strong>al</strong></span> <span class='ocrx_word' id='word_1_628' title='bbox 1065 5673 1253 5737; x_wconf 86' lang='lat' dir='ltr'><strong>David,</strong></span> <span class='ocrx_word' id='word_1_629' title='bbox 1292 5688 1322 5728; x_wconf 89' lang='lat' dir='ltr'><strong>a</strong></span> <span class='ocrx_word' id='word_1_630' title='bbox 1352 5673 1519 5728; x_wconf 90' lang='lat' dir='ltr'><strong>David</strong></span> <span class='ocrx_word' id='word_1_631' title='bbox 1565 5690 1735 5744; x_wconf 89' lang='lat' dir='ltr'><strong>usque</strong></span> <span class='ocrx_word' id='word_1_632' title='bbox 1778 5674 1848 5729; x_wconf 92' lang='lat' dir='ltr'><strong>ad</strong></span> <span class='ocrx_word' id='word_1_633' title='bbox 1898 5674 2151 5729; x_wconf 86' lang='lat' dir='ltr'><strong>transmi-</strong></span> 
     </span>
    </p>
   </div>
   <div class='ocr_carea' id='block_1_90' title="bbox 577 5766 2152 5839">
    <p class='ocr_par' dir='ltr' id='par_1_90' title="bbox 577 5766 2152 5839">
     <span class='ocr_line' id='line_1_90' title="bbox 577 5766 2152 5839; baseline 0.002 -18"><span class='ocrx_word' id='word_1_634' title='bbox 577 5767 869 5836; x_wconf 76' lang='lat' dir='ltr'><strong>grationem</strong></span> <span class='ocrx_word' id='word_1_635' title='bbox 900 5767 1217 5839; x_wconf 76' lang='lat' dir='ltr'><strong>Babylonis;</strong></span> <span class='ocrx_word' id='word_1_636' title='bbox 1251 5766 1372 5824; x_wconf 89' lang='lat' dir='ltr'><strong>inde</strong></span> <span class='ocrx_word' id='word_1_637' title='bbox 1397 5784 1565 5839; x_wconf 82' lang='lat' dir='ltr'><strong>usque</strong></span> <span class='ocrx_word' id='word_1_638' title='bbox 1595 5768 1661 5826; x_wconf 85' lang='lat' dir='ltr'><strong>ad</strong></span> <span class='ocrx_word' id='word_1_639' title='bbox 1693 5769 1988 5836; x_wconf 78' lang='lat' dir='ltr'><strong>Christum,</strong></span> <span class='ocrx_word' id='word_1_640' title='bbox 2014 5769 2152 5824; x_wconf 85' lang='lat' dir='ltr'><strong>sicut</strong></span> 
     </span>
    </p>
   </div>
   <div class='ocr_carea' id='block_1_91' title="bbox 2259 3293 2569 3349">
    <p class='ocr_par' dir='ltr' id='par_1_91' title="bbox 2259 3293 2569 3349">
     <span class='ocr_line' id='line_1_91' title="bbox 2259 3293 2569 3349; baseline -0.003 0"><span class='ocrx_word' id='word_1_641' title='bbox 2259 3293 2569 3349; x_wconf 87' lang='lat' dir='ltr'><strong>contulerit.</strong></span> 
     </span>
    </p>
   </div>
   <div class='ocr_carea' id='block_1_92' title="bbox 2328 3383 3763 3455">
    <p class='ocr_par' dir='ltr' id='par_1_92' title="bbox 2328 3383 3763 3455">
     <span class='ocr_line' id='line_1_92' title="bbox 2328 3383 3763 3455; baseline -0.001 -16"><span class='ocrx_word' id='word_1_642' title='bbox 2328 3384 2496 3440; x_wconf 73' lang='lat' dir='ltr'><strong>Vens.</strong></span> <span class='ocrx_word' id='word_1_643' title='bbox 2538 3383 2915 3455; x_wconf 74' lang='lat' dir='ltr'><strong>27.—Neqne</strong></span> <span class='ocrx_word' id='word_1_644' title='bbox 2959 3385 3017 3439; x_wconf 84' lang='lat' dir='ltr'><strong>in</strong></span> <span class='ocrx_word' id='word_1_645' title='bbox 3051 3387 3337 3441; x_wconf 75' lang='lat' dir='ltr'><strong>rotundum</strong></span> <span class='ocrx_word' id='word_1_646' title='bbox 3375 3384 3670 3441; x_wconf 76' lang='lat' dir='ltr'><strong>attondebitis</strong></span> <span class='ocrx_word' id='word_1_647' title='bbox 3700 3396 3763 3437; x_wconf 71' lang='lat' dir='ltr'><strong>u-</strong></span> 
     </span>
    </p>
   </div>
   <div class='ocr_carea' id='block_1_93' title="bbox 2255 3475 3767 3549">
    <p class='ocr_par' dir='ltr' id='par_1_93' title="bbox 2255 3475 3767 3549">
     <span class='ocr_line' id='line_1_93' title="bbox 2255 3475 3767 3549; baseline -0.003 -15"><span class='ocrx_word' id='word_1_648' title='bbox 2255 3494 2415 3542; x_wconf 89' lang='lat' dir='ltr'><strong>mam,</strong></span> <span class='ocrx_word' id='word_1_649' title='bbox 2442 3486 2548 3533; x_wconf 92' lang='lat' dir='ltr'><strong>etc.</strong></span> <span class='ocrx_word' id='word_1_650' title='bbox 2581 3476 2735 3533; x_wconf 90' lang='lat' dir='ltr'><strong>Sicut</strong></span> <span class='ocrx_word' id='word_1_651' title='bbox 2761 3476 2977 3533; x_wconf 84' lang='lat' dir='ltr'><strong>barbari</strong></span> <span class='ocrx_word' id='word_1_652' title='bbox 3007 3475 3216 3534; x_wconf 87' lang='lat' dir='ltr'><strong>faciunt</strong></span> <span class='ocrx_word' id='word_1_653' title='bbox 3244 3501 3261 3533; x_wconf 88' lang='lat'><strong>:</strong></span> <span class='ocrx_word' id='word_1_654' title='bbox 3290 3481 3446 3535; x_wconf 87' lang='lat' dir='ltr'><strong>debet</strong></span> <span class='ocrx_word' id='word_1_655' title='bbox 3462 3479 3767 3549; x_wconf 75' lang='lat' dir='ltr'><strong>quisqueesse</strong></span> 
     </span>
    </p>
   </div>
   <div class='ocr_carea' id='block_1_94' title="bbox 2254 3565 3762 3635">
    <p class='ocr_par' dir='ltr' id='par_1_94' title="bbox 2254 3565 3762 3635">
     <span class='ocr_line' id='line_1_94' title="bbox 2254 3565 3762 3635; baseline -0.005 -9"><span class='ocrx_word' id='word_1_656' title='bbox 2254 3576 2540 3626; x_wconf 89' lang='lat' dir='ltr'><strong>contentus</strong></span> <span class='ocrx_word' id='word_1_657' title='bbox 2568 3568 2907 3625; x_wconf 86' lang='lat' dir='ltr'><strong>naturalibus</strong></span> <span class='ocrx_word' id='word_1_658' title='bbox 2930 3572 3289 3635; x_wconf 87' lang='lat' dir='ltr'><strong>ornamentis,</strong></span> <span class='ocrx_word' id='word_1_659' title='bbox 3320 3586 3387 3626; x_wconf 89' lang='lat' dir='ltr'><strong>ne</strong></span> <span class='ocrx_word' id='word_1_660' title='bbox 3416 3571 3686 3626; x_wconf 84' lang='lat' dir='ltr'><strong>Creatorem</strong></span> <span class='ocrx_word' id='word_1_661' title='bbox 3705 3565 3762 3619; x_wconf 82' lang='lat' dir='ltr'><strong>vi-</strong></span> 
     </span>
    </p>
   </div>
   <div class='ocr_carea' id='block_1_95' title="bbox 2254 3662 3765 3733">
    <p class='ocr_par' dir='ltr' id='par_1_95' title="bbox 2254 3662 3765 3733">
     <span class='ocr_line' id='line_1_95' title="bbox 2254 3662 3765 3733; baseline -0.006 -15"><span class='ocrx_word' id='word_1_662' title='bbox 2254 3663 2446 3718; x_wconf 89' lang='lat' dir='ltr'><strong>deatur</strong></span> <span class='ocrx_word' id='word_1_663' title='bbox 2474 3677 2752 3728; x_wconf 89' lang='lat' dir='ltr'><strong>accusare,</strong></span> <span class='ocrx_word' id='word_1_664' title='bbox 2800 3671 3056 3732; x_wconf 87' lang='lat' dir='ltr'><strong>tanquam</strong></span> <span class='ocrx_word' id='word_1_665' title='bbox 3100 3662 3449 3733; x_wconf 81' lang='lat' dir='ltr'><strong>impotentem</strong></span> <span class='ocrx_word' id='word_1_666' title='bbox 3489 3676 3608 3732; x_wconf 87' lang='lat' dir='ltr'><strong>opus</strong></span> <span class='ocrx_word' id='word_1_667' title='bbox 3650 3670 3765 3713; x_wconf 79' lang='lat' dir='ltr'><strong>suum</strong></span> 
     </span>
    </p>
   </div>
   <div class='ocr_carea' id='block_1_96' title="bbox 2252 3747 3765 3826">
    <p class='ocr_par' dir='ltr' id='par_1_96' title="bbox 2252 3747 3765 3826">
     <span class='ocr_line' id='line_1_96' title="bbox 2252 3747 3765 3826; baseline -0.008 -15"><span class='ocrx_word' id='word_1_668' title='bbox 2252 3756 2536 3826; x_wconf 84' lang='lat' dir='ltr'><strong>perlicere,</strong></span> <span class='ocrx_word' id='word_1_669' title='bbox 2569 3768 2669 3811; x_wconf 90' lang='lat' dir='ltr'><strong>nec</strong></span> <span class='ocrx_word' id='word_1_670' title='bbox 2696 3755 2750 3810; x_wconf 92' lang='lat' dir='ltr'><strong>in</strong></span> <span class='ocrx_word' id='word_1_671' title='bbox 2782 3755 2988 3810; x_wconf 88' lang='lat' dir='ltr'><strong>honore</strong></span> <span class='ocrx_word' id='word_1_672' title='bbox 3016 3754 3323 3809; x_wconf 65' lang='lat' dir='ltr'><strong>daemonum</strong></span> <span class='ocrx_word' id='word_1_673' title='bbox 3347 3755 3572 3810; x_wconf 83' lang='lat' dir='ltr'><strong>cicinnos</strong></span> <span class='ocrx_word' id='word_1_674' title='bbox 3610 3747 3765 3805; x_wconf 85' lang='lat' dir='ltr'><strong>nutrire</strong></span> 
     </span>
    </p>
   </div>
   <div class='ocr_carea' id='block_1_97' title="bbox 2253 3838 3762 3916">
    <p class='ocr_par' dir='ltr' id='par_1_97' title="bbox 2253 3838 3762 3916">
     <span class='ocr_line' id='line_1_97' title="bbox 2253 3838 3762 3916; baseline -0.007 -13"><span class='ocrx_word' id='word_1_675' title='bbox 2253 3856 2309 3903; x_wconf 91' lang='lat' dir='ltr'><strong>et</strong></span> <span class='ocrx_word' id='word_1_676' title='bbox 2329 3846 2532 3911; x_wconf 84' lang='lat' dir='ltr'><strong>fovere,</strong></span> <span class='ocrx_word' id='word_1_677' title='bbox 2560 3846 2700 3901; x_wconf 90' lang='lat' dir='ltr'><strong>sicut</strong></span> <span class='ocrx_word' id='word_1_678' title='bbox 2726 3846 2947 3900; x_wconf 86' lang='lat' dir='ltr'><strong>student</strong></span> <span class='ocrx_word' id='word_1_679' title='bbox 2971 3844 3166 3915; x_wconf 86' lang='lat' dir='ltr'><strong>pagani</strong></span> <span class='ocrx_word' id='word_1_680' title='bbox 3192 3860 3476 3916; x_wconf 83' lang='lat' dir='ltr'><strong>puerorum</strong></span> <span class='ocrx_word' id='word_1_681' title='bbox 3506 3842 3658 3913; x_wconf 79' lang='lat' dir='ltr'><strong>capita</strong></span> <span class='ocrx_word' id='word_1_682' title='bbox 3685 3838 3762 3893; x_wconf 72' lang='lat' dir='ltr'><strong>dte-</strong></span> 
     </span>
    </p>
   </div>
   <div class='ocr_carea' id='block_1_98' title="bbox 2255 3930 3763 4005">
    <p class='ocr_par' dir='ltr' id='par_1_98' title="bbox 2255 3930 3763 4005">
     <span class='ocr_line' id='line_1_98' title="bbox 2255 3930 3763 4005; baseline -0.009 -11"><span class='ocrx_word' id='word_1_683' title='bbox 2255 3938 2503 3994; x_wconf 90' lang='lat' dir='ltr'><strong>monibus</strong></span> <span class='ocrx_word' id='word_1_684' title='bbox 2523 3936 2741 4001; x_wconf 85' lang='lat' dir='ltr'><strong>oil&#39;erre,</strong></span> <span class='ocrx_word' id='word_1_685' title='bbox 2763 3936 2907 4005; x_wconf 89' lang='lat' dir='ltr'><strong>quod</strong></span> <span class='ocrx_word' id='word_1_686' title='bbox 2932 3935 3169 3990; x_wconf 81' lang='lat' dir='ltr'><strong>maxime</strong></span> <span class='ocrx_word' id='word_1_687' title='bbox 3190 3936 3281 3993; x_wconf 87' lang='lat' dir='ltr'><strong>hic</strong></span> <span class='ocrx_word' id='word_1_688' title='bbox 3304 3936 3509 3991; x_wconf 89' lang='lat' dir='ltr'><strong>videtur</strong></span> <span class='ocrx_word' id='word_1_689' title='bbox 3523 3930 3763 4004; x_wconf 75' lang='lat' dir='ltr'><strong>prohibete.</strong></span> 
     </span>
    </p>
   </div>
   <div class='ocr_carea' id='block_1_99' title="bbox 2326 4025 3766 4098">
    <p class='ocr_par' dir='ltr' id='par_1_99' title="bbox 2326 4025 3766 4098">
     <span class='ocr_line' id='line_1_99' title="bbox 2326 4025 3766 4098; baseline -0.009 -13"><span class='ocrx_word' id='word_1_690' title='bbox 2326 4029 2490 4085; x_wconf 75' lang='lat' dir='ltr'><strong>Vens.</strong></span> <span class='ocrx_word' id='word_1_691' title='bbox 2520 4028 2609 4084; x_wconf 70' lang='lat'><strong>28.</strong></span> <span class='ocrx_word' id='word_1_692' title='bbox 2625 4057 2697 4068; x_wconf 93' lang='lat'><strong>——</strong></span> <span class='ocrx_word' id='word_1_693' title='bbox 2712 4025 2994 4098; x_wconf 87' lang='lat' dir='ltr'><strong>Stigmata.</strong></span> <span class='ocrx_word' id='word_1_694' title='bbox 3018 4025 3323 4097; x_wconf 88' lang='lat' dir='ltr'><strong>Legislator</strong></span> <span class='ocrx_word' id='word_1_695' title='bbox 3349 4027 3506 4081; x_wconf 86' lang='lat' dir='ltr'><strong>etiam</strong></span> <span class='ocrx_word' id='word_1_696' title='bbox 3529 4035 3684 4079; x_wconf 87' lang='lat' dir='ltr'><strong>curam</strong></span> <span class='ocrx_word' id='word_1_697' title='bbox 3699 4031 3766 4072; x_wconf 83' lang='lat' dir='ltr'><strong>no-</strong></span> 
     </span>
    </p>
   </div>
   <div class='ocr_carea' id='block_1_100' title="bbox 2255 4109 3773 4188">
    <p class='ocr_par' dir='ltr' id='par_1_100' title="bbox 2255 4109 3773 4188">
     <span class='ocr_line' id='line_1_100' title="bbox 2255 4109 3773 4188; baseline -0.007 -14"><span class='ocrx_word' id='word_1_698' title='bbox 2255 4119 2351 4175; x_wconf 90' lang='lat' dir='ltr'><strong>stri</strong></span> <span class='ocrx_word' id='word_1_699' title='bbox 2397 4118 2607 4173; x_wconf 87' lang='lat' dir='ltr'><strong>decoris</strong></span> <span class='ocrx_word' id='word_1_700' title='bbox 2632 4117 2790 4188; x_wconf 86' lang='lat' dir='ltr'><strong>gerit,</strong></span> <span class='ocrx_word' id='word_1_701' title='bbox 2844 4130 2912 4170; x_wconf 90' lang='lat' dir='ltr'><strong>ne</strong></span> <span class='ocrx_word' id='word_1_702' title='bbox 2938 4131 3102 4171; x_wconf 88' lang='lat' dir='ltr'><strong>carne</strong></span> <span class='ocrx_word' id='word_1_703' title='bbox 3146 4116 3435 4171; x_wconf 88' lang='lat' dir='ltr'><strong>abutamur</strong></span> <span class='ocrx_word' id='word_1_704' title='bbox 3458 4115 3509 4170; x_wconf 92' lang='lat' dir='ltr'><strong>in</strong></span> <span class='ocrx_word' id='word_1_705' title='bbox 3542 4112 3616 4169; x_wconf 85' lang='lat' dir='ltr'><strong>his</strong></span> <span class='ocrx_word' id='word_1_706' title='bbox 3644 4109 3773 4165; x_wconf 79' lang='lat' dir='ltr'><strong>etiam.</strong></span> 
     </span>
    </p>
   </div>
   <div class='ocr_carea' id='block_1_101' title="bbox 2253 4210 2925 4281">
    <p class='ocr_par' dir='ltr' id='par_1_101' title="bbox 2253 4210 2925 4281">
     <span class='ocr_line' id='line_1_101' title="bbox 2253 4210 2925 4281; baseline -0.007 -16"><span class='ocrx_word' id='word_1_707' title='bbox 2253 4225 2373 4281; x_wconf 63' lang='lat' dir='ltr'><strong>qua:</strong></span> <span class='ocrx_word' id='word_1_708' title='bbox 2400 4225 2594 4279; x_wconf 87' lang='lat' dir='ltr'><strong>corpus</strong></span> <span class='ocrx_word' id='word_1_709' title='bbox 2619 4210 2925 4278; x_wconf 85' lang='lat' dir='ltr'><strong>deturpant.</strong></span> 
     </span>
    </p>
   </div>
   <div class='ocr_carea' id='block_1_102' title="bbox 2331 4291 3763 4371">
    <p class='ocr_par' dir='ltr' id='par_1_102' title="bbox 2331 4291 3763 4371">
     <span class='ocr_line' id='line_1_102' title="bbox 2331 4291 3763 4371; baseline -0.013 -11"><span class='ocrx_word' id='word_1_710' title='bbox 2331 4304 2488 4360; x_wconf 76' lang='lat' dir='ltr'><strong>Vens.</strong></span> <span class='ocrx_word' id='word_1_711' title='bbox 2516 4299 2788 4357; x_wconf 76' lang='lat' dir='ltr'><strong>29.—Ne</strong></span> <span class='ocrx_word' id='word_1_712' title='bbox 2810 4301 3098 4371; x_wconf 75' lang='lat' dir='ltr'><strong>prostitues</strong></span> <span class='ocrx_word' id='word_1_713' title='bbox 3120 4298 3291 4369; x_wconf 84' lang='lat' dir='ltr'><strong>ﬁliam</strong></span> <span class='ocrx_word' id='word_1_714' title='bbox 3320 4308 3484 4353; x_wconf 85' lang='lat' dir='ltr'><strong>tuam.</strong></span> <span class='ocrx_word' id='word_1_715' title='bbox 3522 4291 3763 4352; x_wconf 84' lang='lat' dir='ltr'><strong>Carnalem,</strong></span> 
     </span>
    </p>
   </div>
   <div class='ocr_carea' id='block_1_103' title="bbox 2254 4377 3763 4455">
    <p class='ocr_par' dir='ltr' id='par_1_103' title="bbox 2254 4377 3763 4455">
     <span class='ocr_line' id='line_1_103' title="bbox 2254 4377 3763 4455; baseline -0.009 -5"><span class='ocrx_word' id='word_1_716' title='bbox 2254 4394 2339 4451; x_wconf 88' lang='lat' dir='ltr'><strong>vel</strong></span> <span class='ocrx_word' id='word_1_717' title='bbox 2375 4393 2632 4448; x_wconf 88' lang='lat' dir='ltr'><strong>animam.</strong></span> <span class='ocrx_word' id='word_1_718' title='bbox 2685 4389 2838 4446; x_wconf 87' lang='lat' dir='ltr'><strong>Unde</strong></span> <span class='ocrx_word' id='word_1_719' title='bbox 2863 4387 3005 4443; x_wconf 84' lang='lat' dir='ltr'><strong>Psal.</strong></span> <span class='ocrx_word' id='word_1_720' title='bbox 3029 4403 3121 4441; x_wconf 72' lang='lat' dir='ltr'><strong>XXI</strong></span> <span class='ocrx_word' id='word_1_721' title='bbox 3154 4405 3166 4442; x_wconf 94' lang='lat'>:</span> <span class='ocrx_word' id='word_1_722' title='bbox 3202 4387 3345 4441; x_wconf 80' lang='lat' dir='ltr'><strong>Erue</strong></span> <span class='ocrx_word' id='word_1_723' title='bbox 3368 4403 3399 4439; x_wconf 90' lang='lat' dir='ltr'><strong>a</strong></span> <span class='ocrx_word' id='word_1_724' title='bbox 3422 4386 3622 4455; x_wconf 82' lang='lat' dir='ltr'><strong>framea,</strong></span> <span class='ocrx_word' id='word_1_725' title='bbox 3647 4377 3763 4436; x_wconf 71' lang='lat' dir='ltr'><strong>Dm.</strong></span> 
     </span>
    </p>
   </div>
   <div class='ocr_carea' id='block_1_104' title="bbox 2258 4463 3765 4546">
    <p class='ocr_par' dir='ltr' id='par_1_104' title="bbox 2258 4463 3765 4546">
     <span class='ocr_line' id='line_1_104' title="bbox 2258 4463 3765 4546; baseline -0.016 -5"><span class='ocrx_word' id='word_1_726' title='bbox 2258 4488 2489 4541; x_wconf 87' lang='lat' dir='ltr'><strong>animam</strong></span> <span class='ocrx_word' id='word_1_727' title='bbox 2510 4497 2701 4546; x_wconf 84' lang='lat' dir='ltr'><strong>meam,</strong></span> <span class='ocrx_word' id='word_1_728' title='bbox 2729 4490 2776 4535; x_wconf 88' lang='lat' dir='ltr'><strong>et</strong></span> <span class='ocrx_word' id='word_1_729' title='bbox 2803 4481 2867 4534; x_wconf 86' lang='lat' dir='ltr'><strong>de</strong></span> <span class='ocrx_word' id='word_1_730' title='bbox 2888 4494 3047 4534; x_wconf 85' lang='lat' dir='ltr'><strong>manu</strong></span> <span class='ocrx_word' id='word_1_731' title='bbox 3072 4479 3218 4532; x_wconf 77' lang='lat' dir='ltr'><strong>canis</strong></span> <span class='ocrx_word' id='word_1_732' title='bbox 3243 4476 3458 4532; x_wconf 87' lang='lat' dir='ltr'><strong>Unicam</strong></span> <span class='ocrx_word' id='word_1_733' title='bbox 3486 4485 3653 4526; x_wconf 80' lang='lat' dir='ltr'><strong>meam.</strong></span> <span class='ocrx_word' id='word_1_734' title='bbox 3676 4463 3765 4520; x_wconf 68' lang='lat' dir='ltr'><strong>liae</strong></span> 
     </span>
    </p>
   </div>
   <div class='ocr_carea' id='block_1_105' title="bbox 2259 4554 3632 4634">
    <p class='ocr_par' dir='ltr' id='par_1_105' title="bbox 2259 4554 3632 4634">
     <span class='ocr_line' id='line_1_105' title="bbox 2259 4554 3632 4634; baseline -0.012 -1"><span class='ocrx_word' id='word_1_735' title='bbox 2259 4554 2558 4634; x_wconf 28' lang='lat' dir='ltr'><strong>recedeondo</strong></span> <span class='ocrx_word' id='word_1_736' title='bbox 2583 4589 2613 4629; x_wconf 88' lang='lat' dir='ltr'><strong>a</strong></span> <span class='ocrx_word' id='word_1_737' title='bbox 2641 4575 2752 4629; x_wconf 87' lang='lat' dir='ltr'><strong>Deo</strong></span> <span class='ocrx_word' id='word_1_738' title='bbox 2781 4571 3119 4627; x_wconf 84' lang='lat' dir='ltr'><strong>tornicantur</strong></span> <span class='ocrx_word' id='word_1_739' title='bbox 3148 4584 3269 4624; x_wconf 91' lang='lat' dir='ltr'><strong>cum</strong></span> <span class='ocrx_word' id='word_1_740' title='bbox 3307 4563 3632 4623; x_wconf 61' lang='lat' dir='ltr'><strong>daemonibus.</strong></span> 
     </span>
    </p>
   </div>
   <div class='ocr_carea' id='block_1_106' title="bbox 2326 4647 3763 4725">
    <p class='ocr_par' dir='ltr' id='par_1_106' title="bbox 2326 4647 3763 4725">
     <span class='ocr_line' id='line_1_106' title="bbox 2326 4647 3763 4725; baseline -0.015 0"><span class='ocrx_word' id='word_1_741' title='bbox 2326 4670 2492 4725; x_wconf 77' lang='lat' dir='ltr'><strong>Vens.</strong></span> <span class='ocrx_word' id='word_1_742' title='bbox 2513 4666 2931 4723; x_wconf 75' lang='lat' dir='ltr'><strong>30.——Sabbata</strong></span> <span class='ocrx_word' id='word_1_743' title='bbox 2956 4680 3071 4717; x_wconf 88' lang='lat' dir='ltr'><strong>mea</strong></span> <span class='ocrx_word' id='word_1_744' title='bbox 3108 4662 3380 4717; x_wconf 83' lang='lat' dir='ltr'><strong>custodite.</strong></span> <span class='ocrx_word' id='word_1_745' title='bbox 3426 4660 3505 4714; x_wconf 80' lang='lat' dir='ltr'><strong>Ab</strong></span> <span class='ocrx_word' id='word_1_746' title='bbox 3548 4668 3640 4709; x_wconf 88' lang='lat' dir='ltr'><strong>uno</strong></span> <span class='ocrx_word' id='word_1_747' title='bbox 3672 4647 3763 4703; x_wconf 77' lang='lat' dir='ltr'><strong>sab-</strong></span> 
     </span>
    </p>
   </div>
   <div class='ocr_carea' id='block_1_107' title="bbox 2255 4739 3761 4827">
    <p class='ocr_par' dir='ltr' id='par_1_107' title="bbox 2255 4739 3761 4827">
     <span class='ocr_line' id='line_1_107' title="bbox 2255 4739 3761 4827; baseline -0.017 -13"><span class='ocrx_word' id='word_1_748' title='bbox 2255 4759 2387 4815; x_wconf 90' lang='lat' dir='ltr'><strong>bato</strong></span> <span class='ocrx_word' id='word_1_749' title='bbox 2425 4773 2588 4813; x_wconf 91' lang='lat' dir='ltr'><strong>omne</strong></span> <span class='ocrx_word' id='word_1_750' title='bbox 2632 4756 2929 4827; x_wconf 88' lang='lat' dir='ltr'><strong>legitimum</strong></span> <span class='ocrx_word' id='word_1_751' title='bbox 2970 4754 3141 4808; x_wconf 88' lang='lat' dir='ltr'><strong>otium</strong></span> <span class='ocrx_word' id='word_1_752' title='bbox 3191 4751 3470 4806; x_wconf 87' lang='lat' dir='ltr'><strong>sabbatum</strong></span> <span class='ocrx_word' id='word_1_753' title='bbox 3510 4739 3761 4815; x_wconf 78' lang='lat' dir='ltr'><strong>appellatur.</strong></span> 
     </span>
    </p>
   </div>
   <div class='ocr_carea' id='block_1_108' title="bbox 2259 4833 3764 4924">
    <p class='ocr_par' dir='ltr' id='par_1_108' title="bbox 2259 4833 3764 4924">
     <span class='ocr_line' id='line_1_108' title="bbox 2259 4833 3764 4924; baseline -0.013 -21"><span class='ocrx_word' id='word_1_754' title='bbox 2259 4847 2351 4904; x_wconf 91' lang='lat' dir='ltr'><strong>Sic</strong></span> <span class='ocrx_word' id='word_1_755' title='bbox 2379 4848 2448 4902; x_wconf 92' lang='lat' dir='ltr'><strong>ab</strong></span> <span class='ocrx_word' id='word_1_756' title='bbox 2471 4863 2575 4902; x_wconf 91' lang='lat' dir='ltr'><strong>una</strong></span> <span class='ocrx_word' id='word_1_757' title='bbox 2599 4844 2834 4917; x_wconf 81' lang='lat' dir='ltr'><strong>generali</strong></span> <span class='ocrx_word' id='word_1_758' title='bbox 2864 4842 3189 4899; x_wconf 82' lang='lat' dir='ltr'><strong>abstinentia</strong></span> <span class='ocrx_word' id='word_1_759' title='bbox 3219 4840 3398 4896; x_wconf 86' lang='lat' dir='ltr'><strong>studet</strong></span> <span class='ocrx_word' id='word_1_760' title='bbox 3438 4833 3680 4924; x_wconf 77' lang='lat' dir='ltr'><strong>legislator</strong></span> 
     </span>
    </p>
   </div>
   <div class='ocr_carea' id='block_1_109' title="bbox 2257 4920 3763 5018">
    <p class='ocr_par' dir='ltr' id='par_1_109' title="bbox 2257 4920 3763 5018">
     <span class='ocr_line' id='line_1_109' title="bbox 2257 4920 3763 5018; baseline -0.015 -20"><span class='ocrx_word' id='word_1_761' title='bbox 2257 4938 2463 5015; x_wconf 78' lang='lat' dir='ltr'><strong>singula</strong></span> <span class='ocrx_word' id='word_1_762' title='bbox 2493 4954 2734 5006; x_wconf 89' lang='lat' dir='ltr'><strong>currere,</strong></span> <span class='ocrx_word' id='word_1_763' title='bbox 2757 4938 3074 5008; x_wconf 66' lang='lat' dir='ltr'><strong>praecipiens</strong></span> <span class='ocrx_word' id='word_1_764' title='bbox 3098 4951 3197 4990; x_wconf 89' lang='lat' dir='ltr'><strong>nos</strong></span> <span class='ocrx_word' id='word_1_765' title='bbox 3219 4936 3288 4990; x_wconf 87' lang='lat' dir='ltr'><strong>ab</strong></span> <span class='ocrx_word' id='word_1_766' title='bbox 3313 4931 3457 4988; x_wconf 91' lang='lat' dir='ltr'><strong>omni</strong></span> <span class='ocrx_word' id='word_1_767' title='bbox 3485 4925 3613 4983; x_wconf 88' lang='lat' dir='ltr'><strong>malo</strong></span> 
     </span>
    </p>
   </div>
   <div class='ocr_carea' id='block_1_110' title="bbox 2254 5016 3762 5104">
    <p class='ocr_par' dir='ltr' id='par_1_110' title="bbox 2254 5016 3762 5104">
     <span class='ocr_line' id='line_1_110' title="bbox 2254 5016 3762 5104; baseline -0.021 -15"><span class='ocrx_word' id='word_1_768' title='bbox 2254 5048 2404 5088; x_wconf 90' lang='lat' dir='ltr'><strong>nere.</strong></span> <span class='ocrx_word' id='word_1_769' title='bbox 2461 5031 2612 5087; x_wconf 83' lang='lat' dir='ltr'><strong>Unde</strong></span> <span class='ocrx_word' id='word_1_770' title='bbox 2653 5029 2799 5084; x_wconf 88' lang='lat' dir='ltr'><strong>addit</strong></span> <span class='ocrx_word' id='word_1_771' title='bbox 2831 5028 2936 5082; x_wconf 82' lang='lat' dir='ltr'><strong>:Et</strong></span> <span class='ocrx_word' id='word_1_772' title='bbox 2975 5026 3335 5082; x_wconf 80' lang='lat' dir='ltr'><strong>sanctuarium</strong></span> <span class='ocrx_word' id='word_1_773' title='bbox 3379 5034 3544 5077; x_wconf 79' lang='lat' dir='ltr'><strong>meum</strong></span> <span class='ocrx_word' id='word_1_774' title='bbox 3584 5016 3762 5104; x_wconf 56' lang='lat' dir='ltr'><strong>metunt.</strong></span> 
     </span>
    </p>
   </div>
   <div class='ocr_carea' id='block_1_111' title="bbox 2257 5104 3763 5194">
    <p class='ocr_par' dir='ltr' id='par_1_111' title="bbox 2257 5104 3763 5194">
     <span class='ocr_line' id='line_1_111' title="bbox 2257 5104 3763 5194; baseline -0.016 -13"><span class='ocrx_word' id='word_1_775' title='bbox 2257 5126 2409 5183; x_wconf 87' lang='lat' dir='ltr'><strong>Sicut</strong></span> <span class='ocrx_word' id='word_1_776' title='bbox 2436 5125 2580 5181; x_wconf 90' lang='lat' dir='ltr'><strong>enim</strong></span> <span class='ocrx_word' id='word_1_777' title='bbox 2606 5125 2697 5194; x_wconf 92' lang='lat' dir='ltr'><strong>qui</strong></span> <span class='ocrx_word' id='word_1_778' title='bbox 2725 5122 2883 5194; x_wconf 89' lang='lat' dir='ltr'><strong>digne</strong></span> <span class='ocrx_word' id='word_1_779' title='bbox 2904 5122 3187 5185; x_wconf 88' lang='lat' dir='ltr'><strong>accedunt,</strong></span> <span class='ocrx_word' id='word_1_780' title='bbox 3231 5115 3579 5173; x_wconf 81' lang='lat' dir='ltr'><strong>sanctiﬁcant,</strong></span> <span class='ocrx_word' id='word_1_781' title='bbox 3605 5104 3670 5160; x_wconf 87' lang='lat' dir='ltr'><strong>sic</strong></span> <span class='ocrx_word' id='word_1_782' title='bbox 3698 5110 3763 5165; x_wconf 73' lang='grc' dir='ltr'><strong>(ιω</strong></span> 
     </span>
    </p>
   </div>
   <div class='ocr_carea' id='block_1_112' title="bbox 2255 5200 3762 5290">
    <p class='ocr_par' dir='ltr' id='par_1_112' title="bbox 2255 5200 3762 5290">
     <span class='ocr_line' id='line_1_112' title="bbox 2255 5200 3762 5290; baseline -0.026 -1"><span class='ocrx_word' id='word_1_783' title='bbox 2255 5221 2438 5290; x_wconf 83' lang='lat' dir='ltr'><strong>inique</strong></span> <span class='ocrx_word' id='word_1_784' title='bbox 2482 5224 2837 5289; x_wconf 65' lang='lat' dir='ltr'><strong>prmsumunt,</strong></span> <span class='ocrx_word' id='word_1_785' title='bbox 2865 5224 2919 5271; x_wconf 87' lang='lat' dir='ltr'><strong>et</strong></span> <span class='ocrx_word' id='word_1_786' title='bbox 2942 5213 3205 5269; x_wconf 87' lang='lat' dir='ltr'><strong>immundi</strong></span> <span class='ocrx_word' id='word_1_787' title='bbox 3245 5209 3519 5266; x_wconf 82' lang='lat' dir='ltr'><strong>accedunt,</strong></span> <span class='ocrx_word' id='word_1_788' title='bbox 3558 5200 3762 5290; x_wconf 65' lang='lat' dir='ltr'><strong>quantum</strong></span> 
     </span>
    </p>
   </div>
   <div class='ocr_carea' id='block_1_113' title="bbox 2254 5282 3762 5379">
    <p class='ocr_par' dir='ltr' id='par_1_113' title="bbox 2254 5282 3762 5379">
     <span class='ocr_line' id='line_1_113' title="bbox 2254 5282 3762 5379; baseline -0.016 -13"><span class='ocrx_word' id='word_1_789' title='bbox 2254 5320 2339 5366; x_wconf 89' lang='lat' dir='ltr'><strong>est</strong></span> <span class='ocrx_word' id='word_1_790' title='bbox 2353 5282 2412 5365; x_wconf 76' lang='lat' dir='ltr'><strong>in</strong></span> <span class='ocrx_word' id='word_1_791' title='bbox 2444 5282 2523 5374; x_wconf 77' lang='lat' dir='ltr'><strong>se,</strong></span> <span class='ocrx_word' id='word_1_792' title='bbox 2551 5308 2813 5379; x_wconf 90' lang='lat' dir='ltr'><strong>polluunt,</strong></span> <span class='ocrx_word' id='word_1_793' title='bbox 2847 5307 2983 5361; x_wconf 88' lang='lat' dir='ltr'><strong>sicut</strong></span> <span class='ocrx_word' id='word_1_794' title='bbox 3005 5303 3190 5359; x_wconf 75' lang='lat' dir='ltr'><strong>Nadab</strong></span> <span class='ocrx_word' id='word_1_795' title='bbox 3208 5313 3262 5358; x_wconf 88' lang='lat' dir='ltr'><strong>et</strong></span> <span class='ocrx_word' id='word_1_796' title='bbox 3286 5300 3441 5355; x_wconf 80' lang='lat' dir='ltr'><strong>Abiu.</strong></span> <span class='ocrx_word' id='word_1_797' title='bbox 3481 5289 3616 5379; x_wconf 85' lang='lat' dir='ltr'><strong>Unde</strong></span> <span class='ocrx_word' id='word_1_798' title='bbox 3656 5282 3762 5379; x_wconf 64' lang='grc' dir='ltr'><strong>Δρρ·</strong></span> 
     </span>
    </p>
   </div>
   <div class='ocr_carea' id='block_1_114' title="bbox 2259 5377 3762 5465">
    <p class='ocr_par' dir='ltr' id='par_1_114' title="bbox 2259 5377 3762 5465">
     <span class='ocr_line' id='line_1_114' title="bbox 2259 5377 3762 5465; baseline -0.021 -5"><span class='ocrx_word' id='word_1_799' title='bbox 2259 5403 2428 5460; x_wconf 85' lang='lat' dir='ltr'><strong>stolus</strong></span> <span class='ocrx_word' id='word_1_800' title='bbox 2471 5417 2487 5457; x_wconf 87' lang='lat'><strong>:</strong></span> <span class='ocrx_word' id='word_1_801' title='bbox 2529 5377 2676 5456; x_wconf 25' lang='lat' dir='ltr'><strong>linter</strong></span> <span class='ocrx_word' id='word_1_802' title='bbox 2722 5416 2807 5454; x_wconf 78' lang='lat' dir='ltr'><strong>vos</strong></span> <span class='ocrx_word' id='word_1_803' title='bbox 2853 5396 3007 5452; x_wconf 82' lang='lat' dir='ltr'><strong>multi</strong></span> <span class='ocrx_word' id='word_1_804' title='bbox 3047 5393 3245 5465; x_wconf 79' lang='lat' dir='ltr'><strong>inﬁrmi</strong></span> <span class='ocrx_word' id='word_1_805' title='bbox 3290 5401 3338 5445; x_wconf 85' lang='lat' dir='ltr'><strong>et</strong></span> <span class='ocrx_word' id='word_1_806' title='bbox 3376 5378 3652 5443; x_wconf 73' lang='lat' dir='ltr'><strong>imbecilles,</strong></span> <span class='ocrx_word' id='word_1_807' title='bbox 3686 5377 3762 5424; x_wconf 74' lang='grc' dir='ltr'><strong>ειο·</strong></span> 
     </span>
    </p>
   </div>
   <div class='ocr_carea' id='block_1_115' title="bbox 2260 5469 3762 5566">
    <p class='ocr_par' dir='ltr' id='par_1_115' title="bbox 2260 5469 3762 5566">
     <span class='ocr_line' id='line_1_115' title="bbox 2260 5469 3762 5566; baseline -0.024 -15"><span class='ocrx_word' id='word_1_808' title='bbox 2260 5494 2312 5566; x_wconf 88' lang='grc'><strong>(1</strong></span> <span class='ocrx_word' id='word_1_809' title='bbox 2345 5493 2466 5549; x_wconf 88' lang='lat' dir='ltr'><strong>Cor.</strong></span> <span class='ocrx_word' id='word_1_810' title='bbox 2495 5492 2597 5563; x_wconf 77' lang='lat' dir='ltr'><strong>XI.)</strong></span> <span class='ocrx_word' id='word_1_811' title='bbox 2640 5491 2766 5546; x_wconf 87' lang='lat' dir='ltr'><strong>inde</strong></span> <span class='ocrx_word' id='word_1_812' title='bbox 2805 5488 3065 5544; x_wconf 89' lang='lat' dir='ltr'><strong>additur:</strong></span> <span class='ocrx_word' id='word_1_813' title='bbox 3103 5485 3216 5555; x_wconf 83' lang='lat' dir='ltr'><strong>Ego</strong></span> <span class='ocrx_word' id='word_1_814' title='bbox 3264 5481 3533 5539; x_wconf 77' lang='lat' dir='ltr'><strong>Dominus,</strong></span> <span class='ocrx_word' id='word_1_815' title='bbox 3575 5469 3762 5566; x_wconf 42' lang='lat' dir='ltr'><strong>sanctus:</strong></span> 
     </span>
    </p>
   </div>
   <div class='ocr_carea' id='block_1_116' title="bbox 2258 5560 3762 5651">
    <p class='ocr_par' dir='ltr' id='par_1_116' title="bbox 2258 5560 3762 5651">
     <span class='ocr_line' id='line_1_116' title="bbox 2258 5560 3762 5651; baseline -0.025 -7"><span class='ocrx_word' id='word_1_816' title='bbox 2258 5560 2485 5651; x_wconf 74' lang='lat' dir='ltr'><strong>scilicet,</strong></span> <span class='ocrx_word' id='word_1_817' title='bbox 2510 5592 2565 5639; x_wconf 91' lang='lat' dir='ltr'><strong>et</strong></span> <span class='ocrx_word' id='word_1_818' title='bbox 2580 5560 2750 5638; x_wconf 85' lang='lat' dir='ltr'><strong>etiam</strong></span> <span class='ocrx_word' id='word_1_819' title='bbox 2781 5582 2834 5636; x_wconf 91' lang='lat' dir='ltr'><strong>in</strong></span> <span class='ocrx_word' id='word_1_820' title='bbox 2873 5579 3076 5635; x_wconf 88' lang='lat' dir='ltr'><strong>sanctis</strong></span> <span class='ocrx_word' id='word_1_821' title='bbox 3124 5575 3370 5632; x_wconf 87' lang='lat' dir='ltr'><strong>habitans</strong></span> <span class='ocrx_word' id='word_1_822' title='bbox 3418 5577 3471 5624; x_wconf 88' lang='lat' dir='ltr'><strong>et</strong></span> <span class='ocrx_word' id='word_1_823' title='bbox 3515 5560 3762 5621; x_wconf 74' lang='lat' dir='ltr'><strong>sanctorum</strong></span> 
     </span>
    </p>
   </div>
   <div class='ocr_carea' id='block_1_117' title="bbox 2258 5674 2838 5745">
    <p class='ocr_par' dir='ltr' id='par_1_117' title="bbox 2258 5674 2838 5745">
     <span class='ocr_line' id='line_1_117' title="bbox 2258 5674 2838 5745; baseline -0.017 -13"><span class='ocrx_word' id='word_1_824' title='bbox 2258 5679 2538 5734; x_wconf 89' lang='lat' dir='ltr'><strong>vindicans</strong></span> <span class='ocrx_word' id='word_1_825' title='bbox 2568 5674 2838 5745; x_wconf 87' lang='lat' dir='ltr'><strong>injuriam.</strong></span> 
     </span>
    </p>
   </div>
   <div class='ocr_carea' id='block_1_118' title="bbox 2334 5736 3759 5833">
    <p class='ocr_par' dir='ltr' id='par_1_118' title="bbox 2334 5736 3759 5833">
     <span class='ocr_line' id='line_1_118' title="bbox 2334 5736 3759 5833; baseline -0.028 -8"><span class='ocrx_word' id='word_1_826' title='bbox 2334 5769 2495 5825; x_wconf 69' lang='lat' dir='ltr'><strong>Vens.</strong></span> <span class='ocrx_word' id='word_1_827' title='bbox 2521 5736 2786 5822; x_wconf 70' lang='grc' dir='ltr'><strong>δι.ἶ-Α‹ι</strong></span> <span class='ocrx_word' id='word_1_828' title='bbox 2819 5778 3019 5833; x_wconf 76' lang='lat' dir='ltr'><strong>magos.</strong></span> <span class='ocrx_word' id='word_1_829' title='bbox 3048 5759 3188 5815; x_wconf 70' lang='lat' dir='ltr'><strong>LXX</strong></span> <span class='ocrx_word' id='word_1_830' title='bbox 3223 5777 3234 5813; x_wconf 90' lang='lat'><strong>:</strong></span> <span class='ocrx_word' id='word_1_831' title='bbox 3271 5750 3627 5819; x_wconf 71' lang='lat' dir='ltr'><strong>l&#39;cn&#39;riloquat,</strong></span> <span class='ocrx_word' id='word_1_832' title='bbox 3650 5736 3759 5790; x_wconf 69' lang='grc' dir='ltr'><strong>ιάω</strong></span> 
     </span>
    </p>
   </div>
  </div>
