3998 6332
235 362 348 423 353

1246 366 1514 427 GLOSSA
1552 364 1945 428 0RDINARIA.
1984 400 2050 410 -—
2090 366 2220 426 LlB.
2262 368 2487 429 LEVIT.

3415 383 3523 443 354

233 489 531 563 pythoncs,
560 458 647 541 νὲι
675 478 837 541 falsos
860 482 1173 555 prophetas,
1202 483 1293 552 qui
1323 481 1391 537 de
1430 491 1619 538 ventre
1640 480 1819 539 cordis
1846 486 1899 546 Α
1997 479 2109 535 Nec
2132 481 2385 545 voluerit,
2433 492 2539 539 etc.
2576 482 2785 555 (Istum)
2828 483 3026 541 Malum
3074 497 3160 543 est
3208 493 3523 560 permittere

235 581 325 638 sui
350 577 564 635 fabulas
590 576 853 648 quasdam
875 581 931 631 et
956 573 1187 630 fetentes
1211 574 1485 630 doctrinas
1527 573 1825 646 proferunt.

316 672 503 743 Neque
523 672 587 725 ab
609 668 814 733 ariolis,
843 677 948 723 etc.
973 666 1115 722 LXX
1149 684 1163 721 :
1204 664 1482 737 Veneﬁcis,
1513 668 1604 738 qui
1632 668 1831 722 daemo-

235 782 371 823 num
401 765 609 822 scilicet
637 763 855 818 nomina
883 762 1157 827 invocant,
1200 767 1257 816 et
1298 759 1587 829 aliquando
1634 774 1830 831 corpus

230 868 460 926 curant,
494 866 554 913 ut
581 856 814 911 animam
846 853 1196 909 interﬁciant.

310 949 482 1005 Vens.
512 944 891 1003 iii—Coram
920 960 1052 999 cano
1077 943 1265 1014 capite,
1293 950 1400 999 etc.
1433 942 1499 997 In
1521 942 1728 997 senibus
1754 951 1828 996 est

234 1042 523 1114 sapientia,
560 1049 608 1094 et
643 1038 699 1092 in
738 1035 901 1091 multo
941 1045 1168 1104 tempore
1208 1033 1487 1104 prudentia
1532 1031 1655 1104 (Job
1704 1033 1826 1103 xu).

235 1135 379 1193 Hinc
405 1131 607 1188 Paulus
627 1130 705 1185 ait
732 1145 746 1183 :
780 1126 1082 1198 Presbyteri
1103 1126 1303 1198 duplici
1330 1127 1526 1180 honore
1552 1126 1699 1197 digni
1739 1127 1832 1181 ha-

236 1227 486 1292 beantur,
519 1221 749 1278 maxime
784 1220 875 1291 qui
923 1218 1163 1273 laborant
1206 1218 1259 1272 in
1302 1217 1449 1272 verba
1493 1226 1543 1272 et
1588 1217 1829 1272 doctrina

234 1316 295 1391 (ι
316 1316 453 1372 Tim.
485 1315 564 1385 v).

307 1405 478 1462 Vens.
509 1401 760 1460 35.—Si
805 1402 1115 1457 habitaverit
1157 1401 1377 1466 advena,
1432 1409 1538 1457 etc.
1584 1400 1752 1456 Terra
1794 1414 1825 1456 a

234 1497 351 1557 Deo
373 1497 530 1551 nobis
557 1493 706 1559 data,
729 1500 815 1550 est
838 1492 1099 1548 virtutum
1127 1491 1333 1547 scilicet
1359 1489 1590 1558 cultura,
1612 1500 1669 1547 et
1685 1491 1825 1547 bona

236 1584 506 1642 doctrina.
538 1583 742 1654 Siquis
785 1598 915 1655 ergo
962 1583 1030 1639 ad
1074 1582 1234 1638 tidem
1283 1591 1526 1637 nostram
1582 1581 1825 1637 converti

232 1676 496 1740 voluerit,
516 1684 575 1731 et
594 1675 731 1731 civis
758 1682 917 1730 terra:
943 1682 1144 1730 nostra:
1193 1672 1414 1739 ascribi,
1464 1688 1570 1728 non
1622 1672 1827 1745 amiga—

234 1784 359 1824 mus
385 1782 534 1833 eum,
564 1782 666 1823 nec
690 1766 1031 1836 imponamus
1058 1780 1224 1838 grave
1245 1763 1458 1836 jugum,
1510 1765 1651 1821 sicut
1683 1765 1825 1820 Pha-

1929 570 2089 625 etiam
2116 586 2213 627 eos
2242 572 2334 641 qui
2384 571 2514 627 foris
2550 584 2706 639 sunt,
2746 572 3004 630 fornicari
3041 591 3071 631 a
3103 578 3215 634 Deo
3241 588 3298 635 et
3329 583 3517 641 adhae-

1929 676 2051 717 rere
2078 663 2293 719 diabolo
2322 681 2335 717 :
2367 665 2463 719 sed
2486 664 2655 720 multo
2680 667 2853 736 magis
2887 668 2954 722 de
2988 669 3165 723 medio
3190 672 3392 742 populi,
3414 676 3520 731 hoc

1928 760 2015 807 est
2034 753 2178 807 enim
2212 762 2380 808 totum
2411 770 2627 826 gregem
2663 755 2787 827 lupo
2815 759 3132 814 concedere.
3165 759 3521 823 Consentien-

1930 852 2012 899 tes
2035 854 2243 909 autem,
2265 845 2357 915 qui
2390 846 2837 918 scilicetpossunt
2859 864 3138 917 accusare,
3156 854 3241 908 vel
3264 869 3514 927 arguere,

1928 935 2012 990 vel
2041 950 2281 1003 monere,
2304 943 2360 990 et
2400 952 2504 991 non
2554 939 2780 1003 faciunt,
2810 955 2919 994 non
2943 939 3205 1013 edugient
3223 942 3514 1012 judicium.

1928 1025 2087 1082 Ponit
2136 1027 2276 1082 Deus
2324 1026 2519 1082 faciem
2574 1043 2735 1099 super
2779 1029 2955 1096 illum,
2999 1031 3066 1086 de
3109 1048 3218 1103 quo
3272 1036 3512 1094 dicitur:

1936 1116 2126 1172 Vultus
2152 1127 2327 1173 autem
2356 1118 2567 1173 Domini
2589 1137 2744 1190 super
2759 1121 3009 1191 facientes
3028 1124 3189 1192 mala,
3204 1134 3311 1183 etc.
3337 1126 3511 1200 (Psal.

1927 1208 2148 1280 χχχιιι.)

1997 1299 2518 1356 Vens.6.—-Anima
2542 1317 2661 1373 qua:
2685 1300 3019 1359 declinaverit
3048 1306 3120 1360 ad
3158 1322 3361 1378 magos,
3394 1316 3502 1366 etc.

1925 1391 2143 1448 Grande
2172 1404 2455 1463 peccatum
2478 1402 2563 1449 est
2588 1395 2655 1449 ad
2687 1380 2873 1465 magos
2902 1406 2956 1452 et
2979 1397 3177 1455 ariolus
3197 1402 3471 1459 declinare
3490 1419 3508 1456 :

1925 1483 2029 1539 hoc
2056 1492 2143 1539 est
2166 1485 2311 1539 enim
2352 1501 2384 1539 a
2430 1485 2543 1540 Deo
2574 1486 2846 1542 recedere.
2877 1485 3015 1544 Sunt
3042 1499 3225 1546 autem
3252 1495 3395 1565 magi
3425 1494 3514 1550 in-

1926 1575 2253 1647 telligibiles,
2288 1576 2379 1645 qui
2407 1577 2459 1630 in
2489 1577 2710 1632 nomine
2740 1577 2950 1633 Domini
2981 1578 3115 1635 falsa
3150 1584 3509 1654 prophetam;

1925 1675 2054 1721 sunt
2099 1667 2253 1721 arioli
2302 1666 2621 1737 deceptores
2663 1676 2720 1722 et
2751 1667 3080 1736 adulatores,
3118 1672 3209 1741 qui
3258 1673 3515 1731 veneﬁcis

1924 1759 2105 1814 verbis
2134 1759 2353 1815 auditus
2396 1760 2690 1816 multorum
2719 1771 3080 1832 corrumpunt
3114 1772 3172 1818 et
3208 1779 3239 1818 a
3283 1766 3514 1822 veritate

233 1859 404 1925 risui,
427 1859 496 1915 de
524 1858 721 1928 quibus
744 1858 941 1914 dicitur
972 1874 987 1912 :
1014 1856 1247 1929 Alligant
1267 1873 1426 1912 onera
1446 1858 1628 1929 gravia
1650 1868 1698 1913 et
1722 1860 1822 1913 im-
1853 1855 1900 1917 Β
1926 1858 2217 1927 avertunt.

228 1947 538 2021 portabilia,
569 1947 732 2018 digito
755 1956 929 2002 autem
949 1964 1045 2003 suo
1071 1947 1252 2002 nolunt
1276 1965 1337 2002 ea
1359 1964 1561 2003 movere
1602 1946 1818 2020 (Matth.

232 2040 425 2113 nm).
448 2038 536 2094 Sit
560 2039 716 2094 nobis
743 2038 882 2095 sicut
905 2038 1177 2110 indigena,
1208 2040 1299 2110 qui
1328 2039 1539 2096 scilicet
1584 2039 1822 2096 nutritus

228 2141 326 2187 est
353 2130 407 2185 in
434 2128 558 2196 ﬁde,
586 2139 641 2184 et
671 2132 842 2185 crevit
869 2129 922 2184 in
948 2129 1171 2199 pietate.
1204 2128 1342 2185 llinc
1384 2128 1577 2185 Petrus
1617 2130 1686 2185 ad
1726 2145 1822 2186 eos

232 2221 330 2293 qui
374 2221 661 2276 credentes
705 2220 771 2276 de
809 2220 1063 2292 gentibus
1108 2220 1498 2276 circumcidere
1547 2220 1819 2288 volebant,

228 2313 311 2368 ait
340 2330 355 2367 :
396 2311 539 2380 Quid
556 2312 768 2367 tentatis
788 2311 976 2378 Deum,
1000 2312 1263 2383 imponere
1293 2313 1484 2385 jugum
1520 2330 1677 2384 super
1710 2331 1824 2370 cer-

226 2405 366 2461 uices
403 2404 820 2475 discipulorum?
847 2404 983 2476 (Act.
1011 2403 1127 2474 xv.)

302 2494 472 2552 Vens.
501 2493 870 2552 35.—Nolite
895 2496 1088 2565 facere,
1127 2505 1235 2552 etc.
1281 2496 1343 2550 In
1389 2498 1821 2568 praecedentibus

227 2588 480 2661 praecipit
504 2588 558 2643 in
585 2587 792 2656 judicio
812 2588 1078 2659 justitiam
1113 2588 1342 2655 servari,
1374 2589 1463 2644 hic
1486 2588 1539 2644 in
1563 2589 1821 2659 ponderi-

228 2679 336 2735 bus
359 2689 418 2734 et
442 2678 731 2744 mensuris,
756 2686 812 2734 et
836 2693 903 2734 ne
925 2678 1213 2734 abutamur
1232 2679 1299 2735 ad
1320 2679 1635 2750 injustitiam
1660 2681 1822 2753 justl-

227 2771 324 2827 tite
349 2770 598 2825 terminis
624 2787 638 2824 :
669 2769 786 2825 haec
813 2770 957 2825 enim
986 2769 1202 2825 termini
1227 2779 1352 2825 sunt
1379 2770 1734 2826 vendentibus
1761 2779 1819 2828 et

229 2861 562 2928 ementibus,
592 2860 735 2916 sicut
754 2859 903 2931 leges
919 2860 1226 2931 iudicibus;
1258 2868 1318 2914 ut
1338 2861 1405 2914 ab
1425 2861 1573 2916 omni
1604 2858 1819 2930 injusti-

228 2954 311 3010 tia
361 2961 551 3009 contra
595 2953 902 3024 proximum
953 2960 1231 3009 caveatur.
1284 2950 1437 3019 Quod
1472 2951 1614 3007 enim
1666 2952 1817 3009 diviti

226 3061 490 3118 agrorum
513 3045 886 3116 possessiones
908 3050 963 3098 et
985 3044 1229 3115 pecunia:
1256 3043 1517 3108 thesauri,
1551 3044 1654 3099 hoc
1684 3060 1817 3116 pau-

222 3136 351 3212 peri
372 3150 625 3192 mensura
657 3135 769 3191 vini
795 3144 849 3190 et
874 3134 1037 3190 tritici
1065 3175 1080 3200 ,
1119 3142 1174 3190 et
1200 3133 1524 3202 hujusmodi.

1996 1941 2163 1997 Vens.
2193 1941 2246 1997 9.
2279 1971 2352 1983 —
2377 1942 2483 2009 Qui
2503 1940 2834 1998 maledth
2856 1943 2996 2014 patri
3023 1960 3143 2010 suo,
3167 1952 3276 2001 etc.
3302 1944 3509 2018 (0816.,

1924 2031 2066 2086 liam.
2087 2030 2147 2085 lt
2171 2032 2227 2085 in
2250 2029 2395 2102 Leu.)
2417 2031 2491 2086 De
2512 2031 2599 2087 his
2616 2031 2866 2102 superius
2880 2042 3150 2104 praecepta
3173 2032 3344 2103 dedit,
3374 2044 3508 2105 etc.,

1925 2140 2091 2179 usaue
2112 2125 2181 2179 ad
2212 2139 2281 2180 ne
2304 2124 2493 2195 puniat
2512 2133 2945 2196 contemptorem
2973 2140 3213 2180 servum.

1995 2215 2121 2287 (ln.)
2143 2214 2349 2271 Nomen
2384 2214 2556 2287 patris
2590 2215 2676 2272 vel
2722 2215 2930 2281 matris,
2963 2225 3096 2283 etc.,
3128 2208 3292 2290 usque
3325 2219 3398 2274 ad
3440 2219 3511 2276 ad

1923 2310 2161 2382 aliquam
2194 2318 2465 2366 terrenam
2495 2309 2768 2366 civitatem
2812 2310 3088 2366 invertunt
3117 2312 3369 2369 sensibus
3410 2313 3510 2370 dc-

1920 2404 2166 2475 pravatis
2181 2404 2206 2458 ?

1994 2494 2226 2567 Sanguis
2241 2495 2378 2566 ejus,
2402 2503 2509 2550 etc.
2539 2494 2677 2564 Quia
2714 2495 2831 2566 ipse
2850 2502 2934 2551 est
2963 2495 3066 2551 sibi
3102 2510 3268 2551 causa
3294 2495 3506 2552 mortis.

1923 2587 1983 2644 Si
2017 2587 2097 2643 sic
2140 2587 2380 2658 punitur,
2411 2587 2505 2657 qui
2547 2586 2752 2642 carnali
2778 2587 2921 2657 patri
2951 2587 3325 2652 maledixerit,
3366 2600 3508 2658 quo-

1920 2681 2084 2736 modo
2126 2679 2381 2750 punietur
2428 2678 2519 2748 qui
2570 2677 2845 2734 Christum
2899 2677 3377 2748 blasphemaverit,
3404 2690 3509 2731 nec

1920 2771 2202 2828 obaudivit
2236 2769 2439 2827 dicenti
2470 2788 2483 2824 :
2518 2769 2641 2825 Nisi
2671 2770 2788 2842 quis
2826 2778 3039 2824 renatus
3080 2768 3242 2839 luerit
3264 2785 3330 2824 ea:
3363 2784 3505 2840 aqua

1920 2871 1969 2916 et
1997 2860 2202 2933 Spiritu
2239 2870 2442 2925 sancto,
2470 2869 2576 2916 etc.
2607 2859 2790 2934 (Joan.
2817 2861 2925 2931 ιιι),
2954 2868 3132 2915 morte
3153 2859 3364 2915 scilicet
3382 2872 3507 2915 mo-

1920 2954 2112 3020 rietur,
2139 2952 2408 3009 alienatus
2452 2969 2483 3008 a
2520 2968 2687 3024 regno
2722 2953 2985 3009 cmlorum
3031 2968 3159 3009 reus
3200 2938 3324 3009 est:
3365 2952 3503 3009 nihil

1918 3045 2060 3102 enim
2091 3061 2273 3118 grave,
2308 3060 2409 3101 nec
2449 3060 2762 3117 operosum,
2805 3054 2901 3102 aut
2938 3045 3271 3103 laboriosum
3292 3047 3342 3103 ei
3363 3060 3501 3118 prmo

1923 3148 2134 3207 ceptum
2158 3146 2261 3192 est.

307 3226 516 3299 (Istam)
544 3225 722 3281 Nolite
744 3225 936 3295 facere,
965 3234 1070 3281 etc.
1112 3225 1171 3279 ιιι
1211 3223 1416 3295 judicio
1462 3223 1660 3279 mentis
1706 3239 1814 3279 non
1844 3219 1889 3280 C
1989 3227 2153 3303 Vens.
2190 3230 2277 3283 10.
2307 3258 2377 3269 —
2404 3227 2769 3283 Simatchatus
2808 3230 2948 3301 quis,
2973 3228 3282 3299 elc.(Aua.,
3312 3238 3500 3300 quam.

226 3318 500 3375 debemus
528 3316 725 3386 injuste
746 3332 929 3388 agere,
949 3332 1049 3372 nec
1069 3331 1352 3372 mensuras
1385 3317 1645 3371 naturalis
1660 3316 1821 3386 justi-

224 3409 326 3464 tize
356 3422 726 3478 corrumpere,
756 3406 915 3461 aliter
930 3415 1137 3473 nostra,
1160 3406 1318 3460 aliter
1338 3407 1569 3476 proximi
1598 3415 1820 3476 peccata

219 3498 563 3570 judicantes.
586 3496 653 3550 In
676 3513 778 3568 quo
798 3496 935 3550 enim
953 3494 1161 3566 judicio
1200 3494 1638 3564 judicarerimus,
1666 3493 1819 3565 judi-

229 3592 445 3648 cabitur
472 3600 520 3645 et
559 3591 624 3644 de
653 3589 832 3655 nobis;
863 3598 909 3643 et
949 3590 1004 3641 in
1030 3604 1133 3659 qua
1174 3604 1419 3642 mensura
1456 3590 1623 3642 mensi
1659 3587 1824 3657 fueri-

229 3701 378 3750 mus,
403 3682 704 3736 remetietur
733 3680 879 3734 nobis
917 3678 1131 3751 (Matth.
1157 3677 1277 3750 vn).

312 3775 479 3829 Vens.
516 3772 605 3828 56.
623 3801 685 3814 σου
706 3771 913 3827 Statera
932 3771 1096 3841 justo,
1125 3778 1231 3826 etc.
1265 3768 1387 3840 (11).)
1419 3766 1665 3824 Stateras
1687 3784 1812 3839 quo-

228 3884 344 3942 que
366 3868 596 3933 divinas,
618 3874 675 3921 et
696 3880 976 3921 mensuras
995 3864 1203 3921 divinas
1219 3863 1394 3935 justas
1417 3862 1744 3928 habeamus;
1770 3862 1823 3918 id

230 3968 344 4027 est,
374 3959 522 4031 leges
542 3958 737 4014 divinae
761 3956 1055 4027 Scripturae
1078 3964 1262 4010 sancte
1282 3965 1335 4010 et
1357 3955 1505 4029 juste
1551 3946 1823 4011 custodia-

230 4067 361 4108 mus
391 4069 405 4105 :
436 4050 569 4105 nihil
600 4059 843 4105 nostrum
876 4048 1189 4114 inferentes,
1219 4047 1358 4102 nihil
1376 4065 1532 4104 suum
1575 4048 1824 4105 auferen—

228 4154 342 4210 tes,
391 4158 460 4198 ne
509 4142 664 4197 nobis
718 4141 859 4196 istud
904 4141 1147 4196 ditalur:
1178 4140 1354 4206 Quare
1400 4142 1823 4212 transgredimini

228 4235 547 4292 mandatum
569 4233 666 4289 Dei
678 4244 888 4305 propter
900 4234 1205 4287 traditiones
1219 4232 1454 4287 vestras?
1477 4232 1689 4305 (Matth.
1708 4236 1819 4309 xv).

833 4386 1063 4444 CAPUT
1093 4386 1212 4443 XX.

307 4502 475 4558 Vens.
512 4503 560 4557 l.
583 4533 654 4543 —
697 4500 927 4556 Locutus
952 4510 1025 4556 est
1052 4500 1328 4568 Dominus,
1352 4510 1460 4558 etc.
1483 4502 1822 4574 Frequenter

225 4598 320 4655 lex
375 4597 565 4652 eadem
606 4595 818 4666 repetit,
858 4603 919 4649 ut
955 4610 1141 4651 eorum
1174 4596 1491 4649 memoriam
1522 4597 1705 4667 inligat
1745 4597 1821 4651 le-

225 4691 382 4762 genti
416 4706 429 4743 :
462 4688 707 4759 qumdam
746 4696 927 4743 tamen
982 4704 1119 4743 nova
1166 4689 1471 4755 interserit,
1511 4704 1579 4743 ne
1627 4704 1817 4759 supcr-

226 4786 404 4835 ttuere
432 4779 697 4834 videatur.
726 4776 832 4833 Sed
871 4794 1007 4833 nova
1051 4777 1372 4848 inquirendo
1392 4777 1507 4847 jam
1535 4778 1677 4834 dicta
1706 4788 1821 4834 stn-

227 4873 441 4929 diosius
485 4872 844 4942 inquiruntur.
876 4871 1029 4927 Unde
1058 4873 1306 4945 superius
1349 4873 1593 4942 quaedam
1631 4873 1818 4941 prohi-

224 4964 414 5021 bendo
454 4980 671 5036 prunam
705 4967 891 5031 tacuit,
924 4974 984 5020 ut
1034 4975 1337 5036 qurerentes
1382 4981 1503 5036 qua:
1532 4967 1618 5021 vel
1646 4966 1819 5037 qualis

225 5060 328 5123 sit,
380 5058 437 5112 in
491 5056 841 5128 sequentibus
892 5058 1178 5129 diligenter
1228 5058 1631 5129 investigemus.
1683 5057 1818 5114 Cum

226 5153 378 5208 enim
411 5151 661 5222 superius
688 5150 897 5205 Moloch
924 5151 1237 5221 prohiberet
1254 5150 1568 5215 sacriﬁcari,
1588 5150 1818 5221 idipsum

224 5256 451 5313 pinnam
474 5239 719 5297 addendo
752 5242 946 5312 repetit
977 5259 988 5295 :
1026 5243 1249 5313 populus
1273 5242 1481 5297 scilicet
1504 5255 1655 5297 terra:
1685 5241 1821 5313 lapi-

226 5333 377 5388 dabit
400 5349 542 5398 eum,
566 5348 672 5388 non
713 5333 888 5388 solum
935 5334 1228 5405 principes.
1252 5332 1359 5390 Nec
1400 5335 1486 5390 his
1534 5342 1820 5391 contentus

227 5425 385 5481 addit
410 5442 422 5478 :
460 5423 573 5496 Ego
592 5441 785 5496 ponam
813 5428 1001 5497 [aciem
1040 5443 1209 5480 meam
1232 5437 1414 5481 contra
1442 5427 1612 5494 illum,
1639 5439 1743 5486 etc.

302 5516 470 5571 Vens.
494 5515 546 5571 4.
577 5546 650 5558 --
676 5514 830 5582 Quod
856 5516 903 5572 si
927 5516 1209 5589 negligens,
1236 5527 1342 5574 etc.
1372 5518 1640 5578 Provocat
1684 5521 1820 5577 alios

226 5617 423 5666 contra
455 5608 627 5675 illum,
656 5619 713 5665 et
750 5618 940 5676 terret,
968 5610 1013 5665 si
1059 5610 1396 5681 neglexerint
1440 5626 1657 5683 poenam
1709 5623 1817 5668 tam

227 5701 472 5757 studiose
510 5710 855 5773 praeceptam,
886 5700 997 5759 Deo
1044 5700 1161 5772 ipso
1206 5701 1476 5761 irascente
1519 5712 1575 5761 et
1616 5704 1820 5763 ferente

229 5793 580 5848 sententiam.

1921 3318 1989 3374 7‘5
2019 3321 2073 3374 in
2093 3319 2241 3389 Lee.)
2273 3318 2372 3374 Hic
2399 3320 2603 3390 aliquid
2630 3319 2801 3376 voluit
2823 3320 3050 3386 distare,
3075 3328 3207 3386 etc.,
3236 3337 3398 3392 usque
3430 3321 3500 3374 ad

1920 3424 2083 3479 quam
2108 3410 2269 3465 homo
2292 3409 2518 3464 homini.

1993 3498 2053 3555 Si
2082 3499 2394 3564 moechatus,
2437 3508 2545 3554 etc.
2582 3498 2787 3571 (Ιειοιι.)
2832 3497 3174 3553 Adulterium
3220 3510 3501 3567 corporale

1922 3590 2121 3645 malum
2145 3600 2250 3656 est,
2282 3598 2411 3655 etc.,
2453 3606 2617 3661 usque
2635 3591 2704 3645 ad
2731 3590 2823 3660 qui
2859 3588 2911 3646 ei
2939 3588 3213 3644 commisit
3238 3589 3378 3643 hanc
3411 3602 3503 3644 cu—

1924 3696 2062 3736 ram.

1996 3773 2158 3828 Vens.
2205 3773 2291 3827 il.
2328 3803 2398 3812 —
2445 3772 2551 3840 Qui
2595 3773 2881 3835 dormierit,
2923 3780 3031 3827 etc.
3077 3770 3204 3827 Haec
3252 3770 3502 3842 superius

1923 3865 2065 3920 dicta
2095 3872 2149 3920 et
2170 3864 2413 3934 exposita
2437 3874 2584 3930 sunt,
2622 3865 2712 3919 ubi
2755 3866 2957 3920 dictum
3000 3870 3124 3920 est:
3165 3862 3289 3918 Non
3308 3864 3502 3920 revela-

1922 3957 2000 4012 bis
2041 3957 2415 4028 turpitudinem
2445 3959 2611 4029 patris
2641 3961 2748 4024 tui,
2773 3967 2878 4013 etc.
2911 3956 3019 4012 Sed
3050 3957 3138 4010 hic
3173 3966 3358 4027 aperte
3384 3966 3476 4013 tan

1923 4051 1999 4122 git
2033 4066 2154 4105 eum
2182 4051 2275 4121 qui
2314 4052 2455 4105 idem
2504 4052 2645 4120 quod
2675 4052 2955 4123 proximus
2992 4053 3125 4122 agit,
3152 4066 3252 4106 nec
3294 4051 3504 4120 peccati

1924 4146 2184 4201 societate
2222 4146 2570 4211 erubescens,
2603 4147 2811 4216 prodit;
2852 4146 2905 4200 in
2932 4162 3040 4216 quo
3068 4147 3258 4201 mortis
3284 4157 3503 4216 poenam

1920 4238 2199 4308 legislator
2230 4237 2429 4292 sanxit.
2462 4236 2716 4293 Novercrc
2754 4246 2935 4291 autem
2978 4238 3151 4292 virum
3198 4235 3502 4304 conjunxit,

1923 4331 2051 4401 quia
2082 4329 2224 4399 quod
2256 4330 2309 4383 in
2348 4338 2557 4400 patrem
2582 4344 2611 4382 a
2634 4328 2744 4381 lilio
2760 4328 3110 4397 delinquitur,
3140 4327 3310 4382 hocin
3336 4325 3504 4380 ﬁlium

1923 4439 1953 4478 a
1992 4433 2147 4495 patre
2174 4423 2552 4487 committitur,
2583 4429 2639 4474 et
2676 4420 2868 4474 similis
2911 4419 3201 4489 utrobique
3231 4418 3499 4489 impietas.

1996 4512 2198 4585 (Onic.,
2227 4512 2315 4565 ubi
2344 4512 2549 4584 supra.)
2595 4510 2770 4579 Supra
2798 4511 2998 4564 dictum
3041 4518 3144 4575 est,
3172 4518 3303 4576 etc.,
3340 4524 3503 4580 usque

1924 4603 1993 4658 ad
2015 4618 2120 4657 non
2153 4601 2323 4657 solum
2352 4616 2453 4670 pro
2494 4600 2776 4671 qualitate,
2803 4601 2899 4656 sed
2938 4601 3103 4656 etiam
3148 4617 3248 4673 pro
3282 4601 3501 4673 quanti-

1925 4704 2053 4749 tate.

1994 4787 2157 4843 Vens.
2194 4787 2279 4842 l3.
2308 4818 2373 4827 —
2399 4785 2503 4852 Qui
2522 4785 2792 4842 dormierit
2823 4804 2939 4842 cum
2976 4786 3230 4851 masculo,
3259 4794 3363 4843 etc.
3391 4785 3504 4843 Hoc

1921 4889 2201 4954 peccatum
2225 4879 2419 4951 injuria
2442 4888 2651 4934 natura:
2677 4888 2761 4935 est
2784 4897 2799 4935 :
2819 4880 2961 4935 unde
2982 4888 3036 4936 et
3058 4888 3232 4934 morte
3252 4878 3501 4934 mulctari

1923 4974 2197 5029 decretum
2225 4980 2328 5026 est.
2353 4968 2722 5041 Spiritualiter
2748 4978 2928 5026 autem
2955 4985 3078 5025 eum
3114 4969 3206 5039 qui
3238 4967 3393 5022 fortis
3420 4974 3506 5021 est

1923 5067 2103 5121 animo
2137 5063 2485 5120 etmasculus
2530 5063 2637 5135 (vir
2684 5063 2828 5117 enim
2869 5062 2922 5117 in
2973 5061 3153 5116 divina
3200 5058 3502 5128 Scriptura,

1921 5156 2197 5229 perfectus
2218 5156 2270 5210 in
2296 5155 2588 5210 virtutibus
2620 5153 2954 5223 nominatur)
2985 5150 3164 5205 verbis
3199 5149 3382 5220 pravis
3418 5148 3505 5203 vel

1923 5247 2228 5303 actionibus
2249 5243 2561 5300 eﬂ‘eminare
2594 5258 2906 5309 caveamus,
2933 5257 3002 5296 ne
3022 5255 3146 5295 cum
3171 5241 3289 5319 ipso
3315 5239 3507 5296 dissol-

1923 5353 2115 5393 vamur
2139 5344 2194 5391 et
2229 5337 2389 5392 simul
2414 5336 2728 5392 moriamur.

1993 5427 2251 5483 Vens”.
2280 5459 2353 5468 —
2376 5427 2481 5494 Qui
2531 5444 2691 5498 supra
2731 5441 2967 5489 uxorem,
2995 5432 3099 5480 etc.
3142 5424 3351 5479 Saevum
3380 5423 3508 5476 huic

1923 5518 2119 5574 delicto
2146 5534 2362 5589 poenam
2388 5517 2652 5574 decernit.
2678 5517 2781 5583 Qui
2805 5515 2950 5571 enim
2977 5530 3045 5570 ex
3071 5523 3245 5570 matre
3267 5520 3390 5567 sunt
3417 5525 3510 5581 ge-

1922 5611 2042 5676 niti,
2072 5610 2156 5666 his
2178 5626 2316 5682 quos
2338 5609 2444 5665 lilia
2475 5609 2683 5679 genuit,
2710 5622 2833 5663 eum
2861 5623 3007 5662 unus
3032 5614 3188 5677 pater
3210 5604 3300 5667 sit,
3333 5603 3510 5658 incer-

1922 5714 2034 5760 tum
2084 5712 2169 5761 est
2209 5713 2389 5759 utrum
2435 5701 2634 5757 fratres
2683 5702 2790 5756 sint
2830 5716 2897 5755 an
2940 5697 3212 5753 avunculi.
3238 5694 3508 5753 Caveatnr

1921 5811 2051 5869 ergo
2068 5779 2189 5851 iam
2223 5795 2433 5850 incerta
2458 5792 2784 5849 commistio.
2814 5791 2919 5847 Sed
2941 5790 3065 5860 quia
3098 5787 3276 5847 omnis
3295 5787 3506 5860 peccati
