3998 6332
603 359 708 376 ’νυ

605 377 709 414 000

607 465 1040 536 concupiscentia
1059 472 1230 518 mater
1249 471 1352 526 est,
1368 463 1410 517 si
1435 477 1536 531 qua
1561 460 1714 514 nobis
1739 453 2171 526 concupiscentia

607 559 698 622 sit,
730 558 997 612 actionem
1039 570 1146 610 non
1192 554 1576 623 conjungamus
1622 553 1692 606 ei.
1741 550 1843 616 Qui
1885 549 2030 603 enim
2077 549 2178 602 hoc

610 650 759 714 facit,
803 649 927 719 igne
969 647 1309 710 incenditur,
1354 655 1410 698 et
1459 641 1889 711 concupiscentia
1937 648 1995 694 et
2038 637 2178 692 actio

609 740 748 808 ejus.
779 739 838 794 Si
879 740 1014 793 enim
1057 738 1199 808 facta
1233 736 1405 790 carnis
1443 735 1625 804 spiritu
1679 729 2176 799 mortiﬁcaverimus,

609 833 834 886 vivemus
863 830 1041 900 (Rom.
1068 827 1210 896 vm).

683 922 845 976 Vens.
877 921 964 974 15.
989 950 1062 960 -
1091 918 1331 984 Quicum
1351 918 1610 987 jumento,
1641 921 1748 969 etc.
1776 912 1952 966 Nimia
1992 921 2178 967 contra

610 1027 707 1066 eos
739 1019 1023 1066 exercetur
1056 1009 1337 1071 districtio,
1369 1008 1458 1077 qui
1490 1008 1542 1060 in
1586 1013 1790 1060 tantum
1830 1004 1998 1072 iniqui
2031 1012 2085 1057 et
2112 1003 2177 1056 li-

613 1103 782 1159 bidini
813 1102 998 1165 dediti,
1037 1109 1096 1155 ut
1147 1099 1384 1176 inaudita
1434 1097 1634 1152 scelera
1689 1095 2175 1163 concupiscerent:

614 1195 754 1248 unde
783 1193 916 1248 viris
939 1192 1023 1246 vel
1051 1191 1366 1245 mulieribus
1390 1189 1686 1244 commistis
1720 1187 2174 1256 quadrupedibus,

613 1285 807 1339 mortis
834 1298 1049 1354 poenam
1089 1282 1302 1336 indixit.
1342 1280 1615 1336 Fidelibus
1661 1292 1874 1348 quoque
1917 1293 2025 1330 non
2075 1276 2179 1330 erit

611 1377 728 1432 haec
748 1377 834 1430 lex
863 1371 1152 1444 superﬂua,
1181 1374 1227 1428 si
1256 1371 1620 1442 quadrupedia
1653 1370 1958 1424 voluntates
1986 1383 2180 1438 pravas

611 1468 681 1522 ad
731 1476 930 1522 terram
977 1481 1177 1534 pronas
1218 1464 1613 1534 intelligamus:
1644 1477 1763 1531 quae
1809 1476 2002 1515 manus
2039 1460 2180 1514 sicut

610 1556 854 1610 homines
879 1571 985 1610 non
1009 1555 1229 1619 habent,
1259 1554 1382 1622 quia
1407 1554 1552 1608 omni
1581 1553 1817 1607 humana
1847 1552 2057 1606 actione
2085 1565 2179 1605 ca—

610 1656 752 1712 rent,
779 1647 922 1701 unde
965 1645 1310 1715 cognationes
1347 1645 1627 1699 nobiscum
1671 1657 1778 1697 non
1823 1643 2043 1697 habent.
2085 1640 2180 1696 Vir

609 1752 742 1808 ergo
767 1737 850 1790 vel
870 1735 1080 1799 mulier,
1109 1750 1228 1805 quae
1248 1749 1351 1788 non
1382 1733 1637 1803 languore
1664 1743 1888 1797 naturae,
1919 1731 2014 1786 sed
2042 1730 2176 1800 deli-3

611 1828 891 1882 heratione
919 1827 999 1881 eis
1024 1825 1307 1881 cohaeserit
1334 1825 1414 1879 vel
1451 1824 1658 1888 coierit,
1682 1838 1806 1878 reus
1843 1831 1926 1876 est
1970 1822 2177 1877 mortis.

613 1918 718 1988 lpsi
745 1933 958 1988 quoque
990 1919 1128 1973 mori
1155 1919 1406 1972 dicuntur
1435 1917 1540 1971 illis
1567 1916 1816 1982 mortuis,
1840 1930 2016 1984 neque
2035 1918 2183 1970 enim

611 2024 709 2079 per
732 2024 790 2063 se
812 2007 1128 2072 subsistunt,
1156 2023 1255 2062 nec
1277 2008 1383 2062 ulla
1405 2007 1612 2077 peccati
1635 2005 1936 2061 substantia
1960 2015 2064 2071 est,
2089 2005 2181 2060 sed

613 2098 666 2152 in
692 2098 1070 2168 peccatoribus
1096 2106 1368 2166 operatur.

687 2191 867 2263 (Auc.)
893 2191 995 2256 Qui
1040 2209 1158 2245 cum
1192 2192 1456 2261 jumento,
1485 2199 1592 2246 etc.
1623 2191 1893 2258 Quaeritur
1914 2192 2182 2261 quomodo

609 2295 774 2351 pecus
801 2296 954 2335 reum
986 2281 1076 2346 sit,
1100 2297 1223 2336 cum
1266 2295 1367 2336 nec
1405 2281 1666 2335 rationale
1705 2296 1806 2335 nec
1847 2279 1982 2350 legis
2012 2295 2181 2350 capax

609 2375 720 2429 sit?
747 2389 815 2426 an
866 2372 1318 2441 quemadmodum
1363 2371 1758 2427 transferuntur
1806 2373 1971 2428 verba
2016 2381 2183 2426 meta-

607 2466 830 2536 phorica
860 2465 929 2520 ab
954 2463 1171 2518 animali
1193 2463 1259 2517 ad
1286 2463 1551 2528 animale;
1580 2464 1720 2518 sicut
1765 2464 1962 2518 dicitur
1990 2474 2183 2518 ventus

608 2555 908 2626 improbus,
937 2553 1022 2608 vel
1050 2554 1248 2607 iratum
1272 2568 1441 2618 mare,
1465 2553 1538 2606 ita
1567 2562 1622 2608 et
1663 2553 1750 2607 hic
1789 2553 2108 2608 translatum
2149 2568 2182 2607 a

607 2645 859 2700 rationali
889 2645 956 2698 ad
983 2644 1334 2700 irrationale?
1365 2643 1500 2698 Nam
1521 2645 1644 2698 inde
1664 2657 1860 2714 pecora
1881 2645 2034 2715 jussa
2056 2653 2184 2699 sunt

608 2733 862 2798 interﬁci,
887 2733 1014 2803 quia
1041 2733 1136 2788 tali
1164 2732 1365 2804 ﬂagitio
1383 2733 1750 2789 contaminata
1780 2733 2050 2803 indignam
2097 2749 2183 2789 re-

607 2825 807 2880 fricant
831 2825 1148 2880 memoriam
1167 2825 1319 2880 facti.

681 2919 842 2973 Vnus.
890 2918 976 2971 17.
1016 2949 1087 2959 -
1135 2917 1239 2984 Qui
1291 2919 1542 2989 acceperit
1581 2935 1812 2974 sororem
1855 2936 2027 2985 suam,
2074 2929 2178 2976 etc.

607 3008 831 3083 (lstcn.)
859 3009 972 3066 Hoc
1007 3010 1279 3066 tolerabile
1311 3011 1612 3078 videbatur,
1655 3013 1781 3082 quia
1810 3012 2082 3067 Abraham
2113 3014 2182 3068 de

610 3102 746 3157 Sara
770 3103 941 3158 dicit:
975 3101 1142 3158 Soror
1169 3118 1287 3159 mea
1314 3112 1397 3158 est
1423 3119 1491 3158 ex
1527 3113 1700 3172 patre,
1733 3111 1788 3157 et
1825 3120 1933 3159 non
1969 3118 2036 3158 ex
2065 3121 2180 3159 ma-

608 3203 692 3250 tre
723 3212 738 3248 :
765 3195 859 3250 sed
899 3210 994 3251 eos
1035 3195 1128 3264 qui
1173 3196 1239 3250 de
1290 3195 1465 3250 Thare
1509 3206 1664 3265 patre
1708 3195 1978 3251 Abraham
2014 3199 2177 3268 geniti

605 3295 734 3342 sunt
753 3286 963 3358 Moyses
987 3302 1330 3353 enumerans,
1367 3302 1632 3357 nusquam
1667 3285 1816 3342 Sarae
1862 3286 1990 3342 fecit
2030 3287 2181 3343 men-

608 3377 828 3433 tionem.
863 3376 1016 3444 Quod
1046 3378 1091 3434 si
1136 3379 1310 3433 sorori
1350 3392 1461 3433 sua:
1509 3376 1785 3432 Abraham
1831 3378 2032 3448 nupsit,
2055 3387 2182 3434 ante

608 3475 792 3522 tamen
823 3469 927 3523 hoc
945 3483 1108 3538 quam
1129 3467 1299 3522 Deum
1321 3475 1687 3537 cognosceret,
1709 3465 1858 3522 fecit.
1885 3466 2034 3522 Bene
2052 3482 2180 3538 ergo

601 3555 692 3616 lex
723 3560 884 3615 talem
911 3558 1343 3628 coniunctionem
1371 3559 1664 3630 prohibuit.

679 3649 784 3715 Qui
811 3649 1092 3719 acceperit,
1117 3656 1222 3704 etc.
1248 3647 1596 3718 Tropologice
1625 3647 2010 3716 turpitudinem
2037 3661 2180 3702 soro-

604 3740 684 3796 ris
706 3757 775 3796 ex
803 3751 959 3811 patre
982 3749 1038 3794 et
1061 3756 1166 3795 non
1187 3756 1255 3795 ex
1276 3750 1449 3795 matre
1468 3741 1614 3796 videt
1637 3749 1693 3795 et
1713 3740 1926 3809 accipit,
1950 3741 2042 3810 qui
2067 3749 2182 3794 tur—

602 3846 729 3902 pem
756 3832 1023 3886 actionem
1057 3846 1088 3884 a
1115 3839 1268 3898 patre
1295 3829 1380 3885 vel
1420 3845 1452 3884 a
1495 3839 1668 3884 matre
1703 3829 1778 3901 (in
1825 3844 1930 3897 qua
1976 3829 2181 3884 scilicet

603 3921 970 3992 deliquerunt)
1000 3921 1318 3984 admiratur,
1341 3929 1397 3975 et
1420 3921 1697 3976 imitatur:
1729 3936 1836 3974 non
1857 3919 2030 3974 solum
2059 3935 2181 3989 per-

605 4021 856 4068 scrutans
876 4027 998 4081 quae
1027 4027 1134 4066 non
1156 4011 1413 4080 oportuit,
1444 4011 1538 4066 sed
1563 4010 1893 4082 coniungens
1913 4027 1972 4066 se
1993 4025 2182 4080 paren-

608 4112 721 4158 tum
741 4101 996 4172 pravitati
1021 4115 1141 4172 qua:
1161 4116 1318 4157 soror
1337 4099 1453 4170 ejus
1477 4101 1693 4168 dicitur,
1715 4101 1868 4171 quasi
1889 4103 1957 4157 ab
1977 4102 2178 4157 eisdem

604 4194 785 4266 genita
812 4193 1150 4265 parentibus.
1181 4193 1319 4260 Quia
1345 4209 1474 4248 vero
1523 4193 1616 4248 filii
1659 4195 1937 4264 publicant
1977 4211 2178 4264 paren-

605 4295 720 4340 tum
741 4293 960 4355 peccata
983 4282 1232 4339 faciendo
1270 4284 1488 4349 similia,
1512 4293 1658 4339 recte
1683 4285 1738 4338 in
1765 4294 2052 4354 conspectu
2078 4301 2177 4355 po-

602 4375 716 4445 puli
745 4374 1002 4447 inﬂigitur
1029 4390 1228 4446 paena;
1264 4375 1348 4430 vel
1383 4375 1538 4446 juxta
1579 4371 1724 4430 LXX
1751 4393 1764 4430 :
1797 4375 1865 4430 In
1905 4385 2177 4446 conspectu

604 4464 838 4536 ﬁliorum
861 4467 1061 4535 generis
1083 4466 1184 4528 sui,
1217 4481 1403 4521 eorum
1431 4465 1636 4522 scilicet
1661 4467 1753 4536 qui
1790 4465 1914 4521 talia
1939 4467 2180 4537 cogitant

605 4552 809 4606 imitari
833 4571 848 4606 :
873 4561 932 4607 ut
959 4555 1118 4610 unius
1139 4554 1376 4620 aﬂlictio,
1408 4555 1697 4612 multorum
1724 4556 1793 4611 sit
1817 4557 2102 4612 correctio.

685 4642 886 4698 Viderit
935 4646 1329 4716 turpitudinem,
1377 4655 1481 4702 etc.
1534 4647 1710 4720 (Avo.,
1737 4657 1923 4718 quwst.
1963 4648 2075 4718 75.)
2119 4647 2176 4702 ld

607 4742 708 4800 est,
765 4735 1169 4790 concumbendo
1215 4738 1545 4806 cognoverit,
1596 4738 1734 4793 sicut
1777 4737 1850 4792 ibi
1883 4755 1898 4792 :
1930 4735 2178 4808 Cognovit

607 4823 778 4877 Adam
820 4840 1033 4877 uxorem
1064 4841 1214 4878 suam
1237 4823 1389 4896 (Gen.
1419 4827 1515 4898 tv),
1551 4827 1605 4881 id
1633 4836 1736 4892 est,
1768 4826 1816 4880 ei
1852 4827 2042 4881 mistus
2070 4835 2174 4882 est.

607 4917 761 4984 Quod
785 4925 966 4970 autem
992 4916 1068 4970 ait
1092 4934 1104 4970 :
1133 4915 1423 4972 Portabant
1452 4919 1774 4990 iniquitatem
1795 4934 1964 4983 suam,
1988 4918 2042 4972 id
2070 4928 2174 4986 est,

609 5010 781 5079 ipsum
806 5018 1085 5078 peceatum
1115 5025 1270 5080 poena
1302 5020 1437 5066 erat.

681 5095 844 5151 Vens.
876 5097 964 5152 20.
996 5129 1064 5137 -
1095 5099 1198 5165 Qui
1235 5101 1434 5165 coierit,
1479 5108 1583 5155 etc.
1623 5099 1853 5154 lntendit
1904 5099 2178 5171 legislator

609 5190 994 5245 continentiam
1013 5195 1258 5258 suadere,
1277 5209 1506 5248 nemore
1526 5209 1778 5264 pecorum
1803 5209 1922 5249 cum
1939 5195 2177 5249 mulieri-

609 5281 710 5336 bus
733 5283 987 5337 continue
1034 5285 1374 5350 misceamur,
1402 5285 1497 5340 sed
1526 5285 1666 5340 velut
1693 5287 1885 5352 coacti,
1915 5287 1982 5342 ad
2018 5303 2174 5342 usum

605 5374 914 5429 continendi
949 5376 1205 5444 paulatim
1236 5378 1532 5432 veniamus.
1563 5378 1754 5433 Mirum
1800 5390 1981 5435 autem
2029 5383 2174 5451 quod

605 5480 750 5520 nunc
779 5466 910 5521 tales
931 5467 994 5520 de
1016 5466 1212 5535 populo
1240 5481 1336 5520 suo
1359 5467 1592 5536 disperdi
1619 5470 1880 5540 praecipit,
1906 5488 2028 5526 cm'n
2081 5489 2174 5528 su-

606 5556 790 5624 perius
826 5557 1026 5612 eisdem
1057 5558 1227 5628 legem
1256 5559 1590 5628 purgationis
1618 5561 1890 5617 indixerit.
1921 5565 2174 5620 Contem-

606 5651 816 5720 plcmur
858 5668 985 5721 ergo
1035 5661 1420 5706 menstruatam
1467 5655 1746 5722 gentilium
1794 5659 2113 5726 sapientiam
2142 5676 2172 5714 a

607 5743 714 5796 Deo
744 5755 1026 5810 remotam,
1059 5746 1122 5801 de
1157 5746 1332 5802 volatu
1379 5749 1578 5814 avium,
1609 5760 1662 5804 et
1702 5767 1859 5808 cursu
1908 5755 2167 5824 siderum,

1103 353 1489 408 WALAFRIDI
1527 348 1769 406 STRABI
1807 347 2009 403 FULD.
2047 339 2208 397 li-ION.
2253 339 2400 394 ore.
2440 340 2618 396 PARS
2653 337 2694 395 ι.
2731 371 2801 382 --
2838 331 3284 400 THEOLOGICA.

3683 355 3756 412 336

2201 455 2250 512 Α
2277 459 2331 504 et
2357 451 2626 506 mensuris
2645 453 2770 507 cccli
2801 452 3182 523 disputantem.
3212 454 3343 510 Cum
3379 456 3473 511 hac
3491 457 3704 530 dormire,
3722 469 3757 524 id

2277 549 2362 594 est
2383 541 2662 606 delectari,
2688 542 2771 596 vel
2792 543 3030 597 revelare
3051 553 3106 597 et
3127 545 3300 614 palam
3323 547 3663 616 turpitudinem
3678 556 3759 624 ejus

2277 630 2539 700 proferre,
2553 629 2861 700 fontemque
2877 633 3039 687 totius
3052 634 3250 688 erroris
3265 647 3590 704 exponentem
3604 645 3757 711 audire,

2278 720 2500 789 impium
2527 731 2626 775 est.
2653 721 2775 776 ldeo
2808 723 2927 776 talis
2966 723 3312 778 interficietur
3340 726 3402 779 de
3437 727 3595 783 medio
3630 737 3761 802 populi

2281 814 2383 876 sui,
2401 828 2466 866 ne
2492 822 2798 868 nominetur
2821 815 2978 869 homo
2997 815 3088 884 qui
3106 816 3387 883 imaginem
3406 818 3496 873 Dei
3513 829 3562 874 et
3585 823 3760 893 seipsum

2279 901 2574 970 ignorando
2607 902 2916 958 Creatorem
2939 920 2968 958 a
2995 920 3054 960 se
3081 906 3349 962 alienavit.
3375 908 3486 978 lpsa
3505 927 3682 981 quoque
3701 916 3760 970 in-

2281 993 2592 1059 terﬁcietur,
2625 1011 2692 1050 ne
2745 997 3007 1066 sapientia
3051 999 3374 1064 nominetur,
3404 1003 3520 1070 quia
3562 1005 3760 1073 sapientia

2280 1083 2440 1150 hujus
2467 1083 2652 1138 mundi
2685 1086 2910 1142 stultitia
2939 1096 3023 1140 est
3048 1088 3185 1156 apud
3209 1087 3375 1142 Demn
3405 1089 3452 1159 (1
3478 1091 3584 1144 Cor.
3611 1097 3691 1165 ιιι).

2354 1173 2766 1245 Turpitudinem,
2789 1186 2892 1232 etc.
2931 1176 3218 1233 Sororibus
3245 1188 3514 1248 parentum
3547 1181 3661 1237 filios
3693 1187 3760 1238 ιιιί-

2281 1269 2418 1323 sceri
2445 1269 2714 1338 prohibet,
2742 1279 2802 1324 ut
2850 1271 3224 1342 generationes
3266 1287 3371 1326 non
3421 1273 3760 1342 confundantur,

2281 1371 2336 1418 et
2359 1362 2672 1431 parentibus
2701 1364 3007 1418 reverentia
3035 1363 3368 1418 exhibeatur.
3399 1363 3664 1420 Secundum
3688 1370 3761 1437 spi-

2280 1455 2442 1508 ritum
2464 1469 2593 1509 vero
2626 1461 2682 1508 et
2707 1462 2990 1523 parentum
3027 1462 3245 1524 peccata
3277 1455 3520 1509 debemus
3554 1457 3762 1522 velare,et

2279 1561 2465 1603 eorum
2495 1545 2585 1615 qui
2606 1545 2684 1599 eis
2711 1545 2900 1599 sociati
2933 1553 3072 1608 sunt,
3105 1545 3259 1613 quasi
3287 1542 3476 1597 fratres
3505 1553 3554 1598 et
3585 1560 3761 1614 sorores,

2281 1635 2476 1704 quibus
2503 1634 2718 1688 nudatis
2759 1643 3010 1703 parentes
3053 1632 3220 1687 latere
3265 1648 3370 1687 non
3411 1645 3628 1702 possunt.
3654 1635 3762 1694 Unde

2281 1726 2468 1782 addit:
2501 1724 2850 1795 Ignominiam
2894 1724 3065 1778 carnis
3106 1742 3217 1778 sua:
3243 1725 3472 1779 nudabit.
3500 1725 3653 1781 LXX:
3676 1727 3763 1784 Sine

2212 1803 2260 1863 Β
2285 1818 2410 1887 ﬁliis
2435 1819 2702 1883 morietur,
2736 1817 2789 1872 id
2810 1826 2914 1884 est,
2945 1817 3062 1872 sine
3084 1819 3389 1886 virtutibus,
3411 1834 3521 1888 qua:
3541 1830 3613 1875 est
3639 1823 3762 1888 pessi-

2283 1927 2372 1966 ma
2399 1910 2681 1966 sterilitas.

2352 2001 2456 2068 Qui
2490 2001 2688 2066 coierit,
2726 2009 2832 2056 etc.
2865 2001 3070 2073 (Ιειοιι.)
3100 2001 3344 2056 Ostendit
3369 2001 3488 2071 quia
3511 2016 3647 2056 causa
3665 2001 3760 2057 ﬁlio-

2282 2109 2423 2159 rum,
2454 2101 2586 2159 etc.,
2614 2109 2774 2164 usque
2799 2093 2868 2146 ad
2894 2094 3262 2162 superioribus
3293 2093 3477 2147 similis
3504 2100 3593 2147 est.

2352 2183 2534 2255 (AUG.,
2555 2193 2740 2255 quiest.
2763 2183 2830 2239 76
2866 2184 2922 2238 in
2937 2183 3079 2255 Lev.)
3110 2184 3214 2250 Qui
3236 2184 3411 2238 coierit
3432 2201 3539 2238 cum
3561 2199 3762 2251 ιιποιεριι-

2281 2275 2398 2338 tris,
2414 2283 2518 2329 etc.
2542 2273 2858 2344 Quicunque
2889 2275 3169 2328 dormierit
3189 2289 3310 2328 eum
3338 2282 3548 2342 cognata
3565 2282 3760 2336 sua,etc.,

2283 2381 2443 2436 usque
2462 2365 2530 2418 ad
2559 2365 2613 2419 id
2640 2373 2723 2420 est
2744 2364 2890 2419 nullo
2911 2365 3350 2435 juresucccdant
3373 2363 3664 2433 parentibus.

2351 2457 2516 2512 Vens.
2537 2457 2630 2512 22.
2657 2488 2729 2498 -
2753 2456 3023 2512 Custodite
3046 2458 3202 2529 leges,
3231 2467 3335 2514 etc.
3365 2456 3475 2510 Non
3500 2453 3662 2510 suﬂicit
3678 2466 3764 2523 par-

2281 2559 2390 2604 tem
2439 2549 2572 2620 legis
2626 2551 2930 2617 custodire,
2981 2565 3206 2606 necesse
3255 2549 3502 2604 habemus
3547 2546 3764 2600 observare

2282 2639 2465 2695 omnia
2489 2650 2759 2712 praecepta
2782 2650 2838 2696 et
2851 2642 3076 2712 judicia.

2353 2721 2516 2784 Vens.
2540 2730 2628 2783 25.
2655 2727 2724 2770 -ἒ-
2747 2732 2925 2786 Nolite
2954 2729 3245 2795 ambulare,
3269 2739 3372 2784 etc.
3400 2727 3509 2782 Non
3540 2726 3682 2780 solum
3700 2719 3764 2776 Ju-

2279 2817 2430 2883 daeis,
2462 2819 2557 2873 sed
2591 2820 2841 2876 omnibus
2870 2820 3119 2890 gentibus
3162 2820 3281 2875 haec
3324 2816 3625 2873 observanda
3659 2819 3760 2872 sunt,

2281 2912 2325 2966 si
2353 2912 2462 2966 Deo
2493 2913 2699 2968 servire
2730 2914 2938 2969 volunt.

2350 3001 2514 3059 Vens.
2547 3003 2637 3057 24.
2660 3034 2730 3042 -
2770 3003 2949 3058 Lacte.
2991 3004 3210 3062 Deliciis
3247 2999 3600 3062 beatitudinis,
3625 2994 3762 3065 quibus

2281 3092 2416 3147 nihil
2458 3092 2696 3158 suavius,
2722 3093 2858 3148 nihil
2891 3094 3118 3160 dulcuts,
3145 3103 3202 3148 et
3245 3095 3362 3150 sine
3395 3089 3529 3146 omni
3564 3087 3708 3140 labore
3727 3089 3763 3134 et

2283 3184 2464 3240 dolore
2493 3195 2672 3249 erunt,
2699 3185 2840 3241 sicut
2867 3187 2972 3240 mel
3003 3195 3058 3241 et
3091 3186 3194 3253 lac,
3226 3203 3344 3257 quae
3391 3185 3500 3240 sine
3529 3189 3680 3235 nostro
3713 3173 3764 3226 la-

2280 3276 2411 3330 bore
2439 3283 2828 3345 praeparantur.

2353 3367 2518 3421 Vens.
2541 3367 2630 3422 26.
2655 3397 2726 3408 --
2758 3368 2872 3438 Ego
2904 3368 3178 3424 Dominus.
3209 3369 3294 3424 Ne
3317 3366 3535 3438 cogitetis
3565 3361 3760 3415 dicentes:

2283 3455 2423 3522 Quid
2449 3459 2797 3525 comederunt,
2821 3469 2912 3513 aut
2955 3460 3081 3531 quid
3124 3461 3376 3524 bibemus,
3399 3465 3484 3512 aut
3509 3468 3598 3525 quo
3617 3447 3762 3518 operie-

2278 3549 2570 3602 murHtwc
2598 3551 2735 3604 enim
2779 3553 2955 3605 omnia
2994 3561 3170 3622 gentes
3215 3553 3476 3622 inquirunt
3503 3539 3760 3618 (humu).

2281 3639 2383 3707 Qui
2417 3648 2597 3694 autem
2628 3643 2994 3698 sublimiorem
3031 3647 3484 3700 conversationem
3512 3646 3561 3691 et
3595 3629 3764 3688 retribu-

2282 3731 2482 3786 tionem
2513 3742 2829 3802 sequuntur,
2862 3735 3103 3804 separari
3140 3737 3338 3791 debent
3361 3749 3390 3787 a
3415 3726 3606 3786 caeteris
3639 3715 3762 3790 8⁸³⁸⁸

2279 3822 2400 3876 bus.
2433 3821 2705 3892 Separate,
2737 3832 2843 3879 etc.
2871 3823 3120 3880 Jumenta
3153 3827 3240 3882 vel
3273 3838 3481 3896 pecora,
3506 3815 3761 3889 populares:

2279 3913 2533 3978 volatilia,
2561 3917 3013 3986 contemplatores
3051 3918 3134 3974 lex
3183 3919 3428 3990 appellat.
3449 3909 3612 3969 Omnis
3646 3914 3763 3975 ροριι-

2280 4007 2410 4064 laris
2443 4010 2676 4064 mundus
2697 4021 2914 4080 propter
2941 4013 3337 4082 simplicitatem
3379 4027 3406 4065 a
3450 4004 3658 4078 pluribus
3671 3991 3763 4065 judi~

2281 4110 2452 4156 catur.
2485 4100 2745 4157 Similiter
2791 4105 3267 4175 contemplativus,
3307 4103 3399 4158 sed
3444 4113 3540 4154 non
3585 4095 3644 4146 ita
3679 4092 3760 4138 esl:

2279 4195 2554 4266 pepularis
2587 4197 2728 4250 enim
2757 4197 2916 4252 debet
2933 4213 3053 4253 esse
3083 4199 3317 4268 prudens
3349 4197 3401 4250 in
3431 4193 3574 4250 bono,
3597 4175 3763 4246 simple!

2281 4285 2337 4338 iu
2370 4285 2529 4350 malo,
2559 4285 2647 4338 hic
2668 4286 2811 4340 enim
2843 4287 2987 4342 solus
3015 4288 3249 4343 mundus
3269 4297 3368 4342 est.
3393 4268 3764 4343 Contentplatit'us

2280 4392 2495 4446 quoque
2549 4378 2936 4434 conscientiam
3003 4380 3162 4435 debet
3221 4381 3415 4434 habere
3453 4369 3698 4428 mundam,
3727 4365 3763 4410 εί

2200 4499 2254 4560 D
2283 4468 2443 4524 fidem
2469 4484 2574 4524 non
2602 4469 2803 4538 fictam.
2828 4471 2930 4538 Qui
2977 4472 3092 4528 haec
3131 4489 3238 4530 non
3287 4473 3500 4531 habent,
3522 4462 3582 4518 ad
3617 4450 3764 4560 vanilo-

2282 4561 2406 4630 quia
2446 4571 2851 4627 convertuntur,
2887 4577 2990 4616 non
3035 4563 3372 4632 intelligente:
3417 4570 3562 4626 neque
3593 4540 3765 4642 (μιαί

2281 4662 2535 4724 quuntur,
2560 4669 2721 4722 neque
2750 4653 2814 4706 de
2843 4655 3027 4725 quibus
3069 4656 3327 4725 aﬂirmant
3357 4652 3408 4724 (Ι
3443 4650 3563 4704 Tim.
3599 4643 3647 4712 ι).
3673 4635 3763 4691 Dili-

2284 4754 2472 4816 genter
2496 4759 2624 4813 ergo
2667 4743 2853 4798 mundi
2881 4747 3164 4813 separandi
3192 4754 3317 4801 sunt
3349 4745 3413 4798 ab
3449 4729 3709 4793 immundis,
3726 4729 3764 4773 ιιι

2284 4837 2513 4892 mundos
2551 4851 2858 4906 sequamur,
2885 4837 3190 4894 immundos
3225 4838 3496 4908 fugiamus.
3531 4816 3764 4880 Notandum

2285 4946 2416 4985 vero
2449 4945 2610 5000 quam
2642 4929 2873 4985 discrete
2903 4931 2956 4984 in
2989 4933 3418 5002 quadrupedibus
3455 4932 3505 4979 et
3528 4908 3764 4973 volatilibus

2283 5023 2373 5078 hic
2404 5023 2676 5092 legislator
2701 5023 2999 5092 distinguit,
3027 5033 3081 5079 et
3107 5041 3213 5080 non
3259 5026 3312 5080 in
3364 5013 3614 5088 reptilibus
3635 5012 3761 5056 terra.

2283 5115 2488 5170 Cuncta
2511 5115 2653 5168 enim
2683 5130 2800 5183 qum
2824 5125 3108 5169 moventur
3131 5116 3186 5170 in
3213 5125 3354 5171 terra
3399 5102 3639 5165 immunda
3659 5094 3761 5193 ξιιηιο

2286 5214 2501 5260 terrena
2541 5214 2722 5259 autem
2769 5205 3002 5274 sapiunt,
3033 5208 3226 5276 quibus
3256 5207 3388 5260 Deus
3411 5205 3572 5254 venter
3587 5189 3762 5242 estiuso-

2283 5315 2400 5354 rum
2425 5297 2646 5363 (Philio.
2675 5298 2778 5359 tu).
3539 5375 3547 5378 _

2349 5391 2416 5445 Et
2459 5408 2596 5462 qua’,
2640 5401 2745 5446 etc.
2793 5390 2974 5462 (Auo.,
3017 5402 3199 5463 quwst.
3249 5390 3394 5446 76in
3424 5375 3556 5447 Lee.)
3599 5364 3764 5463 νῖῖξθωξ

2279 5483 2456 5538 dicere
2483 5483 2624 5551 quod
2647 5497 2753 5536 non
2777 5491 2902 5542 sunt
2924 5483 3037 5535 haec
3073 5491 3261 5536 natura
3304 5469 3571 5535 immunda,
3602 5453 3762 5552 se}!

2279 5573 2456 5643 aliquo
2488 5545 2812 5627 sacramenti
2839 5575 3012 5642 signo,
3042 5575 3167 5644 quia
3199 5574 3326 5628 dicit
3349 5565 3466 5638 quia
3494 5545 3762 5644 ostendit

2279 5664 2574 5726 immunda,
2627 5675 2881 5732 tanquam
2931 5664 3203 5719 immunda
3249 5665 3325 5719 eis
3377 5671 3471 5712 non
3515 5635 3760 5701 essetllm’l

2276 5766 2491 5811 ostensa
2519 5755 2759 5810 fuissent.

3880 4719 3881 4776 i

3879 4891 3881 4996 4

3879 5103 3881 5168 ι
