3998 6332
227 364 336 419 357

1219 358 1482 416 GLOSSA
1519 356 1914 414 ORDINARIA.
1958 387 2022 394 —
2063 355 2187 410 LIB.
2231 356 2452 410 LEVIT.

3371 355 3474 410 533

295 473 605 544 Lapidibus.
645 467 781 539 Quia
810 465 966 525 vanis
996 469 1272 526 erroribus
1309 469 1606 540 simplicem
1633 483 1802 537 popu-
1833 473 1879 529 Α
1910 464 2052 518 LXX
2080 483 2091 517 :
2126 465 2366 517 Animam
2395 474 2672 518 mortuam.
2706 463 2893 516 Anima
2919 479 3035 532 qum
3055 465 3335 532 peccaverit
3363 465 3504 534 ipsa.

223 569 340 622 lum
373 568 668 630 seducunt;
711 563 854 617 unde
891 571 1132 616 ventrem
1165 561 1430 625 nutriunt,
1465 569 1520 615 et
1548 559 1805 614 auditori-

223 659 329 714 bus
366 658 578 729 placere
599 655 858 725 cupiunt:
907 653 1092 723 quales
1123 653 1281 708 hodie
1313 653 1366 707 in
1393 652 1630 706 Ecclesia
1655 649 1806 704 multi

223 764 375 820 sunt,
417 754 484 809 de
523 751 719 822 quibus
747 750 943 806 Paulus
987 750 1100 803 ait:
1146 749 1218 802 lli
1265 749 1399 802 enim
1450 764 1552 801 non
1579 747 1805 800 serviunt

225 844 459 910 Christo,
501 843 591 898 sed
635 859 728 897 suo
755 842 939 906 uentri,
985 850 1032 893 et
1075 856 1167 909 per
1211 839 1387 893 dulces
1430 853 1710 901 sermones,
1757 843 1805 888 et

225 933 607 988 benedictiones
629 932 881 987 seducunt
917 930 1077 984 corda
1105 931 1456 984 innocentium
1485 928 1641 1002 (Rom
1667 928 1800 998 xvi).

819 1080 1044 1138 CAPUT
1080 1079 1220 1135 XXI.

297 1198 465 1254 Vens.
507 1198 558 1252 1.
589 1227 660 1237 —-
679 1195 826 1250 Dixit
855 1212 1055 1266 quoque
1083 1195 1336 1249 Dominus
1363 1195 1431 1248 ad
1456 1193 1692 1264 Moysen.
1715 1234 1727 1248 .
1751 1233 1764 1248 .
1786 1233 1800 1248 .

229 1275 756 1353 Neocontaminetur,
813 1297 918 1343 etc.
967 1287 1170 1357 (Ιειειι.)
1198 1287 1255 1340 Id
1309 1287 1548 1342 estnihil
1591 1288 1806 1341 omittat

226 1392 294 1434 ex
323 1379 411 1434 his
439 1393 559 1450 qua:
587 1377 837 1447 expediat
863 1379 1197 1432 sacerdotem
1237 1376 1450 1442 docere,
1481 1386 1611 1443 etc.,
1644 1393 1804 1446 usque

227 1472 299 1525 ad
346 1471 772 1525 cohabitantium
822 1470 967 1525 enim
994 1484 1100 1524 non
1141 1470 1337 1540 poterit
1387 1472 1634 1541 ignorare
1681 1485 1804 1540 pee-

228 1571 435 1618 catum.

297 1651 467 1706 Vens.
491 1651 545 1706 2.
563 1651 768 1706 —Nisi
789 1660 990 1706 tantum
1007 1667 1060 1706 tn
1086 1653 1502 1722 consanguineis.
1525 1652 1800 1724 (Ilienou.,

223 1743 377 1811 epist.
408 1742 478 1795 ad
513 1740 808 1806 Fabiolam,
857 1751 986 1798 tom.
1014 1741 1078 1813 I.)
1111 1741 1284 1811 Super
1322 1758 1537 1798 omnem
1567 1743 1799 1798 animam

1910 557 2161 610 morietur
2188 556 2402 627 (Ezech.
2432 572 2595 618 xvtu;
2645 554 2754 608 lsa.
2784 553 2920 622 Lm).
2968 553 3076 609 Hac
3106 563 3278 609 morte
3307 556 3481 609 maxi-

1909 662 1994 701 me
2023 656 2208 717 gentes
2245 648 2543 716 perierunt,
2575 661 2693 715 qua:
2721 660 2820 699 nec
2851 645 3019 715 legem
3049 660 3147 698 nec
3177 644 3478 700 doctrinam

1909 738 2237 803 habuerunt;
2288 739 2382 791 sed
2426 737 2674 791 Christus
2701 744 2938 806 peccata
2984 736 3222 789 omnium
3254 736 3392 802 tulit,
3425 745 3480 791 ct

1909 838 2086 883 tamen
2112 828 2419 898 impollutus
2446 829 2662 883 mansit.

1978 922 2135 991 (Avo.
2164 929 2349 991 quiest.
2379 920 2438 972 81
2473 921 2524 973 in
2552 918 2695 990 Lev.)
2721 918 2801 971 Ad
2828 935 3029 974 omnem
3061 929 3343 985 mortuum,
3369 929 3473 975 etc.

1906 996 2048 1066 LXX
2075 1031 2088 1064 :
2125 1010 2297 1081 Super
2322 1027 2524 1064 omnem
2553 1011 2782 1062 animam
2809 1021 3066 1064 mortuam
3091 1027 3193 1065 non
3221 1012 3474 1065 introibit.

1907 1103 2184 1170 Quomodo
2235 1102 2379 1156 dicat
2417 1102 2651 1154 animam
2695 1110 2986 1166 mortuam,
3024 1110 3156 1167 etc.,
3207 1119 3368 1172 usque
3411 1103 3479 1156 ad

1906 1196 2046 1264 quod
2079 1194 2371 1249 secundum
2400 1208 2505 1247 non
2534 1192 2823 1261 prohibuit.

1985 1284 2138 1339 Vens.
2167 1285 2251 1338 12.
2274 1314 2343 1323 -—
2364 1282 2484 1353 (Im,
2502 1292 2685 1352 quwst.
2714 1281 2826 1352 8'2.)
2851 1282 2926 1336 De
2951 1283 3143 1336 sanctis
3172 1299 3273 1336 non
3299 1281 3476 1335 exibit.

1904 1377 2039 1431 Dum
2069 1377 2272 1432 scilicet
2304 1391 2488 1431 eorum
2535 1375 2724 1430 funera
2773 1374 3136 1441 celebrantur,
3185 1375 3251 1430 de
3280 1375 3481 1430 sanctis

1901 1471 2202 1540 prohibitus
2231 1480 2313 1526 est
2341 1471 2508 1535 exire,
2545 1479 2672 1533 etc.,
2722 1486 2886 1537 usque
2909 1467 2977 1523 ad
3022 1469 3164 1540 quod
3211 1469 3478 1524 nonnullis

1903 1564 2091 1617 diebus
2116 1579 2220 1617 non
2257 1562 2632 1632 imponebatur
2661 1562 2966 1616 incensum.
3161 1563 3172 1574 '

1974 1653 2146 1722 Super
2168 1664 2334 1723 patre.
2365 1653 2724 1724 (Omc.,hom.
2755 1652 2821 1706 14
2851 1654 2905 1705 in
2934 1650 3079 1722 Lev.)
3109 1651 3296 1707 Omnis
3321 1652 3482 1706 homo

1902 1749 1956 1800 in
1981 1754 2132 1816 patre
2169 1754 2224 1800 et
2266 1754 2438 1799 matre
2484 1743 2720 1812 pollutus
2763 1750 2878 1806 est,
2919 1750 3049 1806 etc.,
3093 1757 3253 1812 usque
3304 1741 3370 1794 ad
3400 1740 3482 1794 vel

223 1848 348 1902 qua:
378 1843 588 1887 mortua
617 1841 720 1898 est,
745 1840 874 1899 etc.,
903 1849 1064 1903 usque
1090 1833 1159 1886 ad
1204 1833 1500 1888 minoribus
1532 1849 1660 1888 vero
1700 1833 1796 1886 ali-
1823 1855 1870 1914 Β
1897 1836 2135 1890 caelestis
2159 1829 2680 1889 matr-islibertatem
2717 1832 2934 1903 indigna
2965 1831 3173 1901 peccati
3225 1829 3482 1885 servitute

225 1925 358 1995 quid
383 1925 708 1996 indulgetur.

299 2015 464 2070 Vens.
487 2013 539 2069 5.
563 2047 633 2055 -
657 2015 778 2070 Νοη
807 2015 989 2070 radent
1014 2026 1188 2086 caput.
1216 2015 1338 2089 (.10.,
1365 2016 1520 2087 ibid.)
1546 2016 1801 2073 Summus

226 2115 412 2162 autem
439 2108 695 2178 pontifex,
737 2117 867 2174 etc.,
895 2124 1056 2180 usque
1101 2109 1170 2163 ad
1204 2109 1399 2179 quibus
1426 2109 1672 2166 Christus
1702 2111 1800 2166 do-

225 2199 381 2252 navit
405 2208 464 2253 ut
490 2199 670 2254 lumen
701 2199 826 2255 sint.

271 2287 428 2342 -Non
455 2289 635 2342 radent
662 2300 836 2360 caput,
869 2297 975 2344 etc.
1009 2290 1211 2362 (Isrcn.)
1242 2290 1412 2347 Nimis
1452 2307 1592 2364 azgre
1621 2292 1803 2348 dolere

224 2378 539 2434 sacerdotes
567 2380 632 2434 de
673 2380 903 2435 mortuis
941 2381 1191 2450 prohibet
1218 2381 1327 2447 lex,
1370 2389 1503 2446 etc.,
1534 2399 1694 2454 usque
1733 2383 1802 2437 ad

225 2477 287 2525 ut
311 2471 484 2540 possit
504 2472 800 2536 exhortari,
831 2486 1078 2542 arguere,
1109 2472 1409 2542 increpare.

300 2561 424 2616 Non
446 2561 676 2631 polluent
710 2579 914 2624 nomen,
947 2570 1052 2618 etc.
1087 2563 1208 2632 (Ιο.)
1255 2563 1404 2630 Quod
1430 2573 1514 2620 est
1549 2581 1802 2637 magnum

227 2651 282 2706 in
313 2650 583 2720 gentibus.
621 2649 730 2704 Vos
755 2657 954 2710 autem,
1007 2649 1138 2704 dicit
1185 2650 1492 2716 Malachias,
1541 2652 1802 2724 polluistis

226 2743 362 2797 illud
385 2745 441 2797 in
481 2760 542 2798 eo
567 2744 705 2815 quod
729 2743 900 2798 dicitis
925 2761 944 2798 :
993 2743 1177 2799 Mensa
1220 2745 1432 2799 Domini
1480 2747 1682 2801 deserta
1726 2757 1802 2801 est

225 2833 488 2905 (Halach.
529 2834 592 2905 ι).
641 2830 698 2889 Iri
742 2841 965 2903 peccato
1009 2834 1155 2889 enim
1205 2834 1452 2890 sacriﬁcii
1482 2850 1678 2891 nomen
1707 2837 1803 2892 Dei

227 2921 476 2992 polluant
503 2922 830 2978 sacerdotes.

308 3011 470 3066 Vsus.
529 3012 583 3066 7.
639 3042 713 3052 —
768 3011 1030 3076 Scortum,
1082 3021 1190 3068 etc.
1236 3011 1503 3069 Sacerdos
1539 3015 1800 3084 quilibet,

227 3116 357 3156 nam
381 3101 448 3157 de
475 3116 686 3157 summo
711 3109 897 3173 postea
924 3101 1087 3170 dicet,
1115 3103 1256 3173 quod
1280 3119 1385 3160 non
1408 3105 1511 3160 nisi
1537 3105 1802 3176 virginem

229 3192 393 3248 ducat
427 3206 670 3248 uxorem.

305 3283 440 3350 Qua.-
467 3283 738 3353 repudiata
763 3291 857 3349 est,
889 3292 994 3339 etc.
1035 3283 1168 3352 Qma
1201 3284 1483 3355 culpabilis
1511 3285 1801 3351 invenitur,

231 3372 377 3428 hanc
401 3387 510 3428 non
535 3373 696 3429 debet
734 3373 928 3428 ducere
967 3374 1219 3430 sacerdos
1247 3390 1495 3443 uxorem,
1541 3391 1641 3432 nec
1669 3391 1808 3447 pra:-

235 3464 420 3520 dicere
449 3463 563 3535 ejus
592 3464 992 3520 observantiam
1020 3464 1328 3520 litteralem.

307 3555 475 3610 Vens.
514 3554 567 3610 8.
612 3584 685 3594 —
711 3553 828 3609 Sint
869 3571 991 3626 ergo
1034 3556 1222 3621 sancti,
1251 3564 1357 3611 etc.
1399 3555 1456 3612 Si
1501 3558 1809 3613 sacerdotes

234 3644 421 3700 datam
444 3643 559 3714 jam
601 3636 704 3702 sibi
747 3660 778 3700 a
821 3645 933 3701 Deo
965 3647 1446 3704 sanetillcationem
1477 3651 1807 3715 custodiunt,

237 3734 586 3792 sanctiﬁcant
629 3736 803 3806 ipsum
831 3735 1001 3791 Deum
1031 3751 1047 3790 :
1073 3738 1165 3807 qui
1195 3753 1318 3793 cum
1361 3738 1414 3794 in
1454 3750 1647 3794 natura
1688 3755 1812 3796 san-

237 3835 362 3881 ctus
399 3823 493 3894 sit,
540 3841 572 3880 a
613 3826 964 3897 participibus
991 3826 1176 3899 gloriae
1211 3843 1325 3884 suae
1361 3829 1530 3885 voluit
1572 3829 1814 3886 sanctiﬁ-

238 3924 376 3975 cari.
505 3924 517 3938 '

313 4008 480 4064 Vens.
518 4007 574 4064 9.
604 4037 673 4049 -
700 4006 1000 4064 Sacerdotis
1024 4007 1162 4079 ﬁlia,
1189 4017 1295 4066 etc.
1323 4009 1500 4067 Grave
1513 4020 1608 4068 ἐει
1631 4011 1813 4082 cujus-

239 4098 374 4154 libet
420 4097 585 4153 tiliam
631 4095 911 4164 fornicari,
963 4099 1058 4154 sed
1099 4099 1333 4156 maxime
1375 4102 1688 4168 sacerdotis,
1722 4102 1815 4172 qui

239 4188 404 4244 debet
431 4187 629 4244 habere
657 4177 796 4242 filios
817 4186 1058 4243 subditos
1085 4187 1138 4242 in
1163 4173 1314 4244 omni
1338 4191 1603 4246 castitate.

315 4277 616 4334 Sacerdotis
640 4278 776 4348 ﬁlia.
809 4276 1090 4350 Synagoga
1113 4295 1220 4334 non
1256 4281 1428 4336 solum
1455 4297 1611 4347 uxor,
1640 4283 1734 4339 sed
1763 4291 1818 4339 et

243 4368 344 4425 Dei
417 4367 526 4423 ﬁlia
576 4368 924 4440 appellatur;
979 4369 1075 4424 sed
1129 4377 1418 4441 utrumque
1472 4371 1774 4443 depravans
1800 4413 1817 4438 ,
1863 4377 1868 4382 ’

244 4464 425 4520 aliena
453 4461 597 4519 facta
625 4471 730 4520 est.
775 4461 928 4518 Unde
960 4479 976 4520 :
1011 4461 1350 4534 Relinquetur
1373 4464 1488 4533 [ilia
1530 4464 1660 4521 Sion
1686 4467 1820 4522 sicut

1902 1925 2202 1979 maculant.

1974 2017 2154 2088 (Auc.,
2183 2026 2368 2087 qutrst.
2397 2015 2467 2070 85
2505 2017 2560 2068 in
2602 2013 2788 2085 Leuit.)
2819 2013 2996 2079 Quaeri
3019 1994 3216 2083 potesf,
3243 2019 3376 2075 etc.,
3397 2027 3483 2065 us-

1901 2127 2000 2181 que
2020 2111 2088 2164 ad
2117 2111 2257 2165 sicut
2299 2110 2364 2164 de
2391 2110 2507 2180 ipso
2541 2109 2719 2164 Aaron
2747 2108 3025 2177 Scriptura
3050 2116 3301 2162 testatur.

1974 2203 2086 2272 Ego
2148 2202 2424 2256 Dominus.
2494 2201 2678 2272 (Ave.
2743 2209 2924 2271 quiest.
2976 2199 3115 2266 84.)
3171 2199 3245 2252 De
3305 2197 3486 2267 Moyse

1901 2293 2066 2348 etiam
2114 2292 2316 2347 dictum
2355 2299 2455 2357 est,
2488 2299 2614 2355 etc.,
2661 2307 2822 2360 usque
2856 2289 2926 2343 ad
2967 2304 3069 2344 nec
3113 2287 3377 2358 superﬂua
3405 2287 3486 2357 iu-

1903 2384 2083 2438 dicata
2110 2391 2196 2438 est
2219 2383 2450 2438 visibilis
2471 2381 2847 2447 sanctiﬁcatio,
2879 2381 3005 2450 quia
3035 2379 3320 2435 invisibilis
3345 2393 3485 2448 pra:-

1904 2473 2088 2528 cessit.

1975 2566 2138 2620 Vens.
2183 2566 2269 2619 15.
2311 2594 2382 2605 —
2419 2563 2682 2634 Virginem
2727 2562 2878 2616 ducet
2923 2577 3158 2616 uxorem.
3209 2559 3483 2628 (Humum,

1902 2657 2050 2726 epist.
2080 2657 2148 2710 ad
2172 2654 2496 2727 Fabiolam.)
2526 2653 2695 2710 Vidua
2719 2661 2802 2708 est
2853 2653 3007 2722 cujus
3045 2651 3296 2716 maritus,
3344 2659 3478 2716 etc.,

1903 2764 2064 2818 usque
2091 2749 2160 2802 ad
2188 2748 2330 2802 unde
2356 2763 2370 2801 :
2402 2746 2662 2817 Despondi
2698 2746 2833 2799 enim
2862 2761 2948 2798 vos
2972 2745 3064 2797 uni
3089 2744 3198 2797 viro
3235 2744 3481 2813 virginem

1909 2847 2131 2901 castam,
2163 2845 2267 2892 etc.

1974 2929 2108 2982 Nolo
2131 2926 2448 2997 discipulam
2469 2927 2858 2998 conjugemque
2883 2924 3156 2994 pontificis
3185 2923 3481 2994 quidquam

1906 3019 2106 3076 habere
2129 3018 2331 3074 veteris
2363 3017 2618 3072 hominis.
2654 3017 2715 3070 Si
2741 3016 3162 3069 consurreximus
3185 3029 3299 3068 cum
3327 3011 3486 3067 Chri-

1904 3120 2001 3175 sto,
2029 3126 2146 3180 qua:
2173 3125 2381 3164 sursum
2417 3117 2536 3163 sunt
2561 3107 2851 3177 sapiamus,
2883 3107 3276 3176 praeteritorum
3310 3103 3485 3182 obliti,

1833 3207 1877 3272 (ζ
1907 3199 2210 3255 futurorum
2235 3198 2396 3253 avidi.
2422 3196 2606 3251 Infelix
2638 3194 2824 3251 Simon
2865 3196 2957 3265 qui
2994 3203 3116 3264 post
3153 3194 3486 3264 baptismum

1905 3292 1974 3348 de
1993 3291 2214 3361 antiquo
2240 3288 2583 3344 matrimonio
2613 3288 2888 3356 cogitavit,
2922 3301 3022 3340 nec
3074 3285 3142 3340 ad
3168 3284 3486 3355 virginalem

1903 3390 2127 3439 venerat
2155 3382 2465 3452 puritatem,
2495 3379 2645 3434 Petri
2675 3378 2950 3434 consortio
2979 3377 3231 3444 indignus
3261 3375 3383 3430 fuit.

1958 3473 2122 3528 Vens.
2141 3450 2535 3526 Ila—Viduam
2553 3478 2726 3523 autem
2740 3477 2788 3520 ct
2804 3468 3261 3538 repudiatam,etc.
3283 3466 3490 3536 (0316.9

1907 3566 2048 3619 hom.
2079 3564 2145 3618 12
2169 3565 2224 3618 in
2267 3563 2458 3632 Leuit.)
2486 3561 2586 3628 Qui
2627 3569 2836 3630 peccat,
2880 3557 3122 3627 abjectus
3160 3565 3276 3621 est;
3325 3557 3490 3611 etiam

1909 3654 1956 3710 si
1969 3653 2253 3724 episcopus
2273 3659 2438 3716 tacet,
2460 3650 2545 3706 vel
2569 3648 2893 3719 ignorantia,
2917 3647 3000 3702 vel
3018 3646 3360 3718 negligentia,
3385 3660 3492 3698 non

1909 3743 2128 3815 prodest
2155 3739 2456 3810 hujusmodi
2488 3740 2693 3810 gratia;
2731 3739 2966 3793 animam
3016 3735 3282 3805 abjectam
3327 3736 3488 3790 Chri-

1911 3843 2028 3891 stus
2073 3849 2181 3889 non
2211 3833 2358 3888 ducit
2388 3845 2632 3896 uxorem,
2663 3844 2764 3885 nec
2805 3829 3085 3899 pollutam,
3127 3844 3246 3898 quae
3285 3827 3492 3883 scilicet

1917 3935 2122 3984 tantum
2171 3933 2453 3998 peccatum
2499 3923 2666 3978 voluit
2711 3930 2767 3978 et
2819 3921 3047 3992 optavit,
3099 3921 3226 3990 quia
3269 3935 3498 3991 magnus

1912 4019 2153 4092 pontifex
2191 4019 2408 4075 omnino
2433 4032 2620 4088 puram
2645 4014 2871 4085 requirit
2897 4013 3154 4076 animam,
3185 4027 3348 4082 quam
3391 4011 3493 4066 sibi

1910 4112 2101 4182 jungat
2159 4119 2215 4166 et
2263 4124 2429 4164 unum
2478 4108 2727 4178 spiritum
2771 4103 2986 4160 elliciat.
3037 4103 3140 4170 Qui
3196 4111 3384 4173 peccat
3428 4103 3496 4157 ad

1916 4211 2170 4269 mortem,
2214 4202 2457 4274 abjectus
2497 4208 2624 4265 est;
2668 4198 2758 4268 qui
2788 4196 3089 4261 venialiter,
3133 4196 3368 4266 pollutus
3393 4206 3495 4249 est.

1989 4294 2295 4360 Sordidum,
2325 4302 2429 4348 etc.
2460 4292 2591 4360 Quae
2616 4290 2762 4344 vadit
2799 4296 2921 4358 post
2948 4295 3236 4350 amatores,
3286 4285 3496 4340 scilicet

1919 4387 2208 4451 daemones,
2236 4385 2328 4455 qui
2354 4385 2589 4439 animam
2614 4381 2917 4452 pulchram,
2968 4378 3022 4432 id
3063 4386 3166 4443 est,
3193 4377 3262 4432 ad
3298 4377 3493 4447 imagi-

1921 4491 2046 4532 nem
2073 4476 2168 4531 Dei
2195 4475 2413 4539 laetam,
2440 4473 2746 4528 adulterare
2773 4468 3014 4538 cupiunt.

245 4553 609 4610 umbraculum
636 4553 815 4617 vincte,
842 4560 948 4608 etc.
982 4551 1115 4625 (Isa.
1144 4553 1206 4624 ι).
1238 4551 1305 4608 Et
1334 4553 1497 4609 alibi:
1527 4553 1815 4612 Fornicata
1844 4557 1896 4617 D
1991 4566 2154 4623 Vens.
2181 4567 2267 4621 17.
2293 4597 2365 4607 —
2397 4565 2568 4619 Homo
2593 4565 2657 4618 de
2681 4561 2891 4617 semine.
2927 4559 3134 4632 (Isrcn.)
3161 4558 3287 4614 Haec
3308 4575 3500 4616 secun-

245 4654 324 4699 est
349 4651 518 4696 mater
539 4657 715 4696 eorum
741 4638 887 4713 (Ore.
922 4639 1024 4712 u):
1053 4641 1198 4712 quod
1224 4642 1347 4714 igne
1385 4644 1456 4699 sit
1498 4653 1708 4712 exusta,
1739 4645 1821 4701 in-

248 4731 430 4788 cendii
468 4739 776 4786 monstrant
801 4731 1047 4800 vestigia.

323 4823 489 4906 Vitas.
551 4821 638 4876 10.
688 4850 762 4863 -
812 4818 1100 4892 Pontifex,
1153 4830 1258 4879 etc.
1311 4823 1558 4881 Christus
1585 4835 1822 4898 'magnus

249 4913 511 4968 Dominus
537 4921 730 4978 noster,
754 4921 802 4967 et
843 4929 1032 4982 magna
1060 4912 1220 4968 virtus
1262 4914 1396 4984 ejus,
1425 4917 1515 4985 qui
1545 4933 1642 4987 pro
1671 4918 1826 4973 nobis

247 5003 431 5059 factus
455 5011 538 5058 est
566 5003 818 5058 sacerdos
847 5011 901 5057 et
923 5003 1118 5059 hostia.

322 5091 654 5146 Consecratw
701 5101 840 5146 sunt.
891 5091 994 5146 Alii
1040 5094 1346 5148 sacerdotes
1377 5094 1428 5148 in
1462 5097 1722 5167 sanguine
1750 5098 1831 5152 vi-

248 5184 349 5238 tnli
381 5194 438 5238 et
462 5183 648 5238 arietis
682 5184 1095 5252 consecrabant,
1126 5185 1212 5239 vel
1232 5189 1694 5254 consummabant,
1724 5191 1829 5245 sci-

245 5273 400 5340 licet,
437 5289 626 5328 manus
653 5290 816 5330 suas:
849 5275 962 5346 ipse
984 5291 1111 5330 vero
1139 5278 1358 5347 proprio
1397 5281 1674 5350 sanguine,
1707 5296 1833 5337 eruo

247 5365 431 5421 cilixis
469 5366 736 5421 manibus.

333 5455 653 5511 Vestimenta
688 5475 792 5512 non
816 5460 1032 5526 scindet,
1060 5469 1163 5516 etc.
1199 5461 1402 5534 (Isrcn.)
1443 5465 1518 5519 Ex
1552 5481 1658 5536 quo
1686 5468 1829 5522 enim

248 5547 493 5604 Verbum
534 5563 662 5604 caro
693 5549 890 5604 factum
935 5560 1036 5615 est,
1079 5560 1206 5618 etc.,
1248 5570 1408 5624 usque
1445 5557 1512 5610 ad
1558 5557 1670 5612 hazc
1709 5573 1833 5615 vere

249 5645 442 5691 sancta
468 5645 594 5691 sunt
620 5638 950 5694 indumenta.

325 5726 491 5800 Vsus.
539 5729 624 5782 11.
673 5760 740 5769 -—
783 5731 862 5783 Ad
905 5748 1106 5788 omnem
1153 5746 1437 5805 mortuum,
1465 5749 1568 5795 etc.
1627 5741 1831 5812 (Istam)

1928 4659 2055 4714 dum
2086 4657 2319 4713 litteram
2352 4663 2579 4721 tantum,
2622 4663 2751 4718 etc.,
2775 4668 2938 4723 usque
2960 4650 3028 4704 ad
3052 4651 3206 4705 valde
3249 4666 3348 4722 per
3371 4667 3502 4708 con-

1931 4748 2205 4804 tumeliam
2243 4747 2568 4816 refragatur.

2002 4841 2166 4896 Vens.
2206 4841 2292 4896 18.
2331 4871 2403 4880 -
2433 4838 2492 4895 Si
2525 4856 2695 4894 cwcus
2741 4840 2945 4913 Osred.)
3002 4841 3205 4896 Lumen
3256 4849 3500 4895 contem-

1929 4933 2183 5004 plationis
2213 4934 2485 5003 ignorans,
2516 4932 2795 5003 prmsentis
2823 4933 2947 4988 vitae
2985 4932 3215 4988 tenebris
3258 4945 3499 5001 pressus,

1931 5024 2024 5094 qui
2057 5023 2182 5077 dum
2213 5031 2493 5077 venturam
2535 5022 2707 5078 lucem
2749 5022 3034 5094 diligenter
3067 5036 3174 5076 non
3213 5019 3500 5089 conspicit,

1932 5116 2104 5171 nescit
2126 5131 2231 5184 quo
2255 5115 2494 5185 porrigat
2526 5116 2706 5185 operis
2742 5131 3004 5185 gressum.

2004 5205 2066 5260 Si
2091 5204 2331 5259 claudus.
2385 5205 2506 5277 (10.)
2557 5206 2658 5274 Qui
2708 5207 2914 5261 scilicet
2942 5206 3085 5260 videt
3123 5220 3231 5275 quo
3278 5218 3503 5276 pergere

1933 5298 2145 5361 debeat,
2195 5297 2288 5352 sed
2333 5297 2643 5353 inﬁrmitate
2694 5298 2888 5353 mentis
2938 5299 3044 5350 no’n
3095 5303 3272 5367 potest
3327 5295 3503 5350 facere

1934 5387 2074 5456 quod
2103 5386 2394 5442 desiderat.

2004 5476 2063 5532 Si
2089 5494 2264 5547 parvo,
2309 5478 2388 5533 vel
2434 5479 2642 5548 grandi,
2689 5478 2762 5532 vel
2804 5487 2939 5532 torto
2987 5494 3135 5532 naso.
3164 5475 3284 5547 (lo.)
3329 5475 3501 5528 Parvo

1933 5583 2064 5623 naso
2102 5576 2204 5632 est,
2241 5569 2330 5638 qui
2377 5570 2443 5624 ad
2491 5569 2776 5623 tenendum
2825 5584 3130 5623 mensuram
3163 5565 3504 5620 discretionis

1934 5659 2157 5714 idoneus
2187 5675 2291 5713 non
2320 5668 2399 5714 est
2425 5677 2438 5712 :
2487 5675 2618 5714 naso
2666 5660 2807 5713 enim
2837 5660 3030 5712 odores
3073 5659 3374 5726 letoresque
3401 5659 3483 5710 dis

1935 5749 2230 5804 cernimus.
2263 5749 2435 5804 Nasus
2469 5750 2684 5820 grandis
2716 5758 2769 5804 et
2815 5759 3003 5813 tortus,
3053 5757 3134 5803 est
3163 5748 3502 5803 discretionis
