3998 6332
599 347 706 402 559

1101 342 1493 401 WALAFRIDI
1534 344 1783 401 STRABI
1824 343 2009 399 FULD
2050 342 2213 399 MUN.
2255 342 2413 400 OPP.
2453 345 2634 404 PARS
2671 346 2713 404 l.
2750 377 2822 391 -—
2860 346 3317 409 THEOLOGICA.
3711 364 3784 425 ιω

600 461 959 517 immoderata
997 461 1287 525 subtilitas,
1326 477 1448 530 quae
1490 461 1608 530 plus
1650 476 1815 531 quam
1857 467 2073 531 oportet
2096 458 2183 515 vel
2208 459 2262 518 A
2358 459 2521 517 Vens.
2545 462 2635 518 24.
2656 495 2727 506 —-
2754 463 2982 521 Locutus
2995 477 3072 524 est
3102 468 3330 540 Moyses,
3358 477 3459 527 etc.
3487 472 3636 547 Moysi
3655 480 3787 552 digni.

602 554 759 611 decet
789 568 1137 616 excresceus,
1180 554 1411 611 actionis
1453 552 1735 608 confundit
1777 554 2181 609 rectitudinem.

676 645 838 701 Vnus.
872 645 959 700 19.
990 674 1063 687 -—
1082 644 1140 700 Si
1164 645 1332 714 fracto
1356 645 1501 713 pede.
1541 644 1748 716 (letam)
1776 644 1878 711 Qui
1902 644 2046 699 viam
2090 644 2183 698 Dei

603 749 829 804 pergere
858 749 965 789 non
992 742 1192 803 potest,
1224 743 1281 788 et
1306 734 1431 788 boui
1460 735 1876 820 operispxsors
1915 742 2028 796 est,
2076 748 2183 789 non

605 835 666 880 ut
692 824 937 887 claudus,
977 824 1068 894 qui
1108 824 1299 877 saltem
1340 839 1462 878 cum
1492 823 1808 878 inﬁrmitate
1836 825 2054 879 tenebat

676 917 841 972 Vsus.
868 915 960 970 20.
986 946 1057 957 —-
1083 913 1141 969 Si
1165 914 1365 985 gibbus.
1392 912 1514 986 (ln.)
1558 915 1795 970 Terrena
1824 915 2185 970 sollicitudine

604 1023 825 1080 pressus
848 1009 917 1063 ad
934 1022 1169 1077 superna
1198 1023 1305 1062 non
1331 1009 1648 1077 respiciens,
1678 1006 1935 1063 inferiora
1968 1016 2182 1063 tantum

605 1101 920 1172 inspiciens.

675 1189 738 1246 Si
757 1190 948 1262 lippus.
988 1189 1208 1259 Lippus,
1248 1189 1402 1260 cujus
1430 1189 1703 1260 ingenium
1732 1191 1799 1245 ad
1819 1190 2183 1261 cognitionem

602 1282 851 1337 veritatis
886 1282 1120 1345 emicat,
1149 1280 1243 1337 sed
1273 1281 1520 1351 operatio
1551 1282 1784 1337 carnalis
1817 1285 2093 1338 obscurat.
2125 1282 2183 1337 In

602 1371 762 1443 lippis
781 1373 922 1428 enim
949 1372 1166 1444 pupilla:
1194 1388 1341 1428 sana:
1370 1384 1517 1439 sunt,
1545 1375 1639 1429 sed
1666 1375 1894 1430 humore
1919 1374 2186 1431 deﬂuente

600 1460 870 1531 palpebra:
905 1471 1273 1529 grossescunt,
1308 1462 1463 1531 cujus
1500 1464 1691 1519 crebra
1734 1463 2004 1520 inlusione
2041 1466 2185 1521 acies

600 1553 766 1608 etiam
786 1552 1000 1623 pupillae
1024 1554 1268 1609 vitiatur.

672 1647 736 1704 Si
766 1648 1084 1720 atbuginem.
1124 1649 1247 1721 (lo.)
1286 1650 1605 1721 Albuginem
1630 1651 1793 1708 habet
1819 1653 1912 1724 qui
1940 1653 2185 1709 veritatis

598 1739 776 1795 lucem
807 1741 990 1797 videre
1020 1756 1127 1797 non
1155 1742 1389 1807 sinitur,
1418 1744 1542 1812 quia
1568 1747 1880 1816 arrogantia
1907 1747 2185 1814 sapientiae

2287 561 2450 608 tatem
2495 556 2839 613 commendat
2876 573 2891 612 :
2929 558 3051 640 aliis
3081 560 3227 615 enim
3257 575 3448 630 pauca,
3476 565 3570 634 ipsi
3600 584 3707 626 vero
3733 572 3789 630 lo-

2282 646 2469 713 quitur
2504 646 2645 704 Deus
2668 650 2871 714 omnia,
2901 649 3028 718 quia
3052 650 3236 719 justus
3264 662 3347 708 est
3371 663 3426 708 et
3451 656 3609 728 imago
3636 661 3791 722 Christi

2282 749 2386 792 est.
2419 739 2531 795 Nos
2567 756 2779 811 quoque
2818 754 3001 799 monet
3042 747 3340 816 majoribus
3363 759 3418 804 et
3454 750 3791 818 perfectioribm

2282 829 2590 896 attendere,
2618 831 2710 901 qui
2740 833 2993 888 continue
3025 834 3279 890 fruuntur
3298 846 3496 893 aeterna
3518 842 3711 900 visione.

2876 966 3104 1023 CAPUT
3130 968 3294 1024 XXII.

2353 1075 2517 1131 Vens.
2545 1076 2599 1131 9..
2619 1106 2692 1116 —
2712 1077 2844 1143 Qua:
2869 1078 2968 1149 ipsi
2992 1079 3241 1148 oﬂ‘erunt,
3270 1088 3377 1136 etc.
3401 1079 3526 1148 Quae
3544 1083 3793 1146 obtulerunt

2283 1166 2490 1222 scilicet
2539 1169 2932 1234 sacerdotibus,
2991 1186 3088 1240 per
3137 1187 3234 1227 eos
3287 1173 3511 1229 Domino
3561 1177 3789 1237 edet-ends.

2284 1253 2421 1311 Nota
2442 1259 2889 1315 sanctiﬁcationis
2914 1277 3084 1332 genus
3110 1264 3257 1333 quod
3280 1264 3340 1319 lit
3356 1276 3481 1322 voto
3502 1277 3555 1324 et
3573 1271 3791 1332 devotione

2283 1346 2562 1405 oll‘erentis
2586 1368 2601 1417 ;
2650 1352 2747 1407 sed
2785 1362 2965 1408 utrum
2996 1355 3241 1411 homines
3261 1360 3448 1413 eodem
3472 1361 3615 1417 modo
3641 1365 3791 1434 seipsts

2284 1442 2627 1498 sanctiﬁcare
2667 1445 2942 1510 dicantur,
2981 1461 3105 1501 cum
3143 1446 3197 1501 in
3226 1447 3405 1518 aliqua
3438 1466 3494 1506 re
3526 1452 3700 1523 seipsos
3726 1470 3789 1512 vo-

2284 1541 2433 1599 vent,
2453 1534 2849 1590 observandum
2880 1544 2980 1591 est.

2356 1625 2510 1682 Vers.
2541 1627 2595 1682 '5.
2625 1659 2696 1669 —
2721 1628 2903 1685 Omnis
2926 1631 3082 1687 homo
3112 1634 3204 1705 qui
3225 1635 3512 1699 accesserit,
3538 1643 3631 1691 etc.
3653 1635 3790 1706 Qtnsi,

2287 1732 2393 1772 non
2428 1718 2605 1773 solum
2632 1736 2661 1774 a
2694 1720 2995 1776 ministerio
3031 1730 3087 1776 et
3119 1723 3355 1793 mystico
3380 1722 3548 1779 cilicio
3571 1724 3790 1792 abstineat,

601 1831 690 1886 vel
706 1832 930 1902 justitite
961 1840 1217 1889 caecatur.
1252 1810 1458 1904 Pupilla
1489 1836 1635 1891 enim
1666 1810 1819 1907 nigra
1856 1810 2034 1903 videt,
2064 1837 2185 1893 alba
2215 1820 2264 1881 Β
2293 1810 2387 1865 sed
2427 1826 2548 1907 (⁸⁸⁸-
2574 1818 2758 1907 9³8³³
2794 1827 2916 1907 (ΨΒ
2959 1812 3143 1868 omam
3165 1821 3329 1880 sun"
3366 1814 3586 1871 mundus
3606 1817 3720 1872 ωίω
3744 1818 3791 1875 ad

601 1939 712 1979 non
742 1924 890 1979 videt
918 1943 931 1978 :
965 1925 1091 1995 quia
1118 1940 1309 1981 sensus
1348 1926 1597 1983 humanae
1617 1929 1957 1999 cogitationis
1987 1930 2032 1985 si
2059 1930 2190 1985 stul-

606 2024 721 2071 tum
747 2031 809 2072 se
826 2014 913 2073 vel
930 2026 1275 2088 peccatorem
1306 2018 1572 2091 intelligit,
1595 2021 1957 2091 cognitionem
1986 2010 2188 2077 intimae

601 2103 866 2160 claritatis
877 2106 1258 2175 apprehendit:
1275 2107 1320 2161 si
1334 2109 1624 2164 candorem
1634 2108 1861 2179 justitite
1888 2110 1969 2166 vel
1982 2113 2188 2182 sapien-

600 2194 693 2250 tia:
727 2195 829 2252 sibi
852 2196 1120 2261 attribuit,
1154 2212 1186 2252 a
1214 2212 1447 2267 superna
1484 2200 1790 2270 cognitione
1836 2216 1895 2257 se
1926 2203 2183 2259 excludit.

668 2282 733 2342 Si
739 2286 924 2358 jugera
949 2289 1196 2343 scabiem.
1228 2289 1353 2361 (lo.)
1383 2289 1482 2346 Cui
1508 2291 1720 2348 scilicet
1741 2293 2038 2363 petulantia
2059 2310 2184 2351 car-

598 2377 690 2435 nis
727 2378 848 2434 sine
891 2379 1199 2436 cessatione
1235 2381 1544 2436 dominatur
1572 2382 1626 2437 in
1666 2391 1865 2439 mente.
1906 2384 1964 2439 lu
2004 2387 2187 2443 scabie

599 2483 836 2539 namque
862 2469 1046 2526 fervor
1073 2471 1346 2526 viscerum
1383 2471 1451 2526 ad
1491 2481 1672 2526 cutem
1704 2473 1958 2539 trahitur,
1988 2475 2044 2533 in
2075 2492 2186 2547 quo

598 2558 814 2616 luxuria
845 2561 1107 2631 signatur,
1152 2562 1280 2631 quia
1321 2562 1574 2618 similiter
1621 2563 1802 2620 cordis
1842 2568 2072 2623 tentatio
2115 2569 2185 2625 ad

598 2652 973 2724 operationem
1000 2652 1232 2721 prosilit.

670 2741 732 2798 Si
770 2743 1118 2815 impetiginem
1148 2744 1203 2799 in
1239 2760 1473 2815 corpore.
1505 2745 1698 2818 (Gneo.
1740 2747 1917 2816 Past.,
1963 2761 2102 2822 part.
2140 2767 2181 2819 ι,

599 2846 720 2904 cap.
752 2832 866 2906 ll.)
904 2834 1275 2906 lmpetiginem
1304 2838 1467 2893 habet
1495 2839 1549 2894 in
1574 2855 1821 2911 corpore,
1846 2850 1952 2898 etc.
1973 2882 1990 2908 ,
2020 2859 2185 2914 usque

598 2926 672 2980 ad
711 2927 840 2997 quia
886 2942 985 2997 per
1008 2927 1193 2982 omnia
1219 2929 1348 2983 vitia
1376 2931 1615 2987 animum
1649 2933 1974 3003 supplantat.
2008 2933 2184 2992 Radix

597 3019 741 3072 enim
766 3020 999 3073 omnium
1029 3018 1291 3074 malorum
1316 3032 1390 3075 est
1411 3022 1672 3091 cupiditas
1698 3023 1752 3095 (Ι
1778 3024 1913 3079 Tim.
1941 3026 2039 3097 vt).

691 3107 781 3163 Vel
795 3110 1088 3165 berniosus.
1114 3111 1239 3175 Alii,
1263 3112 1605 3183 ponderosas,
1626 3117 1753 3185 quia
1780 3118 1991 3175 scilicet
2016 3119 2185 3189 turpi-

2292 1903 2491 1957 munda
2516 1903 2677 1959 debet
2698 1905 2976 1959 accedere.

2367 1992 2525 2050 Vens.
2554 1995 2608 2049 4.
2635 2024 2706 2039 —-
2735 1995 2847 2079 Qui,
2872 1996 3027 2067 fuerit
3063 1995 3325 2067 Ieprosus,
3363 2007 3469 2055 etc.
3502 1997 3606 2056 Non
3633 1999 3790 2055 sensibi—

2288 2084 2395 2142 lem
2420 2086 2692 2157 leprosum
2728 2087 3092 2156 abominetur,
3126 2091 3221 2160 qui
3262 2090 3463 2147 invitus
3504 2090 3693 2160 patitur,
3725 2089 3789 2145 sed

2289 2181 2623 2251 spiritualem
2662 2202 2677 2236 :
2718 2183 2863 2252 quod
2904 2183 2981 2238 ibi
3024 2184 3250 2254 exponit
3308 2202 3323 2238 :
3375 2183 3476 2251 Qui
3510 2184 3697 2254 tetigerit
3725 2183 3790 2236 iu-

2287 2276 2545 2331 mundum
2581 2294 2739 2348 super
2781 2288 3021 2343 mortuo,
3061 2280 3196 2348 sive,
3226 2278 3384 2349 juxta
3410 2281 3548 2336 LXX
3582 2299 3597 2336 :
3631 2279 3790 2336 ΟΜ

2284 2362 2675 2422 immunditiam
2703 2370 2913 2435 animm,
2947 2370 3001 2425 id
3025 2381 3110 2427 est
3138 2380 3442 2439 peccatum.

2359 2459 2446 2515 Ea:
2464 2478 2590 2530 quo,
2611 2471 2719 2517 etc.
2744 2461 3022 2533 (Ηιειιοιηη
3047 2464 3197 2533 epist.
3230 2465 3300 2517 ad
3324 2461 3626 2531 Fabiolam.)
3646 2459 3790 2529 Siquis

2285 2551 2628 2608 sacerdotum
2660 2552 2867 2609 semine
2892 2550 3130 2619 ﬂuxerit,
3146 2570 3311 2624 usque
3334 2550 3403 2607 ad
3425 2551 3609 2619 nullius
3631 2548 3790 2605 alterius

2319 2658 2472 2698 more
2502 2652 2765 2701 teneatur.

2358 2735 2521 2793 Vens.
2572 2738 2628 2794 9.
2670 2768 2744 2779 —
2783 2735 3120 2804 Custodiam,
3167 2746 3282 2795 etc.
3336 2737 3595 2808 Praecepta
3636 2731 3789 2791 Domini

2284 2828 2713 2884 custodientibus
2730 2844 2796 2884 ea
2817 2843 2980 2885 causa
3003 2826 3540 2895 suntjustilicationis
3559 2836 3607 2883 et
3622 2824 3787 2884 salutis:

2286 2918 2804 2989 transgredientibus
2836 2933 2985 2983 vero,
3018 2919 3233 2988 peccati
3267 2927 3324 2974 et
3347 2919 3556 2983 mortis,
3579 2927 3627 2972 et
3656 2912 3789 2984 preci-

2284 3026 2389 3083 pue
2428 3011 2481 3066 in
2527 3011 2872 3080 perceptione
2899 3018 3236 3065 sanctorum.
3279 3008 3383 3075 Qui
3415 3010 3542 3064 enim
3573 3009 3788 3061 mandunt

2283 3113 2333 3159 et
2355 3103 2479 3157 bibit
2503 3104 2740 3174 indigne,
2762 3102 3027 3172 judicium
3058 3101 3160 3157 sibi
3187 3102 3474 3157 manducet
3501 3110 3546 3156 ct
3574 3099 3695 3164 bibit,
3716 3104 3786 3151 etc.

600 3199 851 3256 tudinem
892 3217 1001 3258 non
1032 3212 1250 3258 exercet
1289 3203 1345 3258 in
1371 3218 1557 3274 Opere,
1602 3209 1698 3261 sed
1726 3210 1901 3264 adhuc
1930 3212 2184 3266 continua
2214 3194 2260 3258 (ἶ
2293 3196 2345 3270 (Ῑ
2378 3196 2502 3250 θον·
2536 3200 2640 3267 η)

597 3290 925 3362 cogitatione
944 3303 1203 3363 gravatur
1228 3293 1283 3347 in
1306 3303 1484 3349 mente
1517 3313 1531 3349 :
1563 3297 1658 3366 qui
1689 3298 1817 3354 totis
1837 3299 2183 3369 cogitationi-

598 3379 704 3438 bus
726 3384 796 3439 ad
828 3384 1105 3440 lasciviam
1138 3384 1346 3452 deﬂuit,
1382 3396 1641 3459 tanquam
1680 3389 1737 3444 in
1771 3393 1940 3447 corde
1964 3400 2185 3462 gestans

594 3476 811 3545 pondus
842 3477 1213 3546 turpitudinis.

604 3596 609 3599 >
670 3567 835 3622 Vens.
872 3568 963 3622 2i.
991 3600 1062 3610 —
1092 3569 1277 3625 Omnis
1317 3574 1407 3642 qui
1439 3573 1681 3629 habuerit
1716 3575 1982 3630 maculam
2022 3575 2186 3644 Quis-

592 3658 721 3727 quis
758 3659 980 3715 cuilibet
1015 3661 1209 3715 horum
1236 3663 1493 3719 vitiorum
1534 3665 1840 3734 subjicitur,
1881 3683 2050 3737 panes
2072 3670 2180 3724 Βοι-

597 3749 749 3803 mino
782 3748 978 3806 olferre
1023 3752 1370 3822 prohibetur,
1418 3772 1487 3811 ne
1523 3757 1697 3812 aliena
1737 3759 1935 3814 delicta
1978 3760 2183 3817 diluere

597 3855 709 3896 non
738 3841 934 3908 valeat,
970 3858 1130 3913 quem
1168 3847 1348 3901 adhuc
1378 3850 1595 3917 propria
1638 3849 1832 3905 delicta
1874 3851 2178 3907 devastant.

596 3927 784 4001 (Auc.,
804 3943 992 4002 qua'st.
1017 3934 1086 3988 55
1106 3936 1163 3989 in
1187 3935 1334 4007 Leu.)
1362 3936 1550 3993 Ablata
1581 3949 1666 3995 est
1686 3942 1862 3996 omnis
1892 3942 2178 4009 dubitatio,

595 4032 728 4091 etc.,
757 4042 920 4097 usque
948 4028 1017 4080 ad
1045 4044 1079 4082 a
1117 4044 1225 4097 quo
1252 4030 1529 4086 incensum
1558 4048 1779 4089 necesse
1806 4045 1925 4089 erat
1954 4037 2176 4106 imponi.

665 4115 894 4187 Oportet
933 4119 1265 4174 sacerdotem
1298 4136 1423 4176 esse
1453 4123 1632 4179 animo
1667 4134 1723 4179 et
1769 4129 2181 4185 conversatione

592 4205 1024 4274 immaculatum,
1062 4225 1224 4280 quem
1251 4212 1391 4267 sicut
1448 4213 1622 4269 Moses
1645 4216 1924 4272 duodecim
1954 4219 2180 4277 maculis

585 4293 745 4365 juxta
780 4295 923 4351 LXX
949 4300 1207 4354 mundum
1233 4316 1353 4357 esse
1382 4305 1637 4375 praecepit
1668 4323 1683 4360 :
1713 4306 1794 4361 sic
1821 4306 2019 4363 Paulus
2044 4309 2176 4365 duo-

591 4388 769 4444 decim
809 4404 1133 4446 conservare
1171 4407 1295 4447 eum
1327 4395 1537 4449 monuit
1560 4396 1748 4451 dicens
1786 4415 1799 4451 :
1834 4398 1961 4453 Non
1996 4416 2177 4470 super-

594 4477 736 4543 bum,
762 4496 863 4532 non
880 4480 1209 4547 iracundum,
1239 4500 1341 4537 non
1360 4485 1699 4550 vinolentum,
1721 4498 1825 4543 etc.
1846 4489 1898 4561 (Ι
1926 4489 2058 4544 Tim.
2090 4490 2173 4564 tl.)

2356 3289 2523 3345 Vsus.
2570 3288 2658 3343 {0.
2688 3317 2760 3327 ——
2791 3286 3093 3359 Inquilinus
3134 3287 3462 3352 sacerdotis,
3506 3293 3602 3341 etc.
3642 3275 3790 3353 (Istat)

2286 3381 2389 3449 Qui
2426 3396 2533 3436 non
2580 3397 2713 3451 pure
2754 3396 2857 3436 nec
2901 3381 3187 3452 diligenter
3226 3381 3289 3436 in
3327 3379 3553 3435 Ecclesia
3589 3382 3789 3430 versatur.

2284 3480 2545 3542 tanquam
2601 3473 2952 3542 migraturus,
3011 3472 3221 3527 scilicet
3278 3472 3460 3543 gloria:
3503 3478 3588 3524 aut
3617 3472 3789 3537 questus

2284 3580 2472 3630 causa,
2516 3573 2775 3633 tanquam
2810 3565 3177 3619 mercenarius
3215 3571 3545 3619 memoratur
3576 3578 3588 3614 :
3623 3556 3698 3629 qui
3718 3568 3790 3613 ιωίι

2282 3669 2367 3715 est
2391 3667 2578 3729 pastor
2598 3699 2613 3724 ,
2646 3657 2800 3727 cujus
2837 3670 2942 3713 non
2973 3668 3101 3712 sunt
3136 3672 3273 3713 oves
3306 3658 3529 3729 propria:
3560 3653 3710 3727 (toan.
3734 3646 3787 3714 ι)-

2357 3752 2521 3806 Vsns.
2551 3750 2637 3805 12.
2668 3779 2740 3792 -—
2765 3748 2989 3803 Cuilibet
3028 3766 3093 3803 ea:
3132 3750 3332 3819 populo
3372 3758 3545 3820 nupta.
3573 3742 3678 3816 (ln.)
3706 3736 3788 3793 Non

2283 3840 2482 3898 sudicit
2498 3844 2550 3896 in
2584 3842 2688 3896 tlde
2712 3841 2917 3897 Christi
2937 3841 3133 3895 nutriri
3157 3858 3171 3894 :
3197 3854 3515 3912 permanere
3534 3849 3584 3893 et
3606 3843 3790 3891 crescere

2282 3933 2337 3987 in
2361 3950 2424 3987 ea
2452 3934 2738 3999 debemus;
2781 3948 2883 3988 nec
2918 3934 3353 4003 alienigenarum
3400 3932 3637 3992 cuilibet,
3670 3920 3710 3980 id
3731 3925 3789 3978 est

2283 4021 2472 4076 alienae
2511 4037 2544 4076 a
2580 4023 2691 4077 Deo
2717 4023 2998 4087 doctrinae,
3032 4024 3116 4077 vel
3151 4024 3252 4091 legi
3298 4024 3382 4080 vel
3416 4021 3597 4078 actioni
3621 4009 3787 4071 cummi-

2280 4114 2421 4168 sceri
2454 4132 2467 4169 :
2507 4129 2608 4169 nec
2645 4114 2777 4189 quia
2812 4115 2877 4170 de
2918 4116 3163 4184 patribus
3196 4130 3387 4171 sumus
3424 4113 3671 4169 ﬁdelibus,
3707 4102 3788 4158 ideo

2281 4211 2348 4264 de
2380 4212 2581 4266 sanctis
2606 4226 3021 4281 praesumamus,
3055 4209 3149 4266 sed
3179 4210 3269 4265 ubi
3302 4218 3359 4265 et
3397 4210 3493 4281 ipsi
3524 4204 3680 4262 ﬁdeles
3699 4212 3787 4269 pel"
3847 4204 3858 4230 ‘

2278 4301 2557 4358 sistamus.

2352 4396 2516 4450 Vsus.
2564 4394 2650 4448 Η.
2686 4426 2758 4436 -
2792 4395 2897 4461 Qui
2935 4395 3217 4450 comederit
3257 4397 3321 4451 de
3357 4389 3685 4462 sancti/italis,
3711 4389 3783 4437 etc.

2278 4484 2487 4557 (ISIcu.)
2530 4485 2727 4541 Sancta
2764 4495 3095 4552 sanctorum,
3123 4494 3256 4553 etc.,
3292 4503 3452 4559 usque
3478 4484 3543 4538 ad
3570 4478 3697 4537 Unde
3719 4471 3786 4528 5³-

592 4568 690 4624 Est
717 4571 863 4624 enim
890 4570 984 4625 Dei
1020 4574 1380 4642 dispensator,
1415 4579 1505 4647 qui
1547 4579 1805 4649 subjectis
1832 4559 1990 4637 debet
2010 4559 2174 4637 virtu-
2198 4559 2253 4620 Ῑ)
2280 4577 2459 4634 lomon
2489 4596 2502 4632 :
2532 4578 2662 4632 Cum
2701 4579 2897 4633 sederis
2926 4590 2984 4633 ut
3025 4580 3269 4634 comedas
3304 4595 3418 4633 cum
3446 4575 3672 4649 principe,
3701 4564 3787 4620 ἀίδ-

592 4659 739 4714 tibus
772 4662 1100 4729 praecellere.
1131 4664 1244 4722 Hoc
1280 4684 1496 4739 quoque
1533 4671 1587 4725 in
1617 4672 1859 4729 Ecclesia
1891 4673 1951 4728 ﬁt
1976 4676 2023 4730 si
2053 4675 2174 4746 quis

592 4750 893 4805 maculatus
936 4752 1117 4819 fuerit,
1159 4762 1214 4810 et
1255 4760 1567 4827 pmnitendo
1606 4765 1919 4829 cessaverit,
1969 4768 2174 4822 sanctis

590 4843 1001 4899 mmmunicare
1046 4860 1151 4900 non
1208 4850 1525 4917 prohibetur
1556 4871 1569 4907 :
1598 4855 1915 4911 ministrare
1966 4868 2168 4925 autem,

590 4933 676 4987 vel
699 4935 766 4989 ad
790 4933 967 4988 velum
998 4938 1257 4993 accedere
1284 4950 1337 4995 et
1367 4942 1435 4996 ad
1462 4943 1634 4999 altare
1664 4961 1769 5000 non
1793 4945 1940 5001 licet.
1980 4949 2169 5005 Velum

590 5025 736 5081 enim
776 5035 835 5081 et
883 5026 1054 5082 altare
1106 5045 1301 5101 corpus
1335 5033 1538 5090 Christi
1574 5026 1696 5102 'est,
1728 5039 1870 5093 unde
1919 5038 2118 5098 Paulus
2150 5061 2165 5098 :

592 5114 862 5172 Habemus
898 5118 1066 5173 altare
1096 5121 1160 5175 de
1193 5140 1296 5193 quo
1332 5126 1600 5179 comedere
1645 5143 1749 5181 non
1791 5129 1979 5185 habent
2028 5144 2170 5203 pote-

587 5216 775 5261 statem
810 5209 900 5279 qui
944 5211 1280 5268 tabernaculo
1330 5215 1625 5269 deserviunt
1668 5216 1859 5288 (Hebr.
1908 5222 2050 5293 xm).
2104 5223 2171 5278 Et

590 5297 720 5355 alibi
745 5314 761 5352 :
789 5298 1049 5356 Habentes
1072 5303 1325 5373 ﬁduciam
1346 5307 1397 5358 in
1414 5306 1629 5360 introitu
1649 5321 1949 5365 sanctorum
1968 5314 2025 5367 in
2049 5331 2169 5369 san-

585 5393 744 5463 guine
778 5392 1002 5460 Christi,
1051 5412 1209 5466 quam
1257 5397 1480 5452 initiavit
1528 5401 1674 5455 nobis
1710 5404 1845 5458 viam
1884 5422 2071 5463 novam
2118 5421 2165 5467 et

585 5485 834 5541 uiuentem
858 5502 949 5557 per
976 5487 1224 5553 velamen,
1253 5490 1309 5543 id
1346 5500 1423 5545 est
1463 5509 1671 5548 carnem
1707 5497 1822 5561 eius
1849 5498 2034 5568 (Hebr.
2085 5504 2162 5573 ς).

654 5575 725 5630 Et
754 5581 1114 5635 contaminare
1162 5600 1266 5637 non
1291 5583 1462 5650 debet,
1488 5596 1594 5641 etc.
1628 5590 1936 5649 lnordinate
1959 5598 2167 5665 agendo

534 5736 549 5751 ἢ
583 5668 839 5739 populum
896 5673 1298 5737 scandalizent,
1365 5685 1617 5744 putantes
1668 5683 1995 5753 superﬂuum
2044 5704 2166 5745 esse

585 5756 683 5816 Dei
714 5761 1097 5831 ministerium,
1128 5773 1183 5820 ct
1203 5764 1468 5835 justitiam
1497 5780 1551 5828 et
1574 5770 1860 5841 judicium.

2278 4685 2457 4742 genter
2475 4674 2684 4727 attende
2702 4690 2820 4743 qua:
2847 4675 3016 4743 posita
3040 4685 3159 4727 sunt
3183 4684 3305 4728 ante
3324 4684 3374 4727 te
3397 4670 3565 4746 (Prov.
3594 4664 3737 4725 mu).

2348 4764 2517 4819 Addet
2538 4767 2797 4835 quintam,
2833 4776 2938 4819 etc.
2988 4765 3132 4820 LXX
3174 4785 3187 4821 :
3221 4766 3393 4838 Super
3419 4768 3594 4836 ipsum.
3638 4756 3784 4825 Quin“

2276 4872 2408 4927 ergo
2431 4874 2536 4911 non
2562 4856 2798 4920 aliunde,
2832 4856 2927 4912 sed
2955 4857 3021 4911 de
3048 4858 3165 4926 ipso
3193 4867 3248 4912 et
3272 4874 3393 4913 cum
3425 4859 3553 4927 ipso,
3579 4850 3651 4906 vel
3670 4856 3786 4907 subet

2274 4948 2448 5019 ipsum
2479 4948 2600 5003 addi
2626 4946 2848 5016 jubctur
2879 4965 2894 5002 :
2928 4949 3016 5004 hic
3039 4958 3125 5005 est
3154 4965 3332 5007 sermo
3358 4948 3590 5020 prolatus
3623 4943 3679 4998 ab
3704 4939 3787 5009 ῑνω

2278 5041 2495 5097 Christo
2537 5058 2701 5115 super
2741 5044 3080 5099 Dominicum
3120 5047 3449 5117 mysterium.
3484 5044 3592 5113 ipse
3634 5048 3712 5129 nos
3739 5027 3784 5129 ib

2277 5135 2583 5206 ignorantia
2613 5146 2873 5202 removet,
2898 5153 3001 5191 nec
3021 5139 3236 5193 carnale
3256 5138 3339 5193 vel
3362 5146 3618 5191 terrenum
3638 5125 3783 5191 alitiuis

2274 5236 2445 5299 putet.
2495 5228 2596 5283 llic
2643 5230 2782 5283 bene
2827 5230 3017 5298 quinta
3065 5230 3292 5294 dicitur,
3344 5230 3466 5300 quia
3518 5223 3708 5295 spiritus
3744 5216 3784 5264 ⁸⁸

2275 5334 2458 5376 sermo
2480 5335 2641 5389 quem
2664 5321 2826 5375 tradit
2849 5323 3087 5392 quinque
3103 5339 3293 5379 sensus
3310 5331 3518 5378 nostros
3538 5309 3781 5410 componit;

2272 5429 2372 5469 nec
2393 5414 2564 5470 solum
2593 5422 2806 5487 gustum
2835 5416 3084 5484 producit
3113 5416 3179 5471 ad
3208 5416 3538 5487 mysterium,
3567 5409 3647 5467 sed
3671 5399 3782 5458 αιιάί·

2272 5514 2388 5561 tum
2411 5516 2467 5561 et
2496 5509 2702 5573 visum,
2738 5515 3050 5579 tactumque
3071 5517 3127 5563 et
3161 5510 3461 5574 odoratum,
3491 5514 3546 5561 ut
3570 5498 3683 5558 nihil
3705 5504 3780 5548 tet-

2271 5616 2459 5656 renutn
2489 5601 2556 5656 dc
2578 5600 2664 5656 his
2693 5616 2812 5671 quae
2837 5616 3069 5671 superna
3105 5610 3232 5656 sunt
3255 5602 3596 5670 suspicemur.

2340 5690 2409 5746 Et
2433 5693 2579 5748 dabit
2597 5695 2856 5749 sacerdoti
2882 5694 2935 5746 in
2956 5697 3335 5750 sanctuarium.
3366 5690 3561 5766 (Ιειειι.)
3584 5671 3780 5780 5³ηςιξῧ⁶

2269 5784 2539 5838 cntionem
2587 5785 2801 5856 mystici
2828 5784 3120 5853 sacriﬁcii,
3162 5797 3271 5843 eta
3299 5783 3622 5843 sensibilibus
3639 5773 3694 5829 ad
3716 5773 3778 5824 in-
