3998 6332
263 368 369 428 381

1329 363 1592 421 GLOSSA
1631 360 2032 438 ORDINABIA.
2072 391 2140 404 —
2179 363 2304 417 LIB.
2346 363 2569 420 LEVlT.

3414 365 3522 422 562

267 486 573 560 telligibilia
599 483 1002 541 translationem
1027 479 1432 537 verosacerdoti
1455 485 1670 549 Oportet
1695 475 1841 529 dari:
1874 475 1926 534 A
2028 473 2120 529 Vel
2157 477 2312 541 tusis,
2351 486 2457 532 etc.
2492 475 2593 544 Qui
2630 475 2792 532 illatis
2828 478 3209 535 tentationibus
3253 479 3421 545 cedit,
3466 490 3525 535 et

267 581 400 652 quia
445 595 542 650 per
585 577 701 646 ejus
748 577 1003 630 virtutem
1054 581 1109 629 et
1158 586 1462 628 sermonem
1511 570 1850 626 sanctiﬁcata

269 679 399 728 sunt
424 685 544 740 qua:
579 670 848 733 videntur,
880 678 939 723 ut
968 682 1154 722 omnes
1179 665 1444 722 excedant
1463 681 1673 722 sensus.

347 759 510 815 Vsus.
542 758 628 812 l5.
665 787 724 797 —
746 755 1005 810 Filiorum
1025 754 1213 809 Israel.
1237 753 1474 810 Fidelem
1497 753 1752 826 populum
1779 753 1853 808 si-

271 851 516 919 gniﬁcat,
555 848 650 919 qui
696 861 795 917 per
848 847 952 901 hoc
982 845 1297 916 mysterium
1343 844 1512 899 Deum
1555 845 1699 899 videt
1742 861 1755 898 :
1799 850 1856 898 et

267 939 583 1010 quicunque
610 937 720 992 Deo
742 942 1026 990 consecrat
1049 934 1106 988 in
1131 932 1468 988 Dominicum
1499 931 1851 997 sacriﬁcium,

270 1036 466 1084 sancta
489 1032 800 1082 sanctorum
833 1033 978 1088 sunt,
1009 1023 1136 1093 quia
1157 1038 1225 1078 ex
1245 1023 1324 1078 eis
1353 1021 1638 1078 conﬁcitur
1658 1037 1855 1090 corpus

168 1176 174 1182 _
272 1117 499 1173 Christi.
518 1115 640 1185 ipse
658 1114 800 1169 enim
815 1122 898 1168 est
919 1112 1173 1182 primitiae
1194 1118 1393 1166 nostrae
1414 1110 1810 1182 conspersionis
1835 1125 1850 1164 :

277 1207 400 1262 ideo
421 1215 566 1260 recte
592 1219 660 1258 ex
682 1203 880 1259 nostris
906 1201 1148 1256 subsistit
1167 1199 1438 1271 primitiis.

349 1296 681 1352 Vsus.t7.—-
703 1291 932 1348 Locutus
962 1302 1039 1347 est
1051 1291 1340 1358 Dominus’,
1369 1299 1474 1348 etc.
1504 1291 1708 1364 (181811.)
1737 1291 1854 1347 Non

275 1388 455 1444 solum
469 1385 800 1452 sacerdotes,
826 1393 932 1442 etc.
944 1425 959 1451 ,
972 1383 1216 1454 usquead
1229 1383 1386 1439 aliter
1399 1384 1542 1440 enim
1556 1399 1661 1440 non
1683 1384 1854 1446 susci-

269 1477 479 1548 pietur.

352 1566 588 1622 Vassis
617 1597 704 1620 .—
729 1564 898 1621 Homo
923 1567 986 1620 de
1005 1566 1158 1620 domo
1183 1563 1373 1632 Israel,
1396 1574 1500 1621 etc.
1520 1566 1602 1622 Ad
1617 1565 1848 1622 litteram

275 1673 514 1730 quoque,
541 1659 587 1713 si
620 1657 814 1713 offeras
846 1657 1038 1713 bovem
1071 1657 1152 1712 vel
1188 1672 1344 1713 ovem
1366 1668 1458 1712 aut
1481 1673 1719 1729 capram,
1757 1665 1850 1712 aut

269 1748 482 1819 aliquid
539 1747 864 1818 hujusmodi,
923 1747 1287 1802 sacerdotibus
1335 1749 1598 1818 primitias
1644 1750 1844 1816 dando,

1951 565 2142 620 animae
2187 566 2552 623 fortitudinem
2599 569 2792 638 perdit.
2833 569 2947 624 Non
2990 572 3132 625 enim
3155 580 3366 641 oportet
3405 573 3524 628 haec

1950 657 2104 726 pati,
2163 673 2262 713 nec
2307 659 2498 714 cedere
2546 659 2688 714 hosti
2737 659 3008 731 aﬂligenti.
3067 663 3214 722 Unde
3262 681 3276 717 :
3329 663 3523 737 thuid

1952 746 2116 799 tristis
2141 747 2344 813 incedo,
2367 748 2492 802 dum
2514 749 2690 820 aﬂligit
2712 766 2791 803 me
2815 751 3054 806 inimicus
3083 751 3256 824 (Psal.
3280 755 3420 824 xu)?

2023 836 2342 908 Ablatisque.
2397 839 2499 906 Qui
2542 855 2649 894 una
2697 841 2909 897 actione
2948 859 3112 914 prava
3157 847 3311 916 quasi
3350 845 3524 904 cultro

1954 925 2187 996 seipsum
2211 929 2478 985 abscindit
2501 945 2531 984 a
2553 929 2934 998 conjunctione
2958 933 3074 998 Dei,
3110 936 3352 1004 privatus
3371 938 3523 1008 prole

1955 1019 2170 1076 virtutis
2191 1027 2245 1075 et
2279 1021 2447 1089 signis
2481 1022 2752 1077 virilitatis
2781 1041 2795 1078 :
2831 1023 2968 1079 alter
2985 1026 3132 1082 enim
3155 1035 3236 1082 est
3268 1029 3358 1098 qui
3385 1044 3523 1098 pau-

1957 1106 2104 1162 latim
2127 1110 2440 1165 conteritur.
2671 1107 2682 1119 ’

2029 1179 2190 1253 Vatis.
2218 1201 2308 1253 27.
2335 1230 2405 1239 —
2429 1199 2556 1262 Bos,
2579 1203 2686 1258 ovis
2705 1213 2754 1256 et
2789 1221 2966 1274 capra.
2987 1205 3190 1274 (181811.)
3220 1206 3388 1261 Mater
3409 1222 3526 1264 om-
3605 1270 3616 1278 ,

1901 1368 1906 1374 ί
1954 1288 2104 1344 11111111
2129 1299 2320 1346 natura
2346 1300 2450 1356 est,
2473 1303 2606 1358 etc.,
2629 1311 2790 1366 usque
2819 1296 2888 1350 ad
2915 1297 3054 1352 unde
3079 1297 3362 1353 Salomon:
3395 1303 3526 1354 Ante

1953 1388 2172 1434 mortem
2203 1397 2305 1434 non
2332 1381 2513 1436 laudes
2541 1384 2801 1440 hominem
2831 1385 3018 1458 (Eccli.
3044 1387 3143 1458 111).

2025 1467 2187 1525 Vens.
2230 1470 2320 1526 28.
2345 1503 2414 1511 -
2449 1470 2571 1528 Non
2609 1475 3040 1532 immolabantur.
3092 1478 3297 1551 (181811.)
3333 1478 3527 1550 Legale

1953 1559 2152 1629 pascha
2183 1560 2464 1631 signiﬁcat,
2495 1563 2622 1633 quia
2649 1565 2765 1620 ha‘c
2806 1566 3018 1637 Moyses
3040 1569 3093 1623 in
3129 1571 3215 1625 die
3251 1572 3526 1640 paschalis

1954 1650 2175 1724 tradidit
2205 1650 2527 1708 immolanda
2558 1653 2777 1720 Iudaeis,
2815 1657 2998 1714 dicens
3040 1678 3053 1713 :
3102 1660 3407 1716 Iniinolabis
3432 1678 3526 1732 pa—

1954 1740 2078 1794 scha
2124 1740 2348 1797 Domino
2383 1743 2489 1798 Deo
2525 1755 2645 1811 tuo;
2677 1764 2789 1802 oves
2811 1791 2825 1815 ,
2865 1759 2972 1807 ctc.
3008 1751 3185 1822 (Deut.
3222 1753 3332 1824 ενι)
3373 1771 3387 1808 :
3421 1755 3525 1809 hoc

277 1840 362 1897 vel
406 1855 669 1910 pauperes
710 1839 999 1910 pascendo,
1043 1838 1126 1894 vel
1165 1839 1366 1926 divina.
1385 1841 1608 1896 mdiﬁcia
1650 1842 1848 1897 consti-
1880 1825 1925 1885 Β
1951 1832 2148 1926 Ρθξξειιε
2167 1832 2440 1926 ξῖείεδνπθ
2461 1851 2564 1890 τιοη
2588 1849 2811 1906 Possum
2829 1841 2920 1910 (ἰυί
2939 1857 3122 1896 verum
3150 1857 3523 1921 δυεεθβετυιῌ·

279 1933 500 1998 tuendo,
537 1931 622 1988 vel
662 1931 866 2000 aliquid
901 1930 1042 2000 quod
1072 1931 1336 2000 pertineat
1367 1933 1434 1988 ad
1479 1933 1654 2002 ipsum
1677 1933 1847 1989 Deum

2021 1916 2138 1973 Una
2153 1919 2258 1986 die,
2282 1930 2386 1976 etc.
2422 1922 2542 1992 (ln.)
2575 1924 2707 1990 Quia
2729 1935 2882 2010 vetus
2904 1931 3104 1998 pascha
3132 1940 3339 2001 tempus
3367 1916 3525 1987 81111111

275 2024 528 2080 faciendo
550 2024 691 2095 (ideo
719 2023 864 2078 enim
895 2022 1264 2078 holocaustum
1290 2023 1540 2094 dicitur),
1575 2025 1849 2094 impolluta
1950 2009 2158 2078 halm“:
2190 2021 2319 2078 CiC-i
2351 2030 2511 2084 usque
2531 2015 2600 2069 (τά
2627 2032 2647 2071 -'
2683 2015 2741 2072 Ῑιι
2766 2009 2998 2077 ονείὸιὶηο
3023 2021 3296 2079 Christum
3346 2025 3523 2080 cruci-

281 2117 354 2172 sit
395 2116 508 2171 haec
542 2115 784 2180 oblatio;
827 2131 931 2170 non
973 2123 1150 2171 tamen
1187 2115 1538 2185 pollutionem
1585 2117 1848 2181 nominat,

281 2218 342 2263 ut
381 2208 706 2278 spiritualem
740 2209 1101 2278 intelligamus
1131 2208 1476 2278 pollutionem
1507 2225 1626 2279 qua:
1663 2220 1746 2264 est
1783 2227 1848 2267 ex

275 2298 495 2367 rapina,
529 2297 814 2367 injustitia,
849 2299 1097 2364 avaritia,
1120 2307 1175 2353 et
1203 2299 1528 2367 huiusmodi.

353 2391 515 2446 Vsus.
555 2392 645 2444 ‘2l.
685 2421 756 2430 —
795 2390 966 2445 Homo
1007 2392 1096 2460 qui
1131 2391 1402 2458 obtulerit,
1453 2401 1558 2448 etc.
1589 2392 1852 2464 Pratcrpit

271 2483 602 2539 oblationem
637 2482 814 2553 populi
861 2484 1115 2537 mundam
1169 2498 1289 2539 esse
1323 2499 1338 2537 :
1383 2483 1624 2553 adiungit
1665 2486 1851 2555 quales

279 2575 512 2629 ministri
540 2575 768 2650 debeant
793 2589 915 2630 esse
952 2584 1008 2629 et
1039 2575 1253 2630 offerre.

351 2667 724 2737 Paciﬁcorum,
767 2676 869 2723 etc.
898 2666 1028 2734 Quae
1065 2668 1280 2723 valeant
1315 2669 1383 2723 ad
1411 2669 1636 2725 salutem
1667 2680 1721 2725 et
1756 2686 1856 2741 pa-

275 2773 398 2814 cem
429 2776 442 2810 :
497 2758 597 2812 etsi
646 2773 754 2812 non
791 2758 963 2827 possit
999 2756 1238 2827 perfecte
1273 2758 1659 2829 philosophari,
1714 2760 1854 2814 sicut

275 2849 372 2918 qui
419 2848 598 2902 omnia
645 2848 881 2918 reliquit,
927 2847 1020 2918 qui
1043 2847 1224 2903 studet
1255 2849 1546 2921 virginitati
1584 2861 1638 2906 et
1671 2849 1855 2920 hujus—

272 2937 447 2992 modi.
478 2936 640 2992 Stella
655 2939 790 2992 enim
809 2939 985 3007 di/fert
999 2955 1031 2992 a
1051 2939 1200 2993 stella
1213 2940 1268 2993 in
1282 2939 1520 2995 claritate
1535 2941 1588 3012 (I
1601 2941 1722 2996 Cor.
1739 2943 1850 3015 xv).

352 3028 516 3082 Vsus.
539 3026 629 3081 22.
651 3058 719 3066 —
743 3027 804 3084 Si
824 3044 1014 3082 ca’cum
1045 3029 1227 3098 fuerit,
1251 3037 1356 3085 etc.
1380 3029 1480 3097 Qui
1510 3031 1677 3086 Deum
1704 3033 1855 3103 igno-

279 3128 369 3174 rat
405 3127 460 3173 et
487 3117 603 3186 ejus
631 3117 1012 3184 ministerium,
1053 3134 1154 3174 nec
1194 3119 1314 3175 aliis
1350 3130 1526 3191 potest
1549 3137 1847 3192 exponere;

278 3209 428 3266 unde
458 3211 598 3264 circa
633 3224 692 3264 se
725 3219 781 3264 et
823 3211 968 3264 circa
1015 3210 1146 3265 alios
1169 3251 1183 3277 ,
1216 3220 1271 3265 et
1299 3214 1442 3267 circa
1469 3213 1851 3281 ministerium,
1883 3183 1928 3246 Ο

281 3301 616 3372 negligenter
634 3301 762 3370 agit.
790 3299 940 3356 Unde
972 3317 984 3354 :
1027 3299 1206 3357 Videte
1224 3303 1472 3373 quoniam
1493 3320 1668 3360 omnes
1689 3305 1855 3358 nesci-

279 3401 486 3456 verunt,
533 3391 759 3446 universi
810 3407 962 3445 canes
1015 3393 1145 3445 muti
1167 3431 1184 3458 ,
1241 3409 1346 3446 11011
1390 3393 1616 3450 valentes
1661 3394 1855 3450 latrare

281 3481 424 3553 (lsa.
458 3483 589 3554 Lvt).

358 3571 422 3628 Si
463 3573 708 3641 fractum.
755 3572 897 3630 Pede
936 3573 1020 3629 vel
1063 3589 1225 3630 manu
1251 3573 1447 3645 :'cujus
1480 3575 1621 3632 actio
1651 3577 1858 3633 scilicet

283 3663 372 3719 vel
397 3663 643 3719 voluntas
676 3663 868 3720 debilis
891 3672 974 3719 est
999 3664 1084 3720 vel
1109 3665 1368 3734 distorta,
1406 3683 1516 3722 non
1546 3674 1631 3722 est
1667 3667 1856 3740 dignus

284 3755 462 3810 salute
495 3764 550 3810 et
577 3755 745 3810 sacris
763 3754 1039 3810 altaribus.
1453 3805 1474 3828 ,

358 3845 419 3900 Si
445 3846 757 3901 cicatricem.
788 3845 1154 3903 Detractorem
1183 3855 1334 3902 notat
1371 3867 1384 3902 :
1417 3849 1685 3918 pessimus
1713 3850 1856 3905 enim

285 3938 378 3994 hic
407 3936 647 3992 moribus
688 3944 744 3992 et
774 3922 1130 4006 asperrimum
1165 3937 1357 3994 vulnus
1382 3954 1489 3994 non
1522 3938 1680 3994 facile
1711 3940 1857 3996 miti-

285 4038 465 4100 gatnr.

362 4117 427 4174 Si
460 4118 701 4189 papulas.
737 4119 877 4174 LXX
915 4137 928 4174 :
968 4120 1199 4191 linguam
1239 4123 1455 4177 incisam
1479 4139 1499 4179 :
1525 4123 1616 4194 qui
1657 4124 1862 4179 scilicet

281 4215 511 4278 propter
537 4207 808 4263 sordidam
839 4209 1001 4262 vitam
1040 4209 1272 4279 perdidit
1305 4211 1528 4267 docendi
1567 4211 1815 4268 ﬁduciam
1843 4231 1856 4278 ;

285 4300 433 4354 unde
459 4297 664 4353 David:
691 4297 964 4352 Peccatori
985 4300 1115 4354 dixit
1139 4300 1279 4356 Deus
1307 4316 1324 4354 :
1353 4301 1527 4368 Quare
1555 4313 1611 4357 tu
1646 4321 1860 4360 enarras

274 4390 524 4460 justitias
546 4389 727 4444 meas?
758 4397 863 4443 etc.
895 4387 1064 4461 (Psal.
1095 4394 1266 4463 xux.)

362 4479 603 4536 Scabiem
635 4481 711 4536 vel
744 4484 1113 4554 impetiginem.
1155 4484 1472 4541 Fornicator
1499 4487 1854 4558 signiﬁcatur,

286 4573 380 4642 qui
423 4575 656 4628 maculat
695 4589 888 4644 corpus
935 4591 1110 4630 suum.
1157 4574 1258 4641 Qui
1289 4579 1426 4631 enim
1461 4578 1774 4648 fornicatur,
1805 4581 1857 4635 in

285 4678 478 4730 corpus
504 4679 658 4716 suum
686 4674 864 4734 peccat
893 4663 944 4736 (I
973 4664 1096 4720 Cor.
1124 4665 1222 4737 VI).

364 4750 487 4806 Non
516 4753 743 4822 o/feretis
769 4771 831 4810 ea
865 4754 1108 4810 Domino.
1141 4755 1283 4811 LXX
1316 4777 1328 4811 :
1362 4758 1483 4814 Non
1507 4761 1724 4830 offerent
1753 4761 1863 4815 Iure

286 4846 518 4902 Domino
550 4862 569 4900 :
601 4849 734 4904 tales
771 4850 912 4906 enim
941 4851 1243 4908 ministerio
1275 4854 1463 4911 altaris
1495 4873 1600 4913 non
1633 4869 1757 4914 sunt
1783 4859 1864 4914 of-

287 4935 521 4992 ferendi.
554 4937 893 4995 Sacriﬁcium
922 4941 1267 5011 paeiﬁcorum
1300 4961 1404 5000 non
1435 4946 1585 5000 addit
1612 4946 1752 5002 sicut
1773 4964 1863 5004 su-

283 5027 500 5100 perius,
535 5035 595 5082 111
622 5029 689 5084 de
715 5030 979 5086 ministris
1008 5031 1195 5089 altaris
1225 5033 1325 5090 hoc
1359 5035 1464 5090 dici
1497 5036 1861 5109 intelligamus

281 5115 380 5184 qui
410 5109 778 5174 holocaustum
807 5121 1004 5177 debent
1030 5136 1178 5189 esse,
1207 5132 1261 5180 et
1285 5126 1451 5182 vitam
1483 5126 1773 5198 perfectam
1807 5140 1862 5186 et

284 5208 717 5264 consummatam
744 5225 922 5280 agere.
961 5211 1099 5281 Aure
1133 5222 1181 5268 et
1209 5214 1379 5268 cauda
1412 5201 1714 5286 amputatis,
1753 5229 1859 5274 etc.

282 5297 437 5354 Ante
464 5308 772 5368 amputatus
801 5309 885 5357 est
907 5343 920 5367 ,
965 5303 1055 5371 qui
1083 5303 1398 5363 inobediens
1429 5315 1530 5373 est,
1561 5309 1652 5380 qui
1684 5311 1862 5367 verbis

284 5387 537 5458 turpibus
553 5389 867 5458 delectatur,
895 5391 1034 5447 bona
1059 5404 1359 5450 aversatur.

369 5478 694 5548 Voluntarie,
721 5492 827 5538 etc.
866 5482 1012 5538 Talis
1039 5485 1180 5538 enim
1203 5485 1286 5540 vel
1316 5487 1564 5542 mandata
1589 5499 1863 5559 operatur,

282 5581 345 5627 et
373 5571 570 5628 dicitur
603 5573 731 5640 bos;
770 5573 854 5629 vel
889 5575 1116 5644 simplex
1158 5585 1269 5640 est,
1311 5585 1364 5631 et
1401 5580 1517 5634 ovis
1545 5581 1861 5649 appellatur.

278 5662 410 5718 ideo
440 5677 544 5716 non
585 5665 806 5718 omnino
843 5664 1220 5731 adversamur,
1258 5675 1351 5722 aut
1389 5669 1442 5722 in
1473 5677 1624 5739 parte
1661 5671 1861 5727 inimici

280 5755 626 5827 deputamus,
658 5755 752 5808 sed
783 5755 1036 5810 docemus
1068 5765 1121 5809 et
1150 5755 1519 5814 exhortamur.

609 5848 882 5908 Psraos.
929 5848 1149 5912 CXlll.

1951 2100 2202 2158 ﬁxerunt.

2167 2204 2180 2208 “
2491 2221 2722 2278 CAPUT
2783 2222 2964 2279 xxm.

2022 2376 2185 2431 Vens.
2217 2379 2264 2433 1.
2292 2408 2361 2416 -
2385 2377 2618 2434 1118811111
2645 2382 2792 2448 [ει-111.»
2820 2381 3049 2438 Domini.
3082 2383 3289 2459 (181811.)
3320 2387 3374 2443 Si
3399 2390 3523 2444 sub-

1955 2465 2119 2520 tilitcr
2157 2469 2405 2524 attendas
2432 2472 2731 2539 praesentia,
2773 2480 2901 2538 etc.,
2949 2490 3108 2544 usque
3138 2476 3204 2530 ad
3236 2479 3526 2548 requiescit

1953 2560 2177 2614 sabbato
2202 2560 2542 2640 intelligibili.

2026 2649 2246 2705 V'easJ.
2265 2682 2333 2692 -—
2347 2652 2446 2708 Ha:
2459 2664 2579 2710 sunt
2591 2671 2731 2726 ergo.
2751 2655 2864 2712 Non
2885 2659 3271 2725 Domino,sicut
3287 2663 3526 2720 aliacom-

1953 2757 2068 2809 nes,
2093 2745 2187 2799 sed
2211 2745 2419 2800 Domini
2455 2748 2686 2817 proprie,
2711 2748 2906 2818 quibus
2925 2751 3078 2806 hoste
3117 2753 3324 2810 devicto
3359 2771 3526 2827 genus

1954 2836 2244 2893 humanum
2262 2839 2946 2912 salvavit,etacaptivitatc
2979 2845 3189 2901 reduxit
3213 2847 3406 2920 (Exod.
3441 2849 3523 2916 n).

2025 2929 2190 2984 Vens.
2215 2930 2269 2985 5.
2297 2962 2366 2971 —-
2399 2929 2803 2997 Quartadecima
2831 2935 2940 3000 die,
2982 2945 3087 2992 etc.
3115 2937 3322 3010 (181811.)
3353 2937 3526 2994 Inter-

1956 3035 2204 3092 rogemus
2231 3021 2466 3088 Judaeos,
2496 3031 2626 3089 etc.,
2676 3041 2834 3096 usque
2859 3027 2928 3080 ad
2954 3026 3008 3082 in
3037 3043 3143 3100 qua
3183 3031 3382 3100 pascha
3423 3046 3526 3086 no-

1958 3123 2128 3169 strum
2156 3115 2461 3170 immolatus
2487 3125 2569 3171 cst
2600 3103 2866 3182 Christus,
2900 3127 3007 3174 etc.

2031 3203 2203 3260 Pliase
2231 3205 2442 3260 Domini
2470 3218 2564 3261 est.
2612 3206 2745 3274 Quia
2777 3225 2969 3279 passus
2992 3219 3076 3266 est
3115 3211 3392 3279 Dominus,
3419 3229 3526 3268 non

1957 3310 2083 3352 mox
2113 3301 2360 3365 tempora
2399 3296 2589 3364 ﬁnivit,
2616 3296 2709 3353 sed
2740 3299 2994 3370 reliquias
3042 3301 3346 3358 novissimae
3378 3304 3524 3359 hora:

1953 3396 2010 3441 et
2055 3388 2374 3458 vespertinze
2413 3388 2647 3458 reliquit,
2692 3398 2750 3444 ut
2776 3391 2831 3445 in
2873 3406 3086 3447 omnem
3129 3403 3326 3448 terram
3367 3405 3528 3450 exeat

1956 3493 2122 3534 sonus
2162 3494 2350 3534 eorum
2375 3476 2550 3550 (Psal.
2599 3481 2772 3550 xvnt),
2802 3481 3006 3537 scilicet
3047 3477 3437 3554 apostolorum,
3467 3495 3526 3540 et

1958 3569 2012 3624 in
2038 3569 2172 3626 ﬁnes
2197 3570 2346 3625 orbis
2370 3579 2527 3624 terra:
2553 3572 2714 3624 verba
2733 3585 2944 3626 eorum.
2979 3572 3058 3626 Ad
3091 3589 3371 3642 vesperum
3397 3591 3530 3646 quo-

1956 3672 2078 3728 que,
2110 3659 2190 3711 vel
2221 3659 2274 3712 in
2315 3672 2534 3727 vespere
2561 3659 2751 3724 medio,
2780 3665 2979 3729 pascha
3009 3664 3280 3733 proprium
3318 3679 3525 3736 praeve-

1959 3748 2112 3803 niens
2141 3763 2355 3803 crucem
2379 3764 2530 3803 suam
2553 3748 2858 3815 celebravit,
2879 3753 3003 3822 quia
3033 3769 3196 3825 super
3214 3757 3524 3827 mysticum,

1959 3855 2144 3896 verum
2170 3841 2368 3911 pascha
2395 3841 2669 3911 discipulis
2701 3841 2936 3898 tradidit.
2983 3842 3096 3900 Nos
3119 3860 3248 3918 ergo
3271 3857 3389 3904 erat
3411 3849 3526 3920 jam

1959 3931 2174 4002 quando
2216 3931 2400 3995 Judas,
2439 3943 2655 4002 accepta
2683 3932 2942 4002 buccella,
2970 3936 3037 3990 ad
3069 3938 3402 4007 prodendum
3430 3955 3526 3996 ex-

1959 4025 2092 4079 ivit:
2136 4025 2380 4095 sequenti
2429 4025 2514 4079 die
2558 4027 2756 4094 pascha
2786 4026 3090 4096 complevit.
3150 4028 3298 4084 Unde
3338 4033 3525 4100 quinta

1962 4119 2170 4175 decima
2195 4121 2282 4174 die
2314 4119 2584 4190 legislator
2613 4121 2749 4176 hanc
2777 4120 3127 4178 festivitatem
3151 4124 3448 4191 constituit,
3474 4137 3529 4182 et

1962 4216 2351 4272 solemnitatem
2380 4231 2691 4286 azymorum
2717 4217 3046 4285 praedicavit.

2036 4307 2197 4363 Vens.
2228 4307 2282 4361 6.
2310 4338 2378 4348 —
2407 4306 2609 4377 Septem
2661 4307 2860 4371 diebus,
2904 4316 3008 4362 etc.
3063 4306 3120 4361 Si
3170 4323 3294 4363 vere
3323 4309 3526 4378 pascha

1963 4401 2240 4458 celebrare
2285 4400 2548 4462 volumus,
2577 4408 2780 4468 septem
2829 4398 3040 4463 diebus,
3068 4398 3122 4452 id
3163 4408 3248 4454 est
3290 4414 3526 4470 semper.

1965 4495 2034 4549 ab
2059 4493 2205 4549 omni
2244 4491 2444 4546 malitia
2469 4491 2645 4562 azymi
2688 4505 2807 4546 esse
2835 4490 3110 4556 debemus,
3144 4499 3200 4546 et
3239 4493 3471 4546 maxime
3498 4509 3529 4546 a

1965 4584 2188 4648 Judaico
2233 4597 2439 4637 errore.
2484 4583 2637 4637 Unde
2676 4581 2752 4636 ait
2789 4579 3109 4650 Apostolus:
3167 4579 3289 4635 Non
3317 4583 3371 4635 in
3419 4581 3529 4652 fer-

1967 4685 2138 4732 mento
2172 4674 2329 4729 veteri
2357 4689 2520 4743 neque
2561 4673 2617 4726 in
2643 4671 2897 4740 fernunto
2936 4670 3153 4726 malitia:
3179 4682 3226 4726 et
3266 4673 3528 4743 nequitia,

1966 4760 2056 4816 sed
2091 4762 2147 4815 in
2177 4761 2374 4832 azymis
2401 4759 2716 4814 sinceritatis
2739 4767 2786 4812 et
2817 4757 3115 4828 veritatis(1
3147 4757 3270 4814 Cor.
3294 4760 3370 4832 v).

2039 4853 2200 4909 Vens.
2255 4852 2306 4906 Ἰ.
2338 4882 2405 4894 —-
2433 4850 2598 4907 Omne
2627 4867 2779 4921 apus,
2807 4859 2912 4907 etc.
2965 4850 3068 4916 Qui
3111 4851 3238 4922 facit
3266 4861 3532 4922 peccatum

1965 4962 2142 5001 servus
2168 4942 2243 5000 cst
2283 4944 2480 5016 peccati
2506 4943 2685 5015 (101111.
2725 4940 2863 5013 vin).
2894 4941 3008 4998 Non
3037 4941 3294 4998 debemus
3330 4943 3534 4998 servire

1967 5043 2212 5106 peccato,
2235 5049 2355 5090 cum
2400 5035 2598 5104 pascha
2627 5034 2984 5098 celebramus,
3009 5033 3060 5090 111
3086 5048 3193 5103 quo
3236 5049 3266 5087 a
3310 5044 3535 5102 peccatu

1967 5140 2067 5181 nos
2092 5125 2344 5180 liberavit
2365 5123 2628 5187 Christus.

2039 5213 2259 5279 Servile,
2309 5222 2414 5270 etc.
2461 5212 2578 5269 Non
2625 5214 2890 5284 permittit
2933 5227 3090 5285 agere
3131 5215 3366 5281 servilia,
3410 5215 3532 5270 aliis

1970 5305 2159 5360 diebus
2184 5306 2376 5374 quibus
2405 5319 2504 5361 nos
2528 5305 2820 5376 prohibuit,
2847 5305 2988 5360 unde
3012 5307 3195 5362 subdit
3220 5325 3232 5360 :
3265 5309 3358 5366 sed
3401 5307 3534 5366 offc-

1971 5395 2100 5450 retis
2130 5395 2455 5451 sacriﬁcium
2487 5395 2541 5449 in
2571 5395 2692 5463 igne
2718 5394 2962 5450 Domino.

2041 5481 2202 5540 Vens.
2243 5487 2294 5540 8.
2323 5515 2392 5524 —
2422 5483 2786 5553 Sacri/icium,
2831 5491 2937 5539 etc.
2983 5483 3165 5538 LXX:
3206 5483 3540 5538 holocausta—

1969 5587 2129 5639 mata,
2165 5577 2255 5630 ubi
2289 5576 2530 5631 innuitur
2567 5574 2708 5644 quod
2749 5575 2816 5629 ab
2861 5574 3112 5628 omnibus
3140 5586 3354 5627 cessnre
3387 5571 3541 5640 jubet

1969 5668 2288 5733 servilibus;
2321 5675 2577 5736 praeterea
2615 5681 2719 5719 non
2754 5666 2924 5720 solum
2958 5666 3216 5735 primam,
3262 5662 3353 5716 sed
3380 5670 3434 5715 ct
3457 5677 3542 5716 se-

1969 5758 2186 5828 ptimam
2222 5755 2544 5821 nominavit,
2581 5763 2637 5810 ut
2668 5763 2832 5810 totam
2871 5753 3345 5822 comprehenderet
3373 5753 3539 5808 vitam

3037 5845 3106 5906 12
