3998 6332
537 355 652 412 365

511 469 834 524 mammam
859 505 872 530 ,
918 463 1043 536 quia
1086 465 1328 530 initium,
1359 463 1476 518 haec
1517 460 1671 526 ﬁnis,
1710 461 1765 515 in
1795 474 1904 531 quo
1938 457 2118 513 omnia

507 569 516 576 "
549 565 773 629 possunt
805 554 1206 626 comprehendi.

621 650 784 706 Vens.
811 649 896 704 H.
920 677 994 691 —
1014 646 1190 702 Altero
1210 645 1313 699 die.
1337 641 1517 698 Potuit
1533 640 1713 696 dicere
1740 629 1970 694 secunda
1999 651 2124 706 azy-

550 755 793 797 morum:
826 740 918 795 sed
941 753 1008 794 ne
1033 739 1099 794 ad
1125 741 1436 804 sequentem
1464 732 1607 787 diem
1637 737 1878 784 nostram
1904 729 2125 782 duceret

548 831 926 893 intentionem,
961 827 1167 884 scilicet
1195 826 1248 879 in
1274 822 1568 878 crastinum
1595 819 1786 890 prima:
1805 858 1819 882 ,
1852 816 2012 879 dixit,
2040 813 2120 868 al-

549 932 666 978 tera
720 925 806 978 die
853 918 1162 992 signiﬁcans
1207 914 1654 974 resurrectionem
1698 925 1818 980 quae
1865 906 2124 964 successit

542 1013 806 1083 passioni,
833 1011 971 1066 sicut
999 1009 1114 1064 dies
1138 1006 1264 1062 diei.
1384 1071 1402 1094 ~

611 1103 784 1157 ~VEl't5.
817 1101 897 1156 12.
937 1129 1008 1140 ——
1045 1099 1209 1168 Atque
1239 1097 1292 1149 in
1316 1088 1493 1149 eodem
1524 1095 1627 1148 die.
1669 1088 2121 1153 Resurrectionis,

525 1194 606 1248 ‘id
628 1203 734 1256 est,
763 1189 1076 1246 elevationis
1100 1186 1390 1256 manipuli,
1429 1185 1481 1240 id
1511 1192 1615 1248 est,
1641 1181 1857 1252 quando
1884 1194 2126 1234 resurre-

551 1292 780 1346 stionem
809 1288 1160 1350 celebramus,
1187 1285 1451 1340 Dominici
1477 1282 1729 1338 sacriﬁcii
1751 1280 1994 1338 oblivisci
2016 1293 2123 1334 non

535 1380 827 1443 debemus,
856 1393 922 1432 ex
949 1393 1056 1448 quo
1082 1373 1294 1432 ablatus
1319 1384 1401 1430 est
1427 1373 1752 1444 manipulus.

621 1471 782 1527 Vens.
809 1471 896 1526 l3.
919 1502 988 1512 -—
1012 1469 1144 1524 Duae
1162 1469 1395 1522 decimce.
1419 1466 1644 1537 Oportet
1668 1465 1810 1520 enim
1831 1461 2124 1534 perfectam

549 1563 937 1618 humanitatem
964 1571 1020 1617 et
1041 1557 1689 1632 perfectamidivinitatem
1716 1555 1771 1609 in
1797 1567 1964 1607 unum
1992 1565 2123 1605 con-

547 1652 734 1708 venire
758 1670 771 1705 :
815 1651 1033 1715 in‘oleo,
1061 1650 1244 1715 idest,
1265 1664 1364 1718 per
1391 1662 1509 1702 eam
1536 1661 1697 1715 quam
1727 1645 1870 1699 circa
1900 1657 1998 1697 nos
2025 1642 2124 1696 ha-

547 1743 664 1797 huit
689 1740 1144 1804 miscricordiam;
1173 1739 1250 1793 sic
1278 1737 1421 1791 enim
1449 1734 1774 1790 sacriﬁcium
1794 1733 1929 1788 odor
1948 1729 2124 1786 suavi-

549 1840 677 1891 tatis
705 1835 930 1889 Domino
961 1831 1259 1897 invenitur,
1280 1829 1326 1884 si
1355 1843 1476 1898 quae
1505 1827 1570 1881 de
1599 1841 1663 1881 eo
1693 1825 1852 1896 digna
1873 1829 1997 1878 sunt
2048 1821 2128 1876 in-

561 1926 870 1996 telligimus.

617 2018 747 2076 liba
785 2031 1022 2087 quoques
1050 2014 1204 2070 Ecce
1231 2010 1580 2081 intelligibilis
1622 2004 2127 2065 oblatioMelcbise—

550 2111 704 2175 dech,
734 2123 852 2179 quae
874 2107 938 2164 it.‘
956 2122 1094 2178 pane
1120 2114 1174 2162 et
1190 2107 1322 2160 vino
1347 2102 1629 2175 perﬁcitur
1657 2099 1977 2175 (Gemxw);
2005 2098 2130 2153 inde

515 2211 738 2274 ,quarta
763 2215 901 2272 pars
926 2200 1054 2254 hinc
1092 2196 1349 2261 oll'ertur,
1397 2203 1455 2249 ut
1497 2208 1595 2264 per
1639 2202 1888 2262 quartam
1919 2195 2127 2260 partem

549 2295 852 2366 evangelica
887 2292 1134 2348 doctrina
1164 2289 1524 2359 signiﬁcetur;
1550 2301 1648 2356 per
1668 2285 1980 2341 libationem
2001 2295 2128 2335 vero

549 2402 727 2443 sermo
772 2384 1102 2448 Dominicus,
1135 2396 1242 2452 quo
1273 2382 1385 2436 ait:
1432 2377 1534 2432 Hic
1575 2387 1650 2432 est
1691 2377 1904 2446 sanguis
1945 2388 2126 2436 meus,

548 2481 637 2550 qui
673 2494 766 2550 pro
796 2476 974 2531 multis
998 2474 1297 2544 eﬂ‘undetur
1324 2472 1380 2525 in
1411 2469 1764 2524 remissionem
1797 2473 2127 2538 peccatorum

551 2571 764 2641 (Matth.
803 2567 973 2638 xxvi).

593 2658 788 2712 Wens.
838 2656 924 2710 M.
965 2683 1040 2696 -ο
1075 2653 1296 2707 Panem.
1329 2649 1541 2706 Oblatio
1557 2646 1916 2719 praesentium
1953 2645 2127 2700 dono-

504 2775 506 2783 ι
548 2767 702 2818 rum,
745 2765 864 2820 quae
905 2755 989 2803 est
1027 2744 1230 2802 Christi
1261 2743 1595 2814 mysterium,
1637 2737 2004 2796 reconciliavit
2031 2752 2129 2792 nos

511 2882 514 2884 -
552 2845 682 2907 Deo,
714 2850 768 2896 et
798 2841 976 2896 cibum
1002 2834 1324 2907 praeparavit
1352 2847 1569 2888 novum.

625 2931 920 2987 Polentam.
949 2927 1094 2983 LXX
1124 2945 1136 2981 :
1169 2924 1334 3000 χίδρα
1354 2925 1461 2992 νέα,
1491 2921 1547 2977 id
1574 2928 1656 2976 est
1677 2927 1794 2977 sata
1823 2933 1960 2975 nova
1989 2923 2128 2973 tosta

513 3057 522 3064 -
553 3039 660 3080 non
681 3018 1092 3083 manducabitis,
1107 3017 1191 3070 vel
1213 3013 1460 3070 manibus
1481 3011 1712 3068 contrita
1734 3017 1789 3063 et
1807 3008 2124 3064 emundata:

554 3116 633 3170 sic
674 3115 815 3168 enim
859 3109 1051 3186 χίδρα,
1087 3105 1307 3172 chidra,
1357 3103 1449 3158 alii
1497 3102 1953 3170 interpretantur,
2002 3097 2128 3167 quia

553 3203 755 3260 Christi
783 3205 1046 3271 praecepta
1075 3197 1340 3250 actionem
1365 3201 1428 3248 et-
1453 3189 1846 3248 correctionem
1865 3192 2130 3256 quaerunt

514 3337 519 3342 .
554 3295 768 3368 (Matth.
802 3291 900 3363 χι).

625 3386 788 3440 Vens.
824 3383 910 3438 16.
934 3412 1004 3423 -
1033 3377 1423 3450 Quinquaginta
1458 3375 1598 3438 dies,
1633 3381 1682 3426 et
1722 3372 1828 3435 sic,
1870 3376 1976 3424 etc.
2001 3366 2131 3423 Hrcc

549 3479 668 3534 dies
703 3475 982 3531 Dominica
1013 3480 1126 3539 est,
1158 3471 1213 3526 in
1255 3484 1360 3540 qua
1394 3467 1743 3522 Pentecostes
1783 3460 2130 3517 festivitatem

553 3570 905 3632 celebramus,
933 3579 1094 3636 quam
1119 3560 1286 3618 Judwi
1307 3573 1408 3614 nec
1429 3556 1723 3613 secundum
1751 3554 2008 3618 litteram,
2032 3564 2131 3605 nec

553 3661 844 3717 secundum
865 3657 1119 3727 spiritum
1137 3652 1432 3716 celebrant,
1455 3649 1546 3719 qui
1573 3645 1819 3702 nec-dies
1839 3642 2130 3700 secundum

552 3751 724 3820 legem
758 3754 1061 3802 rititnerant.

626 3839 868 3908 O/I'eretis
891 3852 1076 3891 novum
1104 3832 1445 3902 sacriﬁcium,
1474 3840 1672 3884 novum
1693 3841 1801 3881 non
1823 3833 1996 3887 vetus,
2024 3836 2130 3876 non

481 3952 497 3965 ο
555 3930 829 3984 saeculare.
863 3924 1168 3980 Adveniens
1203 3921 1465 3990 siquidem
1508 3917 1742 3988 Spiritus
1771 3923 1938 3970 totam
1966 3914 2133 3967 vitam

525 4063 528 4066 -
556 4024 848 4077 humanam
882 4014 1182 4078 renovavit,
1214 4013 1342 4083 quia
1369 4009 1568 4066 Christi
1595 4008 1985 4062 institutionem
2008 4019 2133 4060 con-

524 4113 823 4175 -ﬁl'mavit,
873 4118 928 4165 et
959 4110 1085 4164 vitae
1128 4104 1591 4161 conﬁrmationem
1639 4102 1693 4155 in
1737 4100 1841 4154 illis
1866 4097 2129 4170 perfecit:

530 4233 538 4248 ε
559 4208 720 4271 unde,
742 4205 813 4259 De
832 4220 942 4258 meo
959 4201 1194 4271 accipiet,
1213 4207 1260 4251 et
1283 4194 1611 4250 annuntiabit
1639 4192 1780 4246 vobis
1798 4190 1852 4262 (1
1857 4207 1978 4244 oan.
1995 4187 2128 4258 xvi).

528 4299 678 4354 “Ideo
705 4311 808 4351 non
836 4295 890 4349 in
925 4293 1029 4347 alia
1055 4291 1138 4345 die
1164 4287 1399 4348 advenit,
1439 4286 1531 4340 sed
1567 4285 1620 4338 in
1659 4299 1762 4352 qua
1809 4280 2133 4337 resurrectio

554 4389 676 4456 fuit,
715 4397 770 4444 et
792 4387 1004 4443 oblatus
1043 4380 1348 4452 manipulus
1387 4377 1754 4448 intelligibilis,
1787 4383 1849 4430 ut
1888 4371 2132 4428 ostendat

557 4483 682 4551 quia
725 4495 862 4537 nova
891 4475 1227 4534 conversatio
1271 4471 1664 4529 resurrectione
1704 4466 1904 4524 Christi
1943 4465 2128 4522 etad-

559 4579 720 4625 ventu
739 4568 1172 4639 Spiritus-sancti
1202 4563 1442 4636 perfecta
1465 4569 1564 4617 est.

629 4661 794 4716 Vens.
813 4661 898 4714 l7.
914 4655 1326 4711 —Ilabitaculis
1348 4654 1545 4719 vestris,
1561 4661 1666 4708 etc.
1689 4647 1825 4718 Quia
1854 4657 1937 4705 est
1967 4648 2124 4705 habi-

558 4753 793 4810 taculum
819 4749 1164 4821 prmoipuum,
1194 4746 1260 4801 de
1286 4760 1392 4814 quo
1417 4744 1640 4800 dicitur:
1678 4741 1828 4796 Beati
1860 4740 1949 4811 qui
1981 4737 2130 4792 habi-

558 4841 768 4896 tant'in
801 4837 957 4892 domo
994 4847 1106 4900 tua,
1149 4835 1370 4888 Domine
1399 4831 1568 4901 (Psal.
1600 4829 1827 4900 Lusii).
1862 4828 1930 4882 Et
1957 4826 2079 4881 alibi
2111 4843 2123 4878 :

461 4923 470 4958 ί
561 4931 731 4987 Unam
759 4930 879 5001 petii
908 4945 939 4983 a
973 4925 1216 4990 Domino,
1257 4924 1391 4976 hanc
1430 4921 1708 4991 requiram,
1737 4928 1792 4972 ut
1824 4917 2124 4982 inhabilem,

557 5032 662 5080 etc.
693 5020 864 5092 (Psal.
895 5017 1065 5090 xxvr).

632 5113 805 5168 Panes
830 5113 1201 5176 primitiarum.
1232 5107 1444 5163 Primus
1473 5104 1619 5159 enim
1643 5102 1918 5156 Dominus
1955 5100 2130 5155 Evan-

560 5205 760 5276 gelium
786 5219 906 5259 cum
933 5203 1050 5271 lege
1077 5199 1310 5271 perfecit
1327 5204 1380 5252 et
1405 5197 1604 5252 docuit.
1640 5194 1873 5248 Audistis
1891 5195 2014 5264 quia
2031 5192 2128 5246 -di-

559 5307 697 5353 etum
718 5303 792 5350 est
812 5293 1038 5365 antiquis
1059 5305 1078 5343 :
1111 5290 1234 5346 Non
1258 5287 1497 5343 occides:
1541 5286 1650 5357 Ego
1673 5295 1846 5339 autem
1881 5286 2002 5339 dico
2044 5301 2131 5338 uo-

559 5389 670 5443 bis:
701 5386 883 5442 Omnis
903 5386 991 5456 qui
1013 5381 1262 5438 irascitur
1298 5369 1452 5448 fratri
1489 5393 1604 5440 suo,
1639 5393 1755 5430 reus
1796 5377 1893 5429 erit
1923 5375 2130 5444 judicio

559 5477 775 5550 (Hatth.
804 5475 890 5549 v):
933 5475 1062 5530 hinc
1103 5472 1250 5528 enim
1292 5471 1463 5541 legem
1503 5467 1780 5539 conjunxit
1817 5465 2128 5537 Evangelio.

559 5568 695 5625 Hinc
721 5569 894 5625 Lucas
919 5565 1028 5624 ait:
1069 5565 1199 5631 Qum
1225 5563 1372 5634 cepit
1415 5563 1567 5618 Jesus
1606 5562 1777 5632 facere
1823 5570 1870 5613 et
1913 5559 2128 5622 docere,

555 5667 663 5714 etc.
700 5659 836 5729 (Act.
864 5658 925 5730 ι).

627 5749 704 5804 De
732 5749 933 5803 duabus
962 5746 1190 5811 decimis,
1221 5754 1324 5801 etc.
1354 5745 1428 5799 De
1460 5745 1700 5800 doctrina
1745 5742 1978 5804 scilicet,
2009 5755 2128 5809 qua:

995 5863 1022 5879 ο

1034 349 1042 358 ⁷
1075 351 1466 410 WALAFRIDI
1503 347 1746 405 STRABI
1789 347 1828 404 1⁵
1834 344 1994 402 ULD.
2037 342 2201 401 MON.
2243 340 2393 397 OPP.
2433 333 2635 398 1ης
2653 337 2692 394 l.
2729 366 2794 376 -ν
2837 331 3289 391 THEOLOGICA.

2148 346 2201 397 Ν.
2243 346 2393 397 OPP.
2433 346 2614 398 PARS
2653 346 2692 394 ι.
2729 366 2794 376 -ί
2837 346 3289 391 ϊηιευιυῡιυΑ.
3661 346 3744 408 ια

2148 461 2194 520 Α
2222 451 2517 523 perfectam
2579 449 2912 505 divinitatem
2962 457 3016 504 et
3063 447 3358 520 perfectam
3413 449 3748 520 humanitatem

2139 577 2142 582 η
2223 544 2411 608 docet,
2443 556 2543 597 nec
2583 540 2739 595 aliter
2771 548 2996 611 possunt
3034 540 3191 610 coqui
3238 539 3346 595 nisi
3384 555 3480 612 per
3505 544 3647 603 talem
3677 553 3749 612 do-

2222 635 2478 689 ctrinam.

2275 726 2455 781 Vens.
2485 724 2570 778 l8.
2600 753 2670 764 -—
2695 723 2896 793 Septem
2925 738 3110 793 agnas.
3139 721 3244 776 Pro
3266 730 3470 792 septem
3494 724 3633 783 donis
3657 729 3749 801 Spi-

2222 816 2360 871 ritus
2388 815 2582 877 sancti,
2613 829 2734 884 qum
2764 821 2920 868 vocat
2950 827 3138 883 agnos,
3165 815 3292 884 quia
3315 813 3550 885 Spiritus
3576 831 3750 880 sanctus

2221 920 2387 960 unum
2419 913 2502 959 est
2532 904 2930 968 cum-Christo,
2961 903 3028 958 de
3066 918 3174 974 quo
3206 905 3466 974 scriptum
3500 916 3613 963 est:
3645 911 3751 969 Ecce

2221 1011 2388 1064 agnus
2431 993 2551 1058 Dei,
2595 1009 2709 1047 ecce
2736 994 2826 1062 qui
2854 991 2989 1045 tollit
3015 1003 3224 1061 peccata
3257 990 3460 1059 mundi,
3504 997 3611 1050 ideo
3635 1015 3750 1056 nemo

2221 1094 2388 1154 potest
2420 1084 2593 1140 dicere
2622 1083 2874 1137 Dominus
2919 1082 3073 1136 Jcsus
3093 1123 3108 1149 ,
3139 1083 3238 1136 nisi
3281 1084 3338 1136 in
3379 1083 3572 1155 Spiritu
3607 1100 3748 1147 sancto

2225 1175 2406 1248 (Joan.
2437 1193 2485 1242 l;
2520 1176 2548 1229 I
2577 1175 2699 1229 Cor.
2728 1175 2848 1246 xu).

2295 1269 2582 1324 Et~arietes
2611 1270 2765 1323 duos.
2805 1268 3011 1334 Quibus
3051 1268 3303 1324 inimicus
3333 1270 3626 1326 ventilatur.
3655 1272 3751 1329 Haec

2225 1367 2370 1414 sunt.
2393 1359 2668 1428 superiora
2696 1359 2945 1412 mandata
2966 1399 2980 1422 ,
3021 1366 3076 1412 et
3115 1359 3346 1414 virtutes
3364 1374 3535 1432 aquas
3561 1361 3662 1416 aliae
3690 1377 3752 1418 se-

2225 1459 2464 1522 quuntur
2488 1461 2548 1506 ut
2572 1465 2720 1516 oves,
2749 1449 2898 1504 verbi
2925 1450 3097 1521 gratia
3125 1468 3138 1502 :
3192 1449 3336 1504 Vade
3369 1461 3414 1505 et
3450 1452 3596 1507 vende
3615 1455 3750 1507 omnia

2223 1558 2340 1613 qum
2361 1541 2538 1606 habes,
2566 1550 2620 1595 et-
2639 1540 2710 1594 da
2739 1540 3051 1610 pauperibus
3075 1539 3290 1611 (Matth.
3311 1540 3417 1611 sx).

2295 1632 2426 1686 Cum
2449 1631 2763 1695 libamentis,
2794 1639 2900 1684 etc.
2933 1630 3063 1696 Quae
3101 1638 3229 1685 sunt
3271 1629 3494 1684 scientia
3525 1639 3575 1684 et
3611 1644 3751 1685 corre-

2227 1723 2364 1789 ctio;
2400 1724 2579 1778 unde:
2622 1721 2731 1776 Deo
2767 1730 2940 1775 autem
2981 1722 3199 1790 gratias,
3227 1720 3319 1791 qui
3345 1721 3546 1775 odorem
3571 1721 3752 1775 scientia

2157 1814 2201 1872 Β
2229 1832 2338 1870 suw
2367 1814 2666 1884 manifestat
2702 1829 2793 1884 per
2831 1827 2956 1878 nos,
2994 1811 3117 1884 quia
3131 1809 3344 1865 Christi
3376 1810 3534 1865 bonus
3556 1811 3667 1866 odor
3685 1827 3752 1865 su-

2229 1921 2371 1969 mus,
2397 1913 2504 1960 etc.
2540 1903 2626 1975 (ΙΙ
2649 1901 2774 1957 Cor.
2805 1902 2888 1972 ιι).

2298 1993 2463 2049 Vens.
2496 1993 2582 2048 l9.
2612 2022 2682 2031 —
2707 1991 2954 2062 Duosque
2979 2007 3173 2061 agnos,
3215 1998 3324 2045 etc.
3371 1989 3604 2044 Mandata
3640 1987 3752 2058 pacis

2220 2096 2283 2142 et
2316 2085 2705 2150 sanctimoniae,
2737 2082 2912 2139 unde:
2955 2081 3150 2137 Pacem
3179 2084 3455 2154 sequimini
3481 2098 3590 2137 cum
3620 2082 3749 2136 omni-

2229 2177 2320 2230 bus
2351 2184 2399 2230 et
2427 2177 2849 2239 sanctimoniam,
2878 2182 2983 2229 etc.
3018 2173 3175 2246 (Heb.
3211 2174 3333 2245 xu).
3363 2174 3486 2228 Hmc
3518 2173 3628 2242 quia
3651 2185 3750 2242 apa-

2229 2267 2700 2322 stolieo‘sermone
2725 2267 2869 2322 dicta
2905 2275 3050 2326 sunt,
3084 2266 3332 2335 prtecipit
3361 2263 3534 2319 οπεπί
3559 2279 3662 2318 cum
3681 2277 3752 2334 pa-

2228 2359 2389 2414 nibus
2411 2358 2795 2429 primitiarum,
2821 2358 2911 2428 qui
2933 2358 3236 2413 doctrinam
3259 2356 3466 2413 Christi
3481 2354 3750 2426 signiﬁcant.

2233 2448 2382 2504 Unde
2414 2449 2468 2502 in
2494 2448 2844 2518 sequentibus
2869 2465 2882 2500 :
2909 2445 3141 2517 Cumque
3167 2444 3439 2502 eleeaeerit
3462 2461 3541 2499 eos
3561 2441 3751 2498 sacerdos

2228 2556 2346 2593 cum
2374 2539 2596 2610 panibus
2624 2538 2976 2609 primitiarum
3005 2536 3186 2608 (Joan.
3215 2536 3299 2606 ι).

2297 2631 2462 2686 Vens.
2493 2630 2583 2685 ΞΟ.
2619 2659 2688 2670 ——
2717 2628 2908 2684 Cedent
2951 2629 3006 2683 in
3050 2635 3238 2694 usunf,
3283 2634 3396 2682 etc.
3421 2625 3477 2681 In
3507 2639 3645 2680 usum
3666 2619 3751 2690 ejus

2228 2721 2541 2787 sacerdotis,
2574 2721 2627 2776 id
2656 2727 2762 2786 est,
2784 2719 3011 2784 Christi,
3040 2719 3133 2790 qui
3160 2727 3247 2774 est
3272 2717 3518 2774 sacerdos
3542 2722 3695 2770 noster
3711 2721 3754 2766 et

2227 2814 2486 2870 Dominus
2527 2820 2744 2868 uoster:
2787 2811 2958 2881 ipsius
3002 2818 3132 2865 sunt.
3162 2825 3335 2880 panes
3362 2807 3692 2879 'primitiarum
3709 2810 3753 2856 et

2229 2906 2352 2976 agni
2375 2906 2783 2968 mandatorum,
2802 2903 2913 2972 ipse
2935 2903 2997 2956 in'
3011 2902 3178 2958 Paulo
3199 2903 3532 2972 loquebatur,
3555 2898 3651 2968 ipse
3669 2908 3753 2950 om-

2228 2997 2318 3052 nia
2351 3012 2470 3066 quze
2493 2996 2636 3051 dicta
2660 3004 2786 3050 sunt
2811 2994 3043 3060 obtulit;
3077 2994 3297 3064 primus
3321 3006 3500 3063 pacem
3530 2983 3751 3056 discipulis

2228 3090 2586 3154 annuntiavit,
2617 3097 2672 3143 et
2699 3087 3112 3143 sanctimoniam
3133 3085 3463 3148 custodivit,
3501 3082 3622 3136 sit-Att
3647 3075 3752 3130 San-

2157 3178 2200 3241 C
2231 3190 2352 3263 ctus
2380 3190 2713 3236 sanctorum.

2303 3261 2462 3330 Vens.
2493 3274 2584 3328 2-1.
2613 3268 3132 3325 -—-Celeberrimum.
3172 3265 3229 3321 ln
3260 3261 3751 3338 quotgcmium‘voca-

2231 3362 2318 3419 tio
2339 3379 2445 3418 non
2482 3362 2643 3417 modo
2673 3359 2931 3430 prtedicta
2977 3365 3096 3423 est,
3148 3356 3242 3412 sed
3298 3354 3540 3424 impleta:
3583 3344 3751 3420 quando

2200 3454 2459 3510 Partivet
2491 3452 2626 3507 Medi
2667 3459 2720 3506 et
2751 3449 3016 3512 Elamitze,
3054 3455 3107 3501 et
3147 3455 3360 3501 caeteras
3399 3449 3572 3514 gentes
3603 3433 3752 3490 audie-

2231 3553 2356 3600 runt
2380 3543 2652 3614 apostolos
2677 3541 2959 3610 loquentes
2992 3537 3160 3591 variis
3195 3535 3396 3606 linguis
3425 3526 3661 3600 magnalia
3682 3519 3751 3576 Dei

2231 3638 2384 3710 (Act.
2406 3636 2512 3709 ﬂ).

2297 3704 2581 3784 ‘Vnnss‘iﬂ.
2614 3725 3017 3796 -—-Postquam,
3055 3731 3163 3778 etc.
3204 3721 3407 3777 Eadem
3451 3712 3668 3786 superius
3693 3704 3770 3761 ἀίο-

2221 3818 2642 3882 ιπίεεθ-νὶόθιῦτ,
2683 3814 2777 3870 sed
2808 3813 2881 3868 ibi
2915 3831 2926 3866 :
2981 3811 3104 3866 Non
3149 3807 3467 3881 complebitis
3511 3801 3750 3857 missionem

2231 3917 2490 3971 uestram;
2521 3906 2610 3960 hic
2653 3913 2832 3959 autem
2879 3903 2990 3956 ait:
3035 3901 3159 3956 Non
3208 3900 3449 3964 secabitis
3490 3908 3592 3949 eam
3622 3897 3752 3954 sit“

2231 3997 2298 4051 ad
2327 3996 2526 4062 solum,
2557 4004 2614 4050 et
2638 3993 2997 4049 differentiam
3044 3991 3220 4046 innuit
3265 3991 3381 4062 ipsa
3420 3981 3626 4042 mutatio
3656 3986 3749 4027 ver-

2230 4091 2445 4146 borum.

2302 4201 2531 4272 Segelem
2561 4209 2746 4262 terrm,
2779 4191 3374 4256 etc.'Conversationis,
3415 4185 3556 4272 citius
3593 4172 3750 4272 messio

2231 4263 2852 4363 post'resurrectionem
2894 4284 3130 4350 Christi,
3162 4291 3218 4338 et
3260 4263 3536 4338 adventum
3565 4265 3750 4338 Spiritus

2233 4385 2426 4450 sancti,
2453 4398 2558 4437 non
2590 4390 2766 4436 tamen
2791 4392 3004 4434 omnem
3031 4378 3334 4441 scientiam,
3359 4384 3512 4444 quam
3540 4367 3587 4420 in
3612 4361 3750 4450 futuro

2234 4447 2422 4529 sumus
2449 4470 2704 4535 habitari,
2743 4468 2907 4523 tradit
2935 4468 3156 4524 verbum
3197 4455 3598 4537 praedicationis.
3645 4447 3750 4537 Sull!

2142 4528 2204 4588 ὐ
2231 4566 2375 4621 enim
2406 4577 2526 4633 qua:
2555 4576 2700 4616 nunc
2727 4576 2833 4615 nun
2863 4569 3090 4630 possunt
3132 4559 3286 4614 nobis
3323 4548 3539 4611 revelari
3565 4534 3745 4634 (Matth.

2233 4668 2328 4708 vm
2344 4653 2384 4724 ),
2417 4651 2555 4705 unde
2578 4650 2632 4703 in
2652 4648 2930 4719 praedictis
2953 4647 3225 4703 t'estivital’
3233 4647 3335 4701 bus
3359 4645 3494 4698 hanc
3519 4635 3666 4703 legem
3689 4635 3749 4675 ιη’

2235 4746 2520 4817 terposuit.

2304 4836 2632 4907 Pauperibas
2669 4843 2716 4888 et
2753 4833 3055 4905 peregrinis.
3087 4831 3267 4886 LXX:
3306 4821 3516 4900 pauperi
3547 4824 3592 4871 ct
3612 4819 3748 4907 ρτοξς·

2232 4928 2360 4998 Ῐξιτο,
2391 4893 2444 4982 id
2482 4934 2567 4981 est
2605 4893 2848 4989 Christo,
2873 4893 2966 4993 qui
3002 4938 3108 4977 non
3138 4893 3322 4976 habuit
3350 4893 3438 4973 ubi
3462 4914 3608 4980 caput
3629 4893 3748 4998 recli-

2225 5025 2406 5081 naret,
2435 5025 2490 5072 et
2511 5017 2564 5071 in
2589 5017 2798 5087 propria
2837 5015 3003 5078 venit,
3036 5022 3081 5066 et
3106 5013 3188 5066 sui
3213 5027 3329 5066 eum
3351 5022 3453 5063 non
3479 4992 3744 5087 recepffunf'

2233 5105 2500 5160 llic-solos
2524 5070 2771 5172 intelligit
2791 5103 2882 5172 qui
2922 5070 3244 5167 remanent;
3283 5096 3456 5154 unde:
3497 5087 3539 5141 0
3567 5070 3745 5173 ηίιίξεξξξθ

2231 5197 2498 5267 sapientia:
2541 5206 2589 5249 et
2628 5196 2857 5250 scientia:
2904 5193 3030 5260 Dei,
3071 5211 3228 5264 quam
3272 5163 3743 5267 incomprehensibilis

2231 5246 2351 5341 su'nt
2370 5285 2576 5355 judicia
2599 5285 2729 5354 ejus,
2760 5293 2806 5338 et
2834 5246 3210 5353 investiqabiles
3236 5282 3329 5336 via:
3341 5273 3483 5348 ejus!
3507 5246 3744 5355 (Ποζηοξι)

2302 5341 2464 5430 Vn'ns.
2499 5375 2588 5429 24.
2618 5341 2690 5414 ῖ-
2719 5341 2898 5428 ᾘ-σηδε
2923 5341 3139 5444 δερῖίηιο
3168 5373 3336 5442 prima
3358 5341 3442 5420 die
3459 5352 3644 5444 mensis.
3669 5341 3742 5394 δε·

2229 5466 2508 5538 ptenarius
2549 5443 3064 5520 consummationem
3091 5463 3174 5517 vel
3212 5457 3487 5532 specialem
3523 5443 3743 5538 vel

2232 5522 2398 5614 ialem
2440 5555 2726 5628 signiﬁcat.
2777 5555 2913 5609 l‘linc
2956 5555 3098 5608 Deus
3142 5522 3488 5620 die-septimo
3527 5522 3742 5628 τείιυίξξῒξ

2234 5647 2386 5718 (Gen.
2425 5609 2520 5714 ll):
2545 5654 2600 5699 et
2626 5660 2721 5698 sua
2753 5644 2935 5712 requie
2961 5649 3199 5697 nostram
3228 5609 3532 5711 sig-uinci!Vit
3551 5639 3575 5718 3_
3600 5609 3740 5718 undi:

2235 5740 2337 5804 Qui
2359 5740 2617 5808 ingressus
2640 5747 2711 5791 ert
2734 5738 2787 5790 in
2817 5709 2960 5788 illam
2992 5735 3236 5804 requiem,
3265 5709 3492 5801 requievit
3528 5713 3585 5768 ab
3613 5709 3742 5759 συιδ·

3901 1115 3903 1138 ι

3901 1609 3903 1638 ι

3901 1643 3903 1686 l

3901 4901 3903 4930 l

3901 5009 3903 5026 ι

3901 5073 3903 5110 Ι
