3998 6332
298 325 412 406 se:

1315 335 1579 392 CLOSSA
1617 332 2012 392 ORDINARIA.
2053 365 2119 374 —-—
2159 334 2283 390 LIB.
2327 334 2548 390 LEVIT.

3427 335 3534 394 366

303 463 402 516 bus
420 458 554 524 suis,
574 455 706 510 sicut
728 453 916 508 Densa
941 445 1048 507 suis
1069 449 1227 523 (Heb.
1250 449 1577 520 1v).lnitium
1599 463 1728 503 vero
1749 463 1876 504 con-
1902 451 1948 510 Α
1976 448 2242 504 cationem
2271 447 2556 518 signiﬁcat,
2586 463 2704 518 quae
2729 448 2976 504 consistit
2993 464 3062 505 ex
3084 450 3332 520 praesnti
3362 449 3470 508 vita
3493 461 3548 510 et

302 547 684 605 summationis
703 553 1022 614 temporum,
1050 543 1310 596 adventus
1335 540 1543 595 Domini
1565 547 1668 605 est,
1698 540 1872 595 unde:

299 636 510 702 Filioli,
542 635 819 690 novissima
845 633 974 687 hora
997 643 1070 686 est
1106 631 1156 704 (I
1195 633 1354 686 Joan.
1395 631 1480 700 tt).
1525 630 1641 687 Hoc
1667 637 1878 700 tempus

293 725 540 798 appellat
579 724 806 794 primam
849 722 1062 790 septimi
1105 721 1325 786 mensis,
1372 721 1514 776 sicut
1554 720 1876 791 principium

1977 535 2177 602 futura,
2205 539 2344 594 hanc
2369 538 2660 609 componit,
2691 537 2836 592 illam
2859 547 3147 610 praeparat.

2045 626 2146 680 Die
2165 627 2335 697 primo
2355 636 2404 682 et
2425 628 2507 682 die
2529 636 2722 682 octavo.
2751 627 2873 699 (ln.)
2899 626 2998 695 Qui
3025 636 3106 684 est
3126 635 3347 685 octavus
3364 670 3379 696 ,
3402 640 3506 688 etc.
3527 669 3546 697 ,

1979 732 2139 786 usque
2166 717 2234 770 ad
2262 717 2386 786 quia
2417 717 2659 773 ﬁdelibus
2683 717 2851 788 legem
2891 716 3210 776 facientibus
3249 719 3462 789 requies
3489 719 3547 776 in

297 815 784 876 consummationis
802 815 957 870 nobis
976 814 1136 868 etiam
1161 813 1374 882 requies
1392 821 1493 876 est,
1509 827 1646 881 quos
1664 812 1732 867 ab
1750 827 1880 883 ope-
1975 803 2156 860 futuro
2178 814 2444 861 servatur.

296 909 458 964 ribus
490 906 646 962 malis
671 919 886 961 cessare
913 903 1061 970 fecit,
1089 911 1145 959 et
1177 919 1210 958 a
1245 903 1559 974 iugo-gravi
1586 903 1873 972 liberavit;

297 999 484 1056 unde:
527 997 707 1052 Venite
735 997 804 1051 ad
829 1013 926 1060 me,
963 1011 1145 1050 omnes
1175 996 1265 1066 qui
1293 994 1573 1061 laboratis,
1597 1003 1644 1049 et
1675 995 1876 1050 onerati

297 1091 446 1155 estis,
467 1098 597 1155 etc.,
629 1098 678 1144 et
718 1089 897 1142 discite
931 1105 962 1142 a
1005 1104 1086 1141 me
1124 1088 1246 1157 quia
1279 1087 1418 1140 mitis
1445 1103 1561 1141 sum
1588 1096 1636 1142 et
1663 1086 1875 1144 humilis

291 1180 478 1244 corde,
492 1189 537 1233 et
552 1178 815 1232 invenietis
830 1177 1053 1247 requiem
1069 1175 1340 1230 anitnabus
1355 1175 1531 1229 vestris
1544 1173 1758 1246 (Matth.
1773 1174 1872 1247 XI).

363 1269 741 1340 Clangentibus
762 1269 918 1323 tubis.
947 1266 1082 1335 Quia
1104 1267 1358 1337 praedicat
1381 1265 1676 1323 Salvatoris
1695 1281 1876 1323 resur-

295 1361 618 1425 rectionem,
647 1376 765 1431 qure
791 1359 1100 1414 memoriale
1125 1367 1208 1414 est
1230 1358 1494 1429 generalis
1522 1359 1876 1416 resurrectio-

295 1454 405 1516 nis,
431 1467 552 1522 qua:
581 1451 873 1506 secundum
909 1449 1240 1520 Apostolum"
1260 1449 1366 1504 erit
1395 1449 1452 1506 in
1480 1463 1610 1504 voce
1649 1449 1872 1523 archan-

293 1544 424 1615 geli,
447 1552 503 1599 et
531 1545 584 1598 in
614 1545 738 1600 tuba
768 1543 887 1609 Dei,
911 1552 1017 1598 etc.

365 1655 531 1712 Vsus.
545 1655 705 1711 ‘23—-
715 1656 878 1712 Omne
891 1673 1018 1726 opus
1029 1655 1208 1711 seruile
1220 1671 1322 1708 non
1335 1654 1537 1724 facietis
1550 1655 1602 1710 in
1614 1669 1692 1709 eo.
1709 1652 1872 1721 Quasi

293 1745 484 1819 [sicut]
511 1763 614 1800 non
637 1755 718 1802 est
737 1761 870 1816 opus
901 1747 1110 1802 servilia
1133 1745 1322 1817 agendi
1346 1762 1358 1799 :
1382 1754 1507 1800 ante
1536 1744 1760 1810 fecistis,
1781 1745 1871 1799 sed

292 1837 429 1892 sicut
457 1837 758 1891 exhibuistis
789 1837 1017 1890 membra
1039 1845 1204 1890 vestra
1229 1835 1493 1906 iniquitati
1526 1835 1595 1888 ad
1622 1834 1870 1904 iniquita—

294 1936 414 1990 tem,
445 1927 520 1980 ita
543 1943 678 1980 nunc
705 1925 934 1980 exhibete
964 1926 1154 1980 servire
1169 1925 1391 1995 justitia:
1411 1925 1465 1978 in
1492 1923 1870 1993 sanctiﬁcatio-

293 2034 418 2073 nem
433 2015 606 2088 (Rom.
629 2015 737 2086 vi):
767 2015 868 2070 hoc
892 2024 976 2070 est
994 2015 1139 2070 enim
1159 2029 1347 2069 verum
1369 2012 1762 2070 holocaustum.

366 2129 528 2183 Vens.
559 2127 650 2182 27.
675 2157 747 2168 -—
771 2126 984 2181 Decimo
1005 2125 1108 2190 die,
1135 2134 1240 2180 etc.
1271 2123 1500 2196 (Issam)
1529 2123 1872 2194 Propitiatio-

291 2233 416 2273 nem
444 2226 499 2274 et
522 2233 551 2272 a
579 2217 820 2288 peccatis
847 2215 1218 2272 liberationem
1243 2214 1450 2284 acquiri
1489 2215 1542 2269 in
1567 2214 1870 2269 humilitate

289 2318 344 2364 et
377 2305 666 2364 atllictione
691 2306 885 2362 anima:
911 2322 977 2363 ex
1005 2307 1092 2361 his
1127 2305 1492 2377 intelligimus.
1523 2304 1682 2375 lianc
1709 2303 1872 2360 debe-

290 2415 414 2455 mus
449 2413 608 2470 agere
645 2414 676 2453 a
705 2412 958 2469 vespere,
992 2398 1045 2454 id
1072 2403 1156 2453 est
1199 2412 1230 2452 a
1271 2396 1588 2467 paenitentia
1632 2394 1870 2466 incipere

289 2507 454 2562 quam
473 2491 602 2546 fecit
617 2489 864 2546 Christus
886 2489 1095 2543 initium
1116 2487 1510 2559 prmdicationis
1529 2501 1637 2543 suae
1650 2485 1863 2558 (Matth.

293 2583 366 2651 tv)
395 2600 406 2634 :
435 2579 765 2651 paenitentia:
785 2577 1256 2649 superaediiicanda
1279 2585 1363 2634 est
1383 2579 1490 2632 vita
1511 2578 1652 2632 bona
1679 2585 1734 2632 et
1757 2577 1868 2630 vir-

294 2671 516 2749 ιυιῑϋυε,
533 2677 922 2725 consummata.
959 2667 1108 2724 Unde
1145 2667 1380 2739 adjecit:
1421 2666 1490 2722 Et
1518 2666 1748 2737 oﬁ‘eretis
1773 2666 1866 2722 lto-

289 2761 586 2815 Iocaustum
616 2759 861 2814 Domino.

363 2871 525 2927 Vens.
570 2870 658 2926 28.
689 2901 759 2910 ——
784 2869 907 2925 Dies
946 2868 1347 2942 propitiationis.
1391 2865 1594 2940 (ἴδιαι.)
1634 2867 1750 2922 Duo
1791 2865 1864 2922 si-

289 2963 547 3033 gniﬁcat,
574 2963 700 3034 quia
732 2962 786 3016 in
817 2962 918 3016 hoc
958 2969 1198 3032 tempore
1223 2959 1654 3031 propitiationem
1689 2959 1862 3015 susci-

290 3055 533 3123 piemus,
573 3062 628 3108 et
666 3053 788 3108 ideo
816 3053 870 3110 in
899 3053 988 3108 illo
1019 3053 1086 3109 ab
1111 3053 1254 3108 omni
1285 3051 1426 3108 malo
1465 3051 1736 3108 abstinere
1763 3053 1856 3108 de-

292 3135 503 3201 bemus.

363 3252 530 3318 Veus.
557 3255 645 3310 5|.
675 3284 747 3296 -—
772 3253 923 3310 Nihil
947 3271 1088 3325 ergo.
1113 3253 1336 3324 Semper
1365 3269 1397 3308 a
1423 3254 1577 3310 malis
1598 3263 1653 3311 et
1681 3271 1866 3328 super-

289 3335 412 3400 ﬂuis
438 3345 704 3416 signiﬁcat
730 3360 847 3400 esse
876 3344 1214 3400 cessandum.
1245 3343 1394 3399 Unde
1416 3353 1470 3398 et
1492 3345 1748 3401 Dominus
1767 3361 1866 3402 nec

289 3449 513 3493 causam
542 3438 718 3492 dicere
746 3437 1010 3501 concedit,
1047 3451 1145 3492 nec
1173 3435 1410 3508 cogitare
1451 3436 1578 3505 quid
1613 3438 1866 3493 comeda-

290 3537 401 3593 tur,
425 3535 518 3583 aut
545 3528 672 3598 quid
695 3528 931 3594 bibatur,
957 3535 1050 3581 aut
1089 3527 1362 3592 induatur,
1389 3542 1575 3583 verum
1628 3529 1772 3583 enim
1811 3537 1866 3584 et

289 3621 576 3676 sabbatum
601 3620 949 3675 sabbatorum
971 3619 1329 3674 annuntiavit.

362 3731 524 3787 Vsus.
548 3731 635 3786 52.
653 3761 722 3772 —
737 3731 997 3801 Atﬂigetis.
1012 3729 1403 3800 Recapitulatio
1421 3737 1504 3786 est
1528 3731 1861 3797 humilitatis,

286 3841 412 3895 qua:
437 3834 520 3880 cst
547 3823 952 3880 fundamentum
997 3831 1052 3878 et
1090 3823 1237 3878 basis
1265 3823 1542 3878 virtutum.
1573 3823 1724 3880 Unde
1755 3825 1864 3879 Do-

289 3917 474 3971 minus
504 3915 578 3969 ait
601 3933 614 3968 :
661 3913 966 3984 Quicunque
993 3930 1046 3968 se
1073 3913 1420 3968 Itumiliaverit
1457 3914 1590 3968 sicut
1614 3916 1864 3986 paruulus

287 4007 412 4072 iste,
441 4007 523 4061 hic
548 4015 619 4060 est
642 4005 813 4075 major
835 4006 890 4058 in
921 4020 1078 4074 regno
1105 4002 1348 4058 calorum
1373 4002 1583 4075 (Matth.
1614 4005 1792 4076 xvttt).

359 4099 530 4166 ,Vsns.
555 4096 644 4152 54.
677 4127 748 4136 -
771 4095 813 4148 Α
835 4096 1216 4166 quintodecimo
1243 4095 1345 4150 die.
1378 4095 1584 4167 (Πειρη.)
1618 4094 1730 4152 Hoc
1761 4113 1864 4152 nu-

289 4204 446 4246 mero
476 4190 760 4244 inchoatur
788 4187 1074 4252 festivitas,
1113 4196 1218 4244 etc.
1239 4227 1254 4254 ,
1285 4205 1445 4257 usque
1484 4189 1554 4242 ad
1583 4189 1864 4258 tediﬁcatio

291 4296 400 4332 non
426 4278 729 4347 manufacta
763 4279 818 4332 in
841 4277 980 4332 caelis
1006 4278 1223 4332 habetur
1247 4277 1332 4349 (II
1359 4277 1480 4334 Cor.
1505 4279 1582 4352 v).

364 4373 532 4426 Vsus.
570 4370 660 4426 36.
692 4401 764 4410 —
791 4369 914 4424 Dies
955 4386 1174 4441 quoque.
1222 4369 1368 4442 (10.)
1406 4370 1542 4426 Nota
1581 4372 1770 4427 eadem
1799 4372 1865 4427 de

289 4461 472 4531 primo
495 4471 549 4515 et
573 4459 640 4514 de
673 4467 864 4514 octavo
891 4459 1029 4524 dici,
1061 4459 1186 4528 quia
1227 4459 1431 4515 scilicet
1456 4461 1866 4516 resurrectionis

291 4552 413 4608 dies
436 4549 668 4605 secunda
695 4555 799 4613 est,
822 4556 878 4603 et
899 4548 1109 4602 initium
1134 4548 1298 4602 futuri
1324 4549 1523 4605 saeculi.
1547 4549 1781 4614 Primus,
1811 4550 1866 4604 in

291 4641 514 4696 Christo
542 4648 624 4694 est
651 4638 1077 4695 conversationis
1113 4639 1436 4708 principium
1475 4646 1530 4692 et
1565 4638 1865 4695 futurorum

293 4730 617 4796 exordium;
657 4739 878 4784 octavus
915 4744 1044 4783 vero
1070 4729 1320 4798 praesenti
1360 4731 1598 4784 succedit
1638 4731 1864 4797 saeculo,

293 4819 442 4890 quod
471 4819 737 4889 significat
759 4819 810 4872 in
838 4818 1159 4886 septenario.
1187 4817 1452 4874 Praeterea
1475 4820 1644 4874 sancti
1671 4820 1870 4875 habent

297 4910 544 4980 requiem
565 4918 620 4964 et
642 4909 806 4964 vitam
829 4907 1064 4963 futuram
1087 4909 1138 4963 in
1163 4908 1264 4963 hac
1283 4909 1412 4964 vita.
1439 4908 1590 4965 Unde
1610 4911 1868 4982 apostolis

295 5001 503 5056 dictum
524 5010 604 5055 est
627 5014 642 5053 :
671 4998 905 5069 Regnum
931 4998 1030 5053 Dei
1055 4999 1194 5053 intra
1223 5016 1308 5053 vos
1337 5009 1432 5066 est,
1457 5009 1563 5055 etc.
1715 4985 1720 4989 ⁷

369 5090 564 5146 Caelus.
587 5089 729 5146 LXX
754 5109 766 5144 :
799 5103 1066 5161 egressus,
1090 5089 1215 5160 quia
1237 5090 1364 5144 hinc
1390 5092 1588 5158 exitus,
1613 5093 1682 5148 ibi
1709 5093 1864 5172 habi-

296 5183 454 5248 tatio,
478 5182 654 5239 unde:
696 5179 861 5252 Cupio
885 5181 1098 5236 dissolvi
1123 5189 1169 5236 et
1198 5198 1308 5236 esse
1341 5198 1458 5238 cum
1487 5181 1691 5236 Christo
1717 5181 1866 5254 (Phi-

295 5272 428 5344 lipp.
463 5272 528 5345 ι).

379 5361 539 5419 Vens.
555 5363 718 5418 57.—
732 5363 833 5418 Ha:
853 5375 972 5420 sunt
995 5365 1139 5435 ferite
1160 5365 1394 5431 Domini,
1414 5376 1520 5420 etc.
1546 5365 1666 5439 (ln.)
1684 5367 1867 5437 Legis-

296 5457 456 5513 latori
482 5465 740 5513 consonat
757 5455 974 5522 Paulus,
995 5465 1122 5523 etc.,
1145 5473 1306 5528 usque
1323 5457 1394 5511 ad
1415 5457 1494 5514 vel
1518 5459 1570 5513 in
1593 5459 1866 5529 periculis,

299 5547 382 5601 vel
411 5545 712 5601 voluntarie
737 5546 1121 5616 promittimus.

371 5635 535 5689 Vsus.
566 5633 793 5689 '59.—A
815 5635 995 5703 quinto
1021 5635 1240 5700 decimo,
1267 5645 1370 5691 etc.
1400 5635 1869 5704 Quintusdecimus

298 5740 365 5778 ex
396 5733 598 5795 septem
625 5707 828 5780 ct'octo
857 5725 1186 5794 compositus
1206 5765 1220 5791 ,
1272 5725 1639 5796 Evangelicam
1672 5725 1864 5794 praedi-

2047 898 2209 956 Vsus.
2237 900 2331 956 40.
2359 931 2428 941 -
2454 900 2552 956 Die
2589 901 2757 972 prima
2787 900 3009 970 fructus.
3052 901 3172 973 (10.)
3209 902 3440 958 Fructus
3463 910 3547 960 est

1973 985 2240 1054 Christus,
2264 997 2393 1054 etc.,
2424 1006 2582 1060 usque
2604 990 2673 1042 ad
2700 989 2752 1043 in
2782 998 3020 1058 tempore
3047 1004 3166 1045 suo.

2046 1075 2391 1148 Spatulasque
2413 1077 2732 1149 palmarum,
2760 1086 2864 1135 etc.
2895 1077 3301 1136 Juvenescentia
3322 1079 3547 1150 justitiae

1975 1168 2234 1238 germina,
2267 1168 2392 1238 quia
2414 1168 2590 1240 justus
2621 1177 2675 1222 ut
2701 1167 2876 1239 palma
2905 1170 3142 1240 ﬂorebit;
3171 1171 3296 1240 quia
3322 1187 3452 1227 vero
3478 1173 3545 1226 de

1972 1258 2152 1328 palma
2185 1259 2318 1315 nihil
2346 1258 2646 1330 respuitur,
2677 1273 2778 1314 nec
2805 1259 2872 1315 de
2904 1259 2988 1315 his
3024 1261 3113 1330 qui
3145 1259 3290 1330 juste
3324 1261 3565 1335 vivunt.

1975 1348 2140 1413 addit,
2172 1358 2218 1402 et
2248 1365 2419 1403 ramos
2447 1347 2575 1419 ligni
2596 1348 2876 1403 densarum
2897 1349 3186 1419 frondium.

2046 1443 2113 1498 Et
2142 1460 2313 1498 ramos
2338 1443 2481 1514 ligni.
2525 1441 2726 1500 Omnes
2763 1444 2971 1500 scilicet
3005 1445 3265 1499 virtutum
3307 1443 3544 1510 fructus,

1973 1536 2068 1593 sed
2099 1536 2332 1590 maxime
2357 1535 2813 1598 misericordiam,
2850 1550 3010 1604 quam
3041 1543 3249 1606 oportet
3272 1551 3390 1592 esse
3416 1552 3545 1592 con-

1975 1627 2179 1682 tinuam
2206 1635 2260 1681 et
2284 1635 2710 1696 permanentem.
2738 1625 2927 1682 Unde:
2969 1625 3153 1682 Oleum
3174 1627 3238 1682 de
3255 1631 3424 1698 capite
3453 1637 3544 1682 tuo

1975 1732 2080 1770 non
2097 1717 2298 1786 deﬁciet
2325 1716 2518 1790 (Eccle.
2547 1718 2648 1790 Ix).

1898 1801 1945 1860 B
2043 1805 2120 1861 De
2140 1815 2383 1872 torrente,
2408 1815 2516 1863 etc.
2541 1809 2616 1864 De
2636 1808 2887 1878 praesenti
2909 1807 3114 1864 scilicet
3137 1811 3266 1875 vita,
3288 1825 3408 1880 quae
3430 1809 3545 1866 ﬁuit

1974 1904 2228 1966 tanquam
2274 1905 2529 1966 torrens,
2580 1899 2962 1955 tentationibus
3009 1909 3064 1955 et
3107 1899 3542 1956 tribulationibus

1972 1987 2252 2054 ebulliens,
2280 1988 2460 2044 unde:
2501 1987 2578 2044 De
2603 1999 2828 2044 torrente
2867 1989 2922 2044 in
2959 1991 3042 2045 via
3081 1989 3247 2055 bibet,
3273 2001 3545 2061 prapterea

1971 2084 2020 2130 et
2049 2076 2298 2132 exaltabit
2318 2075 2672 2176 caput.(Psal.
2701 2078 2832 2151 CIX),
2863 2079 2918 2134 in
2942 2094 3122 2145 cruce,
3158 2079 3382 2145 scilicet,
3415 2095 3546 2152 pen-

1973 2165 2123 2224 deus.

2524 2236 2750 2295 CAPUT
2788 2237 2977 2293 XXIV.

2041 2339 2206 2398 Vsus.
2233 2343 2288 2399 2.
2315 2374 2388 2386 —
2409 2343 2643 2416 Prazcipe
2665 2346 2795 2415 ﬁliis
2823 2330 3010 2402 Israel.
3044 2347 3249 2421 (lsrcu.)
3276 2347 3540 2406 Candela-

1971 2434 2125 2492 brum
2150 2435 2456 2508 evangelica
2480 2437 2610 2508 vita,
2631 2449 2758 2505 etc.,
2786 2455 2946 2510 usque
2969 2438 3037 2492 ad
3056 2437 3145 2494 ubi
3167 2439 3546 2498 misericordes

1969 2525 2308 2582 abscondunt
2341 2527 2644 2584 thesauros.

2039 2616 2202 2672 Vens.
2228 2617 2280 2672 '5.
2309 2645 2382 2658 -—
2403 2617 2574 2691 Usque
2603 2621 2850 2686 inmane,
2877 2619 3041 2675 futuri
3072 2621 3252 2676 smculi
3281 2639 3295 2676 :
3334 2622 3544 2680 scilicet

1969 2713 2098 2764 tunc
2120 2699 2265 2764 enim
2290 2725 2396 2764 non
2426 2710 2530 2765 erit
2557 2719 2765 2782 tempus
2799 2711 3007 2778 orandi,
3040 2710 3122 2766 vel
3148 2711 3541 2784 eleemosynam

1967 2797 2149 2866 dandi,
2176 2800 2356 2856 unde:
2391 2800 2474 2856 Ne
2499 2802 2644 2857 dicas
2663 2803 2962 2869 amicotuo,
3002 2801 3145 2859 Vade
3182 2813 3230 2858 et
3268 2815 3542 2872 revertere,

1965 2897 2012 2943 et
2038 2906 2153 2944 cras
2175 2891 2267 2945 tibi
2301 2891 2435 2947 dabo
2459 2909 2477 2948 :
2505 2895 2711 2948 nescitis
2737 2893 2872 2948 enim
2910 2895 3036 2965 quid
3059 2896 3230 2966 pariat
3256 2913 3541 2968 superven-

1967 2988 2085 3035 tura
2117 2980 2228 3036 dies
2251 2979 2430 3052 (Prov.
2459 2998 2541 3048 tu,
2573 2983 2762 3056 XXVII).

2036 3071 2200 3126 Vnus.
2228 3071 2554 3143 4.—Super
2578 3073 2976 3146 candelabrum,
3005 3083 3111 3132 etc.
3140 3075 3410 3142 Christus,
3440 3077 3538 3147 qui

1893 3153 1936 3216 C
1970 3168 2053 3216 est
2072 3161 2250 3218 lumen
2273 3177 2462 3218 verum
2486 3173 2532 3217 et
2553 3162 2815 3219 illuminat
2837 3181 3038 3220 omnem
3057 3167 3315 3222 hominem
3343 3168 3542 3222 venien-

1972 3263 2092 3307 tem.
2118 3253 2183 3308 Et
2204 3264 2468 3325 peccatum
2493 3271 2595 3309 non
2618 3255 2758 3324 fecit,
2778 3273 2868 3310 nec
2893 3257 3124 3313 inventus
3145 3268 3219 3313 est
3237 3259 3406 3325 dolus,
3430 3267 3537 3314 etc.

1971 3346 2105 3418 (Isa.
2137 3346 2274 3420 Llll).
2300 3347 2474 3418 Super
2498 3349 2642 3404 hunc
2667 3349 2817 3405 ardet
2843 3349 3083 3415 lucerna,
3107 3343 3166 3405 id
3195 3359 3279 3405 est
3305 3349 3538 3424 Spiritus

1969 3448 2208 3504 sanctus,
2235 3441 2326 3510 qui
2356 3441 2408 3494 in
2439 3441 2608 3512 igneis
2635 3441 2830 3512 linguis
2865 3451 3026 3511 super
3064 3441 3349 3512 discipulos
3371 3457 3540 3512 appa-

1969 3533 2076 3588 ruit
2105 3552 2118 3586 z
2147 3533 2271 3588 huic
2291 3533 2638 3602 purissimum
2664 3533 2864 3599 oleum,
2889 3533 2941 3589 id
2965 3542 3050 3589 est
3087 3534 3341 3589 mundam
3370 3535 3540 3589 vitam

1967 3623 2225 3678 debemus
2257 3623 2471 3688 oll‘erre,
2504 3623 2734 3678 scientes
2767 3624 2893 3694 quia
2936 3639 3043 3680 non
3087 3639 3275 3680 omnes
3316 3635 3542 3694 possunt

1969 3713 2256 3768 incendere
2283 3712 2426 3768 illum
2467 3713 2695 3785 (scilicet
2732 3715 2956 3785 ignem),
2998 3716 3091 3771 sed
3122 3715 3267 3770 solus
3293 3715 3540 3771 Christus

1967 3813 2022 3861 et
2044 3805 2137 3860 ﬁlii
2163 3805 2300 3875 ejus,
2345 3807 2437 3876 qui
2479 3807 2670 3877 plenus
2709 3806 2915 3879 Spiritu
2941 3809 3036 3876 ait,
3068 3808 3293 3880 Spiritus
3325 3810 3540 3866 Domini

1967 3916 2124 3970 super
2142 3917 2225 3954 me
2256 3900 2389 3971 (Isa.
2417 3901 2548 3974 ut).
2575 3901 2674 3970 Qui
2697 3903 2861 3957 etiam
2884 3904 2980 3969 ait,
3003 3903 3186 3975 Ignem
3207 3906 3318 3960 veni
3338 3907 3540 3962 mittere

1966 3993 2020 4048 in
2043 4003 2254 4059 terram,
2283 4004 2328 4048 et
2349 3996 2476 4064 quid
2496 3995 2608 4051 uolo
2639 3997 2740 4052 nisi
2764 4010 2817 4050 ut
2845 4000 3162 4054 accendatur
3181 4001 3208 4055 Ρ
3233 3999 3386 4070 (Luc.
3411 4003 3537 4075 In.)

1968 4081 2120 4138 Hune
2160 4082 2458 4150 insnﬂlans,
2486 4079 2636 4155 quasi
2677 4087 2969 4144 incendens
2995 4089 3072 4144 ait
3101 4104 3116 4144 :
3146 4090 3334 4162 Accipe
3369 4091 3542 4162 Spiri-

1968 4182 2079 4227 tum
2119 4183 2376 4239 sanctum,
2423 4185 2528 4231 etc.
2577 4175 2759 4247 (Joan.
2789 4178 2902 4248 xx).
2939 4179 3064 4236 Haec
3099 4189 3278 4236 autem
3317 4182 3536 4238 lucerna

1968 4276 2074 4316 non
2116 4264 2446 4330 accenditur,
2475 4266 2576 4321 nisi
2615 4283 2712 4336 per
2761 4269 2927 4323 vitam
2976 4277 3032 4323 et
3076 4272 3538 4327 conversationem

1967 4353 2242 4419 mundam,
2265 4353 2349 4408 vel
2374 4369 2599 4410 accensa
2628 4357 2734 4410 cito
2762 4357 3139 4428 exstinguitur,
3162 4359 3303 4416 unde
3327 4377 3340 4414 :
3367 4359 3538 4432 Spiri-

1970 4454 2079 4499 tum
2100 4445 2257 4500 nolite
2285 4447 2633 4516 exstinguere,
2662 4455 2767 4502 ctc.
2802 4447 2853 4517 (l
2880 4446 3031 4502 Thes.
3058 4447 3132 4520 v).

1897 4504 1944 4564 ί)
2047 4537 2207 4592 Vens.
2235 4537 2290 4591 5.
2317 4567 2388 4577 —-—
2411 4504 2643 4608 Abcipies
2683 4504 2902 4608 quoque.
2927 4504 3124 4611 (Band.
3151 4540 3243 4596 lib.
3275 4557 3292 4596 l
3327 4544 3392 4597 de
3432 4543 3538 4600 Ta-

1975 4629 2206 4694 bernac.,
2233 4643 2352 4698 cap.
2383 4629 2435 4692 7,
2470 4639 2601 4683 tom.
2630 4628 2718 4699 ll.)
2745 4631 3238 4702 Duodecimpanes
3269 4634 3322 4690 in
3352 4651 3540 4692 mensa

1973 4720 2327 4786 tabernaculi,
2371 4727 2499 4786 etc.,
2537 4737 2696 4791 usque
2722 4722 2792 4774 ad
2823 4730 2880 4776 ut
2919 4738 3015 4793 per
3045 4723 3256 4780 labores
3289 4733 3344 4782 et
3371 4741 3539 4796 opera

1972 4811 2110 4866 bona
2137 4812 2258 4866 vita:
2283 4811 2589 4881 temporalis
2615 4814 2680 4867 ad
2708 4826 2827 4866 eam
2852 4813 3219 4884 properemus.

2043 4899 2242 4974 Coques
2269 4919 2332 4957 ex
2359 4919 2419 4957 ea
2447 4903 2737 4957 duodecim.
2764 4904 2964 4974 (ORIG.,
2991 4905 3128 4959 hom.
3163 4906 3230 4960 15
3259 4907 3320 4960 in
3335 4905 3538 4979 Exod.)

1970 4993 2159 5049 Sermo
2182 4994 2390 5048 Domini
2413 4993 2566 5062 panis
2586 5002 2688 5058 est,
2711 4995 2804 5048 sed
2825 4994 3188 5057 multiformis,
3222 5005 3350 5060 etc.,
3377 5013 3538 5068 usque

1966 5084 2034 5138 ad
2085 5084 2240 5153 panis
2267 5098 2427 5152 super
2468 5098 2707 5136 mensam
2751 5085 2966 5154 ponitur
3011 5085 3285 5151 mundam,
3331 5085 3538 5142 scilicet

1967 5191 2128 5245 super
2161 5182 2391 5230 mentem
2419 5181 2662 5229 sanctam
2691 5184 2744 5230 Cl.
2767 5190 2978 5244 puram.

2039 5264 2204 5319 Vsus.
2230 5265 2314 5319 l0.
2341 5295 2408 5304 —
2425 5264 2558 5320 Ecce
2581 5273 2774 5330 autem,
2793 5274 2899 5320 etc.
2917 5263 3118 5336 (Istam)
3150 5263 3338 5322 Mulier
3364 5264 3534 5321 Israc-

1968 5357 2100 5423 litis,
2127 5364 2258 5420 etc.,
2287 5373 2445 5426 usque
2472 5355 2541 5409 ad
2567 5356 2657 5426 qui
2689 5357 2740 5410 in
2765 5355 2980 5411 Christo
3007 5355 3426 5425 blasphematur.

2040 5446 2175 5500 Ecce
2195 5456 2387 5499 autem.
2421 5443 2627 5515 (.0RIG.,
2651 5446 2791 5500 hom.
2822 5444 2952 5500 Min
2968 5442 3110 5514 Leu.)
3141 5445 3256 5499 Duo
3277 5443 3488 5512 litigant
3514 5460 3529 5497 :

1970 5553 2108 5593 unus
2155 5553 2222 5592 ex
2267 5539 2475 5608 integro
2512 5537 2773 5602 Israelita,
2805 5548 2934 5602 etc.,
2966 5551 3122 5606 usque
3153 5535 3222 5588 ad
3266 5533 3537 5592 interdum

1969 5633 2113 5689 enim
2138 5631 2227 5701 qui
2261 5627 2407 5685 foras
2439 5631 2685 5695 mittitur,
2713 5631 2855 5685 intus
2873 5637 2991 5693 est;
3037 5634 3094 5682 et
3136 5625 3226 5696 qui
3257 5624 3402 5684 foras
3430 5635 3534 5693 est,

1972 5723 2116 5778 intus
2148 5723 2360 5778 videtur
2391 5724 2627 5778 retineri.
