3998 6332
540 341 664 417 sui

1039 361 1428 417 WALAFNDI
1467 360 1712 419 STRABI
1749 359 1951 418 FULD.
1995 358 2158 416 M011.
2201 357 2351 416 OPP.
2393 354 2569 411 PARS
2607 351 2648 409 ι.
2687 383 2756 394 --
2797 350 3254 408 THEGLOGlCA.
3660 357 3742 412 ιω

611 474 778 531 Vna.
809 471 893 527 ﬂ.
925 501 991 516 --
1015 471 1373 544 Miserumque
1415 491 1554 539 eum,
1597 481 1702 528 etc.
1749 472 1958 544 Moyses
2003 487 2109 527 non
2138 477 2186 534 Α
2213 484 2318 539 qua
2349 468 2580 523 dicitur:
2614 465 2842 537 Spiritus
2870 477 2990 519 tuus
3021 465 3186 518 bonus
3223 462 3436 518 deducet
3477 479 3552 520 nu
3587 466 3634 522 in
3663 477 3743 524 ter-

537 579 604 619 ex
644 563 970 621 auctoritate
1013 577 1112 617 sua
1155 565 1478 618 sententiam
1518 563 1726 632 profert
1761 571 1948 618 contra
1991 562 2110 616 bla-

539 654 936 724 sphemantem,
964 644 1058 707 séd
1085 653 1180 708 Dei
1210 662 1478 723 prtecepto
1506 667 1812 718 reservans,
1848 653 2012 708 mittit
2055 653 2109 707 in

537 757 814 802 carcerem
846 761 860 797 :
885 743 970 798 lex
1000 745 1145 799 enim
1171 745 1286 798 odit
1312 760 1434 798 eum
1463 745 1552 813 qui
1588 745 1941 815 blasphemat,
1983 760 2112 800 con-

541 843 624 887 tra
649 847 809 902 quem
850 832 1161 902 frequenter
1190 833 1512 888 Trinitatem
1547 834 1825 904 praedicat,
1865 834 1956 888 sed
2003 850 2110 888 non

539 921 826 981 manifeste
849 925 990 981 sicut
1014 924 1392 995 Evangelium;
1439 926 1559 981 ideo
1581 925 1730 981 illum
1759 927 1824 981 ad
1848 927 2111 997 judicium

539 1017 812 1090 Evangelii
843 1017 1154 1072 reservavit.
1182 1015 1286 1082 Qui
1307 1032 1410 1070 non
1429 1016 1646 1070 credidit
1672 1015 1979 1082 in'Filium,
1993 1017 2108 1086 jam

529 1106 816 1179 iudicatus
831 1118 902 1162 est
932 1107 1113 1178 (Joan.
1133 1106 1313 1179 xxxi),
1347 1119 1402 1164 et
1429 1108 1756 1179 huiusmodi.

549 1205 556 1224 ³
611 1198 770 1253 Vens.
796 1198 882 1252 15.
911 1227 980 1237 --
1006 1197 1178 1252 Homo
1208 1198 1318 1268 qui,
1359 1201 1464 1252 etc:
1505 1197 1728 1252 Locutio
1749 1205 1830 1252 est
1854 1207 2108 1268 tanquam

540 1288 786 1344 dicatur:
817 1292 978 1344 homo
1007 1289 1095 1344 ille
1135 1297 1228 1344 aut
1267 1289 1371 1354 ille,
1402 1289 1456 1344 id
1482 1297 1562 1344 est
1587 1290 1895 1360 quicunque
1922 1291 2105 1345 homo.

514 1380 655 1436 .Non
679 1383 819 1437 sicut
842 1382 1057 1452 quidam
1094 1391 1306 1452 putant,
1335 1384 1496 1438 homo
1521 1384 1686 1439 homo
1724 1384 1798 1439 ita
1829 1384 1956 1449 dici,
1985 1393 2105 1439 tan—

537 1487 700 1545 quam
729 1474 1091 1540 laudabiliter,
1120 1477 1275 1545 quasi
1305 1476 1496 1541 homo;
1535 1476 1628 1531 sed
1657 1475 1820 1530 homo
1843 1475 2025 1541 homo,
2055 1475 2108 1530 id

538 1573 624 1619 est
641 1565 1050 1634 qualiscunque,
1082 1565 1226 1620 velut
1247 1565 1411 1620 etiam
1437 1565 1628 1620 similis
1657 1565 1859 1635 pecori,
1887 1567 1978 1620 sed
2013 1564 2104 1634 qui

536 1661 766 1717 vere"sit
807 1661 989 1726 homo,
1026 1676 1184 1730 quem
1226 1676 1442 1716 sensum
1474 1674 1578 1714 non
1609 1674 1726 1714 esse
1756 1673 1979 1724 verum,
2012 1659 2106 1713 sed

2213 578 2348 628 rum,
2377 570 2482 616 ctc.
2515 559 2688 631 (Psat.
2717 560 2902 630 οκωι).

2281 655 2448 708 Vens.
2492 652 2546 706 5.
2570 651 2769 705 —Scx
2812 652 2984 714 annis,
3027 660 3132 706 etc.
3178 650 3316 705 Dum
3356 665 3536 706 sumus
3574 652 3621 708 in
3661 655 3743 714 hae

2210 745 2340 809 vita,
2389 753 2443 798 et
2484 744 2537 796 in
2582 741 2775 796 visibili
2815 750 3062 796 creatura
3101 756 3309 804 sumus,
3337 756 3496 810 quam
3519 743 3743 814 signiﬁcat

2210 835 2472 890 senarius.
2525 832 2634 888 Sex
2673 833 2816 887 enim
2851 831 3040 886 diebus
3069 841 3250 886 creata
3281 841 3407 886 sunt
3434 833 3602 887 omnia
3647 851 3743 905 qua

2208 927 2458 982 videntur
2483 943 2496 979 :
2529 924 2758 994 septimo
2785 933 2963 977 autem
2992 936 3135 976 anno
3169 922 3452 977 sabbatum
3485 923 3584 978 erit
3615 935 3742 982 terra

2211 1021 2440 1076 Domini.
2497 1019 2630 1075 Cum
2667 1018 2809 1072 enim
2850 1026 2972 1086 post
2999 1029 3240 1085 praesens
3269 1023 3478 1085 tempus
3503 1015 3743 1075 sabbatum

2208 1111 2439 1176 venerit,
2467 1111 2532 1165 de
2567 1123 2673 1179 quo
2697 1107 2894 1163 Paulus
2925 1107 2998 1161 ait
3023 1123 3036 1158 :
3065 1104 3408 1173 Relinquitur
3431 1106 3742 1164 sabbatismus

2208 1201 2402 1272 populo
2425 1201 2551 1265 Dei,
2579 1213 2739 1268 quem
2776 1197 2889 1252 dies
2918 1196 3144 1267 septima
3168 1193 3468 1265 signiﬁcat,
3493 1195 3543 1249 in
3565 1210 3656 1265 qua
3680 1213 3744 1253 re-

2208 1291 2410 1361 quievit
2439 1291 2580 1344 Deus
2608 1288 2676 1342 ab
2691 1286 2950 1342 omnibus
2975 1285 3230 1354 operibus
3255 1284 3392 1347 suis,
3420 1283 3616 1338 scilicet
3639 1285 3741 1339 visi-

2207 1381 2404 1436 bilibus
2431 1379 2618 1452 (Hebr.
2644 1379 2742 1450 tv),
2769 1379 2881 1448 jam
2904 1393 3009 1432 non
3031 1375 3136 1430 erit
3165 1375 3428 1444 operandi
3456 1383 3661 1444 tempus.

2279 1474 2438 1528 Vens.
2465 1469 2762 1526 5.—Seres
2789 1485 2994 1538 agrum,
3018 1475 3128 1522 etc.
3144 1465 3250 1521 Per
3271 1480 3458 1536 agrum
3479 1475 3531 1519 et
3549 1467 3742 1532 vineam,

2206 1581 2329 1620 cum
2371 1564 2518 1618 illum
2563 1562 2834 1624 seminari,
2883 1571 2937 1614 et
2979 1561 3126 1615 illam
3173 1559 3445 1629 amputari
3492 1559 3742 1628 prohibuit,

2204 1669 2363 1711 omne
2406 1668 2572 1725 genus
2611 1652 2726 1723 agri
2774 1651 3174 1721 intelligendum
3207 1657 3328 1704 est:
3362 1663 3532 1718 neque
3555 1649 3678 1704 enim
3701 1649 3742 1703 in

533 1751 819 1810 locutionis
848 1753 952 1808 hoc
971 1739 1732 1822 csseScripturarum‘aperte
1759 1750 1846 1804 hic
1870 1747 2106 1804 ostendi-
2139 1814 2177 1822 _
2207 1749 2404 1804 oliveto
2448 1747 2534 1801 vel
2579 1746 2820 1816 quolibet
2864 1744 3085 1799 alterius
3128 1743 3349 1815 generis
3397 1756 3524 1812 agro
3581 1741 3744 1812 aliquid

535 1850 654 1906 tur,
684 1842 905 1898 tumin
931 1857 996 1898 eo
1037 1814 1252 1897 dicitur-
1272 1841 1363 1912 qui
1398 1814 1664 1912 culpatur,
1705 1855 1830 1896 non
1853 1841 1950 1911 qui
1981 1840 2104 1894 luu-
2139 1814 2182 1873 Β
2209 1841 2542 1912 operandum
2577 1814 2678 1894 est.

536 1931 716 1986 datur.

609 2019 812 2085 Homo;
832 2027 950 2076 etc.‘
975 2021 1158 2091 (Avo,
1181 2030 1365 2092 quiest.
1397 2021 1464 2077 87
1488 2021 1541 2075 in
1564 2019 1709 2091 Leu.)
1737 2017 1796 2075 Si
1826 2018 2108 2074 nia/edixe-

535 2112 994 2177 rit’Deum‘suum',
1022 2122 1292 2200 peccatum
1325 2113 1558 2182 accipiet.
1595 2111 1900 2186 .Nominans
1933 2119 2107 2164 autem

535 2197 722 2258 nomen
744 2201 952 2256 Domini
977 2197 1142 2257 morte
1162 2203 1450 2266 moriatur;
1481 2202 1633 2273 quasi
1659 2201 1799 2256 aliud
1839 2201 1908 2255 sit
1946 2200 2110 2255 male-

534 2293 715 2347 dicere
741 2292 909 2346 Denm
939 2308 1116 2360 suum,
1145 2301 1274 2358 etc.,
1301 2309 1462 2364 usque
1492 2293 1560 2347 'ad
1601 2293 1892 2347 notandum
1921 2302 2001 2348 est
2027 2292 2106 2346 lo-

535 2383 768 2438 cutionis
800 2397 987 2453 genus.

606 2476 812 2548 (lsrcn)
842 2475 980 2530 LXX
1011 2494 1021 2528 :
1058 2474 1227 2530 Homo
1266 2477 1436 2539 homo,
1478 2485 1608 2538 etc.,
1639 2492 1810 2546 usque
1853 2476 1922 2530 ad
1968 2476 2110 2530 sicut

537 2568 678 2623 ﬁlius
723 2567 1036 2624 lsraelilidis
1088 2567 1383 2623 nominavit
1434 2575 1489 2624 et
1541 2565 1934 2640 blasphemavit
1987 2565 2108 2637 (Jo-

535 2677 628 2715 sue
651 2659 770 2732 vn).

606 2747 771 2805 Vens.
801 2747 890 2805 l7.
911 2780 981 2791 —
1008 2748 1111 2816 Qui
1129 2749 1438 2821 percusserit
1465 2756 1511 2802 et
1551 2747 1795 2802 occiderit
1825 2747 2102 2802 hominem.

536 2835 679 2892 LXX
707 2855 718 2890 :
751 2836 854 2904 Qui
877 2841 1184 2907 percusserit
1225 2839 1456 2892 animam
1489 2837 1732 2902 hominis,
1762 2845 1890 2904 etc.,
1937 2837 1989 2892 id
2028 2846 2110 2894 est

535 2928 628 2998 qui
656 2925 722 2984 ad
748 2927 1085 2998 iniquitatem
1109 2928 1356 2983 traxerit.
1380 2927 1628 2982 Animam
1651 2944 1796 2993 vero,
1820 2929 2106 2984 animalem

535 3017 812 3074 hominem
844 3017 1120 3090 intelligit,
1150 3018 1241 3088 qui
1271 3033 1374 3073 non
1402 3017 1629 3089 percipit
1664 3033 1784 3089 quae
1824 3030 1946 3076 sunt
1989 3019 2108 3092 Spi-

535 3109 674 3164 ritus
701 3108 818 3163 Dei.

606 3201 788 3274 (Auc.,
817 3211 998 3273 qumst.
1027 3201 1094 3258 88
1116 3204 1169 3257 in
1209 3203 1352 3276 Leu.)
1385 3202 1488 3269 Qui
1529 3205 1835 3274 percusserit
1874 3205 2102 3260 animum
2130 3180 2174 3242 C

532 3293 758 3348 hominis
778 3304 832 3347 et
847 3303 1080 3348 mortuus
1104 3293 1283 3363 fuerit,
1306 3303 1409 3349 etc.
1442 3294 1556 3349 Non
1587 3295 1682 3361 ait,
1704 3304 1834 3361 etc.,
1858 3313 2018 3367 usque
2036 3296 2104 3350 ad
2127 3328 2130 3330 -

535 3385 633 3440 hoc
659 3393 744 3438 est
769 3385 912 3439 enim
938 3384 1172 3438 animam
1191 3384 1440 3440 ~hominis
1474 3401 1595 3441 esse
1627 3401 1963 3455 percussam.

601 3475 771 3530 Vnus.
799 3475 890 3530 20.
919 3473 1484 3540 -'Fracturam,’etc.
1514 3477 1656 3532 LXX
1689 3496 1701 3529 :
1731 3475 2104 3532 Contritionem

530 3582 624 3636 pro
665 3567 995 3632 contritione,
1039 3565 1234 3632 id‘est,
1267 3567 1314 3622 si
1340 3568 1594 3630 docendo,
1630 3568 1923 3633 suadendo,
1953 3583 2107 3623 scan-

531 3659 831 3723 dalizando,
861 3658 1094 3728 aliquam
1117 3659 1370 3713 virtutem
1388 3658 1637 3729 proximi
1665 3658 1998 3713 contriverit.

601 3746 816 3801 Dentem
869 3763 961 3816 pro
1010 3748 1182 3802 dente.
1246 3749 1508 3803 Virtutem
1566 3749 1840 3818 loquendi.
1910 3748 2106 3802 Dentes

531 3837 677 3892 enim
715 3851 814 3907 pro
843 3837 1022 3892 verbis
1059 3839 1415 3907 accipiuntur,
1444 3840 1619 3894 unde:
1651 3837 1781 3892 Filii
1817 3838 2102 3903 hominum,

531 3927 710 3982 dentes
731 3944 908 3981 eorum
930 3945 1078 3983 arma
1104 3939 1150 3982 et
1171 3931 1391 3999 sagittas,
1420 3939 1525 3985 etc.
1552 3927 1723 3999 (Psal.
1743 3932 1873 4000 nx).
1899 3929 1965 3983 Et
1985 3929 2103 3998 pul-

532 4018 763 4072 chriores
782 4027 902 4072 sunt
932 4019 1069 4072 oculi
1091 4019 1202 4089 ejus
1227 4021 1363 4085 uino,
1390 4031 1436 4074 et
1473 4021 1649 4074 dentes
1672 4021 1784 4090 ejus
1812 4021 1944 4075 lacte
1977 4039 2105 4076 can-

533 4107 764 4163 didiores
821 4108 992 4178 (Gen.
1050 4110 1231 4182 xux).
1277 4111 1514 4166 Clarinra
1563 4111 1704 4165 enim
1741 4120 1795 4166 et
1836 4113 2105 4182 apertiora

536 4209 663 4255 sunt
703 4201 866 4256 verba
907 4203 1181 4273 Evangelii
1220 4203 1354 4259 lacte
1381 4204 1531 4275 legis.

604 4289 770 4347 Vens.
795 4291 885 4348 Si.
918 4323 987 4334 --
1011 4293 1115 4359 Qui
1140 4297 1472 4364 percusserit,
1499 4305 1605 4351 etc.
1641 4296 1765 4352 Haec
1810 4301 2103 4354 secundum

531 4381 766 4439 litteram
791 4383 990 4440 Iudaeis
1031 4393 1189 4440 erant
1218 4389 1542 4452 necessaria,
1582 4390 1672 4459 qui
1709 4405 1816 4446 non
1855 4400 2104 4461 poterant

439 4509 446 4516 -
532 4489 728 4544 capere
759 4490 772 4526 :
799 4473 854 4529 Si
881 4476 996 4546 quis
1023 4480 1332 4545 percusserit
1355 4487 1402 4534 te
1430 4481 1484 4534 in
1512 4480 1776 4537 dexteram
1803 4483 2094 4550 max-illam,

531 4564 706 4634 prrebe
733 4563 812 4618 illi
843 4575 890 4618 et
939 4565 1160 4621 alterunt
1204 4568 1417 4638 (Matth.
1467 4573 1544 4642 ν).
1596 4571 1701 4628 Sed
1746 4589 1869 4628 cum
1915 4584 2098 4630 essent

536 4653 809 4718 malevoli,
837 4653 974 4708 mala
1019 4655 1219 4712 inferre
1261 4659 1530 4726 valebant,
1577 4670 1632 4718 et
1672 4679 1777 4718 non
1813 4664 1946 4735 pati.
1978 4665 2099 4721 ldeo

534 4753 681 4802 metu
706 4745 926 4801 alterum
956 4761 1131 4828 pinna:
1156 4758 1312 4805 erant
1337 4766 1366 4805 a
1395 4753 1601 4810 scelere
1630 4756 1936 4811 revocandi.

605 4839 769 4892 Vsus.
791 4837 882 4891 25.
911 4869 981 4878 --
1005 4839 1072 4893 Et
1100 4841 1409 4910 eduxerunt,
1433 4853 1538 4902 etc.
1564 4845 1944 4916 Experimento
1985 4849 2100 4917 ipso

541 4943 702 4998 regem
726 4927 1122 4984 conﬁrmatam
1173 4935 1425 5000 ostendit,
1461 4947 1517 4990 ut
1545 4944 1600 4990 et
1629 4945 1683 4990 tu
1728 4935 2101 5006 blasphemare

557 5019 773 5083 imeres,
804 5029 861 5076 et
888 5031 1162 5090 peccatum
1198 5023 1426 5094 fugeres,
1453 5029 1595 5096 quod
1620 5043 1723 5082 non
1751 5028 1922 5084 solum
1951 5031 2099 5099 prin-

569 5125 684 5180 eps,
709 5112 804 5165 sed
839 5120 949 5166 tota
974 5114 1256 5170 multitudo
1285 5117 1540 5172 vindicat.
1569 5118 1767 5174 Omnes
1785 5121 1928 5175 enim
1954 5135 2099 5176 com-

535 5199 770 5253 muniter
813 5200 1155 5273 blasphemus
1203 5205 1401 5261 debent
1445 5207 1672 5276 punire,
1721 5210 1813 5279 qui
1858 5210 2095 5265 omnium

535 5290 744 5346 auctori
777 5307 884 5347 non
926 5303 1237 5352 metuerunt
1260 5298 1566 5364 detrahere,
1610 5309 1664 5356 et
1700 5316 1892 5357 omnes
1929 5303 1997 5357 ab
2031 5317 2097 5358 eo

535 5395 811 5452 separare.

1100 5501 1326 5560 CAPUT
1377 5502 1539 5558 xxv.
1621 5487 1659 5516 ‘

605 5651 770 5710 Vna.
799 5655 851 5722 l,
871 5657 928 5710 2.
943 5655 1345 5728 —-Locutusque
1364 5668 1437 5712 est
1461 5658 1730 5724 Dominus,
1755 5667 1859 5715 ctc.
1882 5659 2103 5726 Quando

539 5744 774 5816 ingressi,
824 5758 926 5804 otc.
973 5747 1178 5821 (lsrcn.)
1227 5749 1411 5816 Terra,
1449 5751 1788 5806 conversatio
1832 5751 1989 5819 bona,
2039 5754 2104 5810 de

2127 4527 2174 4587 D

2279 1933 2440 1988 Vsus.
2463 1930 2517 1984 5.
2541 1960 2609 1969 —
2630 1928 2763 1994 Qua:
2795 1936 3002 1999 sponte,
3042 1934 3145 1982 etc.
3193 1925 3401 1980 Eorum
3439 1923 3627 1980 scilicet
3652 1936 3744 1991 qua

2207 2023 2294 2079 hic
2320 2021 2568 2083 facimus,
2593 2020 2646 2073 in
2663 2018 2842 2072 futuro
2869 2017 3098 2072 fructum
3121 2014 3582 2078 manducabimus;
3603 2010 3740 2065 unde;

2207 2112 2436 2168 Labores
2467 2125 2720 2164 manuum
2758 2118 2971 2161 tuarum
3025 2107 3150 2176 quia
3192 2104 3562 2170 manducabis,
3603 2103 3744 2156 beatus

2207 2220 2260 2258 es
2289 2214 2335 2257 et
2365 2203 2488 2256 bene
2510 2200 2602 2254 tibi
2629 2199 2726 2252 erit
2751 2196 2923 2270 (Psal.
2951 2196 3176 2266 cxxvn).

2249 2297 2440 2352 .V'Etts.
2467 2290 2734 2348 6.—-Sei
2774 2299 2944 2353 erunt,
2988 2297 3093 2344 etc.
3147 2287 3268 2342 Non
3313 2287 3554 2358 prohibet
3595 2285 3740 2340 Domi-

2160 2424 2162 2426 τ
2207 2401 2336 2442 num
2372 2383 2518 2438 vesci
2564 2381 2644 2436 eis
2689 2395 2808 2451 quae
2856 2386 3046 2449 sponte
3087 2386 3240 2444 sunt,
3293 2378 3386 2432 sed
3417 2389 3667 2445 reponere
3703 2373 3742 2425 in

2209 2491 2365 2532 usum
2392 2472 2693 2544 proprium.

2281 2566 2442 2623 Vens.
2480 2567 2533 2621 8.
2558 2594 2629 2604 ——
2652 2561 2965 2617 Numerabis
3002 2577 3226 2632 quoque.
3282 2560 3652 2630 lnterrogemus
3674 2554 3743 2610 Ju-

2207 2659 2370 2725 dteos,
2411 2657 2457 2713 si
2503 2656 2790 2726 septimum
2827 2655 2967 2710 diem
3010 2654 3090 2726 (ut
3117 2653 3294 2724 aiunt)
3333 2651 3590 2724 legislator
3611 2650 3742 2704 hono-

2207 2750 2366 2815 ravit,
2399 2756 2453 2804 et
2479 2748 2546 2802 ab
2572 2747 2826 2817 operibus
2866 2760 3060 2800 vacare
3105 2745 3391 2823 praecepit,
3431 2759 3584 2813 quare
3618 2741 3743 2811 quin-

2206 2843 2577 2915 quagesimum
2638 2855 2839 2895 annum
2901 2839 3162 2895 celebrari
3214 2838 3473 2909 praecepit
3523 2852 3536 2890 :
3576 2843 3741 2904 septem

2204 2938 2350 2994 enim
2379 2935 2728 2992 hebdomadae
2753 2949 2923 2988 annos
2949 2932 3311 3004 quadraginta
3341 2946 3525 2987 novem
3561 2929 3740 2984 faciunt.

2205 3030 2321 3086 Non
2353 3045 2482 3101 ergo
2515 3016 2960 3100 quinquagesimo
2994 3040 3186 3080 vacare
3217 3032 3511 3096 oporteret,
3540 3021 3630 3076 nisi
3653 3035 3742 3088 my-

2205 3123 2428 3179 sterium
2467 3122 2555 3176 lex
2589 3121 2937 3192 signiﬁcaret,
2980 3119 3122 3188 quod
3167 3102 3476 3172 Judieoruin
3504 3112 3742 3168 inﬁrmitas

2205 3229 2312 3269 non
2341 3219 2571 3283 caperet.
2619 3209 2821 3280 Duplex
2850 3210 2992 3264 enim
3031 3223 3060 3263 a
3094 3207 3206 3262 Deo
3230 3207 3518 3262 visibilium
3544 3203 3742 3260 omnium

2204 3306 2538 3378 signiﬁcatur
2565 3303 2989 3367 consummatio;
3032 3316 3138 3356 una
3176 3301 3440 3372 cujusque
3481 3294 3741 3366 Singularis.

2206 3397 2372 3452 altera
2401 3395 2640 3451 omnium
2677 3393 2977 3448 communis
3001 3432 3016 3456 ,
3042 3392 3262 3462 quando
3293 3401 3496 3462 tempus
3527 3383 3740 3459 operandi

2207 3503 2314 3542 non
2337 3487 2470 3552 erit;
2505 3487 2554 3540 in
2583 3481 3216 3555 superioribusprimam,
3247 3481 3304 3536 in
3330 3481 3414 3536 his
3445 3480 3655 3535 insinuat
3674 3488 3740 3528 se-

2206 3578 2457 3634 cundam.
2572 3588 2574 3590 '

2279 3667 2502 3739 Septem.
2543 3666 2599 3722 ln
2625 3665 2958 3722 hebdomada
2980 3664 3186 3719 dierum
3211 3665 3501 3719 humanum
3524 3657 3737 3717 saaculum

2207 3758 2481 3813 dividitur.
2511 3755 2656 3812 Cum
2700 3757 2862 3827 igitur
2895 3755 2981 3810 hic
3017 3770 3276 3809 numerus
3314 3753 3667 3824 multiplicatus
3698 3749 3738 3801 in

2207 3850 2495 3920 semetipso
2534 3849 2716 3914 tuerit,
2757 3857 2812 3903 et
2855 3857 2965 3902 tota
3011 3847 3279 3918 completa
3323 3855 3453 3902 tetas
3499 3843 3674 3904 saeculi,
3697 3849 3740 3894 et

2207 3951 2419 4014 tempus
2465 3942 2774 3998 devolutum
2821 3942 2887 3996 ad
2933 3942 3092 3996 linem
3142 3942 3487 4011 pervenerit,
3540 3935 3738 3994 succedit

2205 4033 2679 4103 quinquagesimus
2712 4033 2865 4102 quasi
2894 4033 3313 4102 quadragesimo
3341 4047 3480 4088 nono
3518 4045 3658 4091 anim,
3694 4027 3734 4079 in

2205 4141 2313 4196 quo
2336 4125 2440 4179 erit
2467 4125 2823 4188 resurrectio,
2859 4125 3000 4180 unde
3035 4124 3216 4178 subdit
3243 4142 3255 4176 :
3285 4122 3354 4177 Et
3383 4123 3610 4192 clangens
3637 4119 3735 4172 buc-

2205 4216 2324 4270 cina
2364 4232 2536 4269 mense
2577 4217 2811 4285 septimo,
2851 4223 2952 4270 etc.
3012 4214 3163 4270 Unde
3199 4215 3520 4284 Apostolus:
3553 4213 3611 4267 In
3638 4210 3735 4264 tuba

2209 4306 2302 4360 Dei
2329 4306 2633 4360 descendent
2660 4305 2724 4358 de
2746 4305 2892 4370 cwlo,
2915 4314 2963 4358 et
2990 4305 3184 4358 mortui
3201 4308 3304 4375 qui
3337 4307 3390 4360 in
3419 4303 3616 4358 Christo
3641 4305 3734 4354 sunt

2207 4405 2470 4464 resurgent
2494 4395 2786 4463 incorrupti
2816 4393 2989 4463 (Thes.
3020 4392 3114 4462 1v).
3167 4393 3394 4463 Oportet
3429 4393 3565 4448 enim
3599 4387 3734 4444 susci-

2207 4494 2405 4541 tantem
2452 4483 2754 4554 praecedere
2800 4484 2979 4538 tubam
3012 4500 3024 4536 :
3055 4484 3175 4538 ideo
3202 4484 3255 4538 in
3292 4480 3673 4553 quadragesimo
3693 4481 3735 4526 et

2200 4592 2342 4634 nono
2373 4592 2536 4640 anno,
2561 4576 2612 4628 in
2646 4590 2753 4643 quo
2780 4575 3076 4631 communis
3091 4582 3181 4628 est
3211 4573 3609 4634 consummatio,
3635 4567 3733 4622 tuba

2199 4684 2394 4726 canere
2422 4669 2693 4738 praecepit.

2272 4762 2434 4827 Vens,
2494 4760 2546 4814 9.
2570 4760 2830 4814 —.’Jense
2868 4761 3104 4828 septimo.
3175 4758 3310 4825 Quia
3349 4757 3498 4828 quasi
3543 4749 3732 4822 septimo

2201 4865 2383 4905 mense
2411 4850 2586 4905 astatis
2616 4851 2797 4904 mundi
2836 4850 3083 4904 Christus
3108 4849 3284 4913 venit;
3320 4848 3522 4918 primus
3547 4839 3730 4898 mensis.

2201 4940 2290 5010 qui
2321 4940 2374 4994 in
2403 4939 2652 5010 paradiso
2680 4939 2814 5005 fuit;
2851 4938 3118 4995 secundus
3163 4954 3330 5008 usque
3377 4937 3441 4992 ad
3481 4931 3728 4990 diluvium;

2208 5032 2397 5086 tertius
2426 5046 2594 5100 usque
2633 5031 2701 5085 ad
2740 5031 3049 5097 Abraham;
3096 5037 3319 5100 quartus
3363 5037 3623 5097 usquequo
3660 5017 3732 5074 de-

2207 5137 2453 5178 scensum
2489 5131 2573 5178 est
2608 5123 2661 5176 in
2701 5121 3026 5193 Egyptuni;
3063 5123 3284 5192 quintus
3320 5133 3483 5189 usque
3509 5116 3571 5170 ad
3597 5123 3733 5167 trans-

2206 5214 2601 5283 migrationem,
2624 5223 2806 5269 sextus
2837 5229 3004 5284 usque
3027 5215 3093 5268 ad
3118 5214 3404 5268 adventura
3426 5204 3636 5268 Christi;
3661 5212 3730 5254 se-

2203 5303 2404 5373 ptimus
2434 5304 2545 5373 ipse
2569 5303 2850 5358 adventus.

2279 5391 2442 5446 Vens.
2498 5393 2584 5446 to.
2624 5423 2692 5432 -—
2729 5392 3195 5464 Sanctificabisque
3252 5406 3466 5446 annum.
3507 5381 3650 5453 Quasi
3685 5375 3729 5430 in

2206 5485 2560 5540 sanctimonia
2601 5496 2943 5556 exspectetur
2985 5495 3039 5541 et
3081 5487 3362 5556 cogitetur,
3407 5495 3573 5551 pacem
3613 5469 3728 5528 enim

2205 5579 2448 5634 debemus
2471 5582 2612 5651 sequi
2633 5590 2682 5634 et
2708 5583 3104 5637 sanctimoniam
3131 5581 3313 5654 (Hebr.
3356 5571 3471 5649 x11),
3516 5575 3615 5629 sine
3645 5579 3727 5637 ᾳιω

2207 5684 2367 5724 nemo
2404 5671 2605 5726 videbit
2641 5671 2828 5726 Deum.

2280 5759 2658 5834 Utittsqttisque.
2706 5760 3136 5822 Patriarcharum
3179 5774 3232 5822 et
3279 5761 3632 5836 prophetarum
3662 5748 3725 5797 est

3909 1711 3911 1742 l
