3998 6332
306 441 427 498 169

1331 432 1596 492 CLOSSA
1639 432 2038 494 enumera.
2074 471 2140 480 -
2182 441 2310 497 us.
2355 444 2588 524 tum.
2623 491 2626 494 .

3449 447 3559 503 ιτο,

302 556 550 628 quaedam
575 553 774 610 familia
795 551 1096 624 hospitalis,
1124 552 1209 608 cui
1235 563 1428 624 praeest
1456 554 1742 608 Abraham.
1777 553 1872 608 Est
1899 558 1948 615 A
1974 559 2306 625 emendatur,
2329 561 2384 616 in
2407 577 2511 632 qua
2530 561 2810 632 jejunium,
2836 562 3028 627 oratio,
3051 561 3302 624 cilicium.
3324 560 3576 618 αἰρεσιν-ε

301 659 360 706 ει
379 648 482 704 alia
506 647 793 710 castitatis,
813 646 899 701 cui
920 653 1116 716 praeest
1148 642 1367 713 Ioseph.
1405 645 1500 700 Est
1522 654 1577 700 et
1601 645 1704 700 alia
1729 661 1879 699 man-

303 738 627 802 suetudinis,
667 737 754 792 cui
800 743 994 805 praeest
1037 733 1248 803 Moyses
1286 733 1437 806 (Gen.
1479 751 1636 801 xvut,
1677 751 1876 800 xxxix;

305 830 474 886 Num.
509 830 629 900 xu).

374 919 539 974 Vsus.
593 915 1019 983 M.—Quando
1066 916 1274 981 vendes,
1312 924 1417 972 etc.
1475 915 1713 985 Quisque
1752 931 1881 970 ven-

301 1014 436 1067 dere
467 1019 644 1081 potest
671 1009 755 1064 re]
790 1023 988 1064 emere.
1031 1007 1183 1064 Unde
1220 1007 1414 1061 Paulus
1445 1021 1458 1060 :
1490 1007 1682 1061 Omnia
1707 1017 1880 1062 uestra

301 1120 487 1158 sumus
509 1101 641 1156 sicut
669 1110 718 1154 et
747 1116 833 1154 vos
857 1108 1036 1152 nostra
1067 1097 1119 1168 (I
1142 1097 1266 1152 Cor.
1301 1096 1407 1169 ιιι).
1453 1095 1566 1152 Hoc
1587 1097 1880 1152 secundum

301 1193 542 1248 litteram
578 1190 850 1246 moraliter
878 1188 1151 1252 informat,
1183 1195 1241 1241 ut
1270 1188 1324 1242 in
1356 1185 1722 1242 contractibus
1755 1202 1880 1257 pro-

301 1285 468 1340 ximis
508 1282 922 1353 compatiamur,
973 1293 1039 1333 ne
1089 1279 1212 1348 quis
1250 1279 1474 1334 nimium
1517 1279 1775 1333 molestus
1815 1279 1881 1332 de
1929 1275 1932 1277 ⁴

301 1390 602 1446 pauperum
626 1371 1037 1428 necessitatibus
1061 1369 1380 1437 negotietur,
1415 1383 1482 1422 ne
1517 1368 1734 1423 studeat
1757 1382 1880 1436 pos-

304 1467 578 1522 sessiones
611 1464 836 1531 aliorum
865 1461 1164 1530 acquirere,
1201 1459 1295 1514 sed
1334 1459 1693 1528 indigentibus
1735 1473 1881 1512 com-

302 1556 547 1618 modare,
577 1563 629 1608 et
653 1552 988 1610 commodata
1014 1550 1273 1620 paulatim
1312 1550 1377 1606 de
1419 1549 1684 1606 fructibus
1721 1565 1902 1621 agro-I

303 1661 426 1701 rum
460 1645 720 1716 recipere.

374 1734 545 1790 Juxta
581 1752 851 1791 numerum
895 1734 1121 1808 (151cm).
1159 1735 1215 1790 Id
1252 1741 1332 1790 est
1371 1736 1664 1791 secundum
1704 1737 1876 1792 virtu-

302 1842 414 1887 tem
438 1830 716 1902 cujusque.
754 1830 895 1884 Anni
920 1831 1061 1884 enim
1090 1839 1304 1885 aetatem
1335 1832 1658 1901 signiﬁcant,
1693 1833 1745 1886 in
1773 1848 1876 1904 qua

1979 664 2134 720 syna,
2159 659 2215 705 et
2240 651 2492 723 lacrymae
2519 662 2885 726 peraguntur:
2916 669 3013 724 per
3053 655 3169 710 haec
3208 653 3362 709 euim'
3396 651 3552 724 plena

1981 739 2231 794 remissio
2265 743 2584 810 acquiritur.

2048 829 2220 883 Vens.
2267 830 2359 887 29.
2394 861 2465 874 -
2497 831 2606 898 Qui
2651 833 2936 887 vendiderit
2976 834 3232 887 domum;
3260 830 3383 902 (In.)
3438 829 3559 886 Non

1978 920 2300 988 exprimitur
2330 923 2593 987 venditor,
2624 939 2722 979 nec
2746 925 3058 994 proximus,
3094 939 3192 980 nec
3223 924 3559 994 propinquus

1980 1009 2196 1065 dicitur.
2246 1011 2361 1066 Non
2405 1014 2548 1067 enim
2585 1030 2722 1070 unus
2749 1025 2850 1080 est,
2881 1016 2973 1070 sed
3002 1024 3143 1070 totus
3168 1014 3426 1086 populus:
3453 1030 3554 1070 nec

1980 1101 2045 1156 de
2069 1105 2388 1174 cognatione
2412 1104 2736 1172 Iudaeorum,
2759 1107 2850 1161 sed
2874 1105 3120 1162 Sodoma-
3133 1116 3183 1162 et
3211 1107 3550 1163 Gomorrbae.

2007 1233 2026 1258 ,
2052 1193 2157 1260 Qui
2194 1195 2483 1249 vendiderit
2519 1196 2750 1262 domum,
2791 1206 2896 1253 etc.
2941 1198 2998 1252 ln
3026 1199 3289 1268 superiori
3319 1197 3555 1268 capitulo

1981 1283 2313 1352 spiritualem
2350 1285 2608 1356 cujusque
2641 1288 3104 1344 conversationem
3151 1283 3418 1358 exposuit,
3465 1288 3558 1344 hic

1980 1374 2303 1442 generaliter
2331 1375 2396 1430 de
2418 1391 2685 1448 synagoga
2713 1377 2798 1431 vel
2831 1377 3068 1434 Ecclesia
3103 1387 3336 1433 tractare
3378 1379 3555 1432 inten-

1979 1465 2078 1530 dit,
2114 1467 2238 1536 quia
2268 1467 2503 1522 Ecclesia
2538 1469 2777 1540 gentium
2811 1469 3113 1524 libertatem
3149 1471 3380 1541 accipit,
3404 1486 3559 1541 syna-

1981 1571 2112 1628 goga
2158 1558 2210 1611 in
2254 1567 2569 1628 perpetuum
2609 1560 2794 1625 servit,
2843 1563 3080 1630 exceptis
3115 1560 3336 1627 Levitis,
3383 1562 3435 1616 id
3475 1570 3558 1616 est

1980 1647 2258 1716 apostolis,
2291 1655 2345 1700 et
2381 1647 2472 1716 qui
2503 1649 2780 1704 adhazrent
2807 1651 2907 1704 eis.

2051 1733 2255 1805 (Omc.,
2287 1735 2426 1788 hom.
2467 1735 2532 1789 15
2569 1737 2622 1788 in
2658 1735 2805 1809 Lev.)
2853 1737 2957 1804 Qui
2996 1739 3296 1794 vendiderit
3320 1741 3554 1804 domum,

1982 1835 2088 1914 etc.
2125 1828 2199 1882 De
2235 1827 2401 1884 Jacob
2437 1831 2695 1898 scriptum
2735 1837 2838 1896 est,
2882 1838 3012 1898 etc.,
3055 1848 3215 1917 usque
3240 1831 3309 1885 ad
3339 1845 3553 1901 semper

302 1896 686 1976 manifestat—ur
718 1920 846 1990 quid
885 1919 1056 1987 possit
1087 1919 1314 1987 quisque
1344 1896 1637 1974 secundum
1667 1896 1880 1990 corp-us.
1915 1896 1958 1954 Β
1987 1909 2354 1990 ptenitentiam
2385 1896 2670 1991 recipi—unt,
2700 1928 2754 1976 et
2779 1896 3005 1993 semper
3023 1896 3377 1978 redimuntur.

379 2010 542 2066 Vens.
573 2011 655 2065 16.
677 2041 748 2050 --
770 2008 976 2074 Quanto
999 2009 1171 2079 plures
1199 2008 1342 2079 (Im).
1385 2009 1439 2063 Id
1489 2018 1591 2073 est,
1641 2011 1686 2065 si
1712 2019 1887 2080 potest

305 2101 552 2159 multum.
577 2101 819 2170 operari,
851 2099 1074 2154 multum
1102 2098 1336 2154 fructum
1358 2100 1564 2170 exiget;
1590 2100 1634 2154 si
1661 2101 1885 2156 multum

302 2211 412 2252 non
443 2203 656 2266 potest,
685 2209 876 2264 parum
909 2193 1199 2264 rependet;
1251 2193 1384 2248 feret
1406 2194 1548 2248 enim
1569 2194 1657 2248 hic
1678 2195 1888 2265 trigesi-

303 2303 477 2353 mum,
522 2289 622 2344 isee
665 2289 1079 2359 sexagesimum,
1132 2287 1220 2343 ille
1261 2289 1612 2344 centesimum
1650 2285 1884 2346 fructum

304 2378 524 2450 (Matth.
573 2378 713 2452 xm).

375 2473 542 2528 Vens.
583 2472 668 2528 18.
692 2502 762 2512 -
782 2469 965 2526 Facite
995 2483 1270 2543 prwcepla.
1321 2472 1398 2530 Ne
1419 2475 1542 2544 quis
1567 2475 1748 2530 audita
1772 2490 1886 2530 mo-

302 2563 588 2618 deratione
611 2562 872 2618 vendendi
899 2572 954 2619 et
974 2565 1184 2620 emendi
1211 2567 1426 2636 segnior
1452 2566 1604 2623 ﬁeret
1624 2609 1638 2632 ,
1675 2576 1728 2623 et
1759 2583 1888 2624 con-

304 2654 587 2710 descensio
623 2655 736 2726 ipsa
763 2665 1000 2721 noceret,
1039 2664 1196 2711 caute
1231 2656 1514 2726 adjungit:
1547 2657 1730 2714 Fasite
1757 2676 1887 2728 prte-
1915 2681 1918 2684 ’

305 2755 476 2814 cepta,
503 2754 608 2801 etc.
655 2745 1236 2816 Neminem'siquidem
1263 2747 1386 2802 .vult
1425 2763 1643 2816 vacare,
1675 2750 1768 2804 sed
1801 2752 1886 2804 se-

305 2836 544 2891 cundum
597 2837 850 2892 virtutem
920 2836 1266 2894 fructiﬁcare.
1343 2839 1607 2894 Virtutem
1673 2855 1885 2911 quoque

304 2928 636 2983 conscientia
681 2930 942 3000 cujusque
973 2929 1273 2985 examinat.

376 3017 447 3071 Et
471 3019 698 3088 judicia,
743 3028 845 3074 etc.
901 3020 1022 3091 (In)
1053 3019 1168 3074 Non
1195 3031 1601 3092 corrumpentes
1631 3024 1884 3081 intentio-

303 3123 430 3169 nem
455 3109 539 3162 vel
560 3110 925 3180 operationem
951 3125 1169 3177 eorum;
1198 3111 1343 3168 velut
1377 3113 1420 3168 si
1445 3114 1564 3184 quis
1585 3114 1881 3189 eleemosy-

302 3213 428 3252 nam
463 3200 670 3265 tribuit,
710 3216 814 3255 non
853 3199 943 3255 alii
993 3211 1183 3256 noceat
1222 3211 1280 3257 ut
1315 3203 1402 3258 alii
1437 3206 1647 3275 prosit:
1680 3222 1882 3276 praece-

301 3295 453 3355 ptum
495 3289 637 3343 enim
681 3291 824 3359 quod
870 3290 1264 3363 eleemosynam
1306 3293 1423 3349 ﬁeri
1459 3295 1640 3366 jussit,
1679 3282 1880 3368 justam

300 3390 423 3432 esse
447 3377 634 3433 voluit.

374 3467 529 3533 Quod
557 3471 604 3524 si
630 3471 890 3540 dixeritis,
931 3484 1034 3531 etc.
1086 3477 1207 3548 (In.)
1238 3477 1371 3546 Quia
1403 3495 1502 3550 per
1540 3481 1676 3538 duos
1711 3498 1882 3542 annos

298 3567 505 3614 terram
543 3577 734 3617 vacare
782 3575 1128 3637 prmceperat,
1167 3584 1234 3623 ne
1272 3570 1723 3628 conturbarentur
1763 3582 1882 3630 tan-

294 3666 460 3720 quam
509 3652 718 3708 solliciti
765 3655 891 3723 quid
932 3659 1292 3714 comederent-
1319 3667 1411 3713 aut
1446 3661 1574 3730 quid
1615 3662 1879 3732 biberent,

296 3743 412 3796 ait:
438 3741 586 3797 Dabo
621 3743 1024 3800 benedictionem
1062 3764 1251 3812 meam,
1287 3757 1388 3804 etc.
1421 3747 1635 3819 (Matth.
1666 3751 1762 3817 γι).
1811 3753 1880 3808 Ει

297 3834 596 3888 notandum
635 3837 761 3905 quia
798 3853 920 3892 cum
954 3837 1201 3894 Christus
1231 3840 1412 3895 dicat:
1441 3841 1618 3897 Nolite
1655 3847 1882 3914 cogitare

297 3925 364 3980 de
391 3928 641 3993 crastino,
672 3928 757 3983 lex
777 3928 933 3998 jubet
959 3946 1028 3986 ne
1058 3933 1298 4003 cogitent
1330 3933 1398 3989 de
1430 3935 1602 3990 tribus
1631 3937 1807 3992 annis.

368 4017 533 4074 Vens.
564 4019 653 4076 2i.
675 4051 747 4062 --
767 4021 914 4078 Dabo
953 4023 1377 4080 benedictionem.
1422 4025 1546 4100 (1ο.)
1581 4026 1877 4084 Christum.

297 4108 454 4164 Unde
501 4109 854 4166 benediximus
903 4113 1044 4168 vobis
1080 4116 1135 4168 in
1179 4117 1384 4170 nomine
1423 4116 1656 4184 Domini,
1689 4119 1741 4175 id
1770 4129 1872 4184 est,

293 4198 536 4264 Christo,
574 4199 664 4269 qui
703 4209 786 4256 est
827 4216 1021 4257 nomen
1057 4201 1252 4258 Patris.
1311 4203 1412 4271 Qui
1458 4204 1676 4261 Patrem
1726 4207 1880 4264 nobis

292 4287 628 4360 nominavit,
653 4303 708 4349 et
728 4295 1235 4361 manifestavit;'hic
1268 4297 1322 4350 in
1360 4305 1514 4352 sexto
1543 4313 1685 4354 anno
1709 4301 1876 4366 venit,

293 4382 350 4438 id
377 4392 481 4449 est,
507 4383 561 4438 in
586 4383 934 4454 perfectione,
983 4400 1144 4455 quam
1189 4386 1460 4456 signiﬁcat
1503 4390 1780 4456 senarius;
1825 4400 1881 4446 et

291 4486 356 4531 ut
384 4475 656 4532 hominem
690 4477 1030 4542 reformaret,
1055 4493 1214 4548 quem
1241 4477 1567 4535 {armaverat
1589 4481 1675 4537 die
1702 4490 1874 4549 sexto,

2061 2009 2219 2065 Vens.
2248 2011 2336 2065 5|.
2355 2012 2704 2082 -Agrorum
2724 2013 2866 2082 jure.
2913 2012 3119 2083 (lsrcu;)
3149 2013 3283 2080 Quia
3310 2013 3362 2066 in
3385 2013 3560 2066 Evan-

1985 2103 2124 2172 gelio
2161 2102 2392 2172 proximi
2435 2112 2576 2165 sunt,
2625 2120 2730 2157 non
2774 2103 2896 2174 legi.
2938 2104 3064 2158 Ideo
3097 2118 3309 2175 semper
3337 2114 3560 2174 possunt

1985 2195 2199 2260 redimi,
2231 2204 2285 2251 et
2315 2211 2382 2252 ex
2409 2211 2516 2266 quo
2538 2193 2786 2252 Christus
2809 2196 2952 2250 venit
2975 2211 3142 2267 usque
3171 2197 3235 2252 ad
3268 2195 3559 2252 secundum

1985 2287 2274 2342 adventum
2302 2301 2397 2357 per
2420 2297 2600 2356 partes
2628 2287 2982 2342 redimuntur.

2056 2376 2198 2434 LXX
2215 2393 2230 2432 :
2249 2378 2329 2432 Ad
2355 2396 2537 2450 agrum
2563 2389 2715 2434 terra:
2738 2379 3160 2442 a’stimabuntur,
3190 2379 3254 2432 de
3281 2393 3387 2448 quo
3412 2377 3555 2433 scili-

1984 2481 2071 2530 cet
2115 2474 2357 2530 dicitur:
2399 2472 2583 2529 Simile
2637 2483 2711 2528 est
2759 2489 2990 2544 regnum,
3026 2471 3268 2526 calorum
3315 2471 3560 2525 thesauro

1984 2563 2286 2618 abscondito
2328 2563 2382 2617 in
2412 2579 2571 2633 agro,
2598 2561 2648 2616 id
2674 2568 2756 2617 est
2783 2560 3174 2632 E‘vangelio,‘in
3205 2575 3313 2632 quo
3349 2560 3560 2615 thesau-

1985 2669 2077 2708 rus
2099 2653 2182 2708 e'st
2208 2653 2524 2724 mysterium
2551 2651 2775 2708 Ch'risti'.

2055 2743 2218 2800 Vens.
2254 2744 2342 2799 52.
2364 2774 2436 2784 -
2457 2743 2623 2798 dides
2653 2743 2972 2798 Levitarum'.
3009 2743 3213 2815 (Otum,
3242 2742 3382 2795 hom.
3413 2740 3479 2795 {5
3508 2740 3562 2792 in

1983 2834 2129 2908 Leu.)
2161 2834 2218 2891 Si
2245 2835 2594 2891 sacerdotalis
2626 2835 2787 2890 fuerit
2819 2836 3009 2891 domus
3030 2835 3114 2890 vel
3135 2834 3398 2899 Levitica,
3430 2840 3558 2894 etc.,

1983 2942 2144 2997 usque
2169 2926 2238 2980 ad
2264 2926 2686 2982 satisfactionem
2709 2927 2920 2984 scilicet
2939 2927 3212 2984 desiderii.

2055 3017 2217 3073 Vens.
2244 3017 2332 3073 54.
2356 3047 2426 3060 -—
2450 3017 2792 3074 Suburbana.
2835 3018 3042 3090 (lsrcn.)
3081 3018 3184 3072 Alii
3217 3018 3356 3087 agri,
3389 3017 3444 3072 id
3480 3025 3564 3072 est

1983 3109 2422 3165 conversationes
2455 3109 2737 3174 virtutum,
2773 3118 2828 3165 et
2857 3111 3132 3166 doctrinae.
3181 3109 3275 3164 Ha:
3303 3117 3564 3178 separata:

1985 3207 2112 3255 sunt
2155 3217 2186 3254 a
2229 3201 2537 3256 civitatibus
2565 3215 2752 3256 eorum
2782 3217 2901 3272 quae
2931 3216 3031 3271 per
3061 3201 3204 3270 ipsos
3239 3201 3561 3262 consistunt,

1983 3299 2038 3346 et
2058 3291 2355 3359 salvantur,
2380 3302 2433 3348 et
2453 3309 2558 3349 non
2582 3294 2915 3360 venduntur,
2939 3293 3062 3363 quia
3093 3293 3260 3364 gratis
3286 3292 3561 3363 accipiun-

1983 3391 2090 3446 tur,
2115 3383 2285 3453 gratis
2313 3385 2529 3438 dantur.

2055 3472 2215 3529 Vnns.
2252 3474 2340 3529 55.
2362 3474 2510 3530 —Si
2542 3485 2840 3528 attenuatus
2875 3475 3054 3544 fuerit.
3097 3475 3225 3545 (1ο.)
3262 3473 3460 3530 Miaare
3491 3474 3564 3530 Ie-

1981 3563 2252 3634 gislatoris
2289 3564 2606 3634 sapientiam
2633 3571 2688 3618 et
2712 3565 3006 3634 pietatem;
3023 3564 3390 3619 in‘humilihus
3417 3565 3560 3618 enim

1981 3655 2230 3710 sublimia
2258 3655 2500 3725 exponit,
2529 3655 2822 3710 secundum
2852 3655 3089 3711 litteram
3119 3669 3248 3712 vero
3277 3655 3373 3712 dat
3402 3670 3564 3728 regu-

1981 3743 2088 3798 la‘m
2123 3745 2357 3814 pietatis.

2053 3834 2157 3901 Qui
2193 3835 2371 3890 eduxi.
2409 3835 2574 3903 Quasi
2607 3836 2751 3892 dicat
2780 3849 2796 3891 :
2825 3834 2978 3892 Sicut
3017 3837 3085 3892 de
3117 3835 3355 3892 dominio
3393 3835 3560 3908 Egy-

1980 3928 2214 3999 ptiorum
2257 3942 2354 3983 vos
2403 3928 2658 3993 liberavi,
2707 3936 2763 3983 et
2813 3927 3038 3997 abjeetis
3084 3928 3461 4000 peccatoribus
3505 3929 3560 3983 in

1981 4027 2178 4072 terram
2201 4015 2627 4073 Chananteorum
2643 4019 2756 4089 jam
2781 4017 3318 4086 mandataminduxi,
3343 4021 3414 4074 ita
3438 4019 3562 4076 nolo

1977 4123 2076 4162 vos
2101 4108 2203 4163 sub
2229 4108 2468 4164 dominio
2493 4118 2838 4179 peccatorum
2871 4109 3066 4174 teneri,
3096 4124 3272 4179 neque
3305 4119 3560 4181 peccato-

1981 4215 2101 4254 rum
2144 4201 2456 4256 societatem
2497 4201 2769 4272 amplecti,
2804 4202 2896 4257 sed
2933 4218 3056 4257 cum
3083 4202 3350 4272 poenitere
3379 4201 3561 4258 volue-

1979 4291 2111 4358 rint,
2135 4301 2188 4348 et
2216 4291 2614 4349 cohabitatione
2638 4304 2691 4349 et
2715 4291 2986 4349 facultatis
3021 4293 3303 4365 largitione
3337 4302 3555 4349 susten-

1981 4385 2131 4440 tetis.
2195 4408 2201 4414 -

2050 4474 2214 4532 Vsus.
2265 4475 2888 4548 392—Si‘paupertate.
2935 4475 3100 4532 Multa
3139 4476 3338 4548 pietate
3378 4475 3556 4533 littera

291 4565 440 4635 quod
474 4565 546 4620 ibi
577 4577 760 4621 sextus
789 4566 924 4632 dies,
960 4567 1050 4623 hic
1088 4576 1272 4623 sextus
1301 4584 1474 4623 annus
1507 4570 1724 4635 dicitur,
1749 4571 1874 4641 quia
1902 4602 1954 4662 Β
1978 4565 2137 4636 plena
2181 4575 2287 4634 est,-
2335 4569 2429 4624 sed
2478 4567 2770 4638 spiritualis
2815 4568 3119 4626 intellectus
3164 4569 3392 4640 plenior.

291 4655 442 4708 inter
479 4652 851 4710 formationem
890 4665 1128 4712 nostram
1149 4665 1213 4712 εει
1242 4657 1680 4714 reformationem
1706 4661 1873 4715 multa

292 4754 539 4814 tempora
565 4743 920 4800 deﬂuxerunt.

371 4836 533 4893 Vens.
575 4837 667 4894 23.
704 4869 776 4879 —
805 4838 965 4893 Terra
1005 4857 1223 4911 quoque.
1249 4841 1430 4911 (Avc.,
1469 4841 1668 4908 Qmest.
1719 4843 1788 4898 90
1819 4845 1874 4899 :‘n

290 4928 441 5000 Leo.)
462 4928 564 4983 Alii
588 4928 803 4986 codices
825 4929 1047 4994 habent,
1070 4939 1200 4997 etc.,
1233 4947 1392 5001 usque
1415 4932 1485 4985 ad
1510 4933 1755 5003 quisquis
1779 4933 1872 4988 ba-

290 5022 405 5086 bet,
432 5022 510 5078 uti
535 5021 712 5078 debet.

363 5113 529 5167 Vsus.
559 5113 648 5168 25.
670 5144 742 5154 -
762 5114 823 5170 Si
849 5125 1169 5169 attenuatus.
1209 5114 1413 5187 (Isrcn.)
1443 5115 1572 5184 Qum
1599 5116 1668 5172 sit
1687 5125 1870 5172 nostra

290 5203 617 5270 substantia,
669 5213 828 5270 etc.,.
859 5220 1020 5274 usque
1071 5204 1140 5258 ad
1185 5204 1344 5260 docet
1390 5206 1660 5275 quomodo
1709 5207 1870 5262 resti-

290 5303 430 5351 tuat.
931 5368 934 5370 γ

362 5386 544 5441 Potest
566 5387 834 5441 redimere.
861 5385 1063 5457 (Isrcn.)
1081 5385 1381 5442 Secundum
1399 5385 1550 5453 illud,
1564 5395 1690 5453 etc.,
1709 5403 1872 5459 usque

288 5479 360 5532 ad
381 5485 440 5532 ut
463 5479 857 5548 quodammodo
880 5479 1180 5532 communis
1204 5479 1294 5534 sit.

361 5570 526 5627 Vens.
572 5571 754 5627 28.—
777 5570 947 5643 Usque
984 5572 1054 5626 ad
1091 5589 1284 5626 annum
1353 5572 1559 5638 Annus,
1593 5573 1716 5642 quia
1755 5587 1867 5626 0m-

289 5677 389 5717 nes
415 5663 578 5718 horas
609 5663 661 5717 in
691 5678 749 5718 se
776 5664 956 5728 habet,
986 5672 1038 5717 et
1061 5663 1174 5718 dies
1202 5671 1254 5718 et
1271 5676 1512 5726 menses,
1535 5671 1589 5718 et
1611 5663 1866 5717 circuitus

288 5768 501 5818 omnes,
523 5753 903 5823 perfectionem
936 5753 1220 5824 signiﬁcat.
1260 5754 1544 5809 Peccatum
1576 5763 1668 5808 aut
1697 5754 1865 5824 perfe-

289 5850 438 5896 ctum
491 5852 545 5900 et
591 5844 900 5902 diuturnum
955 5861 1058 5902 non
1120 5847 1216 5902 nisi
1272 5847 1504 5918 perfecta
1551 5847 1860 5918 poenitentia

1979 4666 1987 4670 ’
2049 4657 2211 4712 Vsus.
2235 4657 2323 4710 49.
2340 4688 2410 4697 ——
2431 4657 2536 4713 Sed
2555 4657 2710 4728 quasi
2730 4658 3102 4712 mercenarius.-
3155 4659 3394 4729 Uterque
3414 4659 3554 4714 sub-

1977 4749 2120 4804 ditus
2146 4758 2252 4815 est,
2279 4749 2372 4804 sed
2405 4758 2582 4804 tamen
2620 4749 2708 4804 hic
2744 4748 2878 4804 liber
2913 4756 2997 4804 est
3021 4767 3034 4804 :
3058 4750 3137 4808 sic
3179 4751 3270 4821 qui
3319 4767 3417 4821 per
3459 4767 3556 4807 vos

1975 4855 2268 4894 conversus
2295 4848 2397 4905 est,
2428 4839 2703 4908 subjectus
2746 4840 2964 4910 quidem
3003 4849 3112 4909 est;
3152 4842 3247 4898 sed
3295 4843 3555 4914 dignitate

1974 4929 2161 5000 gratiae
2182 4929 2373 4984 divinet:
2397 4928 2565 4984 frater
2583 4937 2686 4984 est.

2045 5021 2209 5075 Vens.
2248 5020 2336 5074 45.
2373 5049 2443 5060 —
2481 5019 2565 5076 Ne
2602 5021 2832 5092 amigas,
2857 5030 3005 5087 etc.,
3041 5023 3164 5093 quia
3195 5022 3248 5076 in
3275 5037 3382 5092 quo
3404 5021 3550 5090 judi-

1972 5125 2085 5174 cas,
2111 5109 2442 5179 judicaberis
2475 5127 2488 5164 :
2520 5116 2573 5164 et
2600 5109 2787 5164 eadem
2817 5127 3068 5167 mensura
3097 5126 3200 5181 qua
3233 5111 3403 5166 mensi
3433 5110 3548 5166 fue-

1972 5202 2112 5267 ritis,
2150 5200 2643 5258 remetietur-vobis
2673 5201 2886 5273 (Matth.
2920 5203 3076 5273 xvn).

2044 5293 2208 5348 Vens.
2249 5291 2336 5347 44.
2373 5323 2441 5333 --
2479 5292 2670 5349 Servus
2714 5304 2762 5348 et
2797 5293 3014 5348 ancilla.
3053 5294 3259 5364 (lsrcn.)
3305 5293 3551 5350 Ostendit

1973 5381 2102 5454 quid
2136 5384 2299 5439 distet
2327 5384 2467 5438 inter
2497 5399 2620 5450 eos,
2649 5400 2784 5454 quos
2812 5399 2876 5439 ex
2905 5384 3210 5440 inﬁdelibus
3239 5386 3350 5440 Deo
3376 5385 3550 5439 salva-

1975 5491 2124 5541 mus,
2155 5490 2398 5546 quosque
2417 5474 2528 5544 jam
2565 5476 2766 5538 fideles,
2805 5485 2862 5530 ct
2895 5476 3049 5532 nobis
3081 5476 3283 5532 similes
3309 5475 3548 5531 vocatio-

1974 5573 2058 5627 nis
2091 5578 2146 5625 et
2183 5570 2609 5626 conversationis
2652 5569 2912 5640 dignitate
2951 5584 3049 5639 pro
3094 5578 3334 5638 tempore
3371 5565 3543 5620 virtu-

1973 5665 2115 5718 tibus
2153 5670 2457 5718 attenuatos
2496 5661 2815 5732 corrigimus
2844 5679 2856 5714 :
2885 5661 2938 5716 hi
2974 5661 3116 5716 enim
3155 5672 3327 5728 usque
3365 5658 3431 5714 ad
3457 5656 3545 5727 ju-

1971 5753 2182 5808 bilzeum
2215 5753 2354 5823 apud
2399 5767 2495 5809 nos
2543 5758 2866 5822 operantur,
2906 5750 2980 5807 illi
3021 5758 3196 5805 autem
3241 5748 3384 5804 servi
3418 5757 3545 5804 sunt

1969 5844 2224 5916 perpetui.
