  <div class='ocr_page' id='page_1' title='image "/cluster/home/n/w/nwhite01/storage/ocr_20150623/113/hvd.32044018909572/191.png"; bbox 0 0 3998 6332; ppageno 0'>
   <div class='ocr_carea' id='block_1_1' title="bbox 557 488 2130 566">
    <p class='ocr_par' dir='ltr' id='par_1_1' title="bbox 557 497 2130 566">
     <span class='ocr_line' id='line_1_1' title="bbox 557 497 2130 566; baseline -0.01 -2"><span class='ocrx_word' id='word_1_1' title='bbox 557 501 680 566; x_wconf 57' lang='grc'><strong>571</strong></span> <span class='ocrx_word' id='word_1_2' title='bbox 1054 504 1444 560; x_wconf 77' lang='lat' dir='ltr'><strong>WALAFRIDI</strong></span> <span class='ocrx_word' id='word_1_3' title='bbox 1483 499 1732 559; x_wconf 66' lang='lat' dir='ltr'><strong>S&#39;l&#39;iiAlil</strong></span> <span class='ocrx_word' id='word_1_4' title='bbox 1769 499 1971 554; x_wconf 59' lang='lat' dir='ltr'><strong>E&#39;CLD.</strong></span> <span class='ocrx_word' id='word_1_5' title='bbox 2019 497 2130 552; x_wconf 75' lang='grc' dir='ltr'><strong>ΜΟ]</strong></span> 
     </span>
    </p>
   </div>
   <div class='ocr_carea' id='block_1_2' title="bbox 2233 488 3752 566">
    <p class='ocr_par' dir='ltr' id='par_1_2' title="bbox 2233 488 3752 552">
     <span class='ocr_line' id='line_1_2' title="bbox 2233 488 3752 552; baseline -0.007 -3"><span class='ocrx_word' id='word_1_6' title='bbox 2233 495 2374 550; x_wconf 82' lang='grc' dir='ltr'><strong>ΟΡΡ.</strong></span> <span class='ocrx_word' id='word_1_7' title='bbox 2419 493 2598 546; x_wconf 76' lang='lat' dir='ltr'><strong>PARS</strong></span> <span class='ocrx_word' id='word_1_8' title='bbox 2635 491 2675 546; x_wconf 75' lang='lat' dir='ltr'><strong>I&#39;.</strong></span> <span class='ocrx_word' id='word_1_9' title='bbox 2714 521 2782 530; x_wconf 93' lang='lat'><strong>—-</strong></span> <span class='ocrx_word' id='word_1_10' title='bbox 2824 488 3274 545; x_wconf 70' lang='lat' dir='ltr'><strong>THEOLOGICA.</strong></span> <span class='ocrx_word' id='word_1_11' title='bbox 3665 496 3752 552; x_wconf 60' lang='grc' dir='ltr'><strong>δῖε</strong></span> 
     </span>
    </p>
   </div>
   <div class='ocr_carea' id='block_1_3' title="bbox 630 603 3754 690">
    <p class='ocr_par' dir='ltr' id='par_1_3' title="bbox 630 603 3754 690">
     <span class='ocr_line' id='line_1_3' title="bbox 630 603 3754 690; baseline -0.006 -12"><span class='ocrx_word' id='word_1_12' title='bbox 630 621 977 678; x_wconf 70' lang='grc' dir='ltr'><strong>Ἶειιε.45.-</strong></span> <span class='ocrx_word' id='word_1_13' title='bbox 1003 619 1104 685; x_wconf 84' lang='lat' dir='ltr'><strong>Qui</strong></span> <span class='ocrx_word' id='word_1_14' title='bbox 1129 635 1192 673; x_wconf 78' lang='lat' dir='ltr'><strong>ex</strong></span> <span class='ocrx_word' id='word_1_15' title='bbox 1217 619 1317 673; x_wconf 91' lang='lat' dir='ltr'><strong>his.</strong></span> <span class='ocrx_word' id='word_1_16' title='bbox 1350 618 1554 690; x_wconf 66' lang='lat' dir='ltr'><strong>(151cm)</strong></span> <span class='ocrx_word' id='word_1_17' title='bbox 1576 615 1882 670; x_wconf 81' lang='lat' dir='ltr'><strong>Judaeorum</strong></span> <span class='ocrx_word' id='word_1_18' title='bbox 1914 612 2124 683; x_wconf 81' lang='lat' dir='ltr'><strong>cognati</strong></span> <span class='ocrx_word' id='word_1_19' title='bbox 2155 616 2202 673; x_wconf 86' lang='grc' dir='ltr'><strong>Α</strong></span> <span class='ocrx_word' id='word_1_20' title='bbox 2232 606 2477 672; x_wconf 91' lang='lat' dir='ltr'><strong>tinendo,</strong></span> <span class='ocrx_word' id='word_1_21' title='bbox 2517 615 2574 661; x_wconf 90' lang='lat' dir='ltr'><strong>et</strong></span> <span class='ocrx_word' id='word_1_22' title='bbox 2614 605 2761 660; x_wconf 91' lang='lat' dir='ltr'><strong>omni</strong></span> <span class='ocrx_word' id='word_1_23' title='bbox 2793 605 2935 660; x_wconf 90' lang='lat' dir='ltr'><strong>bono</strong></span> <span class='ocrx_word' id='word_1_24' title='bbox 2963 603 3202 660; x_wconf 84' lang='lat' dir='ltr'><strong>vacando</strong></span> <span class='ocrx_word' id='word_1_25' title='bbox 3231 622 3244 659; x_wconf 91' lang='lat'><strong>:</strong></span> <span class='ocrx_word' id='word_1_26' title='bbox 3276 604 3378 660; x_wconf 85' lang='lat' dir='ltr'><strong>hoc</strong></span> <span class='ocrx_word' id='word_1_27' title='bbox 3416 613 3498 661; x_wconf 89' lang='lat' dir='ltr'><strong>est</strong></span> <span class='ocrx_word' id='word_1_28' title='bbox 3523 607 3653 665; x_wconf 83' lang='lat' dir='ltr'><strong>enim</strong></span> <span class='ocrx_word' id='word_1_29' title='bbox 3683 626 3754 669; x_wconf 69' lang='lat' dir='ltr'><strong>ve.</strong></span> 
     </span>
    </p>
   </div>
   <div class='ocr_carea' id='block_1_4' title="bbox 559 707 2125 782">
    <p class='ocr_par' dir='ltr' id='par_1_4' title="bbox 559 707 2125 782">
     <span class='ocr_line' id='line_1_4' title="bbox 559 707 2125 782; baseline -0.008 -11"><span class='ocrx_word' id='word_1_30' title='bbox 559 714 837 780; x_wconf 67' lang='lat' dir='ltr'><strong>haeretici,</strong></span> <span class='ocrx_word' id='word_1_31' title='bbox 867 714 957 782; x_wconf 88' lang='lat' dir='ltr'><strong>qui</strong></span> <span class='ocrx_word' id='word_1_32' title='bbox 991 713 1175 767; x_wconf 86' lang='lat' dir='ltr'><strong>eadem</strong></span> <span class='ocrx_word' id='word_1_33' title='bbox 1216 711 1496 766; x_wconf 88' lang='lat' dir='ltr'><strong>nobiscum</strong></span> <span class='ocrx_word' id='word_1_34' title='bbox 1520 710 1817 781; x_wconf 64' lang='lat' dir='ltr'><strong>praedicant</strong></span> <span class='ocrx_word' id='word_1_35' title='bbox 1850 707 2125 779; x_wconf 80' lang='lat' dir='ltr'><strong>mysteria,</strong></span> 
     </span>
    </p>
   </div>
   <div class='ocr_carea' id='block_1_5' title="bbox 560 799 2131 876">
    <p class='ocr_par' dir='ltr' id='par_1_5' title="bbox 560 799 2131 876">
     <span class='ocr_line' id='line_1_5' title="bbox 560 799 2131 876; baseline -0.006 -16"><span class='ocrx_word' id='word_1_36' title='bbox 560 806 714 876; x_wconf 87' lang='lat' dir='ltr'><strong>quasi</strong></span> <span class='ocrx_word' id='word_1_37' title='bbox 744 805 850 859; x_wconf 92' lang='lat' dir='ltr'><strong>sint</strong></span> <span class='ocrx_word' id='word_1_38' title='bbox 877 804 932 858; x_wconf 86' lang='lat' dir='ltr'><strong>in</strong></span> <span class='ocrx_word' id='word_1_39' title='bbox 959 811 1103 858; x_wconf 87' lang='lat' dir='ltr'><strong>terra</strong></span> <span class='ocrx_word' id='word_1_40' title='bbox 1132 810 1314 857; x_wconf 89' lang='lat' dir='ltr'><strong>nostra</strong></span> <span class='ocrx_word' id='word_1_41' title='bbox 1343 819 1356 856; x_wconf 89' lang='lat'><strong>:</strong></span> <span class='ocrx_word' id='word_1_42' title='bbox 1387 801 1480 856; x_wconf 90' lang='lat' dir='ltr'><strong>sed</strong></span> <span class='ocrx_word' id='word_1_43' title='bbox 1508 817 1614 856; x_wconf 91' lang='lat' dir='ltr'><strong>non</strong></span> <span class='ocrx_word' id='word_1_44' title='bbox 1640 810 1787 856; x_wconf 84' lang='lat' dir='ltr'><strong>recte</strong></span> <span class='ocrx_word' id='word_1_45' title='bbox 1815 809 1870 855; x_wconf 89' lang='lat' dir='ltr'><strong>et</strong></span> <span class='ocrx_word' id='word_1_46' title='bbox 1896 799 2131 870; x_wconf 83' lang='lat' dir='ltr'><strong>perfecte</strong></span> 
     </span>
    </p>
   </div>
   <div class='ocr_carea' id='block_1_6' title="bbox 559 897 2122 960">
    <p class='ocr_par' dir='ltr' id='par_1_6' title="bbox 559 897 2122 960">
     <span class='ocr_line' id='line_1_6' title="bbox 559 897 2122 960; baseline -0.008 -6"><span class='ocrx_word' id='word_1_47' title='bbox 559 897 805 954; x_wconf 87' lang='lat' dir='ltr'><strong>credunt.</strong></span> <span class='ocrx_word' id='word_1_48' title='bbox 2107 945 2122 960; x_wconf 37' lang='grc' dir='ltr'>δ</span> 
     </span>
    </p>
   </div>
   <div class='ocr_carea' id='block_1_7' title="bbox 629 977 2131 1056">
    <p class='ocr_par' dir='ltr' id='par_1_7' title="bbox 629 977 2131 1056">
     <span class='ocr_line' id='line_1_7' title="bbox 629 977 2131 1056; baseline -0.005 -16"><span class='ocrx_word' id='word_1_49' title='bbox 629 986 682 1040; x_wconf 76' lang='grc'><strong>11</strong></span> <span class='ocrx_word' id='word_1_50' title='bbox 689 1004 743 1041; x_wconf 90' lang='lat' dir='ltr'><strong>os</strong></span> <span class='ocrx_word' id='word_1_51' title='bbox 766 985 1036 1040; x_wconf 78' lang='lat' dir='ltr'><strong>habebitis.</strong></span> <span class='ocrx_word' id='word_1_52' title='bbox 1061 982 1180 1056; x_wconf 82' lang='lat' dir='ltr'><strong>(lo.)</strong></span> <span class='ocrx_word' id='word_1_53' title='bbox 1204 983 1347 1050; x_wconf 90' lang='lat' dir='ltr'><strong>Quos</strong></span> <span class='ocrx_word' id='word_1_54' title='bbox 1369 983 1433 1038; x_wconf 90' lang='lat' dir='ltr'><strong>de</strong></span> <span class='ocrx_word' id='word_1_55' title='bbox 1460 982 1708 1054; x_wconf 76' lang='lat' dir='ltr'><strong>gentibus</strong></span> <span class='ocrx_word' id='word_1_56' title='bbox 1729 990 1823 1035; x_wconf 90' lang='lat' dir='ltr'><strong>aut</strong></span> <span class='ocrx_word' id='word_1_57' title='bbox 1847 979 1911 1035; x_wconf 92' lang='lat' dir='ltr'><strong>de</strong></span> <span class='ocrx_word' id='word_1_58' title='bbox 1935 977 2131 1034; x_wconf 76' lang='lat' dir='ltr'><strong>Judteis</strong></span> 
     </span>
    </p>
   </div>
   <div class='ocr_carea' id='block_1_8' title="bbox 560 1069 2130 1144">
    <p class='ocr_par' dir='ltr' id='par_1_8' title="bbox 560 1069 2130 1144">
     <span class='ocr_line' id='line_1_8' title="bbox 560 1069 2130 1144; baseline -0.006 -12"><span class='ocrx_word' id='word_1_59' title='bbox 560 1087 654 1133; x_wconf 83' lang='lat' dir='ltr'><strong>aut</strong></span> <span class='ocrx_word' id='word_1_60' title='bbox 681 1078 748 1134; x_wconf 89' lang='lat' dir='ltr'><strong>de</strong></span> <span class='ocrx_word' id='word_1_61' title='bbox 775 1076 1042 1132; x_wconf 79' lang='lat' dir='ltr'><strong>hmreticis</strong></span> <span class='ocrx_word' id='word_1_62' title='bbox 1067 1075 1450 1140; x_wconf 76' lang='lat' dir='ltr'><strong>convertimus,</strong></span> <span class='ocrx_word' id='word_1_63' title='bbox 1479 1074 1633 1144; x_wconf 90' lang='lat' dir='ltr'><strong>quasi</strong></span> <span class='ocrx_word' id='word_1_64' title='bbox 1667 1087 1852 1128; x_wconf 83' lang='lat' dir='ltr'><strong>servos</strong></span> <span class='ocrx_word' id='word_1_65' title='bbox 1877 1080 1932 1125; x_wconf 91' lang='lat' dir='ltr'><strong>et</strong></span> <span class='ocrx_word' id='word_1_66' title='bbox 1960 1069 2130 1124; x_wconf 83' lang='lat' dir='ltr'><strong>ancil-</strong></span> 
     </span>
    </p>
   </div>
   <div class='ocr_carea' id='block_1_9' title="bbox 557 1164 2132 1242">
    <p class='ocr_par' dir='ltr' id='par_1_9' title="bbox 557 1164 2132 1242">
     <span class='ocr_line' id='line_1_9' title="bbox 557 1164 2132 1242; baseline -0.003 -19"><span class='ocrx_word' id='word_1_67' title='bbox 557 1170 640 1225; x_wconf 83' lang='lat' dir='ltr'><strong>las</strong></span> <span class='ocrx_word' id='word_1_68' title='bbox 671 1171 723 1226; x_wconf 91' lang='lat' dir='ltr'><strong>in</strong></span> <span class='ocrx_word' id='word_1_69' title='bbox 749 1179 1063 1242; x_wconf 85' lang='lat' dir='ltr'><strong>perpetuum</strong></span> <span class='ocrx_word' id='word_1_70' title='bbox 1093 1167 1423 1237; x_wconf 88' lang='lat' dir='ltr'><strong>acquirimus</strong></span> <span class='ocrx_word' id='word_1_71' title='bbox 1454 1185 1466 1220; x_wconf 89' lang='lat'>:</span> <span class='ocrx_word' id='word_1_72' title='bbox 1499 1167 1623 1236; x_wconf 91' lang='lat' dir='ltr'><strong>quia</strong></span> <span class='ocrx_word' id='word_1_73' title='bbox 1650 1182 1748 1236; x_wconf 86' lang='lat' dir='ltr'><strong>pro</strong></span> <span class='ocrx_word' id='word_1_74' title='bbox 1773 1166 1849 1220; x_wconf 89' lang='lat' dir='ltr'><strong>eis</strong></span> <span class='ocrx_word' id='word_1_75' title='bbox 1875 1164 2132 1219; x_wconf 76' lang='lat' dir='ltr'><strong>doctrina:</strong></span> 
     </span>
    </p>
   </div>
   <div class='ocr_carea' id='block_1_10' title="bbox 556 1255 2130 1332">
    <p class='ocr_par' dir='ltr' id='par_1_10' title="bbox 556 1255 2130 1332">
     <span class='ocr_line' id='line_1_10' title="bbox 556 1255 2130 1332; baseline -0.006 -15"><span class='ocrx_word' id='word_1_76' title='bbox 556 1262 840 1332; x_wconf 82' lang='lat' dir='ltr'><strong>pecuniam</strong></span> <span class='ocrx_word' id='word_1_77' title='bbox 871 1260 1252 1332; x_wconf 77' lang='lat' dir='ltr'><strong>expendimus,</strong></span> <span class='ocrx_word' id='word_1_78' title='bbox 1278 1267 1333 1313; x_wconf 91' lang='lat' dir='ltr'><strong>ct</strong></span> <span class='ocrx_word' id='word_1_79' title='bbox 1367 1259 1490 1313; x_wconf 87' lang='lat' dir='ltr'><strong>ﬁliis</strong></span> <span class='ocrx_word' id='word_1_80' title='bbox 1520 1258 1750 1322; x_wconf 88' lang='lat' dir='ltr'><strong>nostris,</strong></span> <span class='ocrx_word' id='word_1_81' title='bbox 1781 1255 1831 1310; x_wconf 90' lang='lat' dir='ltr'><strong>id</strong></span> <span class='ocrx_word' id='word_1_82' title='bbox 1860 1265 1943 1311; x_wconf 90' lang='lat' dir='ltr'><strong>est</strong></span> <span class='ocrx_word' id='word_1_83' title='bbox 1971 1255 2130 1309; x_wconf 88' lang='lat' dir='ltr'><strong>disci-</strong></span> 
     </span>
    </p>
   </div>
   <div class='ocr_carea' id='block_1_11' title="bbox 557 1344 2132 1422">
    <p class='ocr_par' dir='ltr' id='par_1_11' title="bbox 557 1344 2132 1422">
     <span class='ocr_line' id='line_1_11' title="bbox 557 1344 2132 1422; baseline -0.003 -18"><span class='ocrx_word' id='word_1_84' title='bbox 557 1352 698 1422; x_wconf 90' lang='lat' dir='ltr'><strong>pulis</strong></span> <span class='ocrx_word' id='word_1_85' title='bbox 729 1353 997 1407; x_wconf 90' lang='lat' dir='ltr'><strong>docendos</strong></span> <span class='ocrx_word' id='word_1_86' title='bbox 1023 1349 1234 1405; x_wconf 88' lang='lat' dir='ltr'><strong>tradere</strong></span> <span class='ocrx_word' id='word_1_87' title='bbox 1262 1364 1576 1420; x_wconf 81' lang='lat' dir='ltr'><strong>possumus,</strong></span> <span class='ocrx_word' id='word_1_88' title='bbox 1618 1349 1757 1404; x_wconf 90' lang='lat' dir='ltr'><strong>sicut</strong></span> <span class='ocrx_word' id='word_1_89' title='bbox 1785 1346 1983 1402; x_wconf 88' lang='lat' dir='ltr'><strong>Paulus</strong></span> <span class='ocrx_word' id='word_1_90' title='bbox 2010 1344 2132 1400; x_wconf 88' lang='lat' dir='ltr'><strong>Tito</strong></span> 
     </span>
    </p>
   </div>
   <div class='ocr_carea' id='block_1_12' title="bbox 557 1435 2129 1510">
    <p class='ocr_par' dir='ltr' id='par_1_12' title="bbox 557 1435 2129 1510">
     <span class='ocr_line' id='line_1_12' title="bbox 557 1435 2129 1510; baseline -0.005 -13"><span class='ocrx_word' id='word_1_91' title='bbox 557 1442 872 1508; x_wconf 84' lang='lat' dir='ltr'><strong>Cretenses,</strong></span> <span class='ocrx_word' id='word_1_92' title='bbox 907 1441 1188 1497; x_wconf 79' lang='lat' dir='ltr'><strong>Titnotheo</strong></span> <span class='ocrx_word' id='word_1_93' title='bbox 1231 1439 1494 1510; x_wconf 83' lang='lat' dir='ltr'><strong>Ephesios</strong></span> <span class='ocrx_word' id='word_1_94' title='bbox 1531 1439 1802 1494; x_wconf 89' lang='lat' dir='ltr'><strong>docendos</strong></span> <span class='ocrx_word' id='word_1_95' title='bbox 1839 1435 2129 1492; x_wconf 84' lang='lat' dir='ltr'><strong>commisit.</strong></span> 
     </span>
    </p>
   </div>
   <div class='ocr_carea' id='block_1_13' title="bbox 629 1527 2131 1596">
    <p class='ocr_par' dir='ltr' id='par_1_13' title="bbox 629 1527 2131 1596">
     <span class='ocr_line' id='line_1_13' title="bbox 629 1527 2131 1596; baseline -0.004 -10"><span class='ocrx_word' id='word_1_96' title='bbox 629 1533 790 1589; x_wconf 72' lang='lat' dir='ltr'><strong>Vsus.</strong></span> <span class='ocrx_word' id='word_1_97' title='bbox 843 1533 931 1588; x_wconf 70' lang='grc'><strong>46.</strong></span> <span class='ocrx_word' id='word_1_98' title='bbox 971 1564 1042 1574; x_wconf 91' lang='grc'><strong><em>-</em></strong></span> <span class='ocrx_word' id='word_1_99' title='bbox 1078 1530 1296 1586; x_wconf 83' lang='lat' dir='ltr'><strong>Fratres</strong></span> <span class='ocrx_word' id='word_1_100' title='bbox 1335 1541 1528 1585; x_wconf 87' lang='lat' dir='ltr'><strong>autem.</strong></span> <span class='ocrx_word' id='word_1_101' title='bbox 1577 1528 1742 1596; x_wconf 90' lang='lat' dir='ltr'><strong>Quasi</strong></span> <span class='ocrx_word' id='word_1_102' title='bbox 1788 1542 1896 1582; x_wconf 88' lang='lat' dir='ltr'><strong>non</strong></span> <span class='ocrx_word' id='word_1_103' title='bbox 1943 1527 2131 1582; x_wconf 87' lang='lat' dir='ltr'><strong>eadem</strong></span> 
     </span>
    </p>
   </div>
   <div class='ocr_carea' id='block_1_14' title="bbox 556 1617 2134 1695">
    <p class='ocr_par' dir='ltr' id='par_1_14' title="bbox 556 1617 2134 1695">
     <span class='ocr_line' id='line_1_14' title="bbox 556 1617 2134 1695; baseline -0.004 -16"><span class='ocrx_word' id='word_1_104' title='bbox 556 1624 815 1692; x_wconf 82' lang='lat' dir='ltr'><strong>dignitate</strong></span> <span class='ocrx_word' id='word_1_105' title='bbox 852 1624 991 1695; x_wconf 89' lang='lat' dir='ltr'><strong>apud</strong></span> <span class='ocrx_word' id='word_1_106' title='bbox 1017 1639 1114 1678; x_wconf 88' lang='lat' dir='ltr'><strong>vos</strong></span> <span class='ocrx_word' id='word_1_107' title='bbox 1141 1630 1328 1687; x_wconf 88' lang='lat' dir='ltr'><strong>erunt,</strong></span> <span class='ocrx_word' id='word_1_108' title='bbox 1359 1636 1499 1691; x_wconf 88' lang='lat' dir='ltr'><strong>quos</strong></span> <span class='ocrx_word' id='word_1_109' title='bbox 1525 1619 1590 1675; x_wconf 89' lang='lat' dir='ltr'><strong>de</strong></span> <span class='ocrx_word' id='word_1_110' title='bbox 1615 1618 1796 1690; x_wconf 85' lang='lat' dir='ltr'><strong>impiis</strong></span> <span class='ocrx_word' id='word_1_111' title='bbox 1833 1617 2134 1673; x_wconf 64' lang='grc' dir='ltr'><strong>οοιιγειξιίετ</strong></span> 
     </span>
    </p>
   </div>
   <div class='ocr_carea' id='block_1_15' title="bbox 555 1713 1432 1784">
    <p class='ocr_par' dir='ltr' id='par_1_15' title="bbox 555 1713 1432 1784">
     <span class='ocr_line' id='line_1_15' title="bbox 555 1713 1432 1784; baseline -0.006 -14"><span class='ocrx_word' id='word_1_112' title='bbox 555 1715 644 1780; x_wconf 86' lang='lat' dir='ltr'><strong>tis,</strong></span> <span class='ocrx_word' id='word_1_113' title='bbox 674 1724 728 1769; x_wconf 89' lang='lat' dir='ltr'><strong>et</strong></span> <span class='ocrx_word' id='word_1_114' title='bbox 751 1729 886 1784; x_wconf 88' lang='lat' dir='ltr'><strong>quos</strong></span> <span class='ocrx_word' id='word_1_115' title='bbox 914 1714 1094 1784; x_wconf 89' lang='lat' dir='ltr'><strong>lapsos</strong></span> <span class='ocrx_word' id='word_1_116' title='bbox 1120 1713 1432 1782; x_wconf 90' lang='lat' dir='ltr'><strong>reparastis.</strong></span> 
     </span>
    </p>
   </div>
   <div class='ocr_carea' id='block_1_16' title="bbox 627 1798 2134 1872">
    <p class='ocr_par' dir='ltr' id='par_1_16' title="bbox 627 1798 2134 1872">
     <span class='ocr_line' id='line_1_16' title="bbox 627 1798 2134 1872; baseline -0.006 -12"><span class='ocrx_word' id='word_1_117' title='bbox 627 1806 792 1860; x_wconf 69' lang='lat' dir='ltr'><strong>Vens.</strong></span> <span class='ocrx_word' id='word_1_118' title='bbox 830 1805 925 1860; x_wconf 77' lang='grc'><strong>47.</strong></span> <span class='ocrx_word' id='word_1_119' title='bbox 960 1835 1030 1844; x_wconf 89' lang='lat'><strong><em>—</em></strong></span> <span class='ocrx_word' id='word_1_120' title='bbox 1065 1803 1130 1859; x_wconf 90' lang='lat' dir='ltr'><strong>Si.</strong></span> <span class='ocrx_word' id='word_1_121' title='bbox 1147 1802 1446 1857; x_wconf 85' lang='lat' dir='ltr'><strong>invaluerit.</strong></span> <span class='ocrx_word' id='word_1_122' title='bbox 1476 1801 1599 1872; x_wconf 82' lang='lat' dir='ltr'><strong>(lo.)</strong></span> <span class='ocrx_word' id='word_1_123' title='bbox 1636 1801 1690 1856; x_wconf 98' lang='lat' dir='ltr'><strong>Id</strong></span> <span class='ocrx_word' id='word_1_124' title='bbox 1713 1809 1817 1868; x_wconf 89' lang='lat' dir='ltr'><strong>est,</strong></span> <span class='ocrx_word' id='word_1_125' title='bbox 1848 1800 1894 1855; x_wconf 92' lang='lat' dir='ltr'><strong>si</strong></span> <span class='ocrx_word' id='word_1_126' title='bbox 1923 1798 2134 1854; x_wconf 84' lang='lat' dir='ltr'><strong>noviter</strong></span> 
     </span>
    </p>
   </div>
   <div class='ocr_carea' id='block_1_17' title="bbox 557 1891 2132 1964">
    <p class='ocr_par' dir='ltr' id='par_1_17' title="bbox 557 1891 2132 1964">
     <span class='ocr_line' id='line_1_17' title="bbox 557 1891 2132 1964; baseline -0.004 -13"><span class='ocrx_word' id='word_1_127' title='bbox 557 1896 681 1952; x_wconf 87' lang='lat' dir='ltr'><strong>ﬁdei</strong></span> <span class='ocrx_word' id='word_1_128' title='bbox 706 1906 894 1952; x_wconf 76' lang='lat' dir='ltr'><strong>vestrm</strong></span> <span class='ocrx_word' id='word_1_129' title='bbox 913 1891 1629 1964; x_wconf 70' lang='lat' dir='ltr'><strong>conjunctus,.Gentilis,&#39;vel</strong></span> <span class='ocrx_word' id='word_1_130' title='bbox 1654 1891 1998 1958; x_wconf 68' lang='lat' dir='ltr'><strong>.Indmus,,vel</strong></span> <span class='ocrx_word' id='word_1_131' title='bbox 2023 1893 2132 1945; x_wconf 76' lang='lat' dir='ltr'><strong>hze-</strong></span> 
     </span>
    </p>
   </div>
   <div class='ocr_carea' id='block_1_18' title="bbox 2234 699 2683 754">
    <p class='ocr_par' dir='ltr' id='par_1_18' title="bbox 2234 699 2683 754">
     <span class='ocr_line' id='line_1_18' title="bbox 2234 699 2683 754; baseline -0.007 0"><span class='ocrx_word' id='word_1_132' title='bbox 2234 716 2353 754; x_wconf 91' lang='lat' dir='ltr'><strong>rum</strong></span> <span class='ocrx_word' id='word_1_133' title='bbox 2379 699 2683 754; x_wconf 88' lang='lat' dir='ltr'><strong>sabbatum.</strong></span> 
     </span>
    </p>
   </div>
   <div class='ocr_carea' id='block_1_19' title="bbox 2302 786 3758 860">
    <p class='ocr_par' dir='ltr' id='par_1_19' title="bbox 2302 786 3758 860">
     <span class='ocr_line' id='line_1_19' title="bbox 2302 786 3758 860; baseline 0.004 -17"><span class='ocrx_word' id='word_1_134' title='bbox 2302 789 2466 844; x_wconf 78' lang='lat' dir='ltr'><strong>Vsus.</strong></span> <span class='ocrx_word' id='word_1_135' title='bbox 2495 790 2548 844; x_wconf 83' lang='lat'><strong>5.</strong></span> <span class='ocrx_word' id='word_1_136' title='bbox 2579 820 2649 829; x_wconf 96' lang='lat'><strong>—</strong></span> <span class='ocrx_word' id='word_1_137' title='bbox 2673 788 2731 843; x_wconf 91' lang='lat' dir='ltr'><strong>Si</strong></span> <span class='ocrx_word' id='word_1_138' title='bbox 2760 788 2814 842; x_wconf 91' lang='lat' dir='ltr'><strong>in</strong></span> <span class='ocrx_word' id='word_1_139' title='bbox 2841 787 3110 858; x_wconf 80' lang='lat' dir='ltr'><strong>pra&#39;ceptis</strong></span> <span class='ocrx_word' id='word_1_140' title='bbox 3160 786 3296 854; x_wconf 86' lang='lat' dir='ltr'><strong>Quid</strong></span> <span class='ocrx_word' id='word_1_141' title='bbox 3326 786 3460 856; x_wconf 89' lang='lat' dir='ltr'><strong>ﬁeri,</strong></span> <span class='ocrx_word' id='word_1_142' title='bbox 3489 790 3606 860; x_wconf 92' lang='lat' dir='ltr'><strong>quid</strong></span> <span class='ocrx_word' id='word_1_143' title='bbox 3627 792 3758 850; x_wconf 81' lang='lat' dir='ltr'><strong>vitari</strong></span> 
     </span>
    </p>
   </div>
   <div class='ocr_carea' id='block_1_20' title="bbox 2232 877 3752 953">
    <p class='ocr_par' dir='ltr' id='par_1_20' title="bbox 2232 877 3752 953">
     <span class='ocr_line' id='line_1_20' title="bbox 2232 877 3752 953; baseline 0.002 -18"><span class='ocrx_word' id='word_1_144' title='bbox 2232 880 2471 948; x_wconf 89' lang='lat' dir='ltr'><strong>deberet,</strong></span> <span class='ocrx_word' id='word_1_145' title='bbox 2495 880 2766 950; x_wconf 64' lang='lat' dir='ltr'><strong>praedixit.</strong></span> <span class='ocrx_word' id='word_1_146' title='bbox 2791 877 2845 933; x_wconf 93' lang='lat' dir='ltr'><strong>ln</strong></span> <span class='ocrx_word' id='word_1_147' title='bbox 2868 877 2973 932; x_wconf 91' lang='lat' dir='ltr'><strong>ﬁne</strong></span> <span class='ocrx_word' id='word_1_148' title='bbox 2993 891 3112 946; x_wconf 69' lang='lat' dir='ltr'><strong>qum</strong></span> <span class='ocrx_word' id='word_1_149' title='bbox 3135 877 3538 936; x_wconf 82' lang='lat' dir='ltr'><strong>observantibus</strong></span> <span class='ocrx_word' id='word_1_150' title='bbox 3554 884 3752 953; x_wconf 72' lang='lat' dir='ltr'><strong>prmmia,</strong></span> 
     </span>
    </p>
   </div>
   <div class='ocr_carea' id='block_1_21' title="bbox 2232 968 3751 1042">
    <p class='ocr_par' dir='ltr' id='par_1_21' title="bbox 2232 968 3751 1042">
     <span class='ocr_line' id='line_1_21' title="bbox 2232 968 3751 1042; baseline 0.003 -18"><span class='ocrx_word' id='word_1_151' title='bbox 2232 987 2351 1041; x_wconf 81' lang='lat' dir='ltr'><strong>qua:</strong></span> <span class='ocrx_word' id='word_1_152' title='bbox 2378 970 2854 1042; x_wconf 75' lang='lat' dir='ltr'><strong>prmvaricantibus</strong></span> <span class='ocrx_word' id='word_1_153' title='bbox 2891 968 3149 1039; x_wconf 88' lang='lat' dir='ltr'><strong>supplicia</strong></span> <span class='ocrx_word' id='word_1_154' title='bbox 3180 971 3476 1024; x_wconf 87' lang='lat' dir='ltr'><strong>debeantur</strong></span> <span class='ocrx_word' id='word_1_155' title='bbox 3499 984 3751 1029; x_wconf 80' lang='lat' dir='ltr'><strong>enumerat.</strong></span> 
     </span>
    </p>
   </div>
   <div class='ocr_carea' id='block_1_22' title="bbox 2304 1058 3754 1132">
    <p class='ocr_par' dir='ltr' id='par_1_22' title="bbox 2304 1058 3754 1132">
     <span class='ocr_line' id='line_1_22' title="bbox 2304 1058 3754 1132; baseline 0.003 -16"><span class='ocrx_word' id='word_1_156' title='bbox 2304 1060 2362 1116; x_wconf 91' lang='lat' dir='ltr'><strong>Si</strong></span> <span class='ocrx_word' id='word_1_157' title='bbox 2401 1063 2454 1116; x_wconf 86' lang='lat' dir='ltr'><strong>in</strong></span> <span class='ocrx_word' id='word_1_158' title='bbox 2484 1061 2772 1132; x_wconf 77' lang='lat' dir='ltr'><strong>pra&#39;ceptis.</strong></span> <span class='ocrx_word' id='word_1_159' title='bbox 2811 1058 2932 1130; x_wconf 89' lang='lat' dir='ltr'><strong>(lo.)</strong></span> <span class='ocrx_word' id='word_1_160' title='bbox 2974 1059 3098 1115; x_wconf 65' lang='lat' dir='ltr'><strong>llaec</strong></span> <span class='ocrx_word' id='word_1_161' title='bbox 3132 1060 3198 1114; x_wconf 88' lang='lat' dir='ltr'><strong>ad</strong></span> <span class='ocrx_word' id='word_1_162' title='bbox 3238 1060 3472 1116; x_wconf 87' lang='lat' dir='ltr'><strong>litteram</strong></span> <span class='ocrx_word' id='word_1_163' title='bbox 3512 1074 3641 1120; x_wconf 86' lang='lat' dir='ltr'><strong>stare</strong></span> <span class='ocrx_word' id='word_1_164' title='bbox 3671 1080 3754 1120; x_wconf 89' lang='lat' dir='ltr'><strong>non</strong></span> 
     </span>
    </p>
   </div>
   <div class='ocr_carea' id='block_1_23' title="bbox 2232 1151 3762 1227">
    <p class='ocr_par' dir='ltr' id='par_1_23' title="bbox 2232 1151 3762 1227">
     <span class='ocr_line' id='line_1_23' title="bbox 2232 1151 3762 1227; baseline 0.001 -19"><span class='ocrx_word' id='word_1_165' title='bbox 2232 1161 2494 1223; x_wconf 87' lang='lat' dir='ltr'><strong>possunt,</strong></span> <span class='ocrx_word' id='word_1_166' title='bbox 2535 1161 2664 1217; x_wconf 89' lang='lat' dir='ltr'><strong>etc.,</strong></span> <span class='ocrx_word' id='word_1_167' title='bbox 2712 1168 2872 1222; x_wconf 84' lang='lat' dir='ltr'><strong>usque</strong></span> <span class='ocrx_word' id='word_1_168' title='bbox 2911 1151 2980 1206; x_wconf 82' lang='lat' dir='ltr'><strong>ad</strong></span> <span class='ocrx_word' id='word_1_169' title='bbox 3015 1165 3134 1222; x_wconf 59' lang='lat' dir='ltr'><strong>quae.</strong></span> <span class='ocrx_word' id='word_1_170' title='bbox 3175 1151 3227 1207; x_wconf 92' lang='lat' dir='ltr'><strong>in</strong></span> <span class='ocrx_word' id='word_1_171' title='bbox 3266 1152 3369 1208; x_wconf 91' lang='lat' dir='ltr'><strong>hoc</strong></span> <span class='ocrx_word' id='word_1_172' title='bbox 3403 1153 3567 1224; x_wconf 80' lang='lat' dir='ltr'><strong>capite</strong></span> <span class='ocrx_word' id='word_1_173' title='bbox 3593 1155 3762 1227; x_wconf 65' lang='lat' dir='ltr'><strong>signiti~</strong></span> 
     </span>
    </p>
   </div>
   <div class='ocr_carea' id='block_1_24' title="bbox 2234 1253 2448 1300">
    <p class='ocr_par' dir='ltr' id='par_1_24' title="bbox 2234 1253 2448 1300">
     <span class='ocr_line' id='line_1_24' title="bbox 2234 1253 2448 1300; baseline -0.009 0"><span class='ocrx_word' id='word_1_174' title='bbox 2234 1253 2448 1300; x_wconf 88' lang='lat' dir='ltr'><strong>cantur.</strong></span> 
     </span>
    </p>
   </div>
   <div class='ocr_carea' id='block_1_25' title="bbox 2303 1334 3760 1410">
    <p class='ocr_par' dir='ltr' id='par_1_25' title="bbox 2303 1334 3760 1410">
     <span class='ocr_line' id='line_1_25' title="bbox 2303 1334 3760 1410; baseline 0.002 -18"><span class='ocrx_word' id='word_1_175' title='bbox 2303 1335 2507 1410; x_wconf 64' lang='lat'><strong>(0316.,</strong></span> <span class='ocrx_word' id='word_1_176' title='bbox 2536 1337 2675 1392; x_wconf 86' lang='lat' dir='ltr'><strong>hom.</strong></span> <span class='ocrx_word' id='word_1_177' title='bbox 2708 1335 2773 1392; x_wconf 79' lang='grc'><strong>16</strong></span> <span class='ocrx_word' id='word_1_178' title='bbox 2803 1337 2856 1390; x_wconf 88' lang='lat' dir='ltr'><strong>in</strong></span> <span class='ocrx_word' id='word_1_179' title='bbox 2882 1334 3029 1408; x_wconf 81' lang='lat' dir='ltr'><strong>Leu.)</strong></span> <span class='ocrx_word' id='word_1_180' title='bbox 3071 1336 3130 1391; x_wconf 84' lang='lat' dir='ltr'><strong>Si</strong></span> <span class='ocrx_word' id='word_1_181' title='bbox 3170 1335 3255 1391; x_wconf 84' lang='lat' dir='ltr'><strong>lex</strong></span> <span class='ocrx_word' id='word_1_182' title='bbox 3285 1337 3515 1393; x_wconf 88' lang='lat' dir='ltr'><strong>carnalis</strong></span> <span class='ocrx_word' id='word_1_183' title='bbox 3539 1347 3631 1404; x_wconf 85' lang='lat' dir='ltr'><strong>est,</strong></span> <span class='ocrx_word' id='word_1_184' title='bbox 3653 1346 3760 1405; x_wconf 84' lang='lat' dir='ltr'><strong>etc.,.</strong></span> 
     </span>
    </p>
   </div>
   <div class='ocr_carea' id='block_1_26' title="bbox 2233 1427 3754 1499">
    <p class='ocr_par' dir='ltr' id='par_1_26' title="bbox 2233 1427 3754 1499">
     <span class='ocr_line' id='line_1_26' title="bbox 2233 1427 3754 1499; baseline 0.001 -17"><span class='ocrx_word' id='word_1_185' title='bbox 2233 1445 2395 1499; x_wconf 89' lang='lat' dir='ltr'><strong>usque</strong></span> <span class='ocrx_word' id='word_1_186' title='bbox 2429 1428 2518 1494; x_wconf 90' lang='lat' dir='ltr'><strong>ad,</strong></span> <span class='ocrx_word' id='word_1_187' title='bbox 2549 1427 2782 1482; x_wconf 84' lang='lat' dir='ltr'><strong>Joannes</strong></span> <span class='ocrx_word' id='word_1_188' title='bbox 2819 1427 2952 1482; x_wconf 83' lang='lat' dir='ltr'><strong>venit</strong></span> <span class='ocrx_word' id='word_1_189' title='bbox 2988 1428 3041 1482; x_wconf 90' lang='lat' dir='ltr'><strong>in</strong></span> <span class='ocrx_word' id='word_1_190' title='bbox 3067 1428 3255 1498; x_wconf 80' lang='lat' dir='ltr'><strong>spiritu</strong></span> <span class='ocrx_word' id='word_1_191' title='bbox 3279 1437 3327 1482; x_wconf 89' lang='lat' dir='ltr'><strong>et</strong></span> <span class='ocrx_word' id='word_1_192' title='bbox 3355 1427 3408 1482; x_wconf 89' lang='lat' dir='ltr'><strong>in</strong></span> <span class='ocrx_word' id='word_1_193' title='bbox 3441 1429 3614 1482; x_wconf 83' lang='lat' dir='ltr'><strong>virtute</strong></span> <span class='ocrx_word' id='word_1_194' title='bbox 3633 1427 3754 1483; x_wconf 73' lang='lat' dir='ltr'><strong>Elia.</strong></span> 
     </span>
    </p>
   </div>
   <div class='ocr_carea' id='block_1_27' title="bbox 2305 1514 3758 1583">
    <p class='ocr_par' dir='ltr' id='par_1_27' title="bbox 2305 1514 3758 1583">
     <span class='ocr_line' id='line_1_27' title="bbox 2305 1514 3758 1583; baseline 0.002 -14"><span class='ocrx_word' id='word_1_195' title='bbox 2305 1514 2561 1570; x_wconf 81' lang='lat' dir='ltr'><strong>Mandata</strong></span> <span class='ocrx_word' id='word_1_196' title='bbox 2589 1533 2723 1570; x_wconf 86' lang='lat' dir='ltr'><strong>mea.</strong></span> <span class='ocrx_word' id='word_1_197' title='bbox 2758 1515 2926 1583; x_wconf 82' lang='lat' dir='ltr'><strong>Quale</strong></span> <span class='ocrx_word' id='word_1_198' title='bbox 2952 1525 3032 1570; x_wconf 84' lang='lat' dir='ltr'><strong>est</strong></span> <span class='ocrx_word' id='word_1_199' title='bbox 3063 1515 3192 1570; x_wconf 91' lang='lat' dir='ltr'><strong>illud</strong></span> <span class='ocrx_word' id='word_1_200' title='bbox 3227 1534 3241 1571; x_wconf 89' lang='lat'>:</span> <span class='ocrx_word' id='word_1_201' title='bbox 3275 1516 3379 1583; x_wconf 84' lang='lat' dir='ltr'><strong>Qui</strong></span> <span class='ocrx_word' id='word_1_202' title='bbox 3406 1517 3654 1572; x_wconf 73' lang='lat' dir='ltr'><strong>sabbatum</strong></span> <span class='ocrx_word' id='word_1_203' title='bbox 3676 1535 3758 1572; x_wconf 77' lang='lat' dir='ltr'><strong>non</strong></span> 
     </span>
    </p>
   </div>
   <div class='ocr_carea' id='block_1_28' title="bbox 2233 1606 3752 1679">
    <p class='ocr_par' dir='ltr' id='par_1_28' title="bbox 2233 1606 3752 1679">
     <span class='ocr_line' id='line_1_28' title="bbox 2233 1606 3752 1679; baseline 0 -17"><span class='ocrx_word' id='word_1_204' title='bbox 2233 1608 2455 1662; x_wconf 76' lang='lat' dir='ltr'><strong>custodit</strong></span> <span class='ocrx_word' id='word_1_205' title='bbox 2485 1608 2550 1662; x_wconf 89' lang='lat' dir='ltr'><strong>ab</strong></span> <span class='ocrx_word' id='word_1_206' title='bbox 2589 1609 2730 1662; x_wconf 87' lang='lat' dir='ltr'><strong>omni</strong></span> <span class='ocrx_word' id='word_1_207' title='bbox 2766 1624 3031 1679; x_wconf 85' lang='lat' dir='ltr'><strong>synagoga</strong></span> <span class='ocrx_word' id='word_1_208' title='bbox 3071 1606 3358 1678; x_wconf 83' lang='lat' dir='ltr'><strong>lapidetur,</strong></span> <span class='ocrx_word' id='word_1_209' title='bbox 3385 1618 3438 1664; x_wconf 88' lang='lat' dir='ltr'><strong>et</strong></span> <span class='ocrx_word' id='word_1_210' title='bbox 3478 1607 3752 1678; x_wconf 88' lang='lat' dir='ltr'><strong>bujusmodi.</strong></span> 
     </span>
    </p>
   </div>
   <div class='ocr_carea' id='block_1_29' title="bbox 2302 1696 3756 1770">
    <p class='ocr_par' dir='ltr' id='par_1_29' title="bbox 2302 1696 3756 1770">
     <span class='ocr_line' id='line_1_29' title="bbox 2302 1696 3756 1770; baseline 0.001 -19"><span class='ocrx_word' id='word_1_211' title='bbox 2302 1696 2453 1751; x_wconf 88' lang='lat' dir='ltr'><strong>Dabo</strong></span> <span class='ocrx_word' id='word_1_212' title='bbox 2489 1697 2628 1751; x_wconf 87' lang='lat' dir='ltr'><strong>vobis</strong></span> <span class='ocrx_word' id='word_1_213' title='bbox 2668 1696 2902 1768; x_wconf 80' lang='lat' dir='ltr'><strong>pluuias,</strong></span> <span class='ocrx_word' id='word_1_214' title='bbox 2936 1703 3042 1752; x_wconf 86' lang='lat' dir='ltr'><strong>etc.</strong></span> <span class='ocrx_word' id='word_1_215' title='bbox 3082 1698 3148 1752; x_wconf 90' lang='lat' dir='ltr'><strong>Et</strong></span> <span class='ocrx_word' id='word_1_216' title='bbox 3182 1698 3342 1764; x_wconf 85' lang='lat' dir='ltr'><strong>dabo,</strong></span> <span class='ocrx_word' id='word_1_217' title='bbox 3396 1707 3442 1752; x_wconf 85' lang='lat' dir='ltr'><strong>et</strong></span> <span class='ocrx_word' id='word_1_218' title='bbox 3481 1698 3756 1770; x_wconf 80' lang='lat' dir='ltr'><strong>superﬂuum</strong></span> 
     </span>
    </p>
   </div>
   <div class='ocr_carea' id='block_1_30' title="bbox 2232 1790 3754 1859">
    <p class='ocr_par' dir='ltr' id='par_1_30' title="bbox 2232 1790 3754 1859">
     <span class='ocr_line' id='line_1_30' title="bbox 2232 1790 3754 1859; baseline 0 -13"><span class='ocrx_word' id='word_1_219' title='bbox 2232 1797 2337 1856; x_wconf 89' lang='lat' dir='ltr'><strong>est,</strong></span> <span class='ocrx_word' id='word_1_220' title='bbox 2371 1791 2760 1846; x_wconf 89' lang='lat' dir='ltr'><strong>consuetudine</strong></span> <span class='ocrx_word' id='word_1_221' title='bbox 2788 1790 3077 1848; x_wconf 89' lang='lat' dir='ltr'><strong>locutionis</strong></span> <span class='ocrx_word' id='word_1_222' title='bbox 3109 1799 3338 1859; x_wconf 67' lang='lat' dir='ltr'><strong>nostras,</strong></span> <span class='ocrx_word' id='word_1_223' title='bbox 3374 1792 3466 1848; x_wconf 87' lang='lat' dir='ltr'><strong>sed</strong></span> <span class='ocrx_word' id='word_1_224' title='bbox 3492 1805 3628 1847; x_wconf 90' lang='lat' dir='ltr'><strong>more</strong></span> <span class='ocrx_word' id='word_1_225' title='bbox 3650 1791 3754 1848; x_wconf 86' lang='lat' dir='ltr'><strong>scri-</strong></span> 
     </span>
    </p>
   </div>
   <div class='ocr_carea' id='block_1_31' title="bbox 2231 1886 2802 1955">
    <p class='ocr_par' dir='ltr' id='par_1_31' title="bbox 2231 1886 2802 1955">
     <span class='ocr_line' id='line_1_31' title="bbox 2231 1886 2802 1955; baseline 0.007 -17"><span class='ocrx_word' id='word_1_226' title='bbox 2231 1893 2512 1955; x_wconf 89' lang='lat' dir='ltr'><strong>pturarum</strong></span> <span class='ocrx_word' id='word_1_227' title='bbox 2540 1886 2802 1942; x_wconf 88' lang='lat' dir='ltr'><strong>additum.</strong></span> 
     </span>
    </p>
   </div>
   <div class='ocr_carea' id='block_1_32' title="bbox 557 1975 3756 2056">
    <p class='ocr_par' dir='ltr' id='par_1_32' title="bbox 557 1975 3756 2056">
     <span class='ocr_line' id='line_1_32' title="bbox 557 1975 3756 2056; baseline -0.001 -16"><span class='ocrx_word' id='word_1_228' title='bbox 557 1988 779 2053; x_wconf 87' lang='lat' dir='ltr'><strong>reticus,</strong></span> <span class='ocrx_word' id='word_1_229' title='bbox 810 1985 1096 2041; x_wconf 88' lang='lat' dir='ltr'><strong>virtutibus</strong></span> <span class='ocrx_word' id='word_1_230' title='bbox 1120 1983 1405 2052; x_wconf 59' lang='lat' dir='ltr'><strong>claruerit,</strong></span> <span class='ocrx_word' id='word_1_231' title='bbox 1421 1992 1481 2040; x_wconf 93' lang='lat' dir='ltr'><strong>ut</strong></span> <span class='ocrx_word' id='word_1_232' title='bbox 1503 1982 1676 2056; x_wconf 81' lang='lat' dir='ltr'><strong>possit</strong></span> <span class='ocrx_word' id='word_1_233' title='bbox 1704 1995 1928 2052; x_wconf 77' lang='lat' dir='ltr'><strong>arguere</strong></span> <span class='ocrx_word' id='word_1_234' title='bbox 1957 1989 2011 2036; x_wconf 89' lang='lat' dir='ltr'><strong>et</strong></span> <span class='ocrx_word' id='word_1_235' title='bbox 2032 1995 2128 2036; x_wconf 78' lang='lat' dir='ltr'><strong>ex-</strong></span> <span class='ocrx_word' id='word_1_236' title='bbox 2163 1980 2208 2040; x_wconf 85' lang='grc' dir='ltr'><strong><em>Β</em></strong></span> <span class='ocrx_word' id='word_1_237' title='bbox 2308 1975 2660 2048; x_wconf 79' lang='lat' dir='ltr'><strong>Temporibus.</strong></span> <span class='ocrx_word' id='word_1_238' title='bbox 2712 1977 2940 2050; x_wconf 62' lang='lat' dir='ltr'><strong>(Otum)</strong></span> <span class='ocrx_word' id='word_1_239' title='bbox 2989 1977 3256 2052; x_wconf 86' lang='lat' dir='ltr'><strong>Tempore</strong></span> <span class='ocrx_word' id='word_1_240' title='bbox 3304 1991 3631 2052; x_wconf 90' lang='lat' dir='ltr'><strong>opportuno,</strong></span> <span class='ocrx_word' id='word_1_241' title='bbox 3675 1997 3756 2036; x_wconf 88' lang='lat' dir='ltr'><strong>non</strong></span> 
     </span>
    </p>
   </div>
   <div class='ocr_carea' id='block_1_33' title="bbox 561 2079 788 2134">
    <p class='ocr_par' dir='ltr' id='par_1_33' title="bbox 561 2079 788 2134">
     <span class='ocr_line' id='line_1_33' title="bbox 561 2079 788 2134; baseline -0.004 -1"><span class='ocrx_word' id='word_1_242' title='bbox 561 2079 788 2134; x_wconf 86' lang='lat' dir='ltr'><strong>hortari.</strong></span> 
     </span>
    </p>
   </div>
   <div class='ocr_carea' id='block_1_34' title="bbox 631 2163 2131 2237">
    <p class='ocr_par' dir='ltr' id='par_1_34' title="bbox 631 2163 2131 2237">
     <span class='ocr_line' id='line_1_34' title="bbox 631 2163 2131 2237; baseline -0.005 -11"><span class='ocrx_word' id='word_1_243' title='bbox 631 2169 690 2226; x_wconf 90' lang='lat' dir='ltr'><strong>Si</strong></span> <span class='ocrx_word' id='word_1_244' title='bbox 704 2167 1114 2235; x_wconf 82' lang='lat' dir='ltr'><strong>invaluerit,elc.</strong></span> <span class='ocrx_word' id='word_1_245' title='bbox 1135 2167 1438 2223; x_wconf 89' lang='lat' dir='ltr'><strong>Secundum</strong></span> <span class='ocrx_word' id='word_1_246' title='bbox 1463 2167 1699 2222; x_wconf 86' lang='lat' dir='ltr'><strong>litteram</strong></span> <span class='ocrx_word' id='word_1_247' title='bbox 1726 2173 1987 2237; x_wconf 90' lang='lat' dir='ltr'><strong>quantum</strong></span> <span class='ocrx_word' id='word_1_248' title='bbox 2010 2163 2131 2218; x_wconf 91' lang='lat' dir='ltr'><strong>dili-</strong></span> 
     </span>
    </p>
   </div>
   <div class='ocr_carea' id='block_1_35' title="bbox 554 2237 2134 2328">
    <p class='ocr_par' dir='ltr' id='par_1_35' title="bbox 554 2237 2134 2328">
     <span class='ocr_line' id='line_1_35' title="bbox 554 2237 2134 2328; baseline -0.002 -17"><span class='ocrx_word' id='word_1_249' title='bbox 554 2266 647 2328; x_wconf 89' lang='lat' dir='ltr'><strong>gat</strong></span> <span class='ocrx_word' id='word_1_250' title='bbox 677 2237 977 2312; x_wconf 78' lang='lat' dir='ltr'><strong>libertatem</strong></span> <span class='ocrx_word' id='word_1_251' title='bbox 1029 2258 1281 2312; x_wconf 89' lang='lat' dir='ltr'><strong>ostendit.</strong></span> <span class='ocrx_word' id='word_1_252' title='bbox 1311 2256 1434 2312; x_wconf 89' lang='lat' dir='ltr'><strong>ldeo</strong></span> <span class='ocrx_word' id='word_1_253' title='bbox 1479 2257 1621 2311; x_wconf 89' lang='lat' dir='ltr'><strong>enim</strong></span> <span class='ocrx_word' id='word_1_254' title='bbox 1666 2254 1962 2310; x_wconf 87' lang='lat' dir='ltr'><strong>lsraelitam</strong></span> <span class='ocrx_word' id='word_1_255' title='bbox 1998 2252 2134 2308; x_wconf 83' lang='lat' dir='ltr'><strong>alie-</strong></span> 
     </span>
    </p>
   </div>
   <div class='ocr_carea' id='block_1_36' title="bbox 553 2346 1954 2419">
    <p class='ocr_par' dir='ltr' id='par_1_36' title="bbox 553 2346 1954 2419">
     <span class='ocr_line' id='line_1_36' title="bbox 553 2346 1954 2419; baseline -0.004 -15"><span class='ocrx_word' id='word_1_256' title='bbox 553 2351 640 2405; x_wconf 82' lang='lat' dir='ltr'><strong>nis</strong></span> <span class='ocrx_word' id='word_1_257' title='bbox 669 2366 774 2405; x_wconf 89' lang='lat' dir='ltr'><strong>non</strong></span> <span class='ocrx_word' id='word_1_258' title='bbox 804 2349 1068 2419; x_wconf 84' lang='lat' dir='ltr'><strong>permittit</strong></span> <span class='ocrx_word' id='word_1_259' title='bbox 1091 2349 1315 2414; x_wconf 85' lang='lat' dir='ltr'><strong>servire,</strong></span> <span class='ocrx_word' id='word_1_260' title='bbox 1347 2347 1442 2404; x_wconf 88' lang='lat' dir='ltr'><strong>sed</strong></span> <span class='ocrx_word' id='word_1_261' title='bbox 1469 2346 1709 2419; x_wconf 72' lang='lat' dir='ltr'><strong>praecipit</strong></span> <span class='ocrx_word' id='word_1_262' title='bbox 1741 2346 1954 2402; x_wconf 90' lang='lat' dir='ltr'><strong>redimi.</strong></span> 
     </span>
    </p>
   </div>
   <div class='ocr_carea' id='block_1_37' title="bbox 629 2437 2134 2520">
    <p class='ocr_par' dir='ltr' id='par_1_37' title="bbox 629 2437 2134 2520">
     <span class='ocr_line' id='line_1_37' title="bbox 629 2437 2134 2520; baseline -0.003 -24"><span class='ocrx_word' id='word_1_263' title='bbox 629 2444 731 2508; x_wconf 78' lang='lat' dir='ltr'><strong>Qui</strong></span> <span class='ocrx_word' id='word_1_264' title='bbox 761 2442 996 2498; x_wconf 79' lang='lat' dir='ltr'><strong>uoluerit.</strong></span> <span class='ocrx_word' id='word_1_265' title='bbox 1026 2441 1202 2512; x_wconf 88' lang='lat' dir='ltr'><strong>Turpe</strong></span> <span class='ocrx_word' id='word_1_266' title='bbox 1229 2449 1314 2498; x_wconf 91' lang='lat' dir='ltr'><strong>est</strong></span> <span class='ocrx_word' id='word_1_267' title='bbox 1347 2441 1620 2520; x_wconf 67' lang='lat' dir='ltr'><strong>hominem</strong></span> <span class='ocrx_word' id='word_1_268' title='bbox 1648 2441 1702 2494; x_wconf 92' lang='lat' dir='ltr'><strong>in</strong></span> <span class='ocrx_word' id='word_1_269' title='bbox 1735 2439 1839 2494; x_wconf 91' lang='lat' dir='ltr'><strong>ﬁde</strong></span> <span class='ocrx_word' id='word_1_270' title='bbox 1868 2439 1936 2494; x_wconf 88' lang='lat' dir='ltr'><strong>ab</strong></span> <span class='ocrx_word' id='word_1_271' title='bbox 1960 2437 2134 2493; x_wconf 85' lang='lat' dir='ltr'><strong>infan-</strong></span> 
     </span>
    </p>
   </div>
   <div class='ocr_carea' id='block_1_38' title="bbox 553 2531 2134 2603">
    <p class='ocr_par' dir='ltr' id='par_1_38' title="bbox 553 2531 2134 2603">
     <span class='ocr_line' id='line_1_38' title="bbox 553 2531 2134 2603; baseline -0.001 -15"><span class='ocrx_word' id='word_1_272' title='bbox 553 2535 626 2588; x_wconf 86' lang='lat' dir='ltr'><strong>tia</strong></span> <span class='ocrx_word' id='word_1_273' title='bbox 655 2534 935 2600; x_wconf 85' lang='lat' dir='ltr'><strong>nutritum,</strong></span> <span class='ocrx_word' id='word_1_274' title='bbox 959 2532 1146 2587; x_wconf 89' lang='lat' dir='ltr'><strong>talium</strong></span> <span class='ocrx_word' id='word_1_275' title='bbox 1169 2532 1352 2587; x_wconf 90' lang='lat' dir='ltr'><strong>subire</strong></span> <span class='ocrx_word' id='word_1_276' title='bbox 1376 2531 1764 2603; x_wconf 85' lang='lat' dir='ltr'><strong>magisterium,</strong></span> <span class='ocrx_word' id='word_1_277' title='bbox 1789 2531 1882 2601; x_wconf 88' lang='lat' dir='ltr'><strong>qui</strong></span> <span class='ocrx_word' id='word_1_278' title='bbox 1911 2539 2134 2602; x_wconf 90' lang='lat' dir='ltr'><strong>repente</strong></span> 
     </span>
    </p>
   </div>
   <div class='ocr_carea' id='block_1_39' title="bbox 555 2620 2128 2696">
    <p class='ocr_par' dir='ltr' id='par_1_39' title="bbox 555 2620 2128 2696">
     <span class='ocr_line' id='line_1_39' title="bbox 555 2620 2128 2696; baseline -0.002 -17"><span class='ocrx_word' id='word_1_279' title='bbox 555 2626 799 2696; x_wconf 77' lang='lat' dir='ltr'><strong>magistri</strong></span> <span class='ocrx_word' id='word_1_280' title='bbox 823 2625 952 2679; x_wconf 82' lang='lat' dir='ltr'><strong>facti</strong></span> <span class='ocrx_word' id='word_1_281' title='bbox 989 2631 1143 2688; x_wconf 90' lang='lat' dir='ltr'><strong>sunt,</strong></span> <span class='ocrx_word' id='word_1_282' title='bbox 1168 2623 1310 2678; x_wconf 90' lang='lat' dir='ltr'><strong>unde</strong></span> <span class='ocrx_word' id='word_1_283' title='bbox 1334 2621 1690 2693; x_wconf 83' lang='lat' dir='ltr'><strong>Hieronymus</strong></span> <span class='ocrx_word' id='word_1_284' title='bbox 1717 2640 1729 2676; x_wconf 91' lang='lat'>:</span> <span class='ocrx_word' id='word_1_285' title='bbox 1754 2620 1882 2677; x_wconf 83' lang='lat' dir='ltr'><strong>lleri</strong></span> <span class='ocrx_word' id='word_1_286' title='bbox 1913 2622 1967 2677; x_wconf 92' lang='lat' dir='ltr'><strong>in</strong></span> <span class='ocrx_word' id='word_1_287' title='bbox 1994 2620 2128 2688; x_wconf 78' lang='lat' dir='ltr'><strong>foro,</strong></span> 
     </span>
    </p>
   </div>
   <div class='ocr_carea' id='block_1_40' title="bbox 553 2707 2133 2781">
    <p class='ocr_par' dir='ltr' id='par_1_40' title="bbox 553 2707 2133 2781">
     <span class='ocr_line' id='line_1_40' title="bbox 553 2707 2133 2781; baseline -0.001 -13"><span class='ocrx_word' id='word_1_288' title='bbox 553 2716 712 2770; x_wconf 82' lang='lat' dir='ltr'><strong>hodie</strong></span> <span class='ocrx_word' id='word_1_289' title='bbox 743 2715 806 2770; x_wconf 87' lang='lat' dir='ltr'><strong>in.</strong></span> <span class='ocrx_word' id='word_1_290' title='bbox 827 2707 1030 2780; x_wconf 85' lang='lat' dir='ltr'><strong>altari;</strong></span> <span class='ocrx_word' id='word_1_291' title='bbox 1059 2713 1180 2769; x_wconf 87' lang='lat' dir='ltr'><strong>heri</strong></span> <span class='ocrx_word' id='word_1_292' title='bbox 1209 2713 1390 2768; x_wconf 88' lang='lat' dir='ltr'><strong>socius</strong></span> <span class='ocrx_word' id='word_1_293' title='bbox 1429 2712 1786 2781; x_wconf 58' lang='lat' dir='ltr'><strong>histrionum,</strong></span> <span class='ocrx_word' id='word_1_294' title='bbox 1812 2713 1969 2770; x_wconf 87' lang='lat' dir='ltr'><strong>hodie</strong></span> <span class='ocrx_word' id='word_1_295' title='bbox 2004 2727 2133 2770; x_wconf 85' lang='lat' dir='ltr'><strong>con-.-</strong></span> 
     </span>
    </p>
   </div>
   <div class='ocr_carea' id='block_1_41' title="bbox 552 2809 1116 2888">
    <p class='ocr_par' dir='ltr' id='par_1_41' title="bbox 552 2809 1116 2888">
     <span class='ocr_line' id='line_1_41' title="bbox 552 2809 1116 2888; baseline -0.002 -24"><span class='ocrx_word' id='word_1_296' title='bbox 552 2817 798 2888; x_wconf 73' lang='lat' dir='ltr'><strong>secr&#39;ator</strong></span> <span class='ocrx_word' id='word_1_297' title='bbox 827 2809 1116 2878; x_wconf 76' lang='lat' dir='ltr'><strong>virginum.</strong></span> 
     </span>
    </p>
   </div>
   <div class='ocr_carea' id='block_1_42' title="bbox 623 2896 2144 2969">
    <p class='ocr_par' dir='ltr' id='par_1_42' title="bbox 623 2896 2144 2969">
     <span class='ocr_line' id='line_1_42' title="bbox 623 2896 2144 2969; baseline 0.001 -16"><span class='ocrx_word' id='word_1_298' title='bbox 623 2899 785 2953; x_wconf 76' lang='lat' dir='ltr'><strong>Vens.</strong></span> <span class='ocrx_word' id='word_1_299' title='bbox 828 2897 916 2954; x_wconf 74' lang='grc'><strong>49.</strong></span> <span class='ocrx_word' id='word_1_300' title='bbox 954 2928 1025 2938; x_wconf 95' lang='grc'><strong><em>-</em></strong></span> <span class='ocrx_word' id='word_1_301' title='bbox 1060 2897 1316 2965; x_wconf 86' lang='lat' dir='ltr'><strong>Patruus,</strong></span> <span class='ocrx_word' id='word_1_302' title='bbox 1355 2905 1461 2952; x_wconf 93' lang='lat' dir='ltr'><strong>etc.</strong></span> <span class='ocrx_word' id='word_1_303' title='bbox 1503 2897 1647 2969; x_wconf 85' lang='lat' dir='ltr'><strong>(lo.).</strong></span> <span class='ocrx_word' id='word_1_304' title='bbox 1684 2896 1959 2953; x_wconf 63' lang='lat' dir='ltr'><strong>Patruebs</strong></span> <span class='ocrx_word' id='word_1_305' title='bbox 1984 2907 2144 2964; x_wconf 57' lang='lat' dir='ltr'><strong>sunt,</strong></span> 
     </span>
    </p>
   </div>
   <div class='ocr_carea' id='block_1_43' title="bbox 549 2988 2133 3061">
    <p class='ocr_par' dir='ltr' id='par_1_43' title="bbox 549 2988 2133 3061">
     <span class='ocr_line' id='line_1_43' title="bbox 549 2988 2133 3061; baseline 0 -17"><span class='ocrx_word' id='word_1_306' title='bbox 549 2989 648 3059; x_wconf 89' lang='lat' dir='ltr'><strong>qui</strong></span> <span class='ocrx_word' id='word_1_307' title='bbox 672 3005 772 3045; x_wconf 91' lang='lat' dir='ltr'><strong>nos</strong></span> <span class='ocrx_word' id='word_1_308' title='bbox 799 2989 852 3044; x_wconf 92' lang='lat' dir='ltr'><strong>in</strong></span> <span class='ocrx_word' id='word_1_309' title='bbox 881 2988 988 3044; x_wconf 87' lang='lat' dir='ltr'><strong>ﬁde</strong></span> <span class='ocrx_word' id='word_1_310' title='bbox 1015 2996 1348 3061; x_wconf 77' lang='lat' dir='ltr'><strong>genuerunt,</strong></span> <span class='ocrx_word' id='word_1_311' title='bbox 1377 2989 1574 3045; x_wconf 80' lang='lat' dir='ltr'><strong>fratres</strong></span> <span class='ocrx_word' id='word_1_312' title='bbox 1608 3004 1795 3044; x_wconf 89' lang='lat' dir='ltr'><strong>eorum</strong></span> <span class='ocrx_word' id='word_1_313' title='bbox 1824 2988 2133 3046; x_wconf 86' lang='lat' dir='ltr'><strong>consimiles</strong></span> 
     </span>
    </p>
   </div>
   <div class='ocr_carea' id='block_1_44' title="bbox 549 3081 2020 3152">
    <p class='ocr_par' dir='ltr' id='par_1_44' title="bbox 549 3081 2020 3152">
     <span class='ocr_line' id='line_1_44' title="bbox 549 3081 2020 3152; baseline 0.001 -16"><span class='ocrx_word' id='word_1_314' title='bbox 549 3081 950 3152; x_wconf 67' lang='lat' dir='ltr'><strong>praedicatores,</strong></span> <span class='ocrx_word' id='word_1_315' title='bbox 984 3081 1080 3137; x_wconf 84' lang='lat' dir='ltr'><strong>lilii</strong></span> <span class='ocrx_word' id='word_1_316' title='bbox 1110 3082 1336 3136; x_wconf 83' lang='lat' dir='ltr'><strong>fratrum</strong></span> <span class='ocrx_word' id='word_1_317' title='bbox 1363 3081 1610 3152; x_wconf 88' lang='lat' dir='ltr'><strong>discipuli</strong></span> <span class='ocrx_word' id='word_1_318' title='bbox 1639 3081 2020 3137; x_wconf 90' lang='lat' dir='ltr'><strong>consimilium.</strong></span> 
     </span>
    </p>
   </div>
   <div class='ocr_carea' id='block_1_45' title="bbox 623 3173 2130 3246">
    <p class='ocr_par' dir='ltr' id='par_1_45' title="bbox 623 3173 2130 3246">
     <span class='ocr_line' id='line_1_45' title="bbox 623 3173 2130 3246; baseline 0.002 -19"><span class='ocrx_word' id='word_1_319' title='bbox 623 3173 1070 3244; x_wconf 85' lang='lat' dir='ltr'><strong>Consanguineus.</strong></span> <span class='ocrx_word' id='word_1_320' title='bbox 1102 3174 1224 3243; x_wconf 89' lang='lat' dir='ltr'><strong>(lo.)</strong></span> <span class='ocrx_word' id='word_1_321' title='bbox 1260 3173 1362 3241; x_wconf 90' lang='lat' dir='ltr'><strong>Qui</strong></span> <span class='ocrx_word' id='word_1_322' title='bbox 1403 3173 1660 3229; x_wconf 88' lang='lat' dir='ltr'><strong>remotior</strong></span> <span class='ocrx_word' id='word_1_323' title='bbox 1689 3183 1882 3244; x_wconf 85' lang='lat' dir='ltr'><strong>patruo</strong></span> <span class='ocrx_word' id='word_1_324' title='bbox 1916 3174 2000 3229; x_wconf 90' lang='lat' dir='ltr'><strong>vel</strong></span> <span class='ocrx_word' id='word_1_325' title='bbox 2027 3189 2130 3246; x_wconf 90' lang='lat' dir='ltr'><strong>pa-</strong></span> 
     </span>
    </p>
   </div>
   <div class='ocr_carea' id='block_1_46' title="bbox 2233 2059 3756 2143">
    <p class='ocr_par' dir='ltr' id='par_1_46' title="bbox 2233 2059 3756 2143">
     <span class='ocr_line' id='line_1_46' title="bbox 2233 2059 3756 2143; baseline 0.003 -22"><span class='ocrx_word' id='word_1_326' title='bbox 2233 2067 2412 2133; x_wconf 89' lang='lat' dir='ltr'><strong>ebrio,</strong></span> <span class='ocrx_word' id='word_1_327' title='bbox 2455 2059 2650 2123; x_wconf 70' lang='lat' dir='ltr'><strong>non&#39;in</strong></span> <span class='ocrx_word' id='word_1_328' title='bbox 2681 2069 2801 2124; x_wconf 90' lang='lat' dir='ltr'><strong>aliis</strong></span> <span class='ocrx_word' id='word_1_329' title='bbox 2834 2080 3098 2141; x_wconf 91' lang='lat' dir='ltr'><strong>occupato</strong></span> <span class='ocrx_word' id='word_1_330' title='bbox 3129 2087 3144 2126; x_wconf 89' lang='lat'><strong>:</strong></span> <span class='ocrx_word' id='word_1_331' title='bbox 3177 2073 3471 2142; x_wconf 90' lang='lat' dir='ltr'><strong>prudenter</strong></span> <span class='ocrx_word' id='word_1_332' title='bbox 3493 2087 3608 2143; x_wconf 91' lang='lat' dir='ltr'><strong>ergo</strong></span> <span class='ocrx_word' id='word_1_333' title='bbox 3628 2071 3756 2140; x_wconf 88' lang='lat' dir='ltr'><strong>conji-</strong></span> 
     </span>
    </p>
   </div>
   <div class='ocr_carea' id='block_1_47' title="bbox 2233 2159 3755 2232">
    <p class='ocr_par' dir='ltr' id='par_1_47' title="bbox 2233 2159 3755 2232">
     <span class='ocr_line' id='line_1_47' title="bbox 2233 2159 3755 2232; baseline 0.001 -18"><span class='ocrx_word' id='word_1_334' title='bbox 2233 2159 2340 2214; x_wconf 90' lang='lat' dir='ltr'><strong>ciat</strong></span> <span class='ocrx_word' id='word_1_335' title='bbox 2375 2160 2562 2215; x_wconf 91' lang='lat' dir='ltr'><strong>do&#39;ctor</strong></span> <span class='ocrx_word' id='word_1_336' title='bbox 2591 2160 2678 2215; x_wconf 92' lang='lat' dir='ltr'><strong>cui</strong></span> <span class='ocrx_word' id='word_1_337' title='bbox 2721 2161 2989 2218; x_wconf 90' lang='lat' dir='ltr'><strong>ministret</strong></span> <span class='ocrx_word' id='word_1_338' title='bbox 3015 2163 3252 2232; x_wconf 86' lang='lat' dir='ltr'><strong>pluviam</strong></span> <span class='ocrx_word' id='word_1_339' title='bbox 3273 2204 3288 2229; x_wconf 95' lang='lat'><strong>,</strong></span> <span class='ocrx_word' id='word_1_340' title='bbox 3321 2172 3376 2218; x_wconf 92' lang='lat' dir='ltr'><strong>et</strong></span> <span class='ocrx_word' id='word_1_341' title='bbox 3401 2165 3559 2218; x_wconf 90' lang='lat' dir='ltr'><strong>tritici</strong></span> <span class='ocrx_word' id='word_1_342' title='bbox 3587 2178 3755 2218; x_wconf 82' lang='lat' dir='ltr'><strong>mensu-</strong></span> 
     </span>
    </p>
   </div>
   <div class='ocr_carea' id='block_1_48' title="bbox 2233 2252 3503 2322">
    <p class='ocr_par' dir='ltr' id='par_1_48' title="bbox 2233 2252 3503 2322">
     <span class='ocr_line' id='line_1_48' title="bbox 2233 2252 3503 2322; baseline 0.003 -16"><span class='ocrx_word' id='word_1_343' title='bbox 2233 2267 2372 2317; x_wconf 86' lang='lat' dir='ltr'><strong>ram,</strong></span> <span class='ocrx_word' id='word_1_344' title='bbox 2401 2261 2456 2306; x_wconf 91' lang='lat' dir='ltr'><strong>et</strong></span> <span class='ocrx_word' id='word_1_345' title='bbox 2479 2252 2565 2307; x_wconf 92' lang='lat' dir='ltr'><strong>cui</strong></span> <span class='ocrx_word' id='word_1_346' title='bbox 2591 2252 2750 2308; x_wconf 89' lang='lat' dir='ltr'><strong>debet</strong></span> <span class='ocrx_word' id='word_1_347' title='bbox 2781 2252 2863 2308; x_wconf 91' lang='lat' dir='ltr'><strong>lac</strong></span> <span class='ocrx_word' id='word_1_348' title='bbox 2891 2255 3040 2322; x_wconf 86' lang='lat' dir='ltr'><strong>dare,</strong></span> <span class='ocrx_word' id='word_1_349' title='bbox 3070 2272 3175 2310; x_wconf 91' lang='lat' dir='ltr'><strong>non</strong></span> <span class='ocrx_word' id='word_1_350' title='bbox 3204 2256 3298 2310; x_wconf 89' lang='lat' dir='ltr'><strong>det</strong></span> <span class='ocrx_word' id='word_1_351' title='bbox 3327 2271 3503 2311; x_wconf 89' lang='lat' dir='ltr'><strong>escam</strong></span> 
     </span>
    </p>
   </div>
   <div class='ocr_carea' id='block_1_49' title="bbox 2300 2343 3756 2426">
    <p class='ocr_par' dir='ltr' id='par_1_49' title="bbox 2300 2343 3756 2426">
     <span class='ocr_line' id='line_1_49' title="bbox 2300 2343 3756 2426; baseline 0.003 -31"><span class='ocrx_word' id='word_1_352' title='bbox 2300 2343 2466 2401; x_wconf 73' lang='lat' dir='ltr'><strong>Vsus.</strong></span> <span class='ocrx_word' id='word_1_353' title='bbox 2503 2345 2557 2400; x_wconf 70' lang='grc'><strong>4.</strong></span> <span class='ocrx_word' id='word_1_354' title='bbox 2581 2377 2648 2385; x_wconf 93' lang='grc'><strong>-</strong></span> <span class='ocrx_word' id='word_1_355' title='bbox 2672 2344 2833 2401; x_wconf 86' lang='lat' dir='ltr'><strong>Terra</strong></span> <span class='ocrx_word' id='word_1_356' title='bbox 2861 2349 3052 2426; x_wconf 80' lang='lat' dir='ltr'><strong>gignet.</strong></span> <span class='ocrx_word' id='word_1_357' title='bbox 3091 2345 3232 2402; x_wconf 78' lang='lat' dir='ltr'><strong>LXX</strong></span> <span class='ocrx_word' id='word_1_358' title='bbox 3265 2367 3276 2402; x_wconf 87' lang='lat'><strong>:</strong></span> <span class='ocrx_word' id='word_1_359' title='bbox 3311 2348 3471 2420; x_wconf 89' lang='lat' dir='ltr'><strong>Ligna</strong></span> <span class='ocrx_word' id='word_1_360' title='bbox 3510 2347 3656 2417; x_wconf 88' lang='lat' dir='ltr'><strong>campi</strong></span> <span class='ocrx_word' id='word_1_361' title='bbox 3685 2350 3756 2400; x_wconf 87' lang='lat' dir='ltr'><strong>da-</strong></span> 
     </span>
    </p>
   </div>
   <div class='ocr_carea' id='block_1_50' title="bbox 2231 2437 3761 2513">
    <p class='ocr_par' dir='ltr' id='par_1_50' title="bbox 2231 2437 3761 2513">
     <span class='ocr_line' id='line_1_50' title="bbox 2231 2437 3761 2513; baseline 0.001 -22"><span class='ocrx_word' id='word_1_362' title='bbox 2231 2437 2358 2492; x_wconf 88' lang='lat' dir='ltr'><strong>bunt</strong></span> <span class='ocrx_word' id='word_1_363' title='bbox 2393 2439 2622 2508; x_wconf 77' lang='lat' dir='ltr'><strong>fructum</strong></span> <span class='ocrx_word' id='word_1_364' title='bbox 2653 2455 2830 2494; x_wconf 88' lang='lat' dir='ltr'><strong>suum.</strong></span> <span class='ocrx_word' id='word_1_365' title='bbox 2863 2439 2986 2513; x_wconf 87' lang='lat' dir='ltr'><strong>(lo.)</strong></span> <span class='ocrx_word' id='word_1_366' title='bbox 3020 2439 3194 2497; x_wconf 79' lang='lat' dir='ltr'><strong>Motus</strong></span> <span class='ocrx_word' id='word_1_367' title='bbox 3229 2443 3443 2507; x_wconf 65' lang='lat' dir='ltr'><strong>animas,</strong></span> <span class='ocrx_word' id='word_1_368' title='bbox 3473 2442 3556 2512; x_wconf 90' lang='lat' dir='ltr'><strong>qui</strong></span> <span class='ocrx_word' id='word_1_369' title='bbox 3582 2440 3761 2495; x_wconf 84' lang='lat' dir='ltr'><strong>altiores</strong></span> 
     </span>
    </p>
   </div>
   <div class='ocr_carea' id='block_1_51' title="bbox 2232 2529 3752 2603">
    <p class='ocr_par' dir='ltr' id='par_1_51' title="bbox 2232 2529 3752 2603">
     <span class='ocr_line' id='line_1_51' title="bbox 2232 2529 3752 2603; baseline 0 -19"><span class='ocrx_word' id='word_1_370' title='bbox 2232 2536 2360 2584; x_wconf 89' lang='lat' dir='ltr'><strong>sunt</strong></span> <span class='ocrx_word' id='word_1_371' title='bbox 2395 2529 2630 2584; x_wconf 90' lang='lat' dir='ltr'><strong>motibus</strong></span> <span class='ocrx_word' id='word_1_372' title='bbox 2659 2537 2818 2586; x_wconf 73' lang='lat' dir='ltr'><strong>terra:</strong></span> <span class='ocrx_word' id='word_1_373' title='bbox 2836 2572 2851 2598; x_wconf 91' lang='lat'><strong>,</strong></span> <span class='ocrx_word' id='word_1_374' title='bbox 2880 2531 2935 2586; x_wconf 90' lang='lat' dir='ltr'><strong>id</strong></span> <span class='ocrx_word' id='word_1_375' title='bbox 2961 2540 3078 2598; x_wconf 90' lang='lat' dir='ltr'><strong>est,</strong></span> <span class='ocrx_word' id='word_1_376' title='bbox 3115 2534 3298 2589; x_wconf 90' lang='lat' dir='ltr'><strong>carnis</strong></span> <span class='ocrx_word' id='word_1_377' title='bbox 3327 2543 3545 2598; x_wconf 75' lang='lat' dir='ltr'><strong>nostrm,</strong></span> <span class='ocrx_word' id='word_1_378' title='bbox 3573 2547 3752 2603; x_wconf 88' lang='lat' dir='ltr'><strong>quorum</strong></span> 
     </span>
    </p>
   </div>
   <div class='ocr_carea' id='block_1_52' title="bbox 2232 2617 3751 2695">
    <p class='ocr_par' dir='ltr' id='par_1_52' title="bbox 2232 2617 3751 2695">
     <span class='ocr_line' id='line_1_52' title="bbox 2232 2617 3751 2695; baseline 0.003 -22"><span class='ocrx_word' id='word_1_379' title='bbox 2232 2617 2442 2677; x_wconf 77' lang='lat' dir='ltr'><strong>fructus</strong></span> <span class='ocrx_word' id='word_1_380' title='bbox 2483 2629 2609 2678; x_wconf 89' lang='lat' dir='ltr'><strong>sunt</strong></span> <span class='ocrx_word' id='word_1_381' title='bbox 2643 2623 2911 2690; x_wconf 89' lang='lat' dir='ltr'><strong>charitas,</strong></span> <span class='ocrx_word' id='word_1_382' title='bbox 2948 2622 3190 2695; x_wconf 90' lang='lat' dir='ltr'><strong>justitia,</strong></span> <span class='ocrx_word' id='word_1_383' title='bbox 3242 2626 3582 2681; x_wconf 90' lang='lat' dir='ltr'><strong>mansuetudo</strong></span> <span class='ocrx_word' id='word_1_384' title='bbox 3619 2632 3664 2680; x_wconf 91' lang='lat' dir='ltr'><strong>et</strong></span> <span class='ocrx_word' id='word_1_385' title='bbox 3696 2622 3751 2678; x_wconf 87' lang='lat' dir='ltr'><strong>si-</strong></span> 
     </span>
    </p>
   </div>
   <div class='ocr_carea' id='block_1_53' title="bbox 2232 2711 2416 2767">
    <p class='ocr_par' dir='ltr' id='par_1_53' title="bbox 2232 2711 2416 2767">
     <span class='ocr_line' id='line_1_53' title="bbox 2232 2711 2416 2767; baseline -0.005 -1"><span class='ocrx_word' id='word_1_386' title='bbox 2232 2711 2416 2767; x_wconf 66' lang='lat' dir='ltr'><strong>milia-</strong></span> 
     </span>
    </p>
   </div>
   <div class='ocr_carea' id='block_1_54' title="bbox 2305 2803 3754 2880">
    <p class='ocr_par' dir='ltr' id='par_1_54' title="bbox 2305 2803 3754 2880">
     <span class='ocr_line' id='line_1_54' title="bbox 2305 2803 3754 2880; baseline 0.001 -22"><span class='ocrx_word' id='word_1_387' title='bbox 2305 2803 2487 2861; x_wconf 83' lang='lat' dir='ltr'><strong>Pomis</strong></span> <span class='ocrx_word' id='word_1_388' title='bbox 2518 2807 2749 2864; x_wconf 81' lang='lat' dir='ltr'><strong>arbores.</strong></span> <span class='ocrx_word' id='word_1_389' title='bbox 2787 2806 2991 2880; x_wconf 77' lang='lat' dir='ltr'><strong>(OBlG.)</strong></span> <span class='ocrx_word' id='word_1_390' title='bbox 3023 2808 3144 2863; x_wconf 89' lang='lat' dir='ltr'><strong>Non</strong></span> <span class='ocrx_word' id='word_1_391' title='bbox 3168 2819 3336 2880; x_wconf 87' lang='lat' dir='ltr'><strong>potest</strong></span> <span class='ocrx_word' id='word_1_392' title='bbox 3365 2810 3532 2874; x_wconf 86' lang='lat' dir='ltr'><strong>arbor,</strong></span> <span class='ocrx_word' id='word_1_393' title='bbox 3559 2815 3668 2873; x_wconf 91' lang='lat' dir='ltr'><strong>etc.,</strong></span> <span class='ocrx_word' id='word_1_394' title='bbox 3690 2821 3754 2860; x_wconf 80' lang='lat' dir='ltr'><strong>tu-</strong></span> 
     </span>
    </p>
   </div>
   <div class='ocr_carea' id='block_1_55' title="bbox 2231 2885 3754 2970">
    <p class='ocr_par' dir='ltr' id='par_1_55' title="bbox 2231 2885 3754 2970">
     <span class='ocr_line' id='line_1_55' title="bbox 2231 2885 3754 2970; baseline -0.001 -20"><span class='ocrx_word' id='word_1_395' title='bbox 2231 2912 2329 2967; x_wconf 87' lang='lat' dir='ltr'><strong>que</strong></span> <span class='ocrx_word' id='word_1_396' title='bbox 2357 2896 2426 2949; x_wconf 89' lang='lat' dir='ltr'><strong>ad</strong></span> <span class='ocrx_word' id='word_1_397' title='bbox 2455 2897 2522 2951; x_wconf 91' lang='lat' dir='ltr'><strong>de</strong></span> <span class='ocrx_word' id='word_1_398' title='bbox 2557 2913 2660 2967; x_wconf 92' lang='lat' dir='ltr'><strong>qua</strong></span> <span class='ocrx_word' id='word_1_399' title='bbox 2703 2885 2904 2954; x_wconf 72' lang='lat' dir='ltr'><strong>dicitur</strong></span> <span class='ocrx_word' id='word_1_400' title='bbox 2936 2917 2950 2953; x_wconf 88' lang='lat'><strong>:</strong></span> <span class='ocrx_word' id='word_1_401' title='bbox 2980 2897 3203 2970; x_wconf 88' lang='lat' dir='ltr'><strong>Lignum</strong></span> <span class='ocrx_word' id='word_1_402' title='bbox 3235 2901 3356 2954; x_wconf 74' lang='lat' dir='ltr'><strong>vita:</strong></span> <span class='ocrx_word' id='word_1_403' title='bbox 3393 2910 3464 2954; x_wconf 87' lang='lat' dir='ltr'><strong>est</strong></span> <span class='ocrx_word' id='word_1_404' title='bbox 3492 2900 3564 2953; x_wconf 89' lang='lat' dir='ltr'><strong>his</strong></span> <span class='ocrx_word' id='word_1_405' title='bbox 3588 2897 3662 2969; x_wconf 78' lang='lat' dir='ltr'><strong>qui</strong></span> <span class='ocrx_word' id='word_1_406' title='bbox 3684 2912 3754 2966; x_wconf 82' lang='lat' dir='ltr'><strong>ap-</strong></span> 
     </span>
    </p>
   </div>
   <div class='ocr_carea' id='block_1_56' title="bbox 2231 2989 2776 3059">
    <p class='ocr_par' dir='ltr' id='par_1_56' title="bbox 2231 2989 2776 3059">
     <span class='ocr_line' id='line_1_56' title="bbox 2231 2989 2776 3059; baseline 0.004 -17"><span class='ocrx_word' id='word_1_407' title='bbox 2231 2989 2615 3059; x_wconf 85' lang='lat' dir='ltr'><strong>prehenderunt</strong></span> <span class='ocrx_word' id='word_1_408' title='bbox 2641 3008 2776 3046; x_wconf 92' lang='lat' dir='ltr'><strong>eam.</strong></span> 
     </span>
    </p>
   </div>
   <div class='ocr_carea' id='block_1_57' title="bbox 2305 3081 3753 3157">
    <p class='ocr_par' dir='ltr' id='par_1_57' title="bbox 2305 3081 3753 3157">
     <span class='ocr_line' id='line_1_57' title="bbox 2305 3081 3753 3157; baseline 0 -21"><span class='ocrx_word' id='word_1_409' title='bbox 2305 3081 2471 3137; x_wconf 78' lang='lat' dir='ltr'><strong>Vsus.</strong></span> <span class='ocrx_word' id='word_1_410' title='bbox 2507 3082 2562 3138; x_wconf 84' lang='lat'><strong>5.</strong></span> <span class='ocrx_word' id='word_1_411' title='bbox 2602 3115 2673 3124; x_wconf 92' lang='lat'><strong>--</strong></span> <span class='ocrx_word' id='word_1_412' title='bbox 2707 3085 3067 3157; x_wconf 81' lang='lat' dir='ltr'><strong>Apprehendet</strong></span> <span class='ocrx_word' id='word_1_413' title='bbox 3093 3089 3340 3144; x_wconf 84' lang='lat' dir='ltr'><strong>messium</strong></span> <span class='ocrx_word' id='word_1_414' title='bbox 3369 3089 3566 3143; x_wconf 86' lang='lat' dir='ltr'><strong>tritura.</strong></span> <span class='ocrx_word' id='word_1_415' title='bbox 3595 3082 3753 3157; x_wconf 65' lang='lat' dir='ltr'><strong>(Ome)</strong></span> 
     </span>
    </p>
   </div>
   <div class='ocr_carea' id='block_1_58' title="bbox 2232 3171 3758 3250">
    <p class='ocr_par' dir='ltr' id='par_1_58' title="bbox 2232 3171 3758 3250">
     <span class='ocr_line' id='line_1_58' title="bbox 2232 3171 3758 3250; baseline 0 -23"><span class='ocrx_word' id='word_1_416' title='bbox 2232 3171 2428 3228; x_wconf 78' lang='lat' dir='ltr'><strong>Anima</strong></span> <span class='ocrx_word' id='word_1_417' title='bbox 2464 3190 2585 3245; x_wconf 71' lang='lat' dir='ltr'><strong>quae</strong></span> <span class='ocrx_word' id='word_1_418' title='bbox 2627 3177 2900 3248; x_wconf 89' lang='lat' dir='ltr'><strong>germinat</strong></span> <span class='ocrx_word' id='word_1_419' title='bbox 2933 3193 3008 3233; x_wconf 79' lang='lat' dir='ltr'><strong>ex.</strong></span> <span class='ocrx_word' id='word_1_420' title='bbox 3038 3180 3203 3238; x_wconf 90' lang='lat' dir='ltr'><strong>verbo</strong></span> <span class='ocrx_word' id='word_1_421' title='bbox 3240 3181 3369 3246; x_wconf 89' lang='lat' dir='ltr'><strong>Dei,</strong></span> <span class='ocrx_word' id='word_1_422' title='bbox 3400 3189 3682 3250; x_wconf 82' lang='lat' dir='ltr'><strong>etc.,.usque</strong></span> <span class='ocrx_word' id='word_1_423' title='bbox 3704 3175 3758 3228; x_wconf 75' lang='lat' dir='ltr'><strong>ad</strong></span> 
     </span>
    </p>
   </div>
   <div class='ocr_carea' id='block_1_59' title="bbox 550 3266 3752 3344">
    <p class='ocr_par' dir='ltr' id='par_1_59' title="bbox 550 3266 3752 3344">
     <span class='ocr_line' id='line_1_59' title="bbox 550 3266 3752 3344; baseline 0 -24"><span class='ocrx_word' id='word_1_424' title='bbox 550 3267 708 3322; x_wconf 85' lang='lat' dir='ltr'><strong>trueli</strong></span> <span class='ocrx_word' id='word_1_425' title='bbox 729 3309 743 3333; x_wconf 91' lang='lat'><strong>,</strong></span> <span class='ocrx_word' id='word_1_426' title='bbox 774 3269 868 3323; x_wconf 87' lang='lat' dir='ltr'><strong>sed</strong></span> <span class='ocrx_word' id='word_1_427' title='bbox 894 3268 1245 3338; x_wconf 89' lang='lat' dir='ltr'><strong>propinquior</strong></span> <span class='ocrx_word' id='word_1_428' title='bbox 1281 3266 1444 3322; x_wconf 85' lang='lat' dir='ltr'><strong>atlini.</strong></span> <span class='ocrx_word' id='word_1_429' title='bbox 1489 3267 1594 3333; x_wconf 84' lang='lat' dir='ltr'><strong>Qui</strong></span> <span class='ocrx_word' id='word_1_430' title='bbox 1630 3269 1764 3323; x_wconf 88' lang='lat' dir='ltr'><strong>enim</strong></span> <span class='ocrx_word' id='word_1_431' title='bbox 1803 3285 2016 3324; x_wconf 88' lang='lat' dir='ltr'><strong>suorum</strong></span> <span class='ocrx_word' id='word_1_432' title='bbox 2037 3310 2054 3334; x_wconf 95' lang='lat'><strong>,</strong></span> <span class='ocrx_word' id='word_1_433' title='bbox 2082 3279 2131 3324; x_wconf 87' lang='lat' dir='ltr'><strong>et</strong></span> <span class='ocrx_word' id='word_1_434' title='bbox 2171 3338 2204 3344; x_wconf 87' lang='lat'><strong>_</strong></span> <span class='ocrx_word' id='word_1_435' title='bbox 2235 3280 2356 3322; x_wconf 88' lang='lat' dir='ltr'><strong>cum</strong></span> <span class='ocrx_word' id='word_1_436' title='bbox 2388 3270 2662 3325; x_wconf 86' lang='lat' dir='ltr'><strong>conservis</strong></span> <span class='ocrx_word' id='word_1_437' title='bbox 2691 3270 2744 3325; x_wconf 94' lang='lat' dir='ltr'><strong>in</strong></span> <span class='ocrx_word' id='word_1_438' title='bbox 2787 3280 3025 3342; x_wconf 80' lang='lat' dir='ltr'><strong>tempore</strong></span> <span class='ocrx_word' id='word_1_439' title='bbox 3060 3273 3477 3344; x_wconf 88' lang='lat' dir='ltr'><strong>dispensandum</strong></span> <span class='ocrx_word' id='word_1_440' title='bbox 3511 3277 3752 3329; x_wconf 81' lang='lat' dir='ltr'><strong>remaneat.</strong></span> 
     </span>
    </p>
   </div>
   <div class='ocr_carea' id='block_1_60' title="bbox 549 3338 3752 3442">
    <p class='ocr_par' dir='ltr' id='par_1_60' title="bbox 549 3338 3752 3442">
     <span class='ocr_line' id='line_1_60' title="bbox 549 3338 3752 3442; baseline 0.003 -30"><span class='ocrx_word' id='word_1_441' title='bbox 549 3361 776 3413; x_wconf 77' lang='lat' dir='ltr'><strong>maxime</strong></span> <span class='ocrx_word' id='word_1_442' title='bbox 807 3360 1207 3414; x_wconf 89' lang='lat' dir='ltr'><strong>domesticorum</strong></span> <span class='ocrx_word' id='word_1_443' title='bbox 1235 3376 1424 3414; x_wconf 89' lang='lat' dir='ltr'><strong>curam.</strong></span> <span class='ocrx_word' id='word_1_444' title='bbox 1448 3375 1550 3413; x_wconf 89' lang='lat' dir='ltr'><strong>non</strong></span> <span class='ocrx_word' id='word_1_445' title='bbox 1576 3359 1761 3427; x_wconf 82' lang='lat' dir='ltr'><strong>habet,</strong></span> <span class='ocrx_word' id='word_1_446' title='bbox 1789 3360 1946 3430; x_wconf 77' lang='lat' dir='ltr'><strong>ﬁdem</strong></span> <span class='ocrx_word' id='word_1_447' title='bbox 1973 3361 2133 3417; x_wconf 88' lang='lat' dir='ltr'><strong>abne-</strong></span> <span class='ocrx_word' id='word_1_448' title='bbox 2159 3338 2206 3402; x_wconf 67' lang='grc' dir='ltr'>α</span> <span class='ocrx_word' id='word_1_449' title='bbox 2305 3360 2685 3432; x_wconf 81' lang='lat' dir='ltr'><strong>Apprehendet.</strong></span> <span class='ocrx_word' id='word_1_450' title='bbox 2731 3338 3078 3442; x_wconf 37' lang='lat' dir='ltr'><strong>Pgnisrenim</strong></span> <span class='ocrx_word' id='word_1_451' title='bbox 3120 3338 3210 3421; x_wconf 63' lang='lat' dir='ltr'><strong>dor</strong></span> <span class='ocrx_word' id='word_1_452' title='bbox 3247 3369 3471 3423; x_wconf 83' lang='lat' dir='ltr'><strong>hominis</strong></span> <span class='ocrx_word' id='word_1_453' title='bbox 3513 3365 3752 3434; x_wconf 69' lang='lat' dir='ltr'><strong>con/inani.</strong></span> 
     </span>
    </p>
   </div>
   <div class='ocr_carea' id='block_1_61' title="bbox 546 3449 1040 3523">
    <p class='ocr_par' dir='ltr' id='par_1_61' title="bbox 546 3449 1040 3523">
     <span class='ocr_line' id='line_1_61' title="bbox 546 3449 1040 3523; baseline 0.004 -19"><span class='ocrx_word' id='word_1_454' title='bbox 546 3452 688 3522; x_wconf 74' lang='lat' dir='ltr'><strong>gavit</strong></span> <span class='ocrx_word' id='word_1_455' title='bbox 719 3450 770 3521; x_wconf 80' lang='lat' dir='ltr'><strong>(J</strong></span> <span class='ocrx_word' id='word_1_456' title='bbox 801 3449 935 3506; x_wconf 83' lang='lat' dir='ltr'><strong>Tim.</strong></span> <span class='ocrx_word' id='word_1_457' title='bbox 965 3452 1040 3523; x_wconf 72' lang='grc' dir='ltr'><strong>ν).</strong></span> 
     </span>
    </p>
   </div>
   <div class='ocr_carea' id='block_1_62' title="bbox 621 3543 2130 3616">
    <p class='ocr_par' dir='ltr' id='par_1_62' title="bbox 621 3543 2130 3616">
     <span class='ocr_line' id='line_1_62' title="bbox 621 3543 2130 3616; baseline 0.001 -19"><span class='ocrx_word' id='word_1_458' title='bbox 621 3543 820 3614; x_wconf 75' lang='lat' dir='ltr'><strong>Afﬁnis.</strong></span> <span class='ocrx_word' id='word_1_459' title='bbox 851 3543 971 3616; x_wconf 87' lang='lat' dir='ltr'><strong>(lo.)</strong></span> <span class='ocrx_word' id='word_1_460' title='bbox 994 3543 1050 3598; x_wconf 90' lang='lat' dir='ltr'><strong>ln</strong></span> <span class='ocrx_word' id='word_1_461' title='bbox 1073 3545 1390 3614; x_wconf 85' lang='lat' dir='ltr'><strong>cognatione</strong></span> <span class='ocrx_word' id='word_1_462' title='bbox 1417 3543 1538 3600; x_wconf 88' lang='lat' dir='ltr'><strong>ﬁdei</strong></span> <span class='ocrx_word' id='word_1_463' title='bbox 1569 3545 1956 3600; x_wconf 82' lang='lat' dir='ltr'><strong>incarnatibnis</strong></span> <span class='ocrx_word' id='word_1_464' title='bbox 1972 3543 2130 3602; x_wconf 51' lang='lat' dir='ltr'><strong>Chris-</strong></span> 
     </span>
    </p>
   </div>
   <div class='ocr_carea' id='block_1_63' title="bbox 547 3634 1742 3704">
    <p class='ocr_par' dir='ltr' id='par_1_63' title="bbox 547 3634 1742 3704">
     <span class='ocr_line' id='line_1_63' title="bbox 547 3634 1742 3704; baseline 0 -14"><span class='ocrx_word' id='word_1_465' title='bbox 547 3635 640 3698; x_wconf 87' lang='lat' dir='ltr'><strong>sti,</strong></span> <span class='ocrx_word' id='word_1_466' title='bbox 671 3635 760 3704; x_wconf 91' lang='lat' dir='ltr'><strong>qui</strong></span> <span class='ocrx_word' id='word_1_467' title='bbox 791 3634 856 3690; x_wconf 87' lang='lat' dir='ltr'><strong>de</strong></span> <span class='ocrx_word' id='word_1_468' title='bbox 885 3651 1048 3690; x_wconf 89' lang='lat' dir='ltr'><strong>carne</strong></span> <span class='ocrx_word' id='word_1_469' title='bbox 1077 3634 1192 3704; x_wconf 87' lang='lat' dir='ltr'><strong>ejus</strong></span> <span class='ocrx_word' id='word_1_470' title='bbox 1219 3645 1275 3690; x_wconf 92' lang='lat' dir='ltr'><strong>et</strong></span> <span class='ocrx_word' id='word_1_471' title='bbox 1298 3636 1511 3691; x_wconf 89' lang='lat' dir='ltr'><strong>ossibus</strong></span> <span class='ocrx_word' id='word_1_472' title='bbox 1535 3652 1742 3692; x_wconf 90' lang='lat' dir='ltr'><strong>sumus.</strong></span> 
     </span>
    </p>
   </div>
   <div class='ocr_carea' id='block_1_64' title="bbox 621 3724 2133 3801">
    <p class='ocr_par' dir='ltr' id='par_1_64' title="bbox 621 3724 2133 3801">
     <span class='ocr_line' id='line_1_64' title="bbox 621 3724 2133 3801; baseline 0.003 -22"><span class='ocrx_word' id='word_1_473' title='bbox 621 3724 716 3779; x_wconf 86' lang='lat' dir='ltr'><strong>Sin</strong></span> <span class='ocrx_word' id='word_1_474' title='bbox 744 3737 937 3780; x_wconf 87' lang='lat' dir='ltr'><strong>autem.</strong></span> <span class='ocrx_word' id='word_1_475' title='bbox 965 3726 1087 3798; x_wconf 89' lang='lat' dir='ltr'><strong>(lo.)</strong></span> <span class='ocrx_word' id='word_1_476' title='bbox 1118 3726 1222 3782; x_wconf 88' lang='lat' dir='ltr'><strong>Pro</strong></span> <span class='ocrx_word' id='word_1_477' title='bbox 1249 3728 1496 3782; x_wconf 85' lang='lat' dir='ltr'><strong>libertate</strong></span> <span class='ocrx_word' id='word_1_478' title='bbox 1525 3739 1710 3784; x_wconf 88' lang='lat' dir='ltr'><strong>nostra</strong></span> <span class='ocrx_word' id='word_1_479' title='bbox 1737 3739 1791 3785; x_wconf 86' lang='lat' dir='ltr'><strong>et</strong></span> <span class='ocrx_word' id='word_1_480' title='bbox 1814 3729 1980 3801; x_wconf 85' lang='lat' dir='ltr'><strong>gloria</strong></span> <span class='ocrx_word' id='word_1_481' title='bbox 2014 3729 2133 3800; x_wconf 90' lang='lat' dir='ltr'><strong>Spi-</strong></span> 
     </span>
    </p>
   </div>
   <div class='ocr_carea' id='block_1_65' title="bbox 549 3819 2132 3892">
    <p class='ocr_par' dir='ltr' id='par_1_65' title="bbox 549 3819 2132 3892">
     <span class='ocr_line' id='line_1_65' title="bbox 549 3819 2132 3892; baseline 0.001 -19"><span class='ocrx_word' id='word_1_482' title='bbox 549 3819 691 3874; x_wconf 86' lang='lat' dir='ltr'><strong>ritus</strong></span> <span class='ocrx_word' id='word_1_483' title='bbox 720 3828 941 3875; x_wconf 86' lang='lat' dir='ltr'><strong>sanctus</strong></span> <span class='ocrx_word' id='word_1_484' title='bbox 971 3820 1114 3890; x_wconf 88' lang='lat' dir='ltr'><strong>agit,</strong></span> <span class='ocrx_word' id='word_1_485' title='bbox 1153 3828 1208 3876; x_wconf 89' lang='lat' dir='ltr'><strong>et</strong></span> <span class='ocrx_word' id='word_1_486' title='bbox 1241 3835 1618 3890; x_wconf 88' lang='lat' dir='ltr'><strong>quemcunque</strong></span> <span class='ocrx_word' id='word_1_487' title='bbox 1660 3835 1875 3876; x_wconf 87' lang='lat' dir='ltr'><strong>servum</strong></span> <span class='ocrx_word' id='word_1_488' title='bbox 1925 3821 2132 3892; x_wconf 87' lang='lat' dir='ltr'><strong>peccati</strong></span> 
     </span>
    </p>
   </div>
   <div class='ocr_carea' id='block_1_66' title="bbox 550 3910 1359 3982">
    <p class='ocr_par' dir='ltr' id='par_1_66' title="bbox 550 3910 1359 3982">
     <span class='ocr_line' id='line_1_66' title="bbox 550 3910 1359 3982; baseline 0.001 -18"><span class='ocrx_word' id='word_1_489' title='bbox 550 3910 846 3966; x_wconf 85' lang='lat' dir='ltr'><strong>virtutibus</strong></span> <span class='ocrx_word' id='word_1_490' title='bbox 874 3911 1066 3965; x_wconf 88' lang='lat' dir='ltr'><strong>redimi</strong></span> <span class='ocrx_word' id='word_1_491' title='bbox 1097 3913 1359 3982; x_wconf 63' lang='lat' dir='ltr'><strong>praecipit.</strong></span> 
     </span>
    </p>
   </div>
   <div class='ocr_carea' id='block_1_67' title="bbox 622 3999 2128 4072">
    <p class='ocr_par' dir='ltr' id='par_1_67' title="bbox 622 3999 2128 4072">
     <span class='ocr_line' id='line_1_67' title="bbox 622 3999 2128 4072; baseline 0.001 -17"><span class='ocrx_word' id='word_1_492' title='bbox 622 4000 691 4055; x_wconf 82' lang='lat' dir='ltr'><strong>Et</strong></span> <span class='ocrx_word' id='word_1_493' title='bbox 719 4001 844 4070; x_wconf 86' lang='lat' dir='ltr'><strong>ipse.</strong></span> <span class='ocrx_word' id='word_1_494' title='bbox 874 3999 996 4070; x_wconf 85' lang='lat' dir='ltr'><strong>(lo.)</strong></span> <span class='ocrx_word' id='word_1_495' title='bbox 1019 4000 1119 4067; x_wconf 91' lang='lat' dir='ltr'><strong>Qui</strong></span> <span class='ocrx_word' id='word_1_496' title='bbox 1145 4016 1348 4072; x_wconf 90' lang='lat' dir='ltr'><strong>pauper</strong></span> <span class='ocrx_word' id='word_1_497' title='bbox 1370 4001 1543 4058; x_wconf 82' lang='lat' dir='ltr'><strong>factus</strong></span> <span class='ocrx_word' id='word_1_498' title='bbox 1566 4001 1724 4058; x_wconf 89' lang='lat' dir='ltr'><strong>estin</strong></span> <span class='ocrx_word' id='word_1_499' title='bbox 1747 4011 1984 4072; x_wconf 86' lang='lat' dir='ltr'><strong>peccato,</strong></span> <span class='ocrx_word' id='word_1_500' title='bbox 2008 4017 2128 4057; x_wconf 90' lang='lat' dir='ltr'><strong>cum</strong></span> 
     </span>
    </p>
   </div>
   <div class='ocr_carea' id='block_1_68' title="bbox 547 4093 2130 4165">
    <p class='ocr_par' dir='ltr' id='par_1_68' title="bbox 547 4093 2130 4165">
     <span class='ocr_line' id='line_1_68' title="bbox 547 4093 2130 4165; baseline 0.002 -18"><span class='ocrx_word' id='word_1_501' title='bbox 547 4093 705 4163; x_wconf 85' lang='lat' dir='ltr'><strong>prius</strong></span> <span class='ocrx_word' id='word_1_502' title='bbox 731 4093 930 4148; x_wconf 79' lang='lat' dir='ltr'><strong>virtute</strong></span> <span class='ocrx_word' id='word_1_503' title='bbox 963 4101 1020 4148; x_wconf 92' lang='lat' dir='ltr'><strong>et</strong></span> <span class='ocrx_word' id='word_1_504' title='bbox 1056 4093 1298 4152; x_wconf 87' lang='lat' dir='ltr'><strong>doctrina</strong></span> <span class='ocrx_word' id='word_1_505' title='bbox 1327 4094 1476 4151; x_wconf 88' lang='lat' dir='ltr'><strong>dives</strong></span> <span class='ocrx_word' id='word_1_506' title='bbox 1514 4103 1680 4161; x_wconf 88' lang='lat' dir='ltr'><strong>esset,</strong></span> <span class='ocrx_word' id='word_1_507' title='bbox 1712 4103 1856 4150; x_wconf 87' lang='lat' dir='ltr'><strong>recte</strong></span> <span class='ocrx_word' id='word_1_508' title='bbox 1895 4095 2130 4165; x_wconf 87' lang='lat' dir='ltr'><strong>seipsum</strong></span> 
     </span>
    </p>
   </div>
   <div class='ocr_carea' id='block_1_69' title="bbox 549 4186 2131 4255">
    <p class='ocr_par' dir='ltr' id='par_1_69' title="bbox 549 4186 2131 4255">
     <span class='ocr_line' id='line_1_69' title="bbox 549 4186 2131 4255; baseline 0.001 -14"><span class='ocrx_word' id='word_1_509' title='bbox 549 4186 748 4243; x_wconf 85' lang='lat' dir='ltr'><strong>liberat</strong></span> <span class='ocrx_word' id='word_1_510' title='bbox 773 4187 899 4243; x_wconf 91' lang='lat' dir='ltr'><strong>dum</strong></span> <span class='ocrx_word' id='word_1_511' title='bbox 925 4187 1284 4255; x_wconf 81' lang='lat' dir='ltr'><strong>exhortando,</strong></span> <span class='ocrx_word' id='word_1_512' title='bbox 1313 4189 1638 4246; x_wconf 80' lang='lat' dir='ltr'><strong>consulendo</strong></span> <span class='ocrx_word' id='word_1_513' title='bbox 1665 4189 1732 4245; x_wconf 89' lang='lat' dir='ltr'><strong>ad</strong></span> <span class='ocrx_word' id='word_1_514' title='bbox 1768 4189 2032 4245; x_wconf 86' lang='lat' dir='ltr'><strong>virtutem.</strong></span> <span class='ocrx_word' id='word_1_515' title='bbox 2050 4203 2131 4245; x_wconf 78' lang='lat' dir='ltr'><strong>re-</strong></span> 
     </span>
    </p>
   </div>
   <div class='ocr_carea' id='block_1_70' title="bbox 551 4285 731 4334">
    <p class='ocr_par' dir='ltr' id='par_1_70' title="bbox 551 4285 731 4334">
     <span class='ocr_line' id='line_1_70' title="bbox 551 4285 731 4334; baseline 0.033 -6"><span class='ocrx_word' id='word_1_516' title='bbox 551 4285 731 4334; x_wconf 86' lang='lat' dir='ltr'><strong>vocat.</strong></span> 
     </span>
    </p>
   </div>
   <div class='ocr_carea' id='block_1_71' title="bbox 623 4368 2142 4443">
    <p class='ocr_par' dir='ltr' id='par_1_71' title="bbox 623 4368 2142 4443">
     <span class='ocr_line' id='line_1_71' title="bbox 623 4368 2142 4443; baseline 0.001 -19"><span class='ocrx_word' id='word_1_517' title='bbox 623 4369 786 4425; x_wconf 77' lang='lat' dir='ltr'><strong>Vsus.</strong></span> <span class='ocrx_word' id='word_1_518' title='bbox 823 4369 912 4426; x_wconf 86' lang='lat'><strong>50.</strong></span> <span class='ocrx_word' id='word_1_519' title='bbox 963 4401 1032 4410; x_wconf 96' lang='lat'><strong><em>—</em></strong></span> <span class='ocrx_word' id='word_1_520' title='bbox 1080 4368 1404 4440; x_wconf 84' lang='lat' dir='ltr'><strong>Supputatis.</strong></span> <span class='ocrx_word' id='word_1_521' title='bbox 1451 4369 1572 4443; x_wconf 86' lang='lat' dir='ltr'><strong>(lo.)</strong></span> <span class='ocrx_word' id='word_1_522' title='bbox 1622 4371 1678 4426; x_wconf 81' lang='grc' dir='ltr'>ω</span> <span class='ocrx_word' id='word_1_523' title='bbox 1721 4380 1804 4427; x_wconf 91' lang='lat' dir='ltr'><strong>est</strong></span> <span class='ocrx_word' id='word_1_524' title='bbox 1853 4371 2142 4427; x_wconf 83' lang='lat' dir='ltr'><strong>tractando</strong></span> 
     </span>
    </p>
   </div>
   <div class='ocr_carea' id='block_1_72' title="bbox 547 4460 2132 4534">
    <p class='ocr_par' dir='ltr' id='par_1_72' title="bbox 547 4460 2132 4534">
     <span class='ocr_line' id='line_1_72' title="bbox 547 4460 2132 4534; baseline 0.002 -18"><span class='ocrx_word' id='word_1_525' title='bbox 547 4460 691 4529; x_wconf 79' lang='lat' dir='ltr'><strong>apud</strong></span> <span class='ocrx_word' id='word_1_526' title='bbox 729 4475 788 4516; x_wconf 89' lang='lat' dir='ltr'><strong>se</strong></span> <span class='ocrx_word' id='word_1_527' title='bbox 819 4476 927 4530; x_wconf 86' lang='lat' dir='ltr'><strong>qua</strong></span> <span class='ocrx_word' id='word_1_528' title='bbox 963 4462 1198 4528; x_wconf 91' lang='lat' dir='ltr'><strong>virtute,</strong></span> <span class='ocrx_word' id='word_1_529' title='bbox 1243 4470 1379 4530; x_wconf 89' lang='lat' dir='ltr'><strong>etc.,</strong></span> <span class='ocrx_word' id='word_1_530' title='bbox 1421 4479 1583 4534; x_wconf 82' lang='lat' dir='ltr'><strong>usque</strong></span> <span class='ocrx_word' id='word_1_531' title='bbox 1613 4463 1683 4518; x_wconf 87' lang='lat' dir='ltr'><strong>ad</strong></span> <span class='ocrx_word' id='word_1_532' title='bbox 1720 4463 1842 4519; x_wconf 92' lang='lat' dir='ltr'><strong>ideo</strong></span> <span class='ocrx_word' id='word_1_533' title='bbox 1871 4463 2132 4520; x_wconf 88' lang='lat' dir='ltr'><strong>Dominus</strong></span> 
     </span>
    </p>
   </div>
   <div class='ocr_carea' id='block_1_73' title="bbox 548 4549 1809 4623">
    <p class='ocr_par' dir='ltr' id='par_1_73' title="bbox 548 4549 1809 4623">
     <span class='ocr_line' id='line_1_73' title="bbox 548 4549 1809 4623; baseline 0.002 -19"><span class='ocrx_word' id='word_1_534' title='bbox 548 4550 628 4604; x_wconf 76' lang='lat' dir='ltr'><strong>ait</strong></span> <span class='ocrx_word' id='word_1_535' title='bbox 655 4549 728 4603; x_wconf 90' lang='lat' dir='ltr'><strong>illi</strong></span> <span class='ocrx_word' id='word_1_536' title='bbox 762 4567 774 4603; x_wconf 89' lang='lat'>:</span> <span class='ocrx_word' id='word_1_537' title='bbox 811 4549 985 4605; x_wconf 80' lang='lat' dir='ltr'><strong>Hodie</strong></span> <span class='ocrx_word' id='word_1_538' title='bbox 1017 4551 1161 4606; x_wconf 86' lang='lat' dir='ltr'><strong>salus</strong></span> <span class='ocrx_word' id='word_1_539' title='bbox 1187 4552 1308 4606; x_wconf 86' lang='lat' dir='ltr'><strong>huic</strong></span> <span class='ocrx_word' id='word_1_540' title='bbox 1337 4553 1514 4607; x_wconf 85' lang='lat' dir='ltr'><strong>domui</strong></span> <span class='ocrx_word' id='word_1_541' title='bbox 1544 4553 1686 4623; x_wconf 80' lang='lat' dir='ltr'><strong>facta</strong></span> <span class='ocrx_word' id='word_1_542' title='bbox 1714 4564 1809 4608; x_wconf 85' lang='lat' dir='ltr'><strong>est.</strong></span> 
     </span>
    </p>
   </div>
   <div class='ocr_carea' id='block_1_74' title="bbox 620 4639 2127 4716">
    <p class='ocr_par' dir='ltr' id='par_1_74' title="bbox 620 4639 2127 4716">
     <span class='ocr_line' id='line_1_74' title="bbox 620 4639 2127 4716; baseline 0.005 -24"><span class='ocrx_word' id='word_1_543' title='bbox 620 4639 781 4694; x_wconf 72' lang='lat' dir='ltr'><strong>Vens.</strong></span> <span class='ocrx_word' id='word_1_544' title='bbox 820 4639 908 4695; x_wconf 82' lang='grc'><strong>51.</strong></span> <span class='ocrx_word' id='word_1_545' title='bbox 935 4671 1005 4680; x_wconf 88' lang='grc'><strong>-</strong></span> <span class='ocrx_word' id='word_1_546' title='bbox 1031 4641 1250 4696; x_wconf 84' lang='lat' dir='ltr'><strong>Reddet.</strong></span> <span class='ocrx_word' id='word_1_547' title='bbox 1285 4643 1406 4715; x_wconf 85' lang='lat' dir='ltr'><strong>(lo.)</strong></span> <span class='ocrx_word' id='word_1_548' title='bbox 1436 4643 1740 4699; x_wconf 91' lang='lat' dir='ltr'><strong>Secundum</strong></span> <span class='ocrx_word' id='word_1_549' title='bbox 1763 4660 1824 4699; x_wconf 89' lang='lat' dir='ltr'><strong>ea</strong></span> <span class='ocrx_word' id='word_1_550' title='bbox 1852 4661 1969 4716; x_wconf 76' lang='lat' dir='ltr'><strong>qum</strong></span> <span class='ocrx_word' id='word_1_551' title='bbox 1998 4661 2127 4715; x_wconf 85' lang='lat' dir='ltr'><strong>pec—</strong></span> 
     </span>
    </p>
   </div>
   <div class='ocr_carea' id='block_1_75' title="bbox 2236 3452 3764 3530">
    <p class='ocr_par' dir='ltr' id='par_1_75' title="bbox 2236 3452 3764 3530">
     <span class='ocr_line' id='line_1_75' title="bbox 2236 3452 3764 3530; baseline -0.001 -23"><span class='ocrx_word' id='word_1_552' title='bbox 2236 3452 2412 3507; x_wconf 82' lang='lat' dir='ltr'><strong>uinum</strong></span> <span class='ocrx_word' id='word_1_553' title='bbox 2452 3452 2682 3523; x_wconf 79' lang='lat' dir='ltr'><strong>lmtiﬁcat</strong></span> <span class='ocrx_word' id='word_1_554' title='bbox 2721 3453 2892 3527; x_wconf 86' lang='lat' dir='ltr'><strong>(Psal.</strong></span> <span class='ocrx_word' id='word_1_555' title='bbox 2933 3459 3072 3530; x_wconf 84' lang='lat' dir='ltr'><strong>cm).</strong></span> <span class='ocrx_word' id='word_1_556' title='bbox 3109 3457 3239 3526; x_wconf 64' lang='lat' dir='ltr'><strong>Quae</strong></span> <span class='ocrx_word' id='word_1_557' title='bbox 3283 3461 3348 3516; x_wconf 91' lang='lat' dir='ltr'><strong>de</strong></span> <span class='ocrx_word' id='word_1_558' title='bbox 3378 3458 3688 3518; x_wconf 89' lang='lat' dir='ltr'><strong>continentia,</strong></span> <span class='ocrx_word' id='word_1_559' title='bbox 3707 3453 3764 3507; x_wconf 84' lang='lat' dir='ltr'><strong>de</strong></span> 
     </span>
    </p>
   </div>
   <div class='ocr_carea' id='block_1_76' title="bbox 2235 3543 3762 3607">
    <p class='ocr_par' dir='ltr' id='par_1_76' title="bbox 2235 3543 3762 3607">
     <span class='ocr_line' id='line_1_76' title="bbox 2235 3543 3762 3607; baseline 0.001 -10"><span class='ocrx_word' id='word_1_560' title='bbox 2235 3543 2600 3600; x_wconf 86' lang='lat' dir='ltr'><strong>observantiis</strong></span> <span class='ocrx_word' id='word_1_561' title='bbox 2634 3554 2687 3601; x_wconf 86' lang='lat' dir='ltr'><strong>et</strong></span> <span class='ocrx_word' id='word_1_562' title='bbox 2721 3546 2788 3602; x_wconf 89' lang='lat' dir='ltr'><strong>de</strong></span> <span class='ocrx_word' id='word_1_563' title='bbox 2825 3549 3084 3604; x_wconf 90' lang='lat' dir='ltr'><strong>custodiis</strong></span> <span class='ocrx_word' id='word_1_564' title='bbox 3129 3551 3503 3607; x_wconf 89' lang='lat' dir='ltr'><strong>mandatorum</strong></span> <span class='ocrx_word' id='word_1_565' title='bbox 3537 3547 3762 3605; x_wconf 75' lang='lat' dir='ltr'><strong>dicuntur.</strong></span> 
     </span>
    </p>
   </div>
   <div class='ocr_carea' id='block_1_77' title="bbox 2238 3632 3760 3711">
    <p class='ocr_par' dir='ltr' id='par_1_77' title="bbox 2238 3632 3760 3711">
     <span class='ocr_line' id='line_1_77' title="bbox 2238 3632 3760 3711; baseline 0.004 -23"><span class='ocrx_word' id='word_1_566' title='bbox 2238 3632 2569 3690; x_wconf 78' lang='lat' dir='ltr'><strong>frumentum</strong></span> <span class='ocrx_word' id='word_1_567' title='bbox 2618 3637 2914 3704; x_wconf 78' lang='lat' dir='ltr'><strong>videntur,</strong></span> <span class='ocrx_word' id='word_1_568' title='bbox 2945 3653 3011 3694; x_wconf 79' lang='lat' dir='ltr'><strong>ex</strong></span> <span class='ocrx_word' id='word_1_569' title='bbox 3051 3655 3158 3711; x_wconf 91' lang='lat' dir='ltr'><strong>quo</strong></span> <span class='ocrx_word' id='word_1_570' title='bbox 3193 3642 3478 3697; x_wconf 86' lang='lat' dir='ltr'><strong>conﬁcitur</strong></span> <span class='ocrx_word' id='word_1_571' title='bbox 3519 3638 3652 3711; x_wconf 80' lang='lat' dir='ltr'><strong>panis</strong></span> <span class='ocrx_word' id='word_1_572' title='bbox 3687 3633 3760 3706; x_wconf 83' lang='lat' dir='ltr'><strong>qui-</strong></span> 
     </span>
    </p>
   </div>
   <div class='ocr_carea' id='block_1_78' title="bbox 2239 3724 3756 3800">
    <p class='ocr_par' dir='ltr' id='par_1_78' title="bbox 2239 3724 3756 3800">
     <span class='ocr_line' id='line_1_78' title="bbox 2239 3724 3756 3800; baseline -0.003 -21"><span class='ocrx_word' id='word_1_573' title='bbox 2239 3724 2401 3779; x_wconf 90' lang='lat' dir='ltr'><strong>corda</strong></span> <span class='ocrx_word' id='word_1_574' title='bbox 2430 3725 2714 3782; x_wconf 81' lang='lat' dir='ltr'><strong>confortar.</strong></span> <span class='ocrx_word' id='word_1_575' title='bbox 2746 3728 2821 3782; x_wconf 88' lang='lat' dir='ltr'><strong>Ea</strong></span> <span class='ocrx_word' id='word_1_576' title='bbox 2850 3745 2978 3784; x_wconf 89' lang='lat' dir='ltr'><strong>vero</strong></span> <span class='ocrx_word' id='word_1_577' title='bbox 3000 3745 3120 3800; x_wconf 71' lang='lat' dir='ltr'><strong>qua:</strong></span> <span class='ocrx_word' id='word_1_578' title='bbox 3145 3731 3210 3785; x_wconf 91' lang='lat' dir='ltr'><strong>ad</strong></span> <span class='ocrx_word' id='word_1_579' title='bbox 3238 3732 3514 3788; x_wconf 88' lang='lat' dir='ltr'><strong>scientiam</strong></span> <span class='ocrx_word' id='word_1_580' title='bbox 3537 3726 3756 3800; x_wconf 87' lang='lat' dir='ltr'><strong>pertinent</strong></span> 
     </span>
    </p>
   </div>
   <div class='ocr_carea' id='block_1_79' title="bbox 2237 3816 3754 3890">
    <p class='ocr_par' dir='ltr' id='par_1_79' title="bbox 2237 3816 3754 3890">
     <span class='ocr_line' id='line_1_79' title="bbox 2237 3816 3754 3890; baseline 0.003 -19"><span class='ocrx_word' id='word_1_581' title='bbox 2237 3824 2292 3871; x_wconf 90' lang='lat' dir='ltr'><strong>et</strong></span> <span class='ocrx_word' id='word_1_582' title='bbox 2318 3817 2653 3873; x_wconf 90' lang='lat' dir='ltr'><strong>occultorum</strong></span> <span class='ocrx_word' id='word_1_583' title='bbox 2683 3821 3056 3890; x_wconf 76' lang='lat' dir='ltr'><strong>exploratione</strong></span> <span class='ocrx_word' id='word_1_584' title='bbox 3095 3822 3374 3878; x_wconf 73' lang='lat' dir='ltr'><strong>ltetiﬁcant</strong></span> <span class='ocrx_word' id='word_1_585' title='bbox 3401 3829 3632 3883; x_wconf 87' lang='lat' dir='ltr'><strong>mentem,</strong></span> <span class='ocrx_word' id='word_1_586' title='bbox 3661 3816 3754 3869; x_wconf 79' lang='lat' dir='ltr'><strong>vino</strong></span> 
     </span>
    </p>
   </div>
   <div class='ocr_carea' id='block_1_80' title="bbox 2237 3905 3760 3977">
    <p class='ocr_par' dir='ltr' id='par_1_80' title="bbox 2237 3905 3760 3977">
     <span class='ocr_line' id='line_1_80' title="bbox 2237 3905 3760 3977; baseline -0.002 -20"><span class='ocrx_word' id='word_1_587' title='bbox 2237 3911 2292 3957; x_wconf 92' lang='lat' dir='ltr'><strong>et</strong></span> <span class='ocrx_word' id='word_1_588' title='bbox 2328 3905 2611 3960; x_wconf 75' lang='lat' dir='ltr'><strong>vindemiae</strong></span> <span class='ocrx_word' id='word_1_589' title='bbox 2657 3918 3059 3977; x_wconf 87' lang='lat' dir='ltr'><strong>comparantur.</strong></span> <span class='ocrx_word' id='word_1_590' title='bbox 3103 3908 3209 3966; x_wconf 88' lang='lat' dir='ltr'><strong>Cor</strong></span> <span class='ocrx_word' id='word_1_591' title='bbox 3245 3911 3392 3966; x_wconf 84' lang='lat' dir='ltr'><strong>enim</strong></span> <span class='ocrx_word' id='word_1_592' title='bbox 3440 3909 3628 3964; x_wconf 67' lang='lat' dir='ltr'><strong>laetatur</strong></span> <span class='ocrx_word' id='word_1_593' title='bbox 3663 3916 3760 3958; x_wconf 89' lang='lat' dir='ltr'><strong>cum.</strong></span> 
     </span>
    </p>
   </div>
   <div class='ocr_carea' id='block_1_81' title="bbox 2236 3993 3176 4070">
    <p class='ocr_par' dir='ltr' id='par_1_81' title="bbox 2236 3993 3176 4070">
     <span class='ocr_line' id='line_1_81' title="bbox 2236 3993 3176 4070; baseline 0.006 -22"><span class='ocrx_word' id='word_1_594' title='bbox 2236 3993 2464 4050; x_wconf 91' lang='lat' dir='ltr'><strong>obscura</strong></span> <span class='ocrx_word' id='word_1_595' title='bbox 2495 3995 2752 4070; x_wconf 91' lang='lat' dir='ltr'><strong>[occulta]</strong></span> <span class='ocrx_word' id='word_1_596' title='bbox 2783 3999 3176 4070; x_wconf 73' lang='lat' dir='ltr'><strong>explanantur-</strong></span> 
     </span>
    </p>
   </div>
   <div class='ocr_carea' id='block_1_82' title="bbox 2315 4083 3754 4149">
    <p class='ocr_par' dir='ltr' id='par_1_82' title="bbox 2315 4083 3754 4149">
     <span class='ocr_line' id='line_1_82' title="bbox 2315 4083 3754 4149; baseline 0.001 -12"><span class='ocrx_word' id='word_1_597' title='bbox 2315 4083 2665 4141; x_wconf 84' lang='lat' dir='ltr'><strong>Vindemiam.</strong></span> <span class='ocrx_word' id='word_1_598' title='bbox 2700 4085 2960 4145; x_wconf 84' lang='lat' dir='ltr'><strong>Fructum</strong></span> <span class='ocrx_word' id='word_1_599' title='bbox 3001 4091 3211 4147; x_wconf 70' lang='lat' dir='ltr'><strong>animm.</strong></span> <span class='ocrx_word' id='word_1_600' title='bbox 3241 4091 3517 4149; x_wconf 85' lang='lat' dir='ltr'><strong>Vindemia</strong></span> <span class='ocrx_word' id='word_1_601' title='bbox 3545 4088 3666 4146; x_wconf 91' lang='lat' dir='ltr'><strong>enim</strong></span> <span class='ocrx_word' id='word_1_602' title='bbox 3689 4100 3754 4139; x_wconf 85' lang='lat' dir='ltr'><strong>ar-</strong></span> 
     </span>
    </p>
   </div>
   <div class='ocr_carea' id='block_1_83' title="bbox 2233 4176 3759 4254">
    <p class='ocr_par' dir='ltr' id='par_1_83' title="bbox 2233 4176 3759 4254">
     <span class='ocr_line' id='line_1_83' title="bbox 2233 4176 3759 4254; baseline 0.003 -23"><span class='ocrx_word' id='word_1_603' title='bbox 2233 4176 2334 4231; x_wconf 89' lang='lat' dir='ltr'><strong>bor</strong></span> <span class='ocrx_word' id='word_1_604' title='bbox 2359 4187 2459 4233; x_wconf 90' lang='lat' dir='ltr'><strong>est.</strong></span> <span class='ocrx_word' id='word_1_605' title='bbox 2490 4177 2614 4235; x_wconf 60' lang='lat' dir='ltr'><strong>Haec</strong></span> <span class='ocrx_word' id='word_1_606' title='bbox 2652 4190 2831 4237; x_wconf 90' lang='lat' dir='ltr'><strong>autem</strong></span> <span class='ocrx_word' id='word_1_607' title='bbox 2861 4183 3020 4239; x_wconf 89' lang='lat' dir='ltr'><strong>simul</strong></span> <span class='ocrx_word' id='word_1_608' title='bbox 3057 4185 3289 4253; x_wconf 84' lang='lat' dir='ltr'><strong>habere,</strong></span> <span class='ocrx_word' id='word_1_609' title='bbox 3322 4188 3372 4243; x_wconf 89' lang='lat' dir='ltr'><strong>id</strong></span> <span class='ocrx_word' id='word_1_610' title='bbox 3395 4196 3472 4242; x_wconf 89' lang='lat' dir='ltr'><strong>est</strong></span> <span class='ocrx_word' id='word_1_611' title='bbox 3499 4195 3691 4254; x_wconf 88' lang='lat' dir='ltr'><strong>corpore</strong></span> <span class='ocrx_word' id='word_1_612' title='bbox 3713 4185 3759 4232; x_wconf 78' lang='lat' dir='ltr'><strong>et</strong></span> 
     </span>
    </p>
   </div>
   <div class='ocr_carea' id='block_1_84' title="bbox 2235 4268 3568 4344">
    <p class='ocr_par' dir='ltr' id='par_1_84' title="bbox 2235 4268 3568 4344">
     <span class='ocr_line' id='line_1_84' title="bbox 2235 4268 3568 4344; baseline 0.006 -23"><span class='ocrx_word' id='word_1_613' title='bbox 2235 4269 2413 4323; x_wconf 89' lang='lat' dir='ltr'><strong>anima</strong></span> <span class='ocrx_word' id='word_1_614' title='bbox 2447 4268 2793 4339; x_wconf 77' lang='lat' dir='ltr'><strong>fructiﬁcare,</strong></span> <span class='ocrx_word' id='word_1_615' title='bbox 2827 4291 3032 4344; x_wconf 72' lang='lat' dir='ltr'><strong>magna:</strong></span> <span class='ocrx_word' id='word_1_616' title='bbox 3062 4277 3453 4334; x_wconf 88' lang='lat' dir='ltr'><strong>benedictionis</strong></span> <span class='ocrx_word' id='word_1_617' title='bbox 3477 4284 3568 4332; x_wconf 90' lang='lat' dir='ltr'><strong>est.</strong></span> 
     </span>
    </p>
   </div>
   <div class='ocr_carea' id='block_1_85' title="bbox 2307 4358 3750 4434">
    <p class='ocr_par' dir='ltr' id='par_1_85' title="bbox 2307 4358 3750 4434">
     <span class='ocr_line' id='line_1_85' title="bbox 2307 4358 3750 4434; baseline -0.001 -22"><span class='ocrx_word' id='word_1_618' title='bbox 2307 4358 2514 4432; x_wconf 74' lang='lat' dir='ltr'><strong>(lsrcu.)</strong></span> <span class='ocrx_word' id='word_1_619' title='bbox 2557 4359 2901 4434; x_wconf 84' lang='lat' dir='ltr'><strong>Congregans</strong></span> <span class='ocrx_word' id='word_1_620' title='bbox 2924 4366 3066 4420; x_wconf 91' lang='lat' dir='ltr'><strong>enim</strong></span> <span class='ocrx_word' id='word_1_621' title='bbox 3088 4367 3266 4423; x_wconf 87' lang='lat' dir='ltr'><strong>anima</strong></span> <span class='ocrx_word' id='word_1_622' title='bbox 3292 4369 3510 4423; x_wconf 86' lang='lat' dir='ltr'><strong>virtutes</strong></span> <span class='ocrx_word' id='word_1_623' title='bbox 3535 4379 3642 4420; x_wconf 88' lang='lat' dir='ltr'><strong>suas</strong></span> <span class='ocrx_word' id='word_1_624' title='bbox 3660 4373 3750 4414; x_wconf 72' lang='lat' dir='ltr'><strong>mox</strong></span> 
     </span>
    </p>
   </div>
   <div class='ocr_carea' id='block_1_86' title="bbox 2233 4448 3752 4522">
    <p class='ocr_par' dir='ltr' id='par_1_86' title="bbox 2233 4448 3752 4522">
     <span class='ocr_line' id='line_1_86' title="bbox 2233 4448 3752 4522; baseline 0.003 -17"><span class='ocrx_word' id='word_1_625' title='bbox 2233 4449 2510 4505; x_wconf 86' lang='lat' dir='ltr'><strong>desiderat</strong></span> <span class='ocrx_word' id='word_1_626' title='bbox 2527 4451 2678 4507; x_wconf 85' lang='lat' dir='ltr'><strong>alias.</strong></span> <span class='ocrx_word' id='word_1_627' title='bbox 2713 4453 2863 4510; x_wconf 87' lang='lat' dir='ltr'><strong>Unde</strong></span> <span class='ocrx_word' id='word_1_628' title='bbox 2893 4474 2904 4510; x_wconf 87' lang='lat'><strong>:</strong></span> <span class='ocrx_word' id='word_1_629' title='bbox 2937 4455 3068 4522; x_wconf 73' lang='lat' dir='ltr'><strong>Qua:</strong></span> <span class='ocrx_word' id='word_1_630' title='bbox 3097 4469 3230 4514; x_wconf 89' lang='lat' dir='ltr'><strong>retro</strong></span> <span class='ocrx_word' id='word_1_631' title='bbox 3252 4470 3375 4514; x_wconf 88' lang='lat' dir='ltr'><strong>sunt</strong></span> <span class='ocrx_word' id='word_1_632' title='bbox 3399 4457 3682 4516; x_wconf 70' lang='lat' dir='ltr'><strong>obliviscaris,</strong></span> <span class='ocrx_word' id='word_1_633' title='bbox 3701 4448 3752 4503; x_wconf 67' lang='lat' dir='ltr'><strong>ad</strong></span> 
     </span>
    </p>
   </div>
   <div class='ocr_carea' id='block_1_87' title="bbox 2233 4543 3171 4621">
    <p class='ocr_par' dir='ltr' id='par_1_87' title="bbox 2233 4543 3171 4621">
     <span class='ocr_line' id='line_1_87' title="bbox 2233 4543 3171 4621; baseline 0.012 -28"><span class='ocrx_word' id='word_1_634' title='bbox 2233 4543 2408 4613; x_wconf 83' lang='lat' dir='ltr'><strong>priora</strong></span> <span class='ocrx_word' id='word_1_635' title='bbox 2442 4560 2522 4597; x_wconf 86' lang='lat' dir='ltr'><strong>me</strong></span> <span class='ocrx_word' id='word_1_636' title='bbox 2553 4544 2772 4612; x_wconf 75' lang='lat' dir='ltr'><strong>extendo</strong></span> <span class='ocrx_word' id='word_1_637' title='bbox 2804 4544 3024 4620; x_wconf 83' lang='lat' dir='ltr'><strong>(Philip.</strong></span> <span class='ocrx_word' id='word_1_638' title='bbox 3067 4551 3171 4621; x_wconf 86' lang='grc' dir='ltr'><strong>ιιι).</strong></span> 
     </span>
    </p>
   </div>
   <div class='ocr_carea' id='block_1_88' title="bbox 2312 4631 3751 4710">
    <p class='ocr_par' dir='ltr' id='par_1_88' title="bbox 2312 4631 3751 4710">
     <span class='ocr_line' id='line_1_88' title="bbox 2312 4631 3751 4710; baseline 0.001 -24"><span class='ocrx_word' id='word_1_639' title='bbox 2312 4631 2605 4689; x_wconf 71' lang='lat' dir='ltr'><strong>Vindemia.</strong></span> <span class='ocrx_word' id='word_1_640' title='bbox 2643 4635 2846 4710; x_wconf 72' lang='grc' dir='ltr'><strong>(Οιιιῦ.)</strong></span> <span class='ocrx_word' id='word_1_641' title='bbox 2879 4637 3043 4707; x_wconf 87' lang='lat' dir='ltr'><strong>Quasi</strong></span> <span class='ocrx_word' id='word_1_642' title='bbox 3075 4643 3350 4710; x_wconf 87' lang='lat' dir='ltr'><strong>dicamus,</strong></span> <span class='ocrx_word' id='word_1_643' title='bbox 3392 4652 3516 4710; x_wconf 90' lang='lat' dir='ltr'><strong>etc.,</strong></span> <span class='ocrx_word' id='word_1_644' title='bbox 3543 4654 3679 4710; x_wconf 86' lang='lat' dir='ltr'><strong>usque</strong></span> <span class='ocrx_word' id='word_1_645' title='bbox 3699 4631 3751 4687; x_wconf 76' lang='lat' dir='ltr'><strong>ad</strong></span> 
     </span>
    </p>
   </div>
   <div class='ocr_carea' id='block_1_89' title="bbox 550 4711 3388 4807">
    <p class='ocr_par' dir='ltr' id='par_1_89' title="bbox 550 4711 3388 4807">
     <span class='ocr_line' id='line_1_89' title="bbox 550 4711 3388 4807; baseline 0.004 -21"><span class='ocrx_word' id='word_1_646' title='bbox 550 4731 716 4796; x_wconf 83' lang='lat' dir='ltr'><strong>cavit,</strong></span> <span class='ocrx_word' id='word_1_647' title='bbox 746 4740 960 4802; x_wconf 88' lang='lat' dir='ltr'><strong>oportet</strong></span> <span class='ocrx_word' id='word_1_648' title='bbox 987 4734 1219 4804; x_wconf 89' lang='lat' dir='ltr'><strong>pretium</strong></span> <span class='ocrx_word' id='word_1_649' title='bbox 1257 4711 1498 4790; x_wconf 84' lang='lat' dir='ltr'><strong>reddere.</strong></span> <span class='ocrx_word' id='word_1_650' title='bbox 1527 4736 1677 4803; x_wconf 91' lang='lat' dir='ltr'><strong>Quod</strong></span> <span class='ocrx_word' id='word_1_651' title='bbox 1713 4737 1834 4806; x_wconf 83' lang='lat' dir='ltr'><strong>gula</strong></span> <span class='ocrx_word' id='word_1_652' title='bbox 1864 4711 2124 4807; x_wconf 80' lang='lat' dir='ltr'><strong>peccavit,</strong></span> <span class='ocrx_word' id='word_1_653' title='bbox 2235 4732 2293 4779; x_wconf 77' lang='grc' dir='ltr'><strong>υῑ</strong></span> <span class='ocrx_word' id='word_1_654' title='bbox 2315 4723 2381 4779; x_wconf 66' lang='lat' dir='ltr'><strong>de</strong></span> <span class='ocrx_word' id='word_1_655' title='bbox 2404 4726 2594 4796; x_wconf 57' lang='lat' dir='ltr'><strong>Spiritu</strong></span> <span class='ocrx_word' id='word_1_656' title='bbox 2623 4738 2890 4785; x_wconf 66' lang='grc' dir='ltr'><strong>ηιθιθηιυε</strong></span> <span class='ocrx_word' id='word_1_657' title='bbox 2918 4732 3082 4787; x_wconf 63' lang='lat' dir='ltr'><strong>Vitam</strong></span> <span class='ocrx_word' id='word_1_658' title='bbox 3109 4743 3388 4792; x_wconf 65' lang='lat' dir='ltr'><strong>mmmam.</strong></span> 
     </span>
    </p>
   </div>
   <div class='ocr_carea' id='block_1_90' title="bbox 544 4819 2125 4898">
    <p class='ocr_par' dir='ltr' id='par_1_90' title="bbox 544 4819 2125 4898">
     <span class='ocr_line' id='line_1_90' title="bbox 544 4819 2125 4898; baseline 0.007 -24"><span class='ocrx_word' id='word_1_659' title='bbox 544 4819 809 4892; x_wconf 88' lang='lat' dir='ltr'><strong>jejunium</strong></span> <span class='ocrx_word' id='word_1_660' title='bbox 835 4823 1091 4894; x_wconf 82' lang='lat' dir='ltr'><strong>corrigat;</strong></span> <span class='ocrx_word' id='word_1_661' title='bbox 1117 4825 1258 4894; x_wconf 91' lang='lat' dir='ltr'><strong>quod</strong></span> <span class='ocrx_word' id='word_1_662' title='bbox 1282 4827 1567 4898; x_wconf 86' lang='lat' dir='ltr'><strong>garrulitas</strong></span> <span class='ocrx_word' id='word_1_663' title='bbox 1588 4830 1821 4892; x_wconf 89' lang='lat' dir='ltr'><strong>admisit,</strong></span> <span class='ocrx_word' id='word_1_664' title='bbox 1856 4829 2125 4885; x_wconf 83' lang='lat' dir='ltr'><strong>silentium</strong></span> 
     </span>
    </p>
   </div>
   <div class='ocr_carea' id='block_1_91' title="bbox 550 4913 2016 4982">
    <p class='ocr_par' dir='ltr' id='par_1_91' title="bbox 550 4913 2016 4982">
     <span class='ocr_line' id='line_1_91' title="bbox 550 4913 2016 4982; baseline 0.004 -12"><span class='ocrx_word' id='word_1_665' title='bbox 550 4913 746 4982; x_wconf 84' lang='lat' dir='ltr'><strong>deleat,</strong></span> <span class='ocrx_word' id='word_1_666' title='bbox 777 4922 831 4969; x_wconf 86' lang='lat' dir='ltr'><strong>ct</strong></span> <span class='ocrx_word' id='word_1_667' title='bbox 858 4914 1108 4971; x_wconf 87' lang='lat' dir='ltr'><strong>similiter.</strong></span> <span class='ocrx_word' id='word_1_668' title='bbox 1131 4918 1416 4973; x_wconf 90' lang='lat' dir='ltr'><strong>contrariis</strong></span> <span class='ocrx_word' id='word_1_669' title='bbox 1441 4928 1698 4974; x_wconf 90' lang='lat' dir='ltr'><strong>curantur</strong></span> <span class='ocrx_word' id='word_1_670' title='bbox 1725 4922 2016 4976; x_wconf 89' lang='lat' dir='ltr'><strong>contraria.</strong></span> 
     </span>
    </p>
   </div>
   <div class='ocr_carea' id='block_1_92' title="bbox 1109 5067 1558 5127">
    <p class='ocr_par' dir='ltr' id='par_1_92' title="bbox 1109 5067 1558 5127">
     <span class='ocr_line' id='line_1_92' title="bbox 1109 5067 1558 5127; baseline 0.007 -3"><span class='ocrx_word' id='word_1_671' title='bbox 1109 5067 1336 5126; x_wconf 73' lang='lat' dir='ltr'><strong>CAPUT</strong></span> <span class='ocrx_word' id='word_1_672' title='bbox 1374 5069 1558 5127; x_wconf 78' lang='lat' dir='ltr'><strong>XXVI.</strong></span> 
     </span>
    </p>
   </div>
   <div class='ocr_carea' id='block_1_93' title="bbox 622 5177 2127 5254">
    <p class='ocr_par' dir='ltr' id='par_1_93' title="bbox 622 5177 2127 5254">
     <span class='ocr_line' id='line_1_93' title="bbox 622 5177 2127 5254; baseline 0.01 -22"><span class='ocrx_word' id='word_1_673' title='bbox 622 5177 786 5234; x_wconf 72' lang='lat' dir='ltr'><strong>Vens.</strong></span> <span class='ocrx_word' id='word_1_674' title='bbox 827 5182 875 5236; x_wconf 72' lang='grc'><strong>1.</strong></span> <span class='ocrx_word' id='word_1_675' title='bbox 917 5212 988 5223; x_wconf 94' lang='grc'><strong>-</strong></span> <span class='ocrx_word' id='word_1_676' title='bbox 1027 5181 1151 5238; x_wconf 84' lang='lat' dir='ltr'><strong>Non</strong></span> <span class='ocrx_word' id='word_1_677' title='bbox 1186 5185 1408 5254; x_wconf 83' lang='lat' dir='ltr'><strong>facietis.</strong></span> <span class='ocrx_word' id='word_1_678' title='bbox 1455 5186 1667 5241; x_wconf 82' lang='lat' dir='ltr'><strong>Cultnm</strong></span> <span class='ocrx_word' id='word_1_679' title='bbox 1708 5189 1972 5246; x_wconf 89' lang='lat' dir='ltr'><strong>idolorum</strong></span> <span class='ocrx_word' id='word_1_680' title='bbox 2018 5200 2127 5247; x_wconf 86' lang='lat' dir='ltr'><strong>tam</strong></span> 
     </span>
    </p>
   </div>
   <div class='ocr_carea' id='block_1_94' title="bbox 537 5270 1727 5346">
    <p class='ocr_par' dir='ltr' id='par_1_94' title="bbox 537 5270 1727 5346">
     <span class='ocr_line' id='line_1_94' title="bbox 537 5270 1727 5346; baseline 0.005 -22"><span class='ocrx_word' id='word_1_681' title='bbox 537 5270 839 5326; x_wconf 88' lang='lat' dir='ltr'><strong>.visibilium</strong></span> <span class='ocrx_word' id='word_1_682' title='bbox 869 5289 1034 5342; x_wconf 87' lang='lat' dir='ltr'><strong>quam</strong></span> <span class='ocrx_word' id='word_1_683' title='bbox 1062 5276 1408 5332; x_wconf 84' lang='lat' dir='ltr'><strong>invisibilium</strong></span> <span class='ocrx_word' id='word_1_684' title='bbox 1447 5276 1727 5346; x_wconf 84' lang='lat' dir='ltr'><strong>probibet..</strong></span> 
     </span>
    </p>
   </div>
   <div class='ocr_carea' id='block_1_95' title="bbox 621 5360 2129 5443">
    <p class='ocr_par' dir='ltr' id='par_1_95' title="bbox 621 5360 2129 5443">
     <span class='ocr_line' id='line_1_95' title="bbox 621 5360 2129 5443; baseline 0.009 -26"><span class='ocrx_word' id='word_1_685' title='bbox 621 5360 894 5432; x_wconf 85' lang='lat' dir='ltr'><strong>Scutptile.</strong></span> <span class='ocrx_word' id='word_1_686' title='bbox 929 5364 1132 5438; x_wconf 74' lang='lat' dir='ltr'><strong>(lsucu.)</strong></span> <span class='ocrx_word' id='word_1_687' title='bbox 1162 5366 1219 5421; x_wconf 95' lang='lat' dir='ltr'><strong>ln</strong></span> <span class='ocrx_word' id='word_1_688' title='bbox 1249 5367 1502 5423; x_wconf 51' lang='lat' dir='ltr'><strong>aediﬁciis.</strong></span> <span class='ocrx_word' id='word_1_689' title='bbox 1522 5368 1800 5424; x_wconf 89' lang='lat' dir='ltr'><strong>domorum</strong></span> <span class='ocrx_word' id='word_1_690' title='bbox 1831 5381 1884 5426; x_wconf 89' lang='lat' dir='ltr'><strong>et</strong></span> <span class='ocrx_word' id='word_1_691' title='bbox 1916 5389 2129 5443; x_wconf 81' lang='lat' dir='ltr'><strong>posses—</strong></span> 
     </span>
    </p>
   </div>
   <div class='ocr_carea' id='block_1_96' title="bbox 550 5454 2127 5536">
    <p class='ocr_par' dir='ltr' id='par_1_96' title="bbox 550 5454 2127 5536">
     <span class='ocr_line' id='line_1_96' title="bbox 550 5454 2127 5536; baseline 0.008 -28"><span class='ocrx_word' id='word_1_692' title='bbox 550 5454 794 5510; x_wconf 87' lang='lat' dir='ltr'><strong>sionibus</strong></span> <span class='ocrx_word' id='word_1_693' title='bbox 817 5471 1070 5527; x_wconf 88' lang='lat' dir='ltr'><strong>agrorum</strong></span> <span class='ocrx_word' id='word_1_694' title='bbox 1093 5458 1326 5528; x_wconf 88' lang='lat' dir='ltr'><strong>aliquam</strong></span> <span class='ocrx_word' id='word_1_695' title='bbox 1351 5459 1514 5514; x_wconf 87' lang='lat' dir='ltr'><strong>vestri</strong></span> <span class='ocrx_word' id='word_1_696' title='bbox 1541 5461 1856 5517; x_wconf 89' lang='lat' dir='ltr'><strong>memoriam</strong></span> <span class='ocrx_word' id='word_1_697' title='bbox 1884 5464 2127 5536; x_wconf 85' lang='lat' dir='ltr'><strong>scalpere</strong></span> 
     </span>
    </p>
   </div>
   <div class='ocr_carea' id='block_1_97' title="bbox 547 5546 846 5616">
    <p class='ocr_par' dir='ltr' id='par_1_97' title="bbox 547 5546 846 5616">
     <span class='ocr_line' id='line_1_97' title="bbox 547 5546 846 5616; baseline 0.003 -16"><span class='ocrx_word' id='word_1_698' title='bbox 547 5546 846 5616; x_wconf 89' lang='lat' dir='ltr'><strong>cupientes.</strong></span> 
     </span>
    </p>
   </div>
   <div class='ocr_carea' id='block_1_98' title="bbox 623 5634 2130 5714">
    <p class='ocr_par' dir='ltr' id='par_1_98' title="bbox 623 5634 2130 5714">
     <span class='ocr_line' id='line_1_98' title="bbox 623 5634 2130 5714; baseline 0.007 -26"><span class='ocrx_word' id='word_1_699' title='bbox 623 5634 734 5689; x_wconf 80' lang='lat' dir='ltr'><strong>Nec</strong></span> <span class='ocrx_word' id='word_1_700' title='bbox 760 5637 1032 5707; x_wconf 83' lang='lat' dir='ltr'><strong>insignem.</strong></span> <span class='ocrx_word' id='word_1_701' title='bbox 1067 5637 1189 5709; x_wconf 82' lang='lat' dir='ltr'><strong>(lo.)</strong></span> <span class='ocrx_word' id='word_1_702' title='bbox 1225 5637 1512 5694; x_wconf 85' lang='lat' dir='ltr'><strong>Cumulum</strong></span> <span class='ocrx_word' id='word_1_703' title='bbox 1545 5641 1664 5695; x_wconf 90' lang='lat' dir='ltr'><strong>auri</strong></span> <span class='ocrx_word' id='word_1_704' title='bbox 1705 5650 1759 5696; x_wconf 87' lang='lat' dir='ltr'><strong>et</strong></span> <span class='ocrx_word' id='word_1_705' title='bbox 1799 5645 2006 5714; x_wconf 88' lang='lat' dir='ltr'><strong>argenti</strong></span> <span class='ocrx_word' id='word_1_706' title='bbox 2035 5653 2130 5700; x_wconf 90' lang='lat' dir='ltr'><strong>aut</strong></span> 
     </span>
    </p>
   </div>
   <div class='ocr_carea' id='block_1_99' title="bbox 548 5728 2133 5804">
    <p class='ocr_par' dir='ltr' id='par_1_99' title="bbox 548 5728 2133 5804">
     <span class='ocr_line' id='line_1_99' title="bbox 548 5728 2133 5804; baseline 0.009 -22"><span class='ocrx_word' id='word_1_707' title='bbox 548 5729 904 5796; x_wconf 73' lang='lat' dir='ltr'><strong>pretiosorum</strong></span> <span class='ocrx_word' id='word_1_708' title='bbox 935 5728 1172 5799; x_wconf 84' lang='lat' dir='ltr'><strong>lapidum</strong></span> <span class='ocrx_word' id='word_1_709' title='bbox 1193 5732 1246 5787; x_wconf 92' lang='lat' dir='ltr'><strong>in</strong></span> <span class='ocrx_word' id='word_1_710' title='bbox 1274 5733 2133 5804; x_wconf 53' lang='lat' dir='ltr'><strong>quibusseducunturavari&quot;sic.</strong></span> 
     </span>
    </p>
   </div>
   <div class='ocr_carea' id='block_1_100' title="bbox 550 5815 1169 5874">
    <p class='ocr_par' dir='ltr' id='par_1_100' title="bbox 550 5815 1169 5874">
     <span class='ocr_line' id='line_1_100' title="bbox 550 5815 1169 5874; baseline 0.006 -4"><span class='ocrx_word' id='word_1_711' title='bbox 550 5824 609 5870; x_wconf 89' lang='lat' dir='ltr'><strong>ut</strong></span> <span class='ocrx_word' id='word_1_712' title='bbox 635 5815 872 5871; x_wconf 87' lang='lat' dir='ltr'><strong>Gentiles</strong></span> <span class='ocrx_word' id='word_1_713' title='bbox 907 5818 960 5872; x_wconf 91' lang='lat' dir='ltr'><strong>in</strong></span> <span class='ocrx_word' id='word_1_714' title='bbox 997 5819 1169 5874; x_wconf 90' lang='lat' dir='ltr'><strong>idolis.</strong></span> 
     </span>
    </p>
   </div>
   <div class='ocr_carea' id='block_1_101' title="bbox 623 5897 2127 5990">
    <p class='ocr_par' dir='ltr' id='par_1_101' title="bbox 623 5897 2127 5990">
     <span class='ocr_line' id='line_1_101' title="bbox 623 5897 2127 5990; baseline 0.006 -22"><span class='ocrx_word' id='word_1_715' title='bbox 623 5909 782 5968; x_wconf 67' lang='lat' dir='ltr'><strong>Vsus.</strong></span> <span class='ocrx_word' id='word_1_716' title='bbox 823 5911 875 5964; x_wconf 70' lang='grc'><strong>2.</strong></span> <span class='ocrx_word' id='word_1_717' title='bbox 900 5941 968 5952; x_wconf 91' lang='grc'><strong><em>--</em></strong></span> <span class='ocrx_word' id='word_1_718' title='bbox 995 5911 1277 5971; x_wconf 81' lang='lat' dir='ltr'><strong>Custodite.</strong></span> <span class='ocrx_word' id='word_1_719' title='bbox 1320 5917 1525 5990; x_wconf 66' lang='lat' dir='ltr'><strong>(istem)</strong></span> <span class='ocrx_word' id='word_1_720' title='bbox 1558 5897 1635 5975; x_wconf 68' lang='lat' dir='ltr'><strong>Ab</strong></span> <span class='ocrx_word' id='word_1_721' title='bbox 1660 5922 1799 5975; x_wconf 85' lang='lat' dir='ltr'><strong>omni</strong></span> <span class='ocrx_word' id='word_1_722' title='bbox 1837 5922 1977 5978; x_wconf 79' lang='lat' dir='ltr'><strong>malo</strong></span> <span class='ocrx_word' id='word_1_723' title='bbox 2007 5914 2127 5976; x_wconf 62' lang='lat' dir='ltr'><strong>aiis-</strong></span> 
     </span>
    </p>
   </div>
   <div class='ocr_carea' id='block_1_102' title="bbox 2305 4815 3748 4897">
    <p class='ocr_par' dir='ltr' id='par_1_102' title="bbox 2305 4815 3748 4897">
     <span class='ocr_line' id='line_1_102' title="bbox 2305 4815 3748 4897; baseline 0.002 -26"><span class='ocrx_word' id='word_1_724' title='bbox 2305 4815 2506 4873; x_wconf 87' lang='lat' dir='ltr'><strong>Panem</strong></span> <span class='ocrx_word' id='word_1_725' title='bbox 2538 4831 2780 4875; x_wconf 82' lang='lat' dir='ltr'><strong>uestrum.</strong></span> <span class='ocrx_word' id='word_1_726' title='bbox 2814 4822 3031 4880; x_wconf 89' lang='lat' dir='ltr'><strong>Scilicet</strong></span> <span class='ocrx_word' id='word_1_727' title='bbox 3056 4827 3147 4897; x_wconf 91' lang='lat' dir='ltr'><strong>qui</strong></span> <span class='ocrx_word' id='word_1_728' title='bbox 3176 4828 3243 4882; x_wconf 90' lang='lat' dir='ltr'><strong>de</strong></span> <span class='ocrx_word' id='word_1_729' title='bbox 3267 4829 3405 4884; x_wconf 75' lang='lat' dir='ltr'><strong>cmlo</strong></span> <span class='ocrx_word' id='word_1_730' title='bbox 3430 4821 3687 4883; x_wconf 87' lang='lat' dir='ltr'><strong>descendit,</strong></span> <span class='ocrx_word' id='word_1_731' title='bbox 3709 4822 3748 4868; x_wconf 72' lang='lat' dir='ltr'><strong>el</strong></span> 
     </span>
    </p>
   </div>
   <div class='ocr_carea' id='block_1_103' title="bbox 2232 4912 3746 4988">
    <p class='ocr_par' dir='ltr' id='par_1_103' title="bbox 2232 4912 3746 4988">
     <span class='ocr_line' id='line_1_103' title="bbox 2232 4912 3746 4988; baseline 0.005 -23"><span class='ocrx_word' id='word_1_732' title='bbox 2232 4912 2323 4966; x_wconf 91' lang='lat' dir='ltr'><strong>dat</strong></span> <span class='ocrx_word' id='word_1_733' title='bbox 2351 4913 2517 4967; x_wconf 88' lang='lat' dir='ltr'><strong>vitam</strong></span> <span class='ocrx_word' id='word_1_734' title='bbox 2546 4914 2776 4982; x_wconf 88' lang='lat' dir='ltr'><strong>mundo;</strong></span> <span class='ocrx_word' id='word_1_735' title='bbox 2808 4931 2914 4971; x_wconf 93' lang='lat' dir='ltr'><strong>non</strong></span> <span class='ocrx_word' id='word_1_736' title='bbox 2943 4917 3033 4988; x_wconf 89' lang='lat' dir='ltr'><strong>qui</strong></span> <span class='ocrx_word' id='word_1_737' title='bbox 3055 4918 3175 4988; x_wconf 89' lang='lat' dir='ltr'><strong>plus</strong></span> <span class='ocrx_word' id='word_1_738' title='bbox 3202 4919 3436 4976; x_wconf 88' lang='lat' dir='ltr'><strong>abundat</strong></span> <span class='ocrx_word' id='word_1_739' title='bbox 3459 4917 3600 4974; x_wconf 89' lang='lat' dir='ltr'><strong>malis</strong></span> <span class='ocrx_word' id='word_1_740' title='bbox 3622 4920 3746 4983; x_wconf 70' lang='lat' dir='ltr'><strong>quam</strong></span> 
     </span>
    </p>
   </div>
   <div class='ocr_carea' id='block_1_104' title="bbox 2231 5003 2406 5059">
    <p class='ocr_par' dir='ltr' id='par_1_104' title="bbox 2231 5003 2406 5059">
     <span class='ocr_line' id='line_1_104' title="bbox 2231 5003 2406 5059; baseline -0.006 -2"><span class='ocrx_word' id='word_1_741' title='bbox 2231 5003 2406 5059; x_wconf 90' lang='lat' dir='ltr'><strong>bonis.</strong></span> 
     </span>
    </p>
   </div>
   <div class='ocr_carea' id='block_1_105' title="bbox 2301 5091 3751 5170">
    <p class='ocr_par' dir='ltr' id='par_1_105' title="bbox 2301 5091 3751 5170">
     <span class='ocr_line' id='line_1_105' title="bbox 2301 5091 3751 5170; baseline -0.023 1"><span class='ocrx_word' id='word_1_742' title='bbox 2301 5094 2505 5167; x_wconf 70' lang='grc' dir='ltr'><strong>Αδειμιε</strong></span> <span class='ocrx_word' id='word_1_743' title='bbox 2531 5113 2737 5168; x_wconf 77' lang='grc' dir='ltr'><strong>Ραιόνε.</strong></span> <span class='ocrx_word' id='word_1_744' title='bbox 2779 5097 2836 5154; x_wconf 91' lang='lat' dir='ltr'><strong>Si</strong></span> <span class='ocrx_word' id='word_1_745' title='bbox 2867 5115 3061 5170; x_wconf 89' lang='lat' dir='ltr'><strong>corpus</strong></span> <span class='ocrx_word' id='word_1_746' title='bbox 3098 5102 3292 5159; x_wconf 90' lang='lat' dir='ltr'><strong>stabile</strong></span> <span class='ocrx_word' id='word_1_747' title='bbox 3330 5101 3508 5164; x_wconf 82' lang='lat' dir='ltr'><strong>fuerit,</strong></span> <span class='ocrx_word' id='word_1_748' title='bbox 3538 5107 3586 5152; x_wconf 89' lang='lat' dir='ltr'><strong>et</strong></span> <span class='ocrx_word' id='word_1_749' title='bbox 3607 5091 3751 5148; x_wconf 84' lang='lat' dir='ltr'><strong>anima.</strong></span> 
     </span>
    </p>
   </div>
   <div class='ocr_carea' id='block_1_106' title="bbox 2233 5175 3744 5254">
    <p class='ocr_par' dir='ltr' id='par_1_106' title="bbox 2233 5175 3744 5254">
     <span class='ocr_line' id='line_1_106' title="bbox 2233 5175 3744 5254; baseline 0.001 -16"><span class='ocrx_word' id='word_1_750' title='bbox 2233 5184 2673 5254; x_wconf 79' lang='lat' dir='ltr'><strong>fructiﬁcaverit,</strong></span> <span class='ocrx_word' id='word_1_751' title='bbox 2714 5192 2890 5246; x_wconf 89' lang='lat' dir='ltr'><strong>securi</strong></span> <span class='ocrx_word' id='word_1_752' title='bbox 2928 5175 3132 5248; x_wconf 63' lang='lat' dir='ltr'><strong>erimus</strong></span> <span class='ocrx_word' id='word_1_753' title='bbox 3168 5194 3220 5248; x_wconf 93' lang='lat' dir='ltr'><strong>in</strong></span> <span class='ocrx_word' id='word_1_754' title='bbox 3255 5203 3394 5248; x_wconf 89' lang='lat' dir='ltr'><strong>terra</strong></span> <span class='ocrx_word' id='word_1_755' title='bbox 3431 5199 3628 5248; x_wconf 89' lang='lat' dir='ltr'><strong>nostra,</strong></span> <span class='ocrx_word' id='word_1_756' title='bbox 3652 5179 3744 5250; x_wconf 63' lang='lat' dir='ltr'><strong>quia</strong></span> 
     </span>
    </p>
   </div>
   <div class='ocr_carea' id='block_1_107' title="bbox 2233 5269 3740 5355">
    <p class='ocr_par' dir='ltr' id='par_1_107' title="bbox 2233 5269 3740 5355">
     <span class='ocr_line' id='line_1_107' title="bbox 2233 5269 3740 5355; baseline 0.003 -28"><span class='ocrx_word' id='word_1_757' title='bbox 2233 5290 2356 5328; x_wconf 89' lang='lat' dir='ltr'><strong>caro</strong></span> <span class='ocrx_word' id='word_1_758' title='bbox 2402 5293 2504 5330; x_wconf 89' lang='lat' dir='ltr'><strong>non</strong></span> <span class='ocrx_word' id='word_1_759' title='bbox 2538 5282 2862 5350; x_wconf 86' lang='lat' dir='ltr'><strong>concupiscet</strong></span> <span class='ocrx_word' id='word_1_760' title='bbox 2895 5284 3142 5338; x_wconf 78' lang='lat' dir='ltr'><strong>adversus</strong></span> <span class='ocrx_word' id='word_1_761' title='bbox 3181 5286 3415 5355; x_wconf 87' lang='lat' dir='ltr'><strong>spiritum</strong></span> <span class='ocrx_word' id='word_1_762' title='bbox 3455 5277 3630 5352; x_wconf 85' lang='lat' dir='ltr'><strong>(Galat.</strong></span> <span class='ocrx_word' id='word_1_763' title='bbox 3669 5269 3740 5332; x_wconf 68' lang='grc' dir='ltr'><strong>ιι)-</strong></span> 
     </span>
    </p>
   </div>
   <div class='ocr_carea' id='block_1_108' title="bbox 2305 5357 3743 5448">
    <p class='ocr_par' dir='ltr' id='par_1_108' title="bbox 2305 5357 3743 5448">
     <span class='ocr_line' id='line_1_108' title="bbox 2305 5357 3743 5448; baseline -0.002 -26"><span class='ocrx_word' id='word_1_764' title='bbox 2305 5367 2466 5424; x_wconf 69' lang='lat' dir='ltr'><strong>Vsns.</strong></span> <span class='ocrx_word' id='word_1_765' title='bbox 2506 5371 2559 5425; x_wconf 84' lang='lat'><strong>6.</strong></span> <span class='ocrx_word' id='word_1_766' title='bbox 2598 5403 2669 5413; x_wconf 90' lang='grc'><strong><em>-</em></strong></span> <span class='ocrx_word' id='word_1_767' title='bbox 2705 5373 2772 5427; x_wconf 83' lang='lat' dir='ltr'><strong>Et</strong></span> <span class='ocrx_word' id='word_1_768' title='bbox 2803 5375 3009 5445; x_wconf 85' lang='lat' dir='ltr'><strong>gladius</strong></span> <span class='ocrx_word' id='word_1_769' title='bbox 3037 5393 3158 5431; x_wconf 88' lang='lat' dir='ltr'><strong>non.</strong></span> <span class='ocrx_word' id='word_1_770' title='bbox 3189 5376 3390 5448; x_wconf 74' lang='lat' dir='ltr'><strong>(lsrcu.)</strong></span> <span class='ocrx_word' id='word_1_771' title='bbox 3417 5373 3540 5442; x_wconf 87' lang='lat' dir='ltr'><strong>Quia</strong></span> <span class='ocrx_word' id='word_1_772' title='bbox 3561 5382 3646 5440; x_wconf 79' lang='lat' dir='ltr'><strong>pax</strong></span> <span class='ocrx_word' id='word_1_773' title='bbox 3666 5357 3743 5414; x_wconf 59' lang='lat' dir='ltr'><strong>erit</strong></span> 
     </span>
    </p>
   </div>
   <div class='ocr_carea' id='block_1_109' title="bbox 2234 5450 3741 5539">
    <p class='ocr_par' dir='ltr' id='par_1_109' title="bbox 2234 5450 3741 5539">
     <span class='ocr_line' id='line_1_109' title="bbox 2234 5450 3741 5539; baseline -0.001 -28"><span class='ocrx_word' id='word_1_774' title='bbox 2234 5459 2285 5512; x_wconf 91' lang='lat' dir='ltr'><strong>in</strong></span> <span class='ocrx_word' id='word_1_775' title='bbox 2311 5458 2508 5517; x_wconf 89' lang='lat' dir='ltr'><strong>ﬁnibus</strong></span> <span class='ocrx_word' id='word_1_776' title='bbox 2528 5465 2754 5532; x_wconf 86' lang='lat' dir='ltr'><strong>vestris;</strong></span> <span class='ocrx_word' id='word_1_777' title='bbox 2779 5467 2936 5521; x_wconf 88' lang='lat' dir='ltr'><strong>modo</strong></span> <span class='ocrx_word' id='word_1_778' title='bbox 2956 5482 3021 5520; x_wconf 70' lang='lat' dir='ltr'><strong>ex</strong></span> <span class='ocrx_word' id='word_1_779' title='bbox 3045 5467 3485 5539; x_wconf 90' lang='lat' dir='ltr'><strong>concupiscentiis</strong></span> <span class='ocrx_word' id='word_1_780' title='bbox 3508 5467 3618 5518; x_wconf 91' lang='lat' dir='ltr'><strong>sunt</strong></span> <span class='ocrx_word' id='word_1_781' title='bbox 3637 5450 3741 5510; x_wconf 69' lang='lat' dir='ltr'><strong>bella</strong></span> 
     </span>
    </p>
   </div>
   <div class='ocr_carea' id='block_1_110' title="bbox 2231 5550 2463 5608">
    <p class='ocr_par' dir='ltr' id='par_1_110' title="bbox 2231 5550 2463 5608">
     <span class='ocr_line' id='line_1_110' title="bbox 2231 5550 2463 5608; baseline -0.009 -1"><span class='ocrx_word' id='word_1_782' title='bbox 2231 5560 2287 5607; x_wconf 91' lang='lat' dir='ltr'><strong>et</strong></span> <span class='ocrx_word' id='word_1_783' title='bbox 2313 5550 2463 5608; x_wconf 85' lang='lat' dir='ltr'><strong>lites.</strong></span> 
     </span>
    </p>
   </div>
   <div class='ocr_carea' id='block_1_111' title="bbox 2303 5641 3737 5728">
    <p class='ocr_par' dir='ltr' id='par_1_111' title="bbox 2303 5641 3737 5728">
     <span class='ocr_line' id='line_1_111' title="bbox 2303 5641 3737 5728; baseline 0.008 -30"><span class='ocrx_word' id='word_1_784' title='bbox 2303 5643 2464 5701; x_wconf 75' lang='lat' dir='ltr'><strong>Vnus.</strong></span> <span class='ocrx_word' id='word_1_785' title='bbox 2507 5647 2568 5700; x_wconf 83' lang='lat'><strong>7..</strong></span> <span class='ocrx_word' id='word_1_786' title='bbox 2611 5679 2678 5687; x_wconf 76' lang='grc'><strong>-.</strong></span> <span class='ocrx_word' id='word_1_787' title='bbox 2713 5647 2998 5703; x_wconf 83' lang='lat' dir='ltr'><strong>lnimicos.‘</strong></span> <span class='ocrx_word' id='word_1_788' title='bbox 3029 5649 3152 5720; x_wconf 87' lang='lat' dir='ltr'><strong>(lo.)</strong></span> <span class='ocrx_word' id='word_1_789' title='bbox 3196 5649 3364 5707; x_wconf 78' lang='lat' dir='ltr'><strong>Occisi</strong></span> <span class='ocrx_word' id='word_1_790' title='bbox 3398 5641 3611 5715; x_wconf 72' lang='lat' dir='ltr'><strong>jejunio.</strong></span> <span class='ocrx_word' id='word_1_791' title='bbox 3645 5642 3737 5728; x_wconf 67' lang='grc' dir='ltr'><strong>οτξιῖ</strong></span> 
     </span>
    </p>
   </div>
   <div class='ocr_carea' id='block_1_112' title="bbox 2233 5731 3744 5813">
    <p class='ocr_par' dir='ltr' id='par_1_112' title="bbox 2233 5731 3744 5813">
     <span class='ocr_line' id='line_1_112' title="bbox 2233 5731 3744 5813; baseline -0.015 -22"><span class='ocrx_word' id='word_1_792' title='bbox 2233 5737 2397 5801; x_wconf 91' lang='lat' dir='ltr'><strong>tione,</strong></span> <span class='ocrx_word' id='word_1_793' title='bbox 2427 5747 2481 5793; x_wconf 91' lang='lat' dir='ltr'><strong>et</strong></span> <span class='ocrx_word' id='word_1_794' title='bbox 2507 5739 2792 5806; x_wconf 86' lang='lat' dir='ltr'><strong>similibus;</strong></span> <span class='ocrx_word' id='word_1_795' title='bbox 2820 5740 2994 5795; x_wconf 82' lang='lat' dir='ltr'><strong>unde:</strong></span> <span class='ocrx_word' id='word_1_796' title='bbox 3027 5740 3142 5795; x_wconf 75' lang='lat' dir='ltr'><strong>Hoc</strong></span> <span class='ocrx_word' id='word_1_797' title='bbox 3161 5758 3320 5813; x_wconf 87' lang='lat' dir='ltr'><strong>genus</strong></span> <span class='ocrx_word' id='word_1_798' title='bbox 3347 5756 3442 5794; x_wconf 87' lang='lat' dir='ltr'><strong>nou</strong></span> <span class='ocrx_word' id='word_1_799' title='bbox 3465 5731 3647 5804; x_wconf 81' lang='lat' dir='ltr'><strong>ejicitur</strong></span> <span class='ocrx_word' id='word_1_800' title='bbox 3667 5734 3744 5773; x_wconf 81' lang='lat' dir='ltr'><strong>ntSt&#39;</strong></span> 
     </span>
    </p>
   </div>
   <div class='ocr_carea' id='block_1_113' title="bbox 2232 5815 3434 5901">
    <p class='ocr_par' dir='ltr' id='par_1_113' title="bbox 2232 5815 3434 5901">
     <span class='ocr_line' id='line_1_113' title="bbox 2232 5815 3434 5901; baseline 0.006 -25"><span class='ocrx_word' id='word_1_801' title='bbox 2232 5815 2346 5880; x_wconf 50' lang='lat' dir='ltr'><strong>’éum</strong></span> <span class='ocrx_word' id='word_1_802' title='bbox 2377 5828 2609 5881; x_wconf 83' lang='lat' dir='ltr'><strong>oratione</strong></span> <span class='ocrx_word' id='word_1_803' title='bbox 2635 5839 2680 5882; x_wconf 87' lang='lat' dir='ltr'><strong>et</strong></span> <span class='ocrx_word' id='word_1_804' title='bbox 2699 5830 2905 5899; x_wconf 79' lang='lat' dir='ltr'><strong>jejunio</strong></span> <span class='ocrx_word' id='word_1_805' title='bbox 2944 5830 3156 5900; x_wconf 73' lang='lat' dir='ltr'><strong>(Matth.</strong></span> <span class='ocrx_word' id='word_1_806' title='bbox 3190 5830 3342 5901; x_wconf 82' lang='lat' dir='ltr'><strong>xvu).</strong></span> <span class='ocrx_word' id='word_1_807' title='bbox 3431 5887 3434 5890; x_wconf 96' lang='lat'><em>_</em></span> 
     </span>
    </p>
   </div>
   <div class='ocr_carea' id='block_1_114' title="bbox 2301 5911 3734 5993">
    <p class='ocr_par' dir='ltr' id='par_1_114' title="bbox 2301 5911 3734 5993">
     <span class='ocr_line' id='line_1_114' title="bbox 2301 5911 3734 5993; baseline -0.01 -22"><span class='ocrx_word' id='word_1_808' title='bbox 2301 5917 2575 5972; x_wconf 76' lang='lat' dir='ltr'><strong>Corrucut.</strong></span> <span class='ocrx_word' id='word_1_809' title='bbox 2611 5919 2750 5973; x_wconf 72' lang='lat' dir='ltr'><strong>LXX</strong></span> <span class='ocrx_word' id='word_1_810' title='bbox 2785 5940 2793 5972; x_wconf 92' lang='lat'><strong>:</strong></span> <span class='ocrx_word' id='word_1_811' title='bbox 2835 5920 2896 5974; x_wconf 83' lang='lat' dir='ltr'><strong>In</strong></span> <span class='ocrx_word' id='word_1_812' title='bbox 2928 5932 3197 5993; x_wconf 76' lang='lat' dir='ltr'><strong>conspectu</strong></span> <span class='ocrx_word' id='word_1_813' title='bbox 3233 5931 3388 5978; x_wconf 73' lang='lat' dir='ltr'><strong>vestro</strong></span> <span class='ocrx_word' id='word_1_814' title='bbox 3420 5923 3566 5970; x_wconf 71' lang='lat' dir='ltr'><strong>morte</strong></span> <span class='ocrx_word' id='word_1_815' title='bbox 3591 5911 3734 5961; x_wconf 64' lang='lat' dir='ltr'><strong>vestr“,</strong></span> 
     </span>
    </p>
   </div>
  </div>
