3998 6332
295 367 407 426 575

1311 355 1574 413 CLOSSA
1612 353 2004 412 ORDINARIA.
2059 386 2128 397 -
2163 357 2290 413 LIB.
2332 357 2554 414 LEVIT.

3374 387 3380 392 ·
3441 366 3573 424 ιιι.

294 485 510 544 scilicet
538 477 877 536 mortiﬁcatis
899 473 1157 532 membris
1182 473 1396 538 vestris,
1421 487 1541 542 quae
1563 481 1689 528 sunt
1709 486 1879 542 super
1901 479 1946 535 Α
1974 491 2166 545 ponam
2205 477 2464 545 castigare
2492 492 2596 532 uos-
2616 476 2832 544 septies,
2872 483 2980 532 etc.
3024 474 3202 534 Etiam
3239 478 3330 536 hic
3360 493 3554 552 super-.-

293 588 524 639 terram,
549 573 600 628 id
620 583 721 637 est,
741 567 1120 632 fornicatione,
1140 562 1496 630 immunditia,
1515 572 1570 620 et
1581 561 1886 636 hujusmodi
1915 578 1930 602 τ

302 666 719 815 (ézlel:;f).8..—
745 753 1146 823 Persequentur.
1173 746 1383 821 (Οιιιθ.)
1419 745 1574 801 Sicut
1595 747 1888 816 quinartus

299 853 566 923 sapiente:
618 848 816 902 indicat
852 852 909 900 et
945 841 1295 912 insipientes,
1332 847 1466 906 etc.,
1505 855 1670 909 usque
1710 837 1778 892 ad
1817 852 1887 892 ne

299 944 588 1001 credentes
611 937 902 1006 decipiant.
1087 997 1094 1000 _

377 1029 584 1104 (lstca.)
621 1026 796 1093 LXX,
832 1034 962 1092 etc.,
1003 1039 1166 1094 usque
1209 1025 1276 1076 ad
1317 1019 1566 1092 persequi
1615 1026 1795 1089 potest
1833 1025 1886 1072 et

301 1137 547 1179 vincere.
589 1173 594 1176 .

379 1216 449 1270 Et
481 1222 704 1270 centum.
748 1208 848 1278 Qui
889 1223 994 1263 non
1033 1213 1241 1262 tantum
1281 1203 1529 1260 subtilem
1569 1203 1883 1271 scientiam,

304 1305 403 1361 sed
439 1311 492 1358 et
516 1302 680 1356 vitam
705 1297 997 1370 perfectam
1025 1296 1259 1360 habent,
1287 1294 1379 1363 qui
1408 1292 1760 1363 spiritualiter
1791 1294 1892 1348 de-

305 1393 616 1462 culpantur,
645 1396 702 1444 et
728 1386 846 1442 itleo
879 1393 1094 1441 centum
1120 1382 1626 1464 dicunturnscilicet
1647 1382 1740 1453 qui
1761 1396 1888 1437 cen-

308 1494 467 1540 tenos
492 1481 726 1537 afferunt
753 1477 980 1532 fructus.

273 1595 296 1615 ο
382 1575 547 1630 Vens.
597 1573 650 1628 9.
700 1599 768 1612 -
813 1569 1138 1639 Respiciam-
1166 1564 1330 1636 Cujus
1375 1571 1682 1634 respectus,
1723 1561 1884 1617 salus.

307 1665 571 1738 Respexit
600 1662 858 1718 Dominus
880 1659 1119 1725 Petrum,
1137 1667 1193 1713 et
1211 1657 1353 1712 ﬂevit
1379 1671 1583 1711 amare.
1615 1655 1670 1710 Si
1699 1653 1779 1710 sol
1804 1669 1888 1710 se-

305 1767 490 1830 getem
535 1771 642 1810 non
684 1753 981 1823 respiciat,
1011 1757 1192 1806 manet
1231 1747 1585 1803 infructuosa.
1639 1743 1885 1817 Segetem

1988 566 2150 622 tinum
2179 577 2280 622 est.
2309 566 2517 637 Septies
2533 575 2719 621 autem
2743 581 2841 635 pro
2869 566 3018 621 omni
3042 580 3269 624 numero
3297 578 3382 628 est
3408 571 3554 628 acci-

1987 661 2258 731 piendum.

2057 751 2220 805 Vuns.
2261 748 2346 805 19.
2387 780 2455 790 -
2489 749 2558 803 Et
2591 758 2852 804 conteram
2887 751 3182 817 superbiam
3224 750 3618 808 duritia-tto»-

1986 855 2127 899 stne.
2156 842 2292 910 Quia
2317 843 2486 896 dicitis
2518 859 2535 896 :
2564 841 2752 898 Semen
2779 843 3004 899 Abrahae
3039 860 3250 909 sumus,
3285 853 3333 898 et
3363 845 3556 913 nemini

1985 938 2284 994 semivimus
2325 953 2552 1008 unquam
2597 935 2788 1008 (Joan.
2831 937 2926 1008 ιιι)
2959 955 2970 991 :
3001 937 3123 992 ideo
3155 937 3406 1008 gentibus
3441 953 3558 994 ser-

1985 1028 2165 1083 vietis.
2995 1091 3002 1096 ἢ

2055 1117 2218 1174 Vsus.
2252 1118 2340 1172 2‘s.
2370 1147 2440 1158 --
2477 1115 2759 1183 Gladium,
2774 1119 3016 1187 spiritus,
3049 1120 3192 1188 quod
3223 1128 3304 1175 est
3331 1121 3556 1176 verbum

1985 1209 2282 1278 Dei,‘quod
2324 1223 2422 1278 per
2467 1210 2848 1278 praedicatores
2886 1208 3110 1266 Iudaeos
3146 1211 3448 1277 convincit,
3489 1225 3560 1266 ne

1986 1299 2152 1355 Vetus
2176 1292 2586 1355 Testamentum
2623 1299 2822 1354 habere
2859 1315 2982 1355 cum
3016 1301 3306 1372 Evangelio
3343 1310 3555 1357 contra-

1985 1391 2188 1446 dicant.

2055 1480 2122 1536 In
2145 1481 2291 1535 urbes
2322 1482 2542 1535 mittam.
2560 1479 2858 1551 Prophetas
2880 1482 2933 1537 in
2955 1483 3150 1553 quibus
3179 1481 3362 1539 ﬁdeles
3385 1484 3560 1540 muni-

1986 1574 2158 1631 tiones
2180 1582 2236 1629 et
2255 1573 2480 1628 salutem
2507 1573 2802 1637 inveniunt,
2825 1573 3028 1629 inimici
3051 1571 3313 1643 fugientes
3337 1575 3558 1644 capiun-

1987 1675 2092 1730 tur,
2124 1665 2235 1720 illic
2269 1665 2574 1720 moriuntur
2601 1664 2804 1735 apertis
2829 1663 2896 1720 de
2926 1663 3143 1720 Christo
3171 1665 3448 1738 prophetis
3475 1678 3562 1719 re-

1987 1760 2180 1816 sistere
2206 1774 2312 1814 non
2342 1757 2600 1814 valentes.

306 1825 493 1904 cordis
536 1847 708 1903 nostri
756 1844 974 1914 respicit
1009 1843 1178 1904 Deus,
1219 1848 1274 1895 et
1305 1839 1469 1895 radiis
1497 1838 1646 1894 verbi
1676 1837 1757 1893 sui
1785 1851 1883 1892 nos

2055 1849 2222 1905 Vsus.
2259 1849 2348 1904 26.
2387 1879 2458 1891 --
2497 1847 2582 1902 Ita
2619 1856 2676 1902 ut
2717 1849 2928 1915 decem,
2969 1857 3077 1904 etc.
3113 1847 3316 1918 (lstcu.)
3362 1847 3558 1902 Panem

307 1937 608 2000 illuminat,
638 1945 799 2006 auget
822 1943 877 1990 et
908 1933 1226 2003 multiplicat
1262 1944 1321 1988 ut
1351 1933 1529 2004 magni
1556 1930 1879 1995 etliciamur;

308 2029 455 2086 sicut
487 2043 714 2098 magnus
749 2025 923 2082 factus
951 2034 1034 2082 est
1061 2023 1230 2092 Isaac,
1265 2033 1324 2080 et
1348 2039 1575 2094 magnus
1606 2021 1886 2092 Moses,“

310 2132 542 2189 magnus
565 2115 819 2171 Joannes.

385 2207 642 2262 Crescere.
657 2205 716 2260 In
735 2205 986 2276 operibus
1002 2204 1182 2270 bonis,
1197 2213 1258 2259 ut
1277 2218 1442 2276 parva
1465 2218 1676 2275 magna.
1698 2202 1880 2260 Unde:

310 2297 468 2364 Quod
496 2297 584 2350 uni
610 2313 674 2350 es:
703 2295 932 2348 minimis
954 2295 1080 2350 meis
1105 2293 1330 2361 fecistis,
1352 2301 1458 2348 etc.
1493 2291 1703 2362 (Matth.
1733 2290 1884 2363 xxv.)

385 2385 883 2456 Multiplicabimini.
913 2383 982 2439 Ut
1006 2397 1177 2453 pauca
1209 2381 1341 2437 fiant
1364 2396 1556 2451 magna
1582 2380 1666 2434 vel
1696 2380 1882 2434 multa.

309 2474 466 2531 Unde
517 2492 531 2528 :
582 2472 643 2528 Si
682 2472 822 2544 quod
867 2481 944 2526 est
976 2470 1124 2526 aliud
1166 2470 1474 2524 mandatum
1510 2469 1563 2522 in
1600 2469 1696 2522 hoc
1735 2469 1886 2523 verbo

308 2575 638 2621 restauratur
675 2581 694 2620 :
731 2564 930 2636 Diliges
966 2565 1261 2636 proximum
1301 2572 1449 2618 tuum
1487 2565 1620 2629 sicut
1668 2563 1885 2634 teipsum

310 2661 485 2735 (Rom.
518 2659 660 2732 Illi).

385 2751 549 2806 Vsus.
585 2750 671 2805 10.
698 2781 767 2790 -
795 2747 1104 2804 Comedetis.
1135 2735 1336 2822 (Οηιίι.)
1369 2749 1535 2805 Vetus
1565 2747 1649 2804 lex
1675 2755 1730 2803 et
1755 2761 1883 2818 pro-

307 2843 508 2914 phetae,
539 2850 670 2907 etc.,
707 2857 867 2911 usque
903 2840 972 2894 ad
1002 2849 1056 2895 et
1085 2839 1356 2895 induimus
1385 2854 1603 2895 novum.

385 2937 548 2993 Vsus.
583 2937 668 2991 11.
697 2965 769 2976 -
795 2933 1019 2991 Portam.
1061 2934 1118 2991 Si
1145 2935 1398 3006 praedicta
1427 2935 1711 3000 habemus,
1741 2933 1888 3004 abje-

311 3038 404 3085 cto
430 3029 598 3084 veteri
627 3028 846 3083 homine
875 3028 1189 3083 innovatum
1234 3035 1317 3083 est
1339 3042 1433 3082 cor
1453 3036 1700 3082 nostrum
1731 3044 1744 3078 :
1782 3023 1884 3079 Ve-

312 3120 391 3172 nit
421 3117 488 3170 ad
516 3135 607 3172 nos
639 3116 776 3170 Deus
798 3124 845 3170 et
872 3115 1070 3170 habitat
1109 3115 1164 3169 in
1196 3115 1341 3170 nobis
1370 3113 1506 3187 (Col.
1539 3115 1646 3186 ιιι).

389 3210 512 3264 Non
549 3209 789 3280 abjiciet,
845 3217 950 3264 etc.
999 3207 1200 3279 (οιυς.)
1253 3175 1439 3264 Audeo
1484 3215 1539 3264 et
1579 3175 1700 3263 dico
1759 3175 1956 3279 quiac

313 3301 498 3356 anima
523 3301 618 3355 Dei
638 3299 886 3355 Christus
910 3309 1014 3365 est,
1053 3299 1193 3354 sicut
1219 3307 1274 3354 et
1302 3299 1522 3355 verbum
1553 3298 1644 3354 Dei
1677 3300 1888 3371 sapien-

315 3394 392 3446 tia
430 3387 524 3447 Dei
557 3399 612 3447 et
647 3392 820 3446 virtus
849 3390 943 3446 Dei
983 3390 1034 3463 (Ι
1063 3390 1185 3446 Cor.
1214 3389 1278 3461 ι).
1312 3389 1439 3446 Tale
1474 3398 1557 3447 est
1597 3404 1726 3462 ergo
1756 3406 1819 3446 ac
1842 3391 1888 3446 si

315 3483 463 3538 dicat
494 3501 505 3536 :
538 3497 644 3537 non
675 3482 889 3552 objiciet
914 3497 1010 3538 vos
1036 3481 1204 3537 Filius
1237 3497 1412 3538 meus.

389 3574 598 3628 Anima.
636 3572 816 3645 (Acc.,
847 3582 1030 3644 quwst.
1067 3572 1134 3629 93
1173 3573 1228 3626 in
1269 3571 1416 3645 Leu.)
1446 3571 1696 3626 Animam
1737 3587 1890 3627 suam

314 3667 462 3721 Deus
493 3675 681 3732 vocat,
708 3675 836 3733 etc.,
870 3683 1030 3737 usque
1055 3666 1124 3721 ad
1155 3665 1248 3737 qui
1287 3666 1472 3722 dicunt
1510 3665 1742 3720 animum
1783 3683 1889 3721 non

316 3759 577 3814 habuisse
604 3757 808 3814 Jesum.

389 3849 556 3905 Vsus.
574 3849 657 3904 12.
671 3880 740 3890 —
758 3848 1066 3904 Ambulabo.
1085 3849 1288 3922 (131cm)
1305 3849 1477 3907 llo-sio
1498 3849 1691 3906 factus.
1709 3849 1889 3906 Unde:

317 3938 425 3993 llic
451 3949 529 3994 est
551 3940 692 3995 Deus
717 3951 910 4006 noster,
940 3949 988 3995 et
1011 3958 1113 3995 non
1139 3941 1463 4012 reputabitur
1486 3939 1623 3996 alius
1647 3940 1715 3994 ad
1740 3957 1891 4005 eum;

317 4038 434 4099 post
455 4030 566 4083 haec
597 4034 651 4083 in
679 4039 818 4084 terra
853 4031 991 4084 visus
1017 4040 1113 4097 est,
1146 4038 1195 4086 et
1222 4046 1340 4084 cum
1363 4029 1656 4084 hominibus
1679 4044 1890 4084 conver-

319 4130 469 4175 satus
494 4129 567 4174 est
592 4120 808 4191 (Baruc.
841 4119 944 4192 ιιι).

393 4207 558 4265 Vsus.
597 4211 682 4264 14.
723 4241 794 4254 --
831 4212 983 4278 Quod
1014 4213 1078 4267 si.
1115 4212 1316 4285 (Istca.)
1348 4211 1722 4269 Obedientium
1753 4212 1893 4267 bona

319 4303 646 4373 praecedenti
675 4303 908 4373 capitulo
935 4305 1200 4376 expressit
1226 4323 1239 4359 :
1267 4321 1386 4375 qua:
1411 4314 1591 4361 autem
1618 4305 1725 4359 sint
1752 4320 1892 4375 prte-

321 4394 686 4449 varicatorum
716 4394 854 4450 mala
880 4435 894 4460 ,
925 4397 1176 4465 praesenti
1206 4395 1440 4466 capitulo
1465 4395 1722 4462 ostendit,
1757 4409 1893 4464 quo-

1983 1937 2240 1996 doctrinae
2270 1954 2374 1994 non
2400 1937 2619 2003 habent,
2644 1946 2773 2002 etc.,
2802 1954 2963 2010 usque
2987 1937 3055 1991 ad
3079 1937 3198 1992 ideo
3224 1952 3328 1992 non
3353 1935 3558 1991 satian-

1984 2039 2073 2086 tur
2099 2031 2190 2100 qui
2213 2029 2298 2084 his
2327 2030 2556 2100 panibus
2583 2029 2917 2083 nutriuntur.
3535 2091 3541 2098 _

2053 2118 2217 2174 Vens.
2253 2118 2342 2173 27'.
2382 2148 2454 2159 —
2489 2116 2585 2173 Sin
2615 2127 2818 2181 autem,
2848 2125 2954 2172 etc.
2983 2115 3106 2188 (1ο.)
3136 2115 3252 2171 Non
3281 2115 3453 2171 solum
3481 2114 3559 2171 le-

1984 2211 2206 2284 gislator
2233 2218 2316 2266 est
2341 2210 2571 2282 Moyses,
2597 2217 2730 2276 etc.,
2761 2227 2922 2282 usque
2949 2211 3018 2265 ad
3043 2217 3104 2265 et
3126 2208 3562 2280 amatorem-legis

1983 2302 2514 2371 blasphemaverunt.

2055 2394 2219 2448 Vens.
2262 2391 2354 2447 29.
2392 2420 2465 2432 --
2513 2389 2712 2445 Games
2751 2388 3005 2458 ﬁliorum.
3041 2389 3102 2444 id
3135 2397 3218 2444 est
3249 2387 3557 2458 discipulos,

1985 2498 2120 2554 quos
2145 2482 2296 2538 vobis
2323 2481 2597 2538 assumitis
2622 2481 2674 2536 in
2707 2479 2863 2545 filios,
2894 2479 2960 2533 ad
2983 2478 3228 2534 eamdem
3258 2478 3559 2533 doctrinam

1983 2573 2164 2628 verbis
2192 2571 2383 2626 validis
2401 2611 2417 2637 ,
2444 2579 2498 2626 et
2523 2571 2756 2625 animam
2779 2567 3244 2638 corrumpentibus
3271 2567 3558 2622 inducatis.

2055 2662 2218 2718 Vsus.
2260 2662 2346 2717 50.
2383 2693 2454 2703 —
2487 2661 2695 2716 Cadetis
2723 2661 2859 2714 inter
2879 2661 3079 2714 ruinas.
3103 2659 3261 2715 Cadit
3285 2660 3430 2714 enim
3460 2675 3557 2730 po-

1984 2756 2142 2828 pulus
2178 2771 2301 2811 cum
2338 2754 2626 2810 Pharismis
2663 2752 3012 2824 spiritualiter
3049 2752 3396 2814 cadentibus,
3425 2767 3560 2822 quos

1984 2847 2139 2918 quasi
2167 2845 2305 2902 idola
2325 2844 2702 2919 admirabatur
2726 2843 2952 2915 populus
2978 2841 3353 2899 traditionibus
3373 2857 3558 2899 eorum

1985 2939 2243 2994 intentus.
3461 2940 3468 2945 '

2055 3031 2217 3086 Vsus.
2256 3028 2346 3084 51.
2380 3024 2453 3070 -'-
2491 3025 2652 3081 Urbes
2681 3033 2894 3082 vestras.
2918 3025 3001 3082 Ad
3021 3025 3256 3081 litteram
3282 3025 3364 3081 vel
3381 3025 3558 3084 libros

1985 3121 2368 3192 prophetarum
2387 3160 2402 3187 ,
2431 3119 2486 3174 in
2513 3118 2709 3189 quibus
2743 3117 3047 3173 sanctitatis
3081 3116 3314 3175 fructum
3343 3133 3456 3176 non.
3477 3118 3558 3172 in-
3587 3143 3593 3150 ο

1989 3212 2230 3267 veniunt.

2060 3301 2221 3358 Vsus.
2248 3300 2337 3357 54.
2372 3331 2441 3342 -
2478 3301 2622 3355 Tunc
2645 3299 2916 3370 placebunt
2949 3309 3102 3354 terra:
3124 3299 3364 3364 sabbata,
3395 3299 3448 3354 id
3477 3306 3568 3354 est-

1987 3396 2236 3467 requies,
2263 3393 2470 3450 scilicet
2492 3391 2644 3447 vobis
2671 3391 2991 3446 feriantibus
3021 3399 3078 3445 et
3111 3405 3141 3444 a
3167 3389 3282 3460 lege
3316 3391 3554 3455 remotis,

1989 3503 2110 3542 cum
2150 3487 2203 3541 in
2251 3485 2366 3557 lege
2401 3491 2455 3540 et
2492 3483 2767 3554 prophetis
2806 3482 3136 3538 voluntatem
3174 3492 3408 3537 vestram
3450 3496 3558 3537 non

1989 3575 2297 3632 inveniatis.

2060 3669 2221 3723 Vsus.
2259 3666 2348 3722 56.
2383 3695 2454 3707 -
2493 3665 2722 3720 Terrebit
2759 3682 2866 3721 eos.
2907 3663 3060 3720 Sicut
3085 3664 3272 3721 folium
3302 3664 3556 3728 fructum,

1989 3761 2068 3817 sic
2105 3760 2283 3814 littera
2319 3757 2598 3814 abscondit
2637 3757 2883 3827 spiritum
2916 3755 3111 3812 :aufer
3133 3754 3344 3822 folium,
3379 3754 3561 3824 accipe

1990 3851 2244 3908 fructum.
2263 3887 2272 3900 κ

2062 3944 2278 4002 Sonitus
2314 3942 2430 4014 folii
2466 3941 2706 3998 uolantis.
2746 3939 3088 4013 Hyperbole‘.
3119 3937 3445 4010 quia'etism
3486 3936 3564 3993 led

1989 4037 2208 4092 vissima
2235 4048 2460 4107 quaeque
2489 4033 2872 4090 formidabunt.

2061 4123 2258 4179 Cadent
2290 4122 2434 4178 nullo
2467 4131 2820 4194 persequente.
2859 4120 2976 4176 Non
3011 4119 3156 4176 enim
3190 4117 3564 4190 persequimur

1990 4232 2105 4282 eos,
2137 4217 2230 4272 sed
2254 4215 2530 4286 sequimur
2552 4223 2611 4269 ut
2640 4228 2972 4270 revocemus.

2061 4329 2226 4384 Vsus.
2262 4328 2352 4383 57.
2385 4358 2456 4369 -
2495 4326 2774 4382 Corruent.
2808 4325 3216 4395 Disputantibus
3251 4322 3580 4380 nobiscum.

1992 4422 2100 4487 eis,
2143 4422 2354 4476 diversa
2388 4420 2671 4491 proferunt
2714 4416 3018 4473 testimonia
3067 4413 3374 4470 alternatim
3415 4427 3431 4467 :
3471 4411 3566 4468 sed

322 4501 444 4541 mm
476 4486 719 4587 qumdaf"
761 4485 827 4541 ad
863 4485 1098 4587 Ῑξίξέτθω
1134 4485 1301 4544 Judaei
1329 4487 1471 4558 9355i
1511 4495 1636 4544 sum
1667 4505 1680 4541 ³
1713 4486 1890 4542 omnia
1917 4527 1970 4587 ι)
1997 4485 2218 4567 alternis
2259 4485 2724 4566 conturbabuntur
2761 4504 2976 4572 verbis,
3011 4503 3145 4561 alter
3173 4502 3402 4561 alterum
3438 4515 3567 4558 con-

320 4591 453 4630 vero
485 4576 778 4630 secundum
817 4577 1098 4646 spiritum.~

395 4665 559 4720 Vsus.
599 4667 684 4720 16.
725 4696 797 4707 --
832 4666 900 4720 1η
930 4678 1170 4737 egestate.
1208 4667 1329 4739 (10.)
1359 4667 1520 4724 Verbi
1554 4667 1667 4722 Dei.
1699 4667 1892 4724 Unde:

321 4755 503 4810 Durus
537 4764 610 4809 est
642 4757 726 4809 hic
754 4773 952 4824 sermo,
981 4761 1096 4828 quis
1118 4769 1278 4828 potest
1314 4775 1432 4813 eum
1461 4759 1684 4812 audire?
1713 4757 1892 4830 (Joan.

321 4845 424 4918 vt.)
479 4845 615 4912 Quia
665 4847 993 4903 intellectum
1043 4848 1178 4918 legis
1228 4847 1794 4918 transgrediebantur,
1842 4857 1900 4902 ut

322 4935 694 5006 evangelicum
727 4944 1103 4992 testamentum
1133 4937 1341 4992 irritum
1369 4937 1644 5005 facerent,
1670 4941 1899 4996 obscure

321 5024 645 5093 loquebatur
671 5026 773 5092 eis,
800 5041 868 5081 ne
898 5026 1274 5097 intelligerent.

397 5114 560 5171 Vens.
599 5117 684 5171 17.
711 5147 779 5157 -
810 5115 1066 5187 Fugietis,
1104 5119 1325 5171 nemine.
1360 5117 1480 5191 (ln.)
1508 5117 1643 5186 Quia
1674 5118 1900 5188 gentiles

322 5222 433 5262 non
476 5215 868 5276 persequentur
901 5208 968 5262 ad
1007 5206 1407 5277 expellendum,
1447 5208 1539 5263 sed
1585 5207 1901 5274 festinantes

325 5294 554 5350 salutem
594 5311 800 5360 eorum,
845 5296 1136 5350 secundum
1171 5295 1298 5352 illud
1336 5314 1350 5350 :
1384 5295 1583 5366 Sequor
1624 5305 1819 5362 autem,
1856 5296 1901 5349 si

325 5387 586 5459 quomodo
613 5387 1041 5457 comprehendam
1071 5384 1288 5457 (Philip.
1322 5389 1426 5454 ιιι).

402 5477 499 5534 Sin
539 5487 733 5532 autem.
777 5478 899 5548 (lo.)
943 5478 1258 5549 llujusmodi
1309 5477 1744 5533 distinctionibus
1792 5477 1900 5532 fre-

327 5577 559 5639 quenter
593 5569 793 5634 utitur,
832 5577 956 5634 etc.,
1002 5585 1164 5640 usque
1199 5568 1268 5622 ad
1305 5567 1518 5639 plenam
1559 5575 1614 5623 et
1643 5567 1901 5637 integram

329 5657 625 5714 vindictam
652 5659 939 5731 signiﬁcat.
1059 5647 1070 5658 ’

404 5747 564 5806 ιω.
607 5752 692 5808 18.
728 5781 798 5794 -ο
832 5752 1036 5807 Addam
1071 5755 1462 5841 correptionem.
1495 5752 1636 5808 ωιι
1665 5769 1677 5808 :
1715 5752 1778 5807 Et
1807 5771 1900 5824 np-

1997 4601 2182 4654 turhat
2212 4599 2339 4655 dum
2368 4597 2655 4654 subvenire
2680 4596 2914 4652 videtur.
2947 4649 2960 4654 _

2068 4710 2230 4764 Vens.
2257 4709 2346 4763 41.
2372 4739 2438 4750 -—
2469 4685 2830 4762 incircumcisa
2855 4721 2997 4760 mens
3026 4721 3224 4760 eorum.
3250 4703 3384 4772 Quia
3407 4703 3570 4759 inciﬁ-

1999 4799 2223 4855 cumcisi
2263 4798 2456 4864 corde,
2482 4797 2734 4852 vitiorum
2761 4795 2948 4868 polluti
2977 4796 3240 4866 praeputio
3259 4836 3272 4862 ,
3304 4811 3405 4850 non
3433 4795 3571 4850 enim

1997 4908 2114 4963 qua:
2138 4892 2191 4945 in
2215 4907 2372 4944 carne
2396 4899 2469 4944 est
2502 4890 2823 4944 circumcisio
2853 4888 3028 4960 (Rom.
3063 4887 3144 4959 ιι).

2076 5001 2219 5056 Tunc
2247 5001 2465 5056 orabunt
2492 5017 2585 5070 pro
2610 4999 2960 5070 impietatibus
2989 4997 3118 5052 suis.
3143 4995 3286 5052 LXX
3309 5010 3323 5050 :
3346 4994 3570 5050 Peccata
3609 5027 3614 5030 -

2003 5112 2099 5150 sua
2126 5093 2317 5163 placita
2343 5091 2620 5157 habebunt,
2654 5105 2842 5162 pmnas
2867 5089 3072 5145 scilicet
3093 5102 3228 5159 quas
3251 5101 3349 5158 pro
3376 5100 3569 5160 pecca-

2006 5184 2075 5237 tis
2105 5181 2393 5252 patientur.

2081 5267 2239 5351 Vs‘ns.
2267 5295 2354 5349 42.
2383 5323 2452 5336 -—
2478 5293 2631 5359 Quod
2649 5293 2816 5364 pepigi
2843 5308 2964 5346 cum
2989 5290 3172 5346 Iacob.
3212 5288 3414 5362 (istem)
3438 5287 3573 5342 Nota

2007 5389 2150 5460 quod
2175 5387 2430 5458 temporis
2461 5394 2516 5442 et
2544 5386 2758 5458 generis
2782 5384 3023 5440 ordinem
3061 5383 3305 5446 mutavit,
3332 5389 3458 5444 etc.,
3488 5395 3574 5433 us-

2001 5496 2100 5550 que
2121 5479 2189 5532 ad
2211 5476 2606 5548 coniunguntur
2624 5491 2753 5532 vero
2775 5482 3024 5545 tanquam
3052 5482 3279 5545 cognata
3303 5478 3361 5526 et
3381 5483 3576 5525 convee

2004 5567 2226 5622 nientia.

2077 5658 2251 5713 Terra:
2275 5674 2476 5730 quoque
2509 5672 2706 5710 memor
2741 5671 2848 5709 ero.
2884 5653 3087 5726 (-ISIcu.)
3117 5651 3408 5722 Scriptura:
3432 5649 3578 5705 scili-

2005 5760 2109 5818 cet,
2137 5764 2296 5821 quam
2329 5748 2592 5805 mandabo
2629 5745 2815 5815 ejectis
2850 5743 3082 5812 Judaeis,
3109 5743 3201 5818 qui
3222 5756 3340 5799 eam
3369 5755 3567 5813 praeva-
