3998 6332
477 344 586 407 573

974 340 1371 400 WALAFPJDI
1409 314 1655 400 sanant
1686 336 1891 397 rum.
1934 330 2101 392 non.
2139 330 2288 390 opp.
2328 326 2508 386 rans
2544 322 2586 385 t.
2624 359 2695 370 —
2731 321 3187 384 THEOLOGICA.

3617 318 3709 381 εκ

480 459 638 518 ricati
662 466 788 516 sunt
815 457 897 513 vel
922 460 1430 530 praevaricabantm',
1462 466 1517 515 et
1544 471 1709 530 prave
1736 457 2055 527 interpreta-
2082 447 2130 508 Α
2159 447 2399 519 duplices
2440 462 2631 504 sensus
2677 445 2892 511 habeat,
2935 454 2991 499 et
3019 458 3138 514 quas
3186 437 3524 530 sensibiliter
3559 444 3706 502 audit.

482 550 701 607 bantur.

2155 539 2562 611 iuteliigibiliter
2598 537 2873 607 suscipiat.
2905 534 2998 609 _Sic
3040 532 3187 591 enim
3224 533 3298 588 ad
3344 528 3709 603 perfectionem

553 639 721 696 Vens.
755 638 844 694 μ.
883 670 951 682 -
987 638 1230 695 Attamen
1265 641 1421 695 etiam
1455 655 1574 695 cum
1609 646 1777 693 essent
1815 639 1869 692 in
1916 646 2057 691 terra
2155 629 2392 695 ducitur,
2440 637 2663 700 propter
2704 627 2848 698 quod
2880 633 3095 682 centum
3143 623 3440 680 obolorum
3471 632 3553 681 est
3595 642 3704 697 pro-

453 766 457 771 -
488 731 679 788 hostili.
709 731 855 788 Bene
883 732 935 787 in
964 732 1069 789 line
1092 732 1309 804 capituli
1340 731 1631 798 blanditur,
1661 738 1717 786 et
1737 743 1873 801 quos
1898 727 2058 783 minis
2157 721 2289 776 tium
2314 718 2430 789 ejus
2458 738 2471 775 :
2499 717 2841 775 centenarias
2868 726 3048 772 autem
3072 715 3356 787 perfectus
3381 724 3487 771 est.

487 834 757 882 temerat
778 825 1061 896 promissis
1096 810 1424 881 consolatur.

2229 810 2339 866 Pro
2396 810 2609 881 femina.
2661 807 2782 881 an.)
2843 806 2947 863 Pro
2969 807 3167 863 feutina
3223 814 3338 862 tres
3389 806 3709 878 didracbmre,

559 921 685 977 Non
726 923 949 996 penitus.
980 919 1198 976 chitas
1231 936 1297 975 ex
1326 928 1473 990 parte
1507 918 1753 989 contingit
1780 917 1835 971 in
1868 913 2058 982 Israel,
2159 910 2265 960 Cic-
2295 942 2312 969 .
2378 918 2540 973 usque
2594 901 2666 956 ad
2707 899 2861 972 quasi
2891 899 3005 971 iam
3057 899 3359 971 participes
3422 902 3712 972 evangelica

488 1015 654 1071 donec
695 1012 962 1085 plenitudo
1001 1013 1230 1084 gentium
1270 1011 1618 1076 subintraret;
1661 1017 1709 1063 et
1757 1016 1947 1063 caetera
1993 1002 2061 1077 (Ι
2162 996 2610 1055 conversationis.

490 1104 629 1159 Tim.
653 1103 740 1176 It).

2194 1088 2641 1175 .Sexagenarius.
2703 1086 2806 1155 Qui
2867 1085 3249 1143 excellentiam
3317 1087 3714 1145 conversationis

562 1195 674 1252 Nec
700 1175 778 1252 sic
812 1194 1040 1267 despexi.
1079 1195 1179 1263 Qui
1207 1195 1437 1251 salutem
1475 1192 1715 1248 omnium
1740 1189 1861 1246 volo
1890 1207 1902 1244 :
1939 1188 2062 1245 ideo
2161 1180 2429 1253 promisit,
2455 1180 2599 1236 sicut
2623 1178 3015 1250 virginitatem,
3046 1177 3133 1233 vel
3178 1175 3377 1232 mundi
3404 1176 3713 1234 abrenuntia-

488 1294 615 1357 post
650 1294 828 1342 tantas
864 1285 1214 1356 iniquitates,
1257 1283 1421 1339 etiam
1462 1281 1769 1338 Judzeorum
1810 1278 2066 1351 reliquias
2166 1272 2391 1336 tionem,
2418 1269 2514 1325 sed
2540 1268 2847 1325 infirmatus
2880 1276 2982 1322 est.

491 1380 666 1437 salvo.

2234 1363 2391 1419 Dabit
2416 1362 2733 1435 quindecim.
2790 1358 2895 1416 Vel
2930 1359 3302 1425 didrachmas,
3332 1373 3454 1429 qua:
3479 1365 3595 1415 sunt
3635 1360 3716 1416 πῖ.

506 1504 507 1507 η
560 1468 723 1527 Vsus.
749 1470 838 1526 45.
867 1502 937 1511 —
966 1470 1097 1527 Htrc
1139 1479 1281 1526 sunt.
1314 1468 1519 1543 (istem)
1550 1468 1735 1539 Usque
1759 1466 1827 1522 ad
1854 1472 2066 1522 certum
2165 1456 2310 1527 ginta
2335 1454 2629 1510 drachmas.
2665 1452 2801 1509 Tres
2829 1452 2972 1508 enim
3000 1450 3213 1543 fructus
3244 1451 3397 1543 bona
3433 1451 3713 1543 terreres

493 1570 721 1634 tempus,
752 1570 881 1628 etc.,
912 1579 1074 1634 usque
1105 1562 1183 1616 ad
1204 1577 1311 1618 non
1340 1559 1619 1623 solvendo,
1649 1558 1745 1614 sed
1769 1554 2062 1627 implendo.

2166 1546 2301 1603 didit
2327 1544 2542 1619 (Matth.
2587 1527 3177 1615 xm)’:centenarium,
3239 1539 3309 1596 id
3338 1548 3433 1596 est
3473 1527 3728 1613 virginem'

562 1631 631 1706 1;.
675 1661 846 1706 monte
889 1631 1063 1708 Sinni.
1114 1651 1230 1705 Non
1258 1651 1315 1706 in
1362 1648 1514 1706 Sion.
1556 1648 1748 1705 Unde:
1792 1645 2068 1725 Videbitur
2167 1652 2291 1694 esse
2316 1636 2409 1692 vel
2426 1635 2627 1691 mundo
2675 1633 3087 1698 abrenuntiare;
3118 1631 3561 1702 sexagenarium,
3586 1632 3711 1688 scili-

492 1740 636 1796 Deus
681 1740 899 1795 deorum
925 1741 983 1794 in
1017 1739 1148 1796 Sion
1176 1737 1351 1811 (Psal.
1388 1737 1642 1810 Lxxxm).
1672 1736 1741 1792 Et
1775 1733 1905 1791 alibi
1939 1753 1951 1766 ·
1984 1721 2069 1789 se
2095 1797 2141 1811 _
2169 1738 2255 1788 cet
2280 1728 2708 1793 continentiam;
2746 1723 3121 1791 tricenarium,
3150 1723 3207 1779 id
3236 1732 3327 1779 est
3350 1722 3493 1779 casti
3512 1721 3713 1795 coniugii

497 1828 628 1885 Sion
648 1831 842 1901 species
862 1829 1062 1884 decoris
1081 1797 1216 1899 ejus.
1244 1828 1382 1884 Deus
1404 1797 1677 1897 manifeste
1696 1826 1863 1882 veniet
1888 1823 2062 1898 (Psal.
2085 1797 2143 1858 ’Β
2170 1820 2659 1877 conversationem.
3004 1848 3015 1859 -

498 1917 670 1991 xux).
723 1917 794 1974 Et
838 1919 893 1974 in
923 1918 1225 1975 Malachia:
1259 1917 1444 1974 Subito
1493 1918 1656 1972 ueniet
1701 1916 1773 1971 ad
1818 1914 2066 1988 templum

497 2026 652 2067 suum
674 2009 971 2065 dominator
998 2025 1149 2082 quem
1177 2025 1263 2066 vos
1287 2009 1522 2081 quaeritis
1551 2006 1769 2082 (Malae.
1796 2008 1902 2079 nt}.

1065 2161 1293 2219 CAPUT
1338 2160 1550 2218 XXVI}.

2239 1911 2404 1966 Vens.
2432 1910 2484 1966 8.
2511 1939 2583 1951 -—
2608 1907 2670 1965 Si
2692 1922 2908 1978 pauper.
2935 1904 3041 1975 Qui
3066 1903 3299 1969 multum
3327 1903 3586 1977 peccavit,
3616 1903 3715 1961 ideo

2170 2002 2554 2072 interpretatus
2580 2006 2664 2054 est
2684 1995 2894 2068 Aquila,
2933 1995 2980 2052 si
3006 1996 3249 2050 excessit.

2241 2093 2431 2150 Stabit.
2483 2091 2542 2148 Si
2588 2090 2733 2147 enim
2788 2087 3080 2161 quemlibet
3124 2087 3291 2144 nobis
3330 2086 3591 2143 subditum
3634 2084 3711 2142 Dei
3800 2102 3805 2111 '

2173 2184 2394 2243 servitio
2418 2181 2796 2249 obtulerimus,
2838 2181 2894 2236 in
2920 2179 3289 2236 ministerium
3336 2186 3577 2235 nostrum
3602 2177 3712 2233 reci-

568 2271 737 2329 Vens.
762 2273 818 2329 2.
867 2303 932 2315 —
965 2272 1138 2330 Homo
1188 2275 1299 2346 qui.
1353 2271 1559 2346 (lsrcn.)
1605 2271 1771 2330 Plena
1798 2279 1925 2328 sunt
1954 2272 2071 2328 lucc
2171 2290 2301 2350 pere
2333 2290 2442 2332 non
2478 2272 2760 2341 debemus,
2801 2272 3183 2344 promittentes
3212 2285 3316 2344 pro
3345 2285 3412 2329 eo
3447 2268 3527 2325 vel
3553 2267 3708 2325 melio-

500 2363 663 2420 verba
691 2363 1010 2434 prudentia:
1040 2380 1160 2435 quae
1182 2375 1430 2436 oporteat
1457 2365 1564 2437 agi,
1590 2365 1676 2419 vel
1705 2365 1949 2429 minime,
1977 2380 2071 2421 su-

500 2452 687 2524 perius
712 2454 998 2525 praecepit;
1030 2468 1173 2509 nunc
1191 2452 1277 2510 vel
1299 2469 1365 2510 ex
1391 2462 1525 2519 toto,
1540 2453 1625 2510 vel
1644 2470 1710 2510 ex
1735 2462 1890 2527 parte
1909 2468 2075 2527 agen-

505 2542 642 2598 tium
681 2543 995 2615 dignitatem
1039 2544 1281 2615 exponit,
1328 2543 1456 2615 quid
1486 2543 1727 2615 perfecta
1781 2544 1915 2610 vita,
1943 2544 2075 2615 quid

507 2629 819 2695 mediocris,
868 2631 997 2702 quid
1046 2631 1307 2702 incipiens
1356 2633 1679 2704 cognitionis
1723 2632 1821 2690 Dei
1872 2633 2077 2692 habeat

508 2721 847 2779 diﬂ'erentias
867 2736 1081 2793 quoque
1106 2732 1323 2779 aetatum
1348 2724 1628 2781 describit.
1866 2735 1879 2751 ‘

577 2815 842 2869 Animam.
875 2813 1078 2888 (istem)
1107 2814 1298 2886 Aquila
1315 2823 1371 2872 et
1397 2815 1727 2881 Theodotio.
1743 2816 2070 2874 admirahilo'.

508 2903 885 2977 Symmachus,
912 2905 958 2960 si
979 2921 1033 2961 se
1052 2907 1385 2977 separaverit.
1411 2905 1553 2962 LXX
1579 2925 1590 2962 :
1614 2908 1862 2965 honorem
1883 2908 2074 2964 anima:

506 3011 641 3052 sanan

579 3086 621 3141 Α
672 3087 935 3160 vigesimo.
1001 3091 1128 3165 fio.)
1177 3091 1402 3161 Quando
1459 3095 1650 3165 pubes,
1712 3092 1888 3159 fortis,
1943 3100 2073 3160 etc.,

507 3194 673 3251 usque
696 3179 768 3234 ad
792 3179 860 3238 de
891 3195 996 3252 qua
1024 3182 1223 3239 dicitur
1246 3201 1259 3238 :
1289 3183 1469 3239 Estote
1490 3182 1705 3255 perfecti
1729 3185 1865 3239 sicut
1890 3192 1939 3239 et
1963 3181 2076 3238 Pa-

509 3279 590 3325 ter
608 3281 775 3326 uester
790 3273 1048 3345 perfectus
1078 3284 1152 3330 est
1175 3274 1389 3348 (Matth.
1415 3277 1493 3339 v).

582 3359 781 3418 δίεισι.
840 3361 1045 3436 (issem)
1100 3366 1204 3421 Vei
1261 3367 1624 3435 didrachmas,
1673 3368 2080 3440 sexagenarium

510 3450 770 3519 fructum,
814 3462 948 3519 etc.,
986 3456 1243 3528 usquead
1284 3460 1425 3513 unde
1456 3476 1469 3513 :
1509 3456 1684 3513 Vidua
1712 3458 1942 3530 eligatur
1972 3475 2079 3515 non

510 3543 687 3598 minus
707 3545 980 3616 sexaginta
1000 3563 1258 3602 annorum
1281 3547 1335 3618 (I
1362 3546 1496 3603 Tim.
1522 3549 1597 3620 v).

583 3634 748 3691 Vens.
786 3635 840 3691 5.
877 3667 949 3677 —
976 3639 1020 3691 Α
1063 3639 1263 3710 quinto.
1314 3640 1438 3715 (lu.)
1467 3640 1569 3709 Qui
1609 3649 1857 3698 sensatus
1889 3650 1993 3709 est,
2026 3652 2083 3699 et

506 3722 775 3792 prolicere
803 3726 1042 3797 incmpit,
1074 3729 1166 3784 sed
1197 3731 1605 3786 conversatione
1630 3726 1822 3799 ieiunii
1848 3745 1954 3787 non
1981 3747 2081 3803 po-

518 3822 626 3870 test
648 3816 852 3871 ornari.
1586 3872 1590 3876 θ

562 3983 569 3992 .
588 3900 783 3977 Usque.
808 3904 936 3978 (Ιυ.)
962 3905 1063 3974 Qui
1088 3909 1348 3977 proﬁcere
1369 3912 1533 3982 empit
1549 3916 1797 3974 sensibus
1810 3916 2083 3988 quinque:

518 4004 808 4066 provectus
842 3996 988 4052 enim
1034 3998 1123 4054 llic
1168 4007 1257 4054 est
1297 4000 1363 4056 ad
1405 4002 1680 4073 virtutem,
1720 4014 1775 4062 et
1798 4006 2087 4078 perfectio-

514 4100 665 4143 nem.
714 4084 917 4157 Viginti
945 4087 1091 4143 enim
1126 4103 1399 4147 annorum
1439 4093 1608 4153 fortes
1631 4106 1761 4154 sunt
1793 4105 1954 4169 atque
1992 4113 2087 4153 va-

513 4178 716 4239 lentes.

590 4268 1025 4327 ﬂosculusth
1051 4272 1230 4345 viginti
1253 4274 1429 4333 siclos.
1464 4276 1586 4351 (lo.)
1608 4277 1703 4337 Vel
1717 4280 2088 4350 didrachmas,

515 4361 575 4419 id
597 4369 685 4417 est
702 4361 1060 4435 quadraginta
1084 4363 1407 4435 drachmas;
1436 4368 1492 4426 id
1519 4377 1602 4426 est
1623 4370 1808 4429 obolos
1824 4374 2086 4444 quadrin-

516 4459 744 4560 κωδωιῖ
776 4450 1259 4560 Quadragensriu:
1290 4458 1635 4560 vero
1665 4470 1737 4560 et
1777 4463 2082 4560 orationum
2112 4498 2165 4560 Β

516 4548 840 4613 proventum
865 4542 1158 4614 signiﬁcat.
1215 4545 1320 4602 Tot
1370 4548 1515 4605 enim
1577 4551 1766 4608 diebus
1821 4551 2087 4625 jejunavit

2174 2382 2313 2432 rem,
2341 2363 2429 2420 vel
2450 2363 2630 2421 minus
2652 2361 2875 2419 bonum.
3580 2429 3587 2437 ⁸

2247 2458 2515 2524 Quantum
2555 2454 2645 2510 ille
2665 2454 3013 2511 testimauerit.
3044 2451 3102 2510 Id
3141 2462 3232 2511 est
3258 2460 3517 2526 quantum
3551 2450 3713 2509 viderit

2174 2563 2296 2605 eum
2323 2561 2484 2619 posse
2531 2544 2921 2626 satisfactioni‘s
2972 2543 3217 2616 imponet
3248 2562 3263 2600 :
3303 2544 3400 2601 sed
3440 2544 3485 2600 si
3513 2542 3719 2613 locuples.

2175 2650 2281 2708 est,
2315 2647 2377 2695 ut
2404 2637 2689 2696 distribuat
2713 2635 3025 2708 pecuniam,
3067 2635 3113 2693 si
3140 2650 3315 2694 sanus
3353 2634 3574 2708 ieiunet,
3597 2641 3710 2701 oret,

2176 2731 2403 2789 laboret.

2250 2825 2416 2880 Vsus.
2446 2821 2500 2879 9.
2529 2853 2602 2864 —
2621 2819 2851 2878 Animal.
2872 2818 3011 2888 Quia
3036 2817 3377 2877 differentias
3424 2814 3709 2873 oblatiouum

2177 2930 2297 2988 quae
2323 2929 2388 2970 ex
2417 2913 2574 2970 nobis
2601 2913 2734 2984 ipsis
2769 2920 2895 2968 sunt
2921 2918 2975 2969 et
2998 2910 3200 2982 gradus
3222 2909 3504 2981 exposuit:
3523 2907 3622 2978 jam
3639 2919 3711 2959 eo-

2178 3020 2299 3062 rum
2333 3019 2454 3075 quae
2478 2998 2635 3060 nobis
2660 3011 2915 3073 tanquam
2939 3014 3134 3072 pecora
3161 2998 3370 3057 subditi
3412 3005 3551 3062 sunt,
3572 3009 3712 3066 quau-

2179 3098 2249 3155 do
2280 3098 2350 3153 sit
2374 3096 2574 3153 oblatio
2601 3103 2791 3152 sancta
2819 3092 3059 3165 exponit.

2252 3185 2505 3242 Sanctum
2546 3184 2664 3240 erit.
2707 3182 3013 3239 Secundum
3050 3180 3223 3251 legem
3254 3176 3635 3236 immaculatum
3666 3180 3724 3230 et‘

2178 3277 2437 3333 mundum
2463 3294 2477 3330 :
2507 3274 2673 3332 veluti
2719 3275 2765 3330 si
2793 3272 2981 3337 lilium,
3011 3271 3360 3343 discipulum,
3389 3283 3607 3334 servum,
3637 3263 3704 3320 vel

2178 3367 2474 3440 quemlibet
2495 3365 2651 3421 nobis
2683 3363 2955 3420 subditum
2987 3362 3096 3417 Deo
3127 3361 3504 3418 obtulerimus.

2250 3460 2412 3516 Vsus.
2445 3456 2531 3512 l0.
2572 3487 2642 3498 -—
2669 3454 2843 3522 Quod.
2879 3454 2951 3511 Ut
2973 3453 3045 3511 sit
3091 3452 3291 3525 duplex
3319 3451 3535 3516 oblatio,
3565 3444 3712 3504 etini—

2180 3556 2355 3611 micas
2399 3550 2700 3615 erubescat,
2755 3548 2857 3622 qui
2876 3546 3206 3603 oblationem
3238 3552 3450 3602 mutare
3491 3551 3705 3613 suggere-

2181 3647 2294 3704 bat.

2254 3736 2420 3793 Vsns.
2455 3733 2543 3790 ii.
2596 3762 2666 3775 -—
2711 3729 2927 3786 Animal
2971 3727 3322 3785 immundum.
3370 3721 3566 3800 (Istam)
3607 3716 3709 3785 Qut:

2183 3844 2291 3886 non
2342 3826 2523 3893 simul,
2577 3834 2708 3892 etc.,
2759 3840 2921 3896 usque
2963 3822 3034 3877 ad
3068 3830 3128 3878 ut
3160 3821 3338 3894 possit
3387 3814 3601 3875 Domino
3642 3805 3710 3864 oi-

2186 3918 2338 3977 ferri.

2256 4004 2546 4066 sciendum
2585 4015 2669 4064 est
2700 4005 2843 4078 quod
2887 4004 3035 4061 aliud
3085 4009 3170 4059 est
3211 3994 3552 4059 sanctiﬁcari,
3596 3984 3710 4044 aliud

2182 4109 2270 4159 est
2293 4107 2541 4157 sanctum
2570 4113 2713 4165 esse,
2753 4096 2898 4152 aliud
2934 4096 3047 4152 Deo
3074 4092 3284 4160 oﬂ’erri,
3314 4088 3457 4147 aliud
3486 4084 3570 4142 Dei
3595 4090 3707 4137 esse.

2185 4193 2341 4264 Quod
2369 4192 2515 4250 enim
2543 4189 2918 4248 sanctiﬁcatur
2939 4194 2997 4242 et
3024 4185 3251 4242 oil'ertur
3292 4188 3531 4240 sanctum
3557 4166 3710 4264 incipi}

2184 4254 2329 4351 esse,
2350 4282 2493 4354 quod
2516 4296 2625 4338 non
2652 4287 2791 4347 erat,
2821 4287 2877 4335 et
2901 4276 3158 4350 paulatim
3178 4276 3563 4347 augmentatur.

2187 4383 2437 4431 sanctum
2480 4378 2565 4429 est
2605 4377 2661 4426 et
2703 4368 2801 4426 Dei
2849 4375 2951 4433 est,
2983 4380 3091 4423 non
3120 4372 3244 4438 eget
3272 4365 3566 4435 augmento,
3604 4358 3704 4420 quia

2186 4463 2489 4537 perfectum
2515 4470 2619 4518 est.
2646 4459 2856 4516 Bonum
2892 4465 3131 4527 estergo
3171 4455 3400 4511 aliorum
3422 4442 3708 4537 doctrina

2192 4536 2394 4613 auxilio
2446 4549 2797 4616 sanetiilcari,
2840 4548 2935 4605 sed
2968 4544 3162 4602 melius
3192 4552 3280 4600 est
3305 4539 3462 4598 talem
3488 4544 3614 4590 esse.
3634 4536 3707 4596 qui

518 4632 699 4690 Moses
718 4632 918 4706 (Exod.
938 4636 1148 4710 xxxiv),
1169 4646 1225 4693 et
1245 4638 1392 4696 Eiias
1419 4639 1537 4712 (III
1565 4641 1692 4715 Reg.
1720 4644 1861 4717 xxx),
1891 4655 1949 4704 et
1973 4647 2089 4717 ipse
2192 4646 2454 4719 seipsum,
2505 4651 2563 4698 et
2611 4641 2746 4698 alios
2773 4640 2944 4711 possit
2983 4637 3344 4704 εθηθῑῖίῖεπθι
3372 4627 3509 4705 αἰιπκ1
3541 4630 3706 4719 Pium:

517 4723 790 4791 Christus,
820 4733 1022 4797 etpost
1047 4742 1080 4782 a
1108 4728 1318 4785 diabolo
1344 4738 1428 4787 est
1449 4739 1692 4793 tentatus
1717 4735 1934 4808 (Matth.
1964 4740 2067 4812 tv).

595 4815 761 4871 Vsus.
793 4814 846 4870 7.
874 4845 947 4857 —
970 4813 1193 4873 Femina
1215 4819 1409 4877 decem.
1438 4822 1561 4896 (ιο.)
1594 4825 1689 4883 Vel
1726 4827 2087 4895 didrachmas,

520 4905 576 4962 id
598 4912 684 4962 est
706 4904 895 4976 viginti
924 4906 1212 4964 drachmas
1252 4911 1335 4967 vel
1374 4911 1636 4971 ducentos
1659 4915 1867 4982 obolos,
1898 4927 2088 4974 custo-

523 4996 669 5052 diam
699 4996 908 5053 scilicet
933 4996 1118 5053 decem
1154 5001 1552 5069 mandatorum,
1600 5020 1721 5075 quae
1749 5005 2092 5075 duplicantur

524 5089 819 5146 secundum
845 5089 1087 5147 litteram
1125 5099 1181 5146 et
1214 5092 1487 5163 spiritum,
1536 5093 1590 5148 in
1638 5094 1832 5164 quibus
1872 5111 1977 5152 non
2008 5106 2091 5153 est

525 5190 854 5254 praeceptum
883 5182 1164 5253 jejunium,
1204 5185 1330 5254 quia
1364 5193 1649 5256 provectos
1684 5187 1836 5243 decet
1863 5189 2089 5245 necdum

525 5270 815 5345 perfectos.

598 5361 679 5417 Ab
698 5378 825 5419 uno.
854 5364 1025 5423 Unius
1052 5364 1255 5421 mensis
1281 5372 1383 5428 cst,
1413 5363 1504 5435 qui
1534 5380 1674 5421 nunc
1724 5366 1778 5421 in
1809 5366 1910 5424 lidc
1937 5368 2092 5440 geni-

526 5462 618 5511 tus
638 5462 742 5519 est,
776 5454 972 5525 quibus
1001 5456 1241 5512 dicitur:
1275 5454 1441 5522 Quasi
1477 5455 1631 5510 modo
1658 5458 1820 5527 geniti
1861 5459 2090 5528 infantes

529 5545 867 5603 rationabiles
899 5549 1010 5603 sine
1041 5546 1182 5615 dolo,
1208 5545 1290 5601 lac
1319 5548 1679 5618 concupiscite,
1722 5557 1827 5605 etc.
1859 5548 1912 5621 (I
1946 5547 2088 5607 Petr.

532 5648 620 5691 Ill.

581 5634 863 5799 )Qningttc.
905 5726 999 5785 Vel
1054 5728 1398 5795 didrachmas,
1452 5729 1658 5787 scilicet
1708 5739 1765 5786 ut
1817 5730 2090 5789 masculus

2192 4705 2314 4794 rum
2345 4705 2449 4794 est.
2472 4705 2792 4791 Sanctiﬁ'cat
2809 4746 2939 4803 ergo
2965 4731 3183 4787 domum
3211 4726 3452 4788 Domino,
3472 4716 3563 4791 qui
3581 4705 3706 4768 fami-

2193 4828 2322 4883 liam
2352 4840 2525 4891 suam,
2569 4831 2624 4880 et
2667 4822 3040 4894 cognationem
3071 4828 3184 4875 tam
3237 4812 3537 4898 sensibilem
3578 4810 3705 4898 φιδιξξ

2187 4914 2576 4987 intelligibilem
2600 4891 2759 4983 pure,
2790 4920 2846 4967 et
2873 4919 3060 4966 sancte
3087 4909 3199 4965 vult
3241 4895 3565 4966 convefsari.
3586 4891 3707 4987 "is"

2185 4981 2428 5065 Ecclesia
2456 5007 2572 5063 Dei.
2603 4981 2679 5073 ‘Si
2708 5014 2886 5060 autem
2926 5019 3026 5075 per
3054 5018 3113 5059 se
3148 5019 3257 5059 non
3285 5007 3368 5057 est
3395 4995 3604 5052 idoneus
3626 4981 3706 5037 hoc

2186 5099 2386 5165 facere,
2437 5096 2690 5154 sacerdos
2719 5095 2877 5151 debet
2916 5085 3259 5150 considerare
3296 5099 3469 5147 utrum
3510 5081 3632 5137 bona
3652 5082 3704 5124 III

2188 5190 2328 5248 mala
2355 5190 2443 5246 sit.
2495 5188 2577 5243 Ex
2610 5187 2838 5242 diversis
2866 5185 3009 5243 enim
3055 5190 3265 5239 constat
3294 5173 3547 5255 personis.
3574 5172 3622 5223 εί
3640 5172 3706 5215 ⁸ο·

2192 5279 2424 5336 cundum
2451 5277 2594 5347 quod
2619 5284 2862 5348 possunt,
2891 5275 3051 5331 debet
3076 5274 3352 5346 iniungere
3376 5267 3469 5325 eis.

2260 5367 2424 5423 Vsus.
2455 5344 2544 5422 i5.
2572 5344 2644 5407 -:
2673 5360 2924 5433 Quintam
2971 5344 3190 5436 partem.
3223 5363 3466 5421 Mentem,
3516 5344 3701 5436 scilicet:

2196 5476 2314 5533 qum
2339 5459 2479 5532 regit
2497 5426 2731 5529 quinque
2754 5426 3109 5522 sensusfsinc
3136 5472 3240 5527 qua
3263 5452 3484 5522 virgines
3503 5442 3636 5498 fatua
3651 5426 3701 5483 ad

2197 5552 2414 5623 nuptias
2436 5567 2541 5606 non
2564 5550 2928 5621 suscipiuntur
2951 5548 3163 5619 (Matth.
3191 5547 3334 5618 xxv).
3650 5607 3680 5623 Δ,

2268 5619 2428 5695 Vens.
2463 5641 2548 5695 ll.
2577 5671 2646 5681 -—
2676 5619 2842 5694 llomo
2865 5640 2911 5694 si
2946 5641 3152 5695 noverit.
3186 5633 3382 5710 (lsrc‘u-l
3408 5630 3458 5686 Ῐη
3479 5619 3697 5714 “quat”:

2198 5735 2297 5790 bus
2328 5733 2491 5789 dicit:
2543 5730 2712 5788 Omne
2763 5731 2902 5802 quod
2946 5730 3171 5789 Domino
3217 5728 3567 5787 consecratur,
3612 5711 3698 5759 si“

3590 5847 3896 6322 Δ
