3998 6332
220 315 332 375 377

1255 317 1522 375 GLOSSA
1563 317 1958 373 ORDINARIA.
1994 347 2065 360 -—
2102 318 2229 374 LIB.
2270 319 2498 376 LEVIT.

3382 322 3486 378 378

220 441 413 504 homo,
450 435 564 493 sive
593 430 812 501 an'imal,
857 435 970 492 sive
997 449 1146 508 ager,
1193 437 1387 492 redimi
1415 452 1522 492 non
1563 437 1798 506 poterit;
1830 440 1879 497 Α
1906 437 2166 507 pondera,
2208 447 2266 492 ut
2293 437 2754 508 philosophorum,
2795 438 2878 493 vel
2923 438 3323 507 haereticorum,
3361 443 3486 512 qui-

222 532 316 588 hic
347 538 530 588 autem
579 529 797 585 domum
848 539 902 584 et
945 543 1134 598 agrum
1183 529 1371 583 redimi
1407 529 1670 599 praecipit.
1704 527 1811 584 Sed

222 622 412 679 forsan
445 621 549 677 hoc
577 621 873 676 secundum
923 619 1165 674 diversas
1209 619 1532 674 intentiones
1581 618 1810 675 offeren-

219 716 361 770 tium
390 715 662 780 decernit,
718 723 972 783 tanquam
1001 713 1074 768 ibi
1106 729 1212 769 non
1257 714 1452 769 habeat
1483 714 1808 768 voluntatem

221 806 456 862 ulterius
484 805 734 871 habendi,
764 805 906 874 quod
928 803 1141 874 penitus
1164 805 1520 859 consecravit.

297 900 466 956 Vens.
499 896 777 954 t5.—Sin
797 906 971 951 autem
998 895 1108 961 ille,
1128 904 1234 951 etc.
1266 895 1468 967 (Isrcn.)
1498 895 1802 963 Redimere,

221 1001 310 1048 est
331 1004 434 1062 per
463 988 761 1045 doctrinam
789 995 845 1041 et
886 985 1167 1040 formulam
1215 985 1340 1040 vita:
1376 984 1632 1040 familiam
1670 985 1803 1040 libe-

222 1099 371 1149 rare,
399 1091 455 1138 et
481 1081 740 1152 quidquid
765 1077 1133 1134 sanctimonia:
1171 1077 1348 1132 obviat
1378 1077 1602 1132 diluere.
1649 1077 1802 1148 Adji-

219 1175 330 1228 ciet
357 1187 488 1228 vero
507 1169 860 1226 admonitioni
887 1176 942 1223 et
963 1166 1299 1222 aediﬁcationi
1329 1167 1624 1222 sacerdotis
1652 1166 1805 1222 intel-

219 1264 522 1334 Iigentiam,
553 1269 608 1315 et
634 1259 970 1328 frequentem
999 1257 1587 1312 commemorationem.

290 1355 461 1409 Vens.
491 1352 576 1408 16.
606 1381 677 1390 -
706 1349 858 1416 Quod
884 1350 929 1402 si
958 1365 1162 1418 agrum.
1216 1347 1274 1401 Id
1304 1356 1406 1412 est,
1465 1347 1800 1418 Scripturam

219 1446 482 1509 divinam,
529 1443 680 1514 cujus
707 1441 832 1495 vitis
856 1440 1122 1502 Christus,
1153 1439 1316 1494 Pater
1339 1439 1572 1510 agricola
1615 1438 1796 1511 (loan.

219 1535 356 1606 xiv).
383 1534 441 1588 In
469 1534 572 1588 hoc
598 1530 948 1586 absconditur
975 1529 1280 1594 thesaurus,
1327 1528 1382 1582 id
1407 1535 1511 1594 est,
1547 1527 1802 1584 salutaris

215 1625 569 1698 praedicatio:
598 1624 652 1678 in
687 1625 789 1678 hoc
832 1622 1043 1678 diversa
1073 1629 1157 1676 est
1199 1622 1458 1689 cujusque
1505 1619 1796 1690 possessio,

216 1719 414 1774 modus
442 1717 650 1774 scilicet
697 1714 919 1780 sciendi,
955 1728 1114 1784 quem
1145 1713 1246 1768 sibi
1278 1712 1508 1783 quisque
1551 1711 1804 1767 obtinere-

215 1808 414 1880 potuit.

288 1896 350 1952 Si
371 1897 585 1968 triginta
600 1895 811 1959 modiis,
835 1903 939 1950 etc.
974 1892 1095 1964 (In.)
1128 1893 1182 1948 In
1217 1891 1434 1965 triginta
1461 1891 1659 1949 modiis
1676 1891 1802 1946 hor-

215 1989 305 2044 dei
323 1989 504 2062 ,Vetus
543 1988 967 2043 Testamentum.
1010 1987 1069 2040 In
1121 1987 1507 2057 quinquaginta
1536 1986 1681 2040 siclis
1717 1982 1804 2040 vel

216 2080 551 2136 didrachmis
567 2078 724 2148 juxta
770 2077 911 2132 LXX
937 2078 1269 2148 spiritualem
1299 2087 1352 2133 et
1375 2077 1670 2148 perfectam
1700 2078 1797 2132 do-

211 2171 448 2225 ctrinam
473 2169 726 2240 intellige.
756 2168 862 2224 Sed
888 2169 1103 2239 quando
1134 2169 1248 2223 haec
1286 2168 1467 2239 regula
1496 2209 1510 2234 ,
1551 2167 1634 2221 vel
1673 2183 1797 2238 per-

213 2261 358 2318 fecte
383 2264 582 2330 danda,
617 2262 701 2316 vel
727 2262 1014 2318 minuenda
1057 2261 1146 2327 sit,
1179 2276 1277 2331 per
1324 2247 1604 2330 sequentia
1637 2258 1797 2315 intel-

211 2355 318 2426 Iige
344 2372 358 2407 :
405 2352 463 2408 Si
490 2353 668 2408 statim
704 2352 768 2406 ab
797 2369 936 2406 anno
965 2351 1260 2423 incipientis
1277 2350 1506 2420 jubilazi,
1536 2361 1642 2404 etc.

287 2447 453 2501 Vens.
488 2446 574 2500 i7.
603 2473 672 2484 —
710 2441 766 2498 Si
798 2445 975 2498 statim
1027 2444 1090 2497 ab
1127 2461 1284 2498 anno.
1339 2443 1460 2515 (ln.)
1504 2442 1560 2497 Id
1595 2450 1700 2508 est,
1752 2443 1797 2498 si

213 2538 601 2609 gratiaeqviam,
627 2546 758 2601 etc.,
811 2551 971 2606 usque
1000 2534 1068 2588 ad
1115 2533 1347 2590 offerens
1387 2533 1676 2600 sacerdoti,
1728 2533 1796 2588 ab

213 2630 331 2701 ipso
356 2629 736 2698 possidebitur.
1209 2695 1212 2698 ἢ

285 2723 449 2776 Vens.
489 2721 574 2776 19.
605 2751 677 2760 -
699 2719 866 2774 Addet
897 2719 1130 2791 quintam
1163 2727 1384 2790 partem.
1416 2716 1683 2774 Doctrina:
1709 2731 1795 2772 sa-

212 2815 450 2872 cerdotis
475 2814 749 2884 proprium
786 2811 1152 2866 intellectum:
1181 2811 1421 2866 doctrina
1454 2810 1597 2865 enim
1627 2817 1682 2864 et
1707 2809 1792 2864 in-

213 2907 513 2962 structione
554 2903 848 2961 sacerdotis
877 2903 1027 2972 prius
1053 2903 1438 2973 gubernamur,
1487 2903 1578 2958 sed
1606 2911 1792 2972 postea

210 2996 496 3068 proﬁcere,
526 3003 582 3050 et
620 2994 950 3049 intellectum
981 3001 1223 3048 nostrum
1252 2993 1486 3064 adjicere
1512 2977 1790 3048 debemus.

285 3088 452 3146 Vens.
473 3088 562 3142 20.
589 3117 662 3126 —
685 3085 783 3142 Sin
812 3094 1007 3151 autem,
1059 3094 1164 3140 etc.
1217 3084 1338 3155 (ln.)
1392 3084 1484 3139 Ille
1511 3093 1794 3140 consecrat

1915 531 2016 586 bus
2038 531 2295 586 veritates
2324 543 2378 585 et
2404 531 2762 601 perfectiones
2795 530 3076 586 hominum
3101 541 3350 602 pensant,
3382 549 3488 590 nec

1913 629 2121 685 sancta,
2160 637 2260 676 nec
2280 620 2428 689 justa
2459 630 2607 676 sunt.

1981 709 2152 765 Siet'us
2181 712 2377 782 viginti.
2409 701 2572 766 ld’est
2598 712 2782 768 decem
2805 712 3055 767 mandata
3079 713 3376 769 secundum
3398 713 3487 769 lit-

1911 813 2082 860 teram
2113 811 2168 859 et
2194 805 2486 859 secundum
2533 804 2779 873 spiritum
2831 805 3122 861 intellecta.
3169 804 3487 873 Quicunque

1909 906 2089 952 autem
2121 905 2212 951 aut
2236 897 2406 968 legem
2451 905 2543 951 aut
2565 897 2909 968 Evangelium
2955 898 3152 964 renuit,
3183 913 3292 954 non
3321 897 3487 952 habet

1905 988 2238 1054 didrachma,
2278 1005 2378 1044 nec
2408 989 2524 1057 ejus
2552 990 2788 1060 pondera
2826 997 2952 1045 sunt
2974 999 3182 1045 sancta.

1979 1079 2138 1135 Vens.
2165 1080 2253 1136 26.
2283 1111 2344 1121 —-
2382 1078 2739 1152 Primogenita
2777 1097 2912 1152 qute.
2950 1080 3155 1152 (lsren.)
3207 1079 3487 1150 Primoge-

1905 1171 2016 1226 nita
2054 1161 2320 1241 tanquam
2352 1186 2551 1240 pecora
2603 1178 2808 1236 nostra,
2863 1180 2990 1226 sunt
3027 1171 3118 1240 qui
3163 1171 3320 1226 nobis
3347 1170 3482 1225 obe-

1903 1261 2075 1326 diunt,
2127 1261 2244 1327 ﬁlii,
2274 1261 2435 1324 servi,
2495 1267 2551 1315 et
2575 1260 2841 1331 discipuli.
2895 1259 3003 1316 Sed
3040 1262 3233 1318 horum
3282 1260 3484 1331 primo-

1901 1355 2079 1424 genita
2105 1362 2246 1417 sunt,
2269 1353 2359 1422 qui
2386 1353 2465 1408 sic
2486 1352 2762 1418 obediunt,
2787 1361 2847 1408 ut
2870 1353 2988 1408 aliis
3009 1355 3281 1424 praebeant
3301 1367 3484 1408 exem-

1899 1445 2044 1516 plum
2065 1454 2120 1500 et
2147 1445 2539 1515 magisterium,
2570 1446 2636 1500 de
2656 1447 2850 1514 quibus
2877 1447 3002 1502 alibi
3027 1433 3224 1502 dicitur
3247 1463 3260 1499 :
3315 1444 3481 1500 Omne

1899 1536 2244 1591 masculinum
2297 1537 2604 1607 adaperiens
2633 1536 2840 1592 vulvam
2879 1547 3116 1592 sanctum
3143 1536 3370 1592 Domino
3393 1553 3479 1590 vo-

1899 1628 2100 1683 cabitur
2125 1627 2304 1701 (Lacte
2327 1629 2408 1698 ιι).
2441 1629 2626 1699 Aperit
2653 1629 2797 1682 enim
2822 1628 3032 1682 vulvam
3052 1629 3480 1699 generandorum

1901 1716 2154 1782 ﬁliorum,
2184 1719 2277 1789 qui
2307 1719 2599 1774 secundum
2637 1718 2807 1772 Deum
2838 1717 3028 1787 incipit
3057 1717 3294 1772 obedire.
3329 1716 3482 1772 Unde

1829 1789 1876 1848 Β
1905 1807 2097 1863 Paulus
2123 1809 2190 1864 de
2215 1808 2497 1864 Timotheo
2527 1808 2602 1862 ait
2627 1827 2638 1861 :
2673 1807 2776 1873 Qui
2803 1818 2878 1862 est
2927 1808 3072 1876 ﬁlius
3097 1824 3239 1862 meus
3261 1806 3480 1861 dilectus

1902 1899 1957 1952 in
1983 1897 2230 1964 Domino,
2263 1899 2370 1968 ipse
2393 1914 2479 1954 vos
2510 1897 2930 1966 commonefaciet
2957 1898 3064 1952 vias
3094 1913 3238 1952 meas
3256 1937 3270 1962 ,
3295 1904 3401 1952 etc.
3429 1893 3481 1966 (I

1902 1989 2027 2046 Cor.
2057 1990 2154 2063 IV).

1973 2081 2142 2136 Nemo
2171 2080 2504 2150 sancti/icore
2537 2081 2722 2150 poterit
2764 2089 2810 2134 et
2839 2095 3034 2136 vovere.
3065 2078 3181 2135 Non
3209 2080 3332 2150 quia
3358 2096 3482 2136 san-

1900 2170 2222 2226 ctiﬁcatione
2252 2171 2473 2242 indigna
2510 2180 2656 2235 sunt,
2695 2171 2791 2226 sed
2816 2171 2938 2240 quia
2971 2179 3158 2226 sancta
3187 2179 3332 2236 sunt,
3378 2186 3480 2226 nec

1897 2272 2058 2336 egent
2081 2263 2426 2328 sanctiﬁcari,
2460 2271 2520 2319 ut
2539 2261 2701 2328 filius,
2733 2263 2824 2333 qui
2848 2263 2925 2318 sic
2946 2271 3155 2333 patrem
3176 2273 3229 2318 et
3251 2272 3480 2318 matrem

1899 2356 2148 2421 honorat,
2180 2364 2238 2410 ut
2267 2355 2430 2409 etiam
2456 2354 2763 2424 exemplum
2798 2354 2918 2408 aliis
2941 2353 3053 2420 ﬁat,
3084 2363 3338 2424 tanquam
3370 2355 3482 2410 Deo

1897 2445 2128 2502 offerens
2173 2446 2470 2511 horrorem,
2521 2445 2614 2515 qui
2657 2445 2758 2499 hoc
2805 2444 3060 2514 praecepit
3107 2443 3305 2514 (Exod.
3362 2445 3478 2516 xx).

1900 2541 2101 2596 Servus
2135 2555 2350 2610 quoque
2376 2539 2469 2609 qui
2491 2539 2656 2594 etiam
2680 2538 2910 2593 dominis
2931 2537 3237 2593 carnalibus
3263 2539 3316 2592 in
3359 2538 3482 2593 sim-

1896 2631 2137 2703 plicitate
2159 2631 2338 2686 cordis
2370 2645 2473 2685 non
2501 2630 2567 2684 ad
2605 2625 2820 2685 oc‘ulum
2871 2627 3058 2694 servit,
3103 2627 3204 2698 ipsi
3235 2629 3342 2682 Deo
3369 2638 3482 2684 ser-

1895 2723 2119 2777 vitutem
2159 2721 2420 2791 impendit
2451 2721 2609 2791 (Eph.
2642 2721 2742 2793 vr).

1968 2812 2130 2866 Vens.
2150 2811 2236 2865 27.
2269 2841 2336 2852 -—
2355 2810 2508 2877 Quod
2536 2811 2581 2864 si
2609 2807 3475 2880 immundum.(lsrcn.)Peccator,

1897 2901 1987 2972 qui
2041 2916 2142 2956 nec
2191 2900 2361 2971 legem
2391 2899 2530 2954 sicut
2579 2907 2793 2969 oportet
2819 2898 3263 2964 meditatur,nec
3283 2899 3477 2953 distin-
3517 2961 3519 2963 1

1896 3009 2060 3066 guere
2083 3001 2328 3048 conatur.
2359 2991 2676 3061 Quicunque
2696 3005 2826 3060 ergo
2849 2990 3196 3046 vehementer
3221 2989 3478 3044 obediens

1897 3095 1980 3140 est
2002 3082 2144 3154 patri
2171 3125 2186 3150 ,
2231 3083 2449 3140 domino
2497 3091 2591 3136 aut
2627 3081 2926 3151 magistro:
2969 3097 3070 3137 nec
3096 3090 3274 3137 tamen
3303 3081 3477 3152 legem

211 3197 403 3254 agrum
429 3190 485 3236 et
511 3179 725 3234 redimit
775 3192 985 3248 agrum,
1016 3185 1144 3241 etc.,
1196 3191 1358 3247 usque
1386 3175 1456 3229 ad
1504 3173 1618 3244 ejus
1647 3176 1792 3230 enim
1821 3155 1865 3216 (ἶ
1897 3177 2188 3230 meditatur
2224 3183 2318 3229 aut
2361 3173 2674 3244 distinguit,
2720 3173 3108 3242 primogenitus
3159 3173 3380 3244 quidem
3420 3173 3476 3227 in

211 3279 424 3332 lucrum
451 3281 534 3329 est
562 3274 652 3342 qui
681 3270 936 3326 continue
966 3269 1246 3340 gubernat.

283 3368 451 3423 Vens.
479 3365 567 3420 22.
594 3395 664 3404 ——
692 3363 760 3417 Et
787 3379 890 3416 non
911 3362 973 3415 de
991 3363 1330 3434 possessione.
1373 3359 1507 3428 Quia
1531 3375 1705 3432 neque
1728 3360 1796 3414 de

211 3457 462 3516 custodia
510 3455 776 3527 majorum
823 3467 1064 3520 suorum,
1116 3469 1290 3524 neque
1337 3453 1506 3525 ipsius
1534 3453 1793 3524 emptoris

209 3551 395 3607 fuerat

285 3643 450 3698 Vens.
503 3642 593 3698 23.
650 3641 960 3713 Supputabit
1016 3639 1278 3696 sacerdos.
1329 3627 1492 3695 Recte
1542 3639 1794 3695 sacerdos

208 3748 336 3788 cum
367 3747 432 3786 eo
453 3731 549 3802 ~qui
579 3730 798 3786 fratrem
828 3731 895 3786 ad
927 3731 1298 3800 paenitentiam
1329 3730 1554 3794 monuit,
1607 3745 1791 3784 veram

208 3827 640 3896 redemptionem
671 3834 944 3896 supputat,
994 3825 1228 3895 qualiter
1279 3825 1486 3881 scilicet
1527 3826 1793 3896 poenitere

207 3918 427 3973 debeat.
455 3916 548 3971 ille
583 3917 728 3972 enim
773 3916 1014 3972 distriete
1039 3915 1153 3985 ejus
1181 3913 1450 3972 action’em
1485 3926 1540 3972 et
1569 3932 1794 3974 conver-

207 4007 482 4064 sationem
509 4007 678 4074 novit,
722 4007 813 4076 qui
838 4007 1073 4063 correxit
1099 4025 1111 4060 τ
1139 4007 1228 4062 hic
1247 4016 1428 4063 autem
1449 4015 1511 4062 ut
1539 4009 1793 4066 sacerdos

205 4100 510 4170 perfectam
536 4099 980 4168 redemptionem.
1565 4157 1568 4160 ,

275 4190 450 4245 Juxta
483 4205 742 4244 annorum
783 4205 1075 4244 numerum.
1114 4189 1190 4244 Ex
1217 4190 1302 4246 bis
1325 4191 1529 4248 scilicet
1578 4207 1698 4262 quae
1726 4193 1791 4248 de

203 4279 529 4352 paenitentia
573 4279 828 4349 praedicat
856 4277 1174 4350 Scriptura:
1205 4280 1318 4351 ipsa
1341 4281 1484 4337 enim
1504 4281 1792 4337 :estimatio

205 4381 291 4428 est
317 4369 523 4440 jnbilzei
548 4370 630 4426 vel
655 4369 1010 4426 remissionis.

277 4463 350 4518 Et
383 4463 524 4517 dabit
575 4463 664 4518 ille
704 4463 794 4532 qui
817 4535 820 4538 .
842 4470 1044 4517 voverat
1071 4477 1187 4516 eum
1214 4461 1457 4544 Domino.
1512 4461 1628 4518 Non
1659 4462 1790 4519 dicit
1817 4496 1866 4557 D

205 4557 438 4620 dabunt,
468 4554 563 4610 sed
605 4555 774 4610 dabit.
821 4553 936 4608 Etsi
957 4553 1106 4616 enim
1137 4553 1406 4609 communi
1437 4553 1662 4608 consilio
1693 4568 1788 4609 sa-

204 4645 448 4701 cerdotis
475 4651 530 4698 et
555 4643 672 4714 ejus
701 4643 792 4714 qui
814 4642 881 4697 ad
909 4643 1277 4712 paenitentiam
1305 4643 1530 4708 monuit,
1557 4644 1790 4697 aestima.

204 4735 377 4790 tionis
413 4732 657 4789 deﬁnitio
677 4733 865 4796 datur,
896 4732 984 4787 ille
1014 4739 1193 4787 tamen
1217 4732 1407 4788 offeret
1435 4748 1558 4787 eum
1605 4734 1696 4803 qui
1720 4733 1789 4787 ad

203 4821 580 4894 paenitendum
625 4821 916 4876 excitavit:
964 4820 1088 4876 huic
1117 4821 1259 4875 enim
1304 4822 1555 4886 obcdiet,
1605 4821 1696 4891 qui
1733 4830 1789 4876 et

203 4915 324 4984 ipse
350 4911 946 4983 ptenitentiobligatur,
978 4903 1204 4983 utquod
1233 4913 1395 4982 erepit
1427 4913 1690 4983 perﬁciat.

278 5006 446 5062 Vens.
469 5005 560 5059 24.
591 5036 660 5046 -
697 5004 764 5060 1η
794 5005 1012 5075 jubilwo
1050 5015 1223 5059 autem
1254 5013 1531 5060 revertetur
1555 5005 1624 5059 ad
1646 5006 1790 5074 prio-

203 5115 317 5153 rem
347 5097 651 5160 Dominum,
681 5104 789 5151 etc.
845 5095 980 5163 Quia
1009 5110 1115 5150 non
1143 5095 1348 5161 statim,
1379 5111 1501 5150 cum
1525 5096 1790 5165 pmniten-

203 5193 284 5245 tia
311 5191 493 5254 datur,
538 5188 624 5244 vel
653 5189 927 5253 definitur,
981 5188 1196 5257 penitus
1223 5187 1531 5254 mandatur,
1586 5189 1680 5244 sed
1723 5203 1786 5243 ea
1859 5235 1862 5238 .

202 5288 425 5351 peracta
449 5296 464 5345 ;
492 5279 613 5334 ideo
641 5288 787 5334 recte
816 5279 891 5331 ait
917 5296 928 5331 :
958 5276 1024 5330 In
1041 5277 1260 5348 jubilwo
1287 5287 1479 5342 autem,
1511 5287 1640 5342 etc.,
1669 5292 1789 5346 per-

204 5382 332 5426 acta
378 5371 520 5427 enim
548 5370 864 5441 poenitentia
909 5378 964 5423 et
998 5369 1313 5424 remissione
1361 5377 1628 5439 suscepta,
1654 5384 1780 5424 con-

204 5461 532 5516 versationis
571 5475 680 5514 sua:
703 5473 890 5530 agrum
916 5457 1187 5526 suscipiet.

281 5553 443 5608 Vens.
473 5554 563 5607 25.
590 5583 659 5592 —
684 5553 866 5606 Omnis
895 5551 1170 5605 (estimatio
1191 5551 1318 5606 sielo
1343 5553 1630 5608 sanctuarii
1654 5570 1782 5623 pon-

204 5646 354 5698 dera.
405 5644 472 5700 Ut
516 5645 692 5699 omnis
719 5643 957 5699 deﬁnitio
989 5643 1188 5698 sanctis
1224 5643 1316 5698 ﬁat
1342 5644 1683 5714 ponderibus,
1727 5647 1777 5700 id

209 5745 292 5790 est
321 5736 386 5791 de
417 5750 570 5791 sacra
604 5735 878 5806 Scriptura
908 5733 1274 5799 venientibus,
1327 5735 1592 5791 exteriora
1636 5735 1777 5789 enim

1894 3271 2180 3342 pecoribus
2207 3277 2312 3333 est,
2335 3269 2428 3323 sed
2458 3265 2764 3322 immundus
2788 3276 2890 3320 est.

1966 3359 2036 3413 Et
2065 3359 2220 3414 addet
2240 3360 2475 3429 quintam
2506 3367 2704 3428 partem
2735 3355 2904 3426 pretii.
2933 3355 3241 3411 Doctrinam
3273 3354 3322 3409 ei
3351 3370 3473 3410 cum

1895 3451 2166 3506 intellectu
2215 3448 2476 3513 offerens,
2531 3456 2586 3504 et
2628 3447 2900 3516 sapienter
2949 3461 3159 3516 regens.
3208 3444 3474 3500 Insensati

1893 3543 2036 3598 enim
2087 3542 2286 3612 patris,
2319 3539 2520 3595 domini
2551 3546 2644 3592 aut
2670 3537 2911 3607 magistri
2947 3545 3065 3602 est,
3112 3536 3484 3594 obedientiam.

1893 3650 2005 3699 eos,
2039 3633 2130 3703 qui
2179 3632 2248 3687 ad
2295 3646 2354 3687 se
2391 3630 2686 3702 pertinent,
2732 3629 2972 3684 subditos
3015 3644 3119 3684 non
3166 3629 3381 3692 docere,
3417 3639 3472 3684 et

1891 3739 2080 3780 eorum
2132 3722 2300 3777 vitam
2351 3731 2412 3777 ut
2464 3713 2756 3790 (sperentur
2805 3719 3101 3774 secundum
3143 3719 3315 3787 legem
3364 3735 3470 3773 non

1894 3815 2198 3884 disponere.
2251 3812 2429 3866 Addat
2473 3811 2636 3882 igitur
2664 3808 2986 3878 subjectioni
3015 3819 3068 3865 et
3094 3811 3354 3865 doctrina:
3391 3810 3472 3864 in-

1893 3903 2165 3960 tellectum
2192 3920 2206 3956 :
2243 3901 2357 3972 ipse
2385 3901 2542 3956 enim-
2568 3899 2714 3955 solus
2740 3900 2793 3954 in
2825 3899 3076 3969 prmsenti
3113 3899 3342 3954 mundus
3365 3907 3466 3953 est.

1892 3996 2015 4052 Ideo
2044 3997 2153 4051 ait:
2184 3994 2353 4050 Addet
2386 3995 2622 4066 quintam
2658 4002 2858 4063 partem
2908 3993 3080 4063 pretii.
3127 3991 3300 4046 Habet
3325 3992 3468 4048 enim

1891 4087 2192 4143 obedientia
2229 4086 2499 4156 pretium:
2545 4085 2665 4140 ideo
2689 4099 2796 4139 non
2825 4083 2998 4139 dixit:
3029 4084 3318 4139 estimabit
3343 4098 3468 4138 eum

1891 4178 2164 4242 sacerdos,
2193 4179 2334 4232 sicut
2360 4192 2542 4246 supra.

1961 4271 2126 4325 Vens.
2165 4269 2253 4324 28.
2279 4299 2348 4309 -
2377 4269 2543 4322 Omne
2570 4267 2708 4338 quod
2731 4267 2952 4321 Domino
2983 4274 3332 4328 consecratur,
3363 4267 3467 4320 sive

1891 4363 2063 4418 homo.
2115 4359 2320 4434 (Isrcn.)
2345 4359 2504 4415 Aliud
2533 4369 2615 4414 est
2639 4357 3116 4423 anathematizare,
3146 4364 3278 4422 etc.,
3307 4372 3466 4428 usque

1890 4455 1958 4508 ad
1990 4455 2041 4507 id
2069 4460 2174 4516 est,
2213 4450 2552 4507 conversatio
2578 4458 2780 4504 nostra:
2805 4448 2986 4502 sortis.
3124 4446 3130 4450 ’

1963 4543 2230 4614 Quidquid
2253 4540 2410 4596 semel
2437 4540 2593 4610 fuerit
2637 4549 3012 4594 consecratum.
3036 4537 3160 4610 (In.)
3185 4539 3316 4596 Jure
3339 4535 3465 4597 belli

1891 4635 2212 4706 acquisitum
2241 4648 2348 4687 non
2373 4639 2549 4700 potest
2584 4629 2775 4699 aliquis
2823 4629 3099 4684 inimicum
3141 4630 3461 4701 exspoliare,

1890 4737 2024 4794 etc.,
2053 4743 2214 4797 usque
2240 4725 2308 4779 ad
2354 4738 2453 4778 nec
2500 4729 2863 4792 augmentum,
2895 4737 2996 4777 nec
3016 4721 3316 4792 profectum
3345 4737 3464 4778 sus-

1891 4820 2115 4890 cipiunt.
3417 4807 3420 4810 ’

1962 4910 2124 4966 Vens.
2153 4907 2242 4962 50.
2273 4935 2343 4946 —-—
2367 4903 2597 4959 Domini.
2629 4903 2748 4976 (ln.)
2792 4904 2919 4975 Ejus
2957 4905 3164 4960 scilicet
3189 4905 3282 4974 qui
3311 4920 3463 4959 man.

1890 5002 2011 5057 data
2037 4999 2169 5071 legis
2195 5007 2468 5068 operatur,
2508 5005 2637 5060 etc.,
2677 5013 2836 5065 usque
2865 4997 2934 5050 ad
2969 4997 3092 5066 quia
3119 5010 3278 5066 quam
3305 4995 3461 5050 retri-

1889 5094 2162 5150 butionem
2190 5099 2504 5161 exspectare
2526 5079 2716 5145 debeat
2742 5091 2934 5145 nescit.

1960 5186 2134 5256 Vens.
2171 5183 2259 5236 51.
2289 5212 2357 5221 -
2406 5180 2466 5236 Si
2509 5181 2644 5251 quis.
2700 5179 2822 5251 (ln.)
2873 5179 3175 5234 Secundum
3225 5179 3460 5236 litteram

1891 5277 2056 5332 multa
2098 5261 2326 5329 obscura
2365 5259 2420 5327 et
2459 5271 2758 5326 insolubilia
2805 5271 3076 5342 legislator
3115 5272 3455 5342 interposuit,

1857 5376 2016 5444 etc.,
2049 5382 2208 5437 usque
2252 5364 2321 5418 ad
2345 5372 2401 5419 et
2441 5378 2598 5434 poma
2625 5363 2877 5451 arborum
2922 5363 3215 5418 secundum
3249 5371 3458 5432 tempus

1885 5475 2060 5516 suum.

1958 5551 2123 5604 Vens.
2154 5548 2242 5602 52.
2274 5579 2342 5587 -
2371 5546 2478 5602 Sub
2515 5548 2738 5616 pastoris
2769 5546 2929 5617 virga.
2980 5546 3102 5617 (ln.)
3153 5546 3309 5614 Virga
3340 5559 3455 5598 cru-

1886 5642 1981 5705 cis,
2013 5641 2145 5704 etc.,
2170 5654 2327 5708 usque
2356 5637 2423 5688 ad
2453 5645 2504 5691 et
2532 5636 2598 5689 ah
2624 5635 2710 5690 illo
2731 5635 2862 5700 solo,
2901 5636 2988 5704 qui
3017 5643 3230 5691 sanctos
3253 5633 3454 5688 discere

1887 5734 1984 5799 nit,
2015 5736 2428 5803 cognoscuntur.
