3998 6332
639 335 744 390 579

1127 331 1516 386 WALAFRIDI
1556 329 1802 385 STRABI
1840 328 2043 384 FULD.
2087 328 2250 385 MON.
2291 329 2440 385 OPP.
2478 332 2660 387 PARS
2693 333 2732 388 Ι.
2775 361 2842 374 -
2882 332 3326 389 THEOLOGICA.
3707 347 3774 401 διο
3866 343 3867 354 ‘

715 444 873 500 Vnus.
915 443 1003 497 '55.
1029 471 1096 481 —
1125 441 1249 496 Non
1295 441 1512 511 eligetur
1543 457 1656 504 nec,
1701 447 1806 494 etc.
1859 437 1994 504 Quia
2036 437 2212 492 nullus
2241 443 2287 500 Α
2316 440 2462 494 illum
2492 441 2766 510 inducere,
2810 451 2866 497 et
2893 443 3005 498 Deo
3032 444 3184 513 quasi
3207 443 3488 504 .meliomn
3519 463 3772 515 consecrare.

637 547 722 593 est
750 535 844 607 qui
873 533 1052 604 respui
1077 532 1271 602 possit,
1319 540 1373 586 et
1399 530 1542 599 quod
1569 529 1739 601 magis
1764 528 2070 600 eligendum
2117 529 2207 594 sit,

640 643 748 683 non
772 634 856 682 est
883 633 1075 680 vestrae
1099 623 1456 678 discretionis.

711 718 772 774 Si
806 719 922 788 quia
952 715 1249 780 mutaverit,
1287 723 1390 769 etc.
1426 709 1634 785 (Isrcuf)
1681 713 1880 768 Paulus
1919 720 1974 766 et
2010 711 2214 766 Barna-

640 811 740 864 bas
763 806 1053 878 aliquando
1081 807 1471 872 dissenserunt,
1494 814 1627 871 etc.,
1665 821 1826 875 usque
1876 803 1944 857 ad
1973 803 2214 858 scribens

641 901 710 955 ad
739 899 1076 955 Timotheum
1098 899 1209 954 ait:
1239 897 1518 951 Assumens
1532 896 1790 962 Marcum,
1819 895 1985 950 deduc
2015 905 2214 948 tecum:

641 999 716 1043 est
741 991 877 1046 enim
907 991 1034 1044 mihi
1062 989 1205 1043 utilis
1234 990 1288 1042 in
1319 989 1663 1042 ministerium
1693 985 1774 1057 (11
1810 985 1943 1041 Tim.
1973 983 2069 1056 ιγ).

714 1081 1144 1150 Sancti/imbitur
1185 1079 1432 1145 Domino,
1480 1087 1584 1134 etc.
1618 1077 1740 1151 (10.)
1799 1077 1932 1133 Cum
1975 1076 2214 1131 omnium

643 1187 836 1228 cursus
870 1173 1082 1228 divinus
1110 1173 1204 1238 sit,
1237 1180 1292 1226 et
1319 1172 1464 1226 altus
1491 1211 1506 1236 ,
1555 1178 1612 1226 et
1637 1185 1882 1240 superna:
1928 1181 2214 1223 conversa-

644 1263 774 1316 tioni
823 1264 1136 1333 proximus,
1186 1261 1386 1319 frustra
1433 1262 1640 1317 conatis
1696 1261 1841 1316 hunc
1891 1258 2214 1324 subducere,

2387 529 2546 587 Vens.
2589 533 2680 588 34.
2707 564 2780 575 -
2807 531 2938 588 Haec
2987 545 3107 588 sunt
3133 545 3394 605 praecepta
3427 555 3531 608 qua:
3564 546 3773 613 nuntiarit,

2314 630 2419 676 etc.
2449 621 2571 693 (1ο.)
2604 623 2860 694 Discipuli
2899 625 3066 679 nostri
3088 627 3300 694 quando
3327 636 3444 681 sunt
3463 630 3667 698 perfecti,
3690 640 3774 696 nihil

2316 713 2484 766 nostri
2525 723 2684 783 egent
2717 715 3049 784 magisterii:
3081 716 3199 770 ideo
3241 716 3316 771 ait
3348 717 3688 780 immundorum
3705 732 3774 797 pri-
3868 743 3869 790 ξ

2319 805 2589 873 mogenita
2617 820 2738 860 esse
2787 806 3115 871 redimenda,
3163 809 3472 865 mundorum
3513 828 3619 869 vero
3642 832 3775 888 nequa.

2320 908 2502 962 quam,
2543 894 2637 950 sed
2663 909 2761 950 nec
2806 895 3031 950 Domino
3055 906 3380 964 consecrata,
3410 914 3500 954 nec
3523 915 3576 955 ea
3608 919 3698 973 qua:
3717 924 3776 962 uo-

2321 986 2537 1042 vissime
2593 994 2718 1042 sunt
2771 987 2911 1042 dicta
2954 1005 2967 1042 :
3029 988 3262 1059 perfecta
3325 990 3462 1046 enim
3507 993 3776 1054 demonstrata

2319 1087 2473 1143 sunt,
2515 1077 2643 1150 quia
2693 1079 3047 1138 intentionem
3097 1079 3330 1138 divinam
3373 1081 3694 1155 caelestemque
3719 1104 3777 1159 ge-

2318 1176 2466 1224 runt.

1857 1546 2158 1623 LIBER
2184 1563 2205 1600 '
2232 1543 2660 1622 NUMERI.

1442 1718 1695 1773 Ilebraice
1739 1717 2078 1774 Vunnnnsa
2116 1715 2334 1788 (131“),
2366 1715 2429 1770 id.
2449 1724 2524 1771 est
2555 1732 2567 1768 :
2598 1730 2669 1771 ει·
2706 1728 2944 1771 ιοευτυε
2980 1728 3100 1771 :s-r.

1235 1949 1622 2006 PREFATIO.

709 2045 872 2100 Liber
901 2044 1032 2111 iste,
1058 2052 1113 2100 ct
1137 2044 1324 2098 ordine
1356 2043 1596 2097 historia:
1618 2050 1674 2096 et
1713 2041 1990 2112 mysterio,
2022 2049 2216 2110 quarto

639 2136 756 2191 loco
784 2136 1004 2206 ponitur
1042 2135 1095 2189 in
1127 2133 1260 2204 lege.
1293 2133 1492 2190 Ordine
1515 2132 1782 2197 historias,
1824 2132 1950 2200 quia
1978 2131 2031 2185 in
2061 2131 2216 2188 L‘evi-

639 2227 781 2292 tico,
813 2225 904 2294 qui
949 2223 1141 2279 tertius
1178 2232 1289 2288 est,
1315 2223 1490 2294 agitur
1529 2222 1594 2276 de
1622 2221 1938 2277 utensilibus
1969 2223 2217 2277 taberna-

636 2319 737 2375 culi
757 2361 771 2385 ,
799 2329 853 2375 et
878 2319 942 2374 de
960 2319 1146 2373 ordine
1172 2316 1476 2373 Levitarum
1515 2324 1569 2372 et
1597 2315 1846 2371 sacriﬁcii
1881 2331 1894 2368 :
1923 2315 2010 2370 hic
2035 2323 2213 2369 autem

634 2411 701 2466 de
741 2412 1075 2466 dedicatione
1116 2409 1445 2466 tabernaculi
1488 2409 1695 2478 agitur,
1741 2407 1869 2478 quid
1909 2408 2117 2462 scilicet
2147 2406 2214 2463 de

636 2501 868 2568 Levitis,
921 2503 1047 2571 quid
1109 2502 1173 2556 de
1234 2500 1556 2556 utensilibus
1607 2499 1940 2555 tabernaculi
1998 2507 2214 2570 portare

637 2594 867 2648 debeant
896 2611 908 2645 :
933 2592 1190 2662 mysterio
1230 2591 1332 2646 hoc
1383 2592 1701 2670 Qtenditur.
1751 2590 2031 2644 Excubare
2069 2591 2212 2644 circa

639 2682 1041 2737 tabernaculum
1068 2681 1366 2751 depositum
1387 2722 1402 2746 ,
1428 2691 1488 2735 ut
1514 2681 1712 2736 dicitur
1731 2721 1745 2747 ,
1771 2680 1936 2734 ternis
1970 2680 2214 2734 tribubus

637 2772 690 2826 in
736 2772 958 2841 singulis
997 2773 1202 2840 quartis
1236 2786 1250 2825 :
1293 2786 1391 2841 per
1429 2771 1570 2840 quod
1611 2770 1892 2839 signantur
1931 2767 2214 2823 duodecim

640 2863 864 2932 apostoli
923 2878 1020 2933 per
1065 2863 1514 2934 quadripertitum
1557 2863 1745 2916 orbem
1797 2860 1956 2916 ﬁdem
2012 2868 2212 2915 sanetae

639 2955 917 3009 Trinitatis
946 2955 1209 3010 docuisse.
1252 2954 1359 3008 Sed
1393 2953 1556 3009 etiam
1586 2953 1726 3007 inter
1752 2953 1948 3022 ﬁguras
1981 2951 2212 3020 quadra-

638 3056 758 3100 tura
812 3045 944 3099 nihil
995 3045 1201 3099 ﬁrmius
1239 3052 1352 3109 est,
1399 3043 1726 3113 quaternarii
1775 3056 1987 3110 quoque
2031 3039 2212 3110 operis

638 3135 896 3206 perfectio
940 3135 1364 3190 commendatur.
1398 3133 1602 3200 Quarto
1625 3133 1710 3188 die
1733 3131 1874 3186 facta
1906 3139 2028 3186 sunt
2048 3129 2208 3185 lumi-

638 3227 788 3280 naria
827 3224 1046 3296 (Gen..t)
1065 3265 1079 3288 ,
1110 3234 1299 3295 quarta
1329 3235 1461 3278 astas
1489 3223 1588 3278 sub
1616 3223 1786 3300 David
1813 3220 1912 3276 fuit
1943 3221 2206 3277 robustis-

637 3315 774 3368 Sima
792 3356 804 3375 ,
833 3324 1024 3382 quarta
1046 3314 1204 3368 etiam
1227 3323 1356 3368 aetas
1379 3313 1608 3367 hominis
1626 3311 1916 3366 fortissima
1936 3351 1950 3376 ,
1982 3320 2212 3382 quatuor
2239 3305 2284 3367 C
2315 3324 2673 3385 computatur.
2708 3314 2910 3370 Deinde
2949 3304 3246 3386 prophetia.
3268 3316 3478 3372 Balaam
3499 3330 3524 3368 a
3549 3326 3651 3381 rege
3678 3306 3782 3362 Balac
3879 3304 3881 3372 !

2314 3405 2382 3459 ad
2408 3405 2833 3461 maledicendum
2861 3406 3112 3476 populum
3135 3407 3235 3462 Dei
3259 3407 3530 3462 inducitur.
3557 3403 3606 3458 In
3627 3401 3708 3455 ﬁne
3724 3412 3783 3452 sex
3879 3425 3881 3434 ι

640 3414 846 3458 tantum
877 3406 1076 3476 recepti
1105 3414 1227 3460 sunt
1247 3406 1337 3476 qui
1367 3405 1701 3473 scripserunt
1733 3403 2036 3474 Evangelia.
2066 3403 2210 3456 Inter

635 3493 774 3548 dona
807 3493 1039 3565 Spiritus
1069 3497 1238 3551 sancti
1262 3495 1550 3561 fortitudo,
1579 3502 1633 3551 et
1655 3495 1796 3550 inter
1814 3494 2211 3566 pmnitentiales

585 3587 592 3596 '
634 3587 888 3656 psalmos,
922 3587 1167 3643 Miserere
1187 3591 1309 3655 mei,
1343 3588 1506 3655 Deus,
1536 3598 1762 3659 quartus
1791 3598 1905 3655 est,
1937 3591 1990 3644 in
2015 3605 2122 3661 quo
2144 3587 2210 3645 de

635 3676 1099 3750 humilitate-(per
1143 3693 1302 3748 quam
1347 3694 1532 3734 sumus
1583 3678 1771 3752 fortes)
1822 3681 2016 3753 agitur.
2068 3681 2211 3736 Inter

637 3767 851 3819 nomina
885 3766 1093 3822 Domini
1133 3779 1382 3836 quartum
1410 3777 1522 3835 est,
1553 3769 1740 3835 fortis,
1772 3771 2081 3840 praecedunt
2105 3771 2204 3826 ad-

638 3856 925 3920 mirabilis,
963 3858 1325 3924 consiliarius,
1354 3859 1522 3924 Dcus;
1573 3860 1816 3930 sequitur
1851 3861 2013 3916 Pater
2043 3860 2208 3916 futuri

639 3946 842 4010 saeculi,
884 3948 1134 4018 princeps
1171 3949 1320 4018 pacis
1367 3949 1500 4021 (lsa.
1531 3952 1634 4023 ιι),
1683 3962 1738 4006 et
1777 3952 1991 4007 similia.
2021 3953 2078 4008 In
2107 3955 2208 4010 hoc

637 4051 850 4106 quoque
873 4037 1009 4092 libro
1033 4053 1218 4092 eorum
1244 4039 1336 4109 qui
1363 4043 1996 4099 numeranturfortitudo
2023 4053 2206 4100 osten-

636 4129 800 4194 ditur,
845 4129 972 4183 dum
1015 4130 1069 4184 hi
1099 4132 1190 4200 qui
1230 4141 1385 4188 aetate
1425 4140 1479 4188 et
1509 4133 1706 4190 virtute
1750 4134 1890 4191 bello
1928 4145 2052 4191 sunt
2077 4137 2206 4207 apti,

637 4220 912 4274 numerari
940 4221 1216 4290 jubentur.

704 4309 911 4363 Dicitur
957 4310 1090 4364 liber
1144 4309 1395 4377 Numeri,
1447 4312 1571 4382 quia
1625 4313 1681 4368 in
1735 4329 1801 4370 eo
1861 4324 2212 4372 numerantur

629 4397 917 4466 Israelitue;
952 4409 1062 4455 tum
1090 4401 1241 4467 inde,
1272 4409 1382 4456 tum
1406 4403 1532 4472 quia
1561 4405 1868 4461 mansiones
1897 4417 1926 4460 a
1951 4405 2210 4464 Ramesse

636 4505 805 4558 usque
833 4490 901 4544 ad
925 4489 1232 4546 Jordancm.
1263 4493 1367 4549 Sed
1393 4496 1516 4564 quia
1541 4497 1714 4550 omnia
1738 4498 1790 4551 in
1812 4497 1984 4567 ﬁgura
2009 4502 2210 4555 contin-

638 4581 821 4648 gebant
857 4582 959 4636 illis
983 4584 1034 4652 (I
1058 4585 1179 4640 Cor.
1217 4586 1272 4657 Χ)
1292 4629 1304 4650 ,
1341 4597 1396 4642 et
1418 4587 1499 4642 lex
1523 4597 1640 4642 erat
1665 4589 1853 4644 umbra
1880 4589 2206 4658 futurorum,

637 4668 710 4722 ita
737 4668 956 4739 legenda
998 4685 1080 4729 est
1123 4676 1346 4731 historia
1383 4687 1443 4732 ut
1481 4694 1586 4734 non
1617 4680 1895 4734 amittatur
1932 4681 2204 4752 allegoria.

635 4757 915 4815 Numerati
945 4775 1067 4817 sunt
1092 4765 1344 4822 Israelita)
1366 4769 1486 4834 soli,
1513 4786 1616 4824 non
1648 4772 1904 4842 proselyti
1932 4782 1985 4828 et
2013 4773 2207 4828 alieni-

635 4865 786 4921 genae
809 4853 899 4921 qui
938 4862 1092 4908 erant
1130 4855 1270 4910 inter
1309 4859 1472 4934 illos:
1507 4874 1611 4914 non
1643 4869 1818 4915 tamen
1847 4877 2054 4927 omnes,
2083 4861 2207 4931 quia

639 4958 737 4997 nec
765 4944 916 5012 pueri
946 4960 1043 5000 nec
1071 4944 1303 5013 feminae,
1333 4949 1426 5002 sed
1453 4958 1658 5003 tantum
1684 4951 1783 5004 viri
1809 4952 1899 5020 qui
1930 4952 2038 5020 apti
2066 4952 2206 5007 bello

637 5035 812 5092 er'aut.
843 5037 1050 5092 Etenim
1079 5038 1235 5092 alieni
1273 5055 1303 5093 a
1334 5041 1462 5106 Deo,
1492 5041 1766 5111 gentilium
1814 5043 2090 5112 spurcitia;
2123 5043 2206 5098 vel

639 5127 954 5182 crudelitate
1002 5127 1242 5194 Iudaica,
1292 5130 1375 5183 vel
1421 5132 1580 5186 etiam
1616 5131 1905 5188 Christiani
1939 5135 2200 5204 puerilem

635 5215 912 5272 levitatem
944 5219 1026 5273 vel
1065 5219 1342 5275 mollitiem
1389 5221 1676 5277 femineam
1725 5225 2019 5291 habentes,
2063 5227 2204 5281 inter

636 5309 774 5364 Iilios
819 5310 911 5366 Dei
961 5328 1062 5367 non
1109 5322 1478 5369 numerantur.
1525 5313 1637 5368 Non
1685 5325 1807 5370 sunt
1849 5318 2111 5372 numerati
2150 5317 2203 5371 in

635 5396 908 5470 Egypto:
942 5404 1033 5457 sed
1081 5404 1726 5474 postquamtransierunt
1755 5421 1901 5461 mare
1940 5407 2204 5473 Rubrum,

632 5500 757 5560 post
816 5487 1115 5548 columnam
1167 5496 1304 5563 ignis
1355 5496 1407 5550 in
1469 5497 1745 5552 mansione
1773 5497 1923 5567 juxta
1967 5508 2205 5554 montem

639 5579 764 5634 Sina
797 5598 808 5634 :
843 5583 967 5652 quia
997 5594 1272 5639 manentes
1326 5586 1378 5640 in
1436 5586 1670 5641 tenebris
1711 5597 2052 5658 peccatorum
2099 5605 2204 5644 non

637 5684 762 5729 sum
793 5677 907 5746 Dei,
935 5677 1023 5734 sed
1048 5681 1286 5736 mundati
1311 5681 1576 5751 baptismo
1601 5689 1655 5737 et
1681 5683 1870 5738 armati
1903 5699 2091 5739 manus
2114 5684 2207 5739 im-

2245 1957 2293 2017 B
2319 1952 2604 2022 positione.
2630 1949 2933 2006 Mansiones
2954 1949 3148 2005 merito
3173 1949 3448 2005 duodecim
3476 1960 3777 2022 computantur,

2317 2058 2346 2097 a
2374 2044 2547 2114 prima
2576 2057 2694 2111 qua:
2722 2030 2821 2095 fuit
2847 2040 2901 2094 in
2931 2040 3190 2095 Ramesse
3211 2055 3378 2109 usque
3397 2039 3459 2095 ad
3479 2039 3723 2105 Iordanem,
3743 2053 3778 2095 ut

2313 2148 2411 2204 per
2436 2133 2538 2188 hoc
2567 2132 2808 2203 signetur
2841 2147 2940 2186 nos
2961 2145 3056 2201 per
3084 2138 3161 2185 tot
3183 2131 3381 2200 gradus
3407 2131 3630 2184 virtutum
3647 2125 3779 2185 'ascen-

2315 2227 2442 2282 dere
2494 2225 2548 2280 in
2599 2223 2813 2288 cmlum,
2865 2229 2995 2292 quot
3045 2221 3471 2293 generationibus
3509 2221 3704 2277 Christus
3738 2223 3778 2276 ab

2313 2317 2586 2372 Abraham
2615 2313 2892 2371 descendit
2917 2314 2983 2368 ad
3009 2313 3257 2367 Mariam.

2381 2407 2614 2463 Intentio
2635 2406 2802 2478 Moysi
2828 2407 2881 2461 in
2907 2405 3010 2460 hoc
3030 2418 3192 2475 opere
3212 2412 3296 2459 est
3326 2402 3646 2459 Christianum
3667 2417 3779 2472 popu-

2314 2497 2423 2553 lum
2455 2506 2510 2552 et
2542 2496 2660 2566 ejus
2699 2495 3020 2566 profectum,
3049 2503 3104 2550 et
3132 2509 3414 2550 ascensum
3452 2509 3480 2547 a
3508 2502 3629 2548 terra
3652 2493 3777 2546 ince-

2315 2590 2423 2644 Ium
2443 2605 2540 2660 per
2556 2589 2738 2656 Israel,
2756 2599 2810 2644 et
2826 2604 2923 2659 per
2942 2588 3228 2642 duodecim
3251 2587 3540 2642 mansiones
3560 2585 3778 2656 designare.

2311 2678 2418 2734 Per
2459 2678 2622 2734 Israel
2671 2679 2814 2733 enim
2860 2677 3062 2733 Christi
3113 2679 3391 2748 populum,
3435 2694 3523 2748 per
3553 2690 3781 2748 progressus
3875 2677 3877 2736 ξ

2313 2771 2650 2826 mansionum
2675 2768 2949 2840 profectus
2974 2769 3238 2824 virtutqu
3267 2768 3595 2842 signiﬁcatur.

2381 2860 2524 2917 Ordo
2545 2861 2671 2918 libri
2699 2861 2821 2918 talis
2842 2871 2924 2918 est
2957 2876 2972 2916 :
3004 2862 3178 2932 primo
3221 2864 3380 2918 duces
3405 2861 3584 2933 populi,
3609 2868 3653 2914 et
3671 2871 3781 2927 popu-

2311 2953 2422 3007 lum
2475 2954 2621 3008 circa
2669 2935 3074 3010 tabernaculum
3115 2964 3426 3008 numeratos
3474 2967 3559 3024 per
3595 2951 3781 3020 quadrum

2311 3045 2556 3102 collocat.
2584 3047 2824 3111 Levites,
2849 3061 2879 3100 a
2901 3055 3420 3120 numero-exceptos,
3436 3045 3498 3101 ad
3518 3041 3780 3098 ministerium

2313 3136 2640 3191 tabernaculi
2682 3135 2915 3190 destinat
2943 3133 3172 3191 :deinde
3222 3134 3600 3190 tabernaculum
3638 3129 3782 3184 dedica-

2315 3236 2420 3292 tur,
2455 3234 2509 3281 et
2538 3227 2729 3281 modus
2767 3225 3122 3290 oblationum,
3147 3232 3201 3281 et
3236 3226 3499 3294 catalogus
3531 3220 3781 3277 mansionum

2313 3495 2556 3550 civitates
2582 3497 2914 3562 ordinantur,
2941 3506 3048 3551 tres
3076 3497 3246 3563 ultra,
3270 3508 3376 3554 tres
3397 3499 3522 3554 citra
3543 3494 3782 3552 Jordanem,

2313 3587 2380 3641 ad
2405 3601 2540 3657 quas
2577 3587 2891 3657 confugeret
2937 3587 3028 3656 qui
3068 3587 3260 3644 nolens
3298 3589 3587 3660 sanguinem
3623 3581 3785 3655 proximi

2313 3677 2626 3734 effunderet.
2673 3679 2874 3734 Levitae
2915 3680 3056 3735 inter
3107 3681 3505 3738 tabernaculum
3545 3688 3594 3734 et
3631 3683 3787 3732 ceteros

2313 3769 2451 3825 ﬁlios
2493 3769 2656 3825 Israel
2701 3769 3045 3834 excubantes,
3103 3772 3267 3828 divisi
3303 3789 3400 3843 per
3440 3770 3715 3826 Amramitas
3745 3762 3788 3816 ab

2311 3859 2539 3925 oriente,
2564 3874 2660 3930 per
2678 3859 2956 3916 Caatbitas
2983 3861 3050 3915 ab
3081 3869 3294 3926 austro,
3315 3862 3602 3919 Gersonitas
3621 3861 3674 3912 ab
3691 3855 3786 3909 occi-

2312 3952 2489 4017 dente,
2515 3960 2569 4006 et
2591 3951 2873 4007 Meraritas
2901 3951 2969 4005 ab
2997 3951 3270 4022 aquilone,
3301 3952 3586 4025 signiﬁcant
3610 3945 3788 4019 praelatos

2312 4043 2582 4110 Ecclesiae,
2605 4045 2697 4115 qui
2721 4054 2852 4112 sunt
2879 4043 3042 4098 medii
3068 4043 3208 4098 inter
3233 4045 3501 4100 ministros
3521 4033 3784 4096 tabernaculi,

2312 4134 2506 4204 quibus
2550 4137 2604 4190 in
2655 4134 3034 4204 temporalibus
3072 4135 3395 4206 provident:
3427 4144 3480 4190 et
3509 4136 3630 4188 inter
3657 4128 3784 4186 laicos,

2313 4225 2507 4293 quibus
2535 4224 2590 4278 in
2619 4219 2988 4295 spiritualibus
3032 4235 3290 4295 praesunt.
3338 4225 3641 4286 Amramitze,
3660 4219 3699 4274 id
3717 4225 3785 4275 esi.

2313 4314 2487 4370 Moses
2516 4324 2569 4371 et
2615 4315 2793 4371 Aaron
2835 4327 2890 4373 et
2922 4318 3112 4372 horum
3153 4315 3274 4384 ﬁlii,
3316 4315 3586 4388 inspiciunt
3605 4321 3651 4367 et
3669 4304 3782 4364 invol-

2312 4415 2450 4461 vunt
2495 4408 2830 4463 tabernaculi
2871 4409 3191 4472 secretiora;
3242 4409 3620 4464 introducentes
3636 4395 3786 4456 Caatbi-

2316 4509 2420 4560 tas,
2454 4499 2583 4554 dant
2609 4500 2689 4554 eis
2715 4500 2944 4570 propriis
2971 4500 3208 4554 humeris
3236 4499 3492 4570 portanda
3517 4493 3728 4552 involuta,
3751 4494 3789 4540 ul

2312 4587 2554 4643 videntes
2587 4603 2692 4642 non
2735 4589 3050 4642 moriantur.
3089 4587 3205 4643 Non
3232 4600 3357 4644 sunt
3377 4588 3512 4644 enim
3541 4574 3788 4656 propalamla

2317 4681 2565 4736 Ecclesia:
2610 4682 2884 4752 mysteria,
2934 4681 3035 4736 nisi
3078 4682 3430 4737 summatibus
3463 4679 3598 4743 viris,
3644 4673 3686 4728 id
3720 4673 3788 4728 θεῖν

2315 4769 2446 4825 Mosi
2498 4777 2552 4824 et
2597 4771 2797 4834 Aaron,
2845 4770 2968 4839 quia
3015 4770 3213 4825 inﬁrmi
3271 4773 3392 4827 inde
3424 4765 3786 4825 scandalizantur.

2315 4859 2468 4916 Unde
2505 4870 2559 4916 et
2594 4860 2729 4916 liber
2759 4862 3031 4933 Evangelii
3079 4863 3395 4934 presbytero
3418 4869 3471 4916 et
3491 4859 3684 4914 diacono
3702 4860 3788 4920 por-

2313 4961 2459 5007 tatur
2483 4962 2716 5023 apertus,
2754 4953 2873 5008 aliis
2921 4969 3049 5008 vero
3091 4953 3321 5008 clausus.
3353 4950 3626 5008 Gel-sonitm
3664 4949 3789 4997 autem

2312 5054 2367 5101 et
2391 5045 2674 5112 Meraritre,
2697 5047 2788 5116 qui
2819 5055 2942 5101 sunt
2965 5044 3291 5117 indigniores
3317 5041 3583 5105 Caathitis,
3604 5050 3689 5092 non
3707 5043 3789 5101 pw-

2305 5139 2438 5209 priis
2484 5140 2737 5203 humeris,
2788 5140 2880 5194 sed
2923 5140 3096 5194 bobus
3137 5146 3191 5194 et
3231 5136 3480 5208 plaustris
3515 5146 3600 5187 sua
3634 5125 3788 5198 parum

2308 5245 2491 5284 onera.
2526 5229 2660 5296 Quia
2690 5230 2779 5298 qui
2819 5230 2933 5284 vult
2958 5229 3144 5284 venire
3171 5236 3291 5300 post
3327 5241 3429 5289 me,
3469 5238 3550 5279 me
3581 5219 3787 5300 sequatur.

2309 5319 2462 5390 quasi
2497 5335 2591 5390 per
2631 5297 2856 5374 mortem
2894 5315 3046 5390 (Luc.
3076 5297 3186 5390 Ix).
3211 5318 3277 5372 Et
3316 5322 3511 5387 quanto
3541 5307 3685 5378 magis
3709 5297 3806 5368 (11³³⁵-

2309 5409 2442 5474 vult,
2473 5417 2622 5463 tanto
2651 5411 2822 5480 major
2842 5409 3162 5479 persecutio.

2381 5498 2697 5554 Benedicetis
2721 5477 3043 5568 [iliis—Israel
3070 5509 3118 5553 et
3144 5498 3321 5552 dicetis
3341 5537 3354 5559 ,
3383 5503 3485 5550 etc.
3512 5490 3586 5545 Ab
3610 5486 3692 5539 hoc
3709 5477 3790 5568 loco

2313 5598 2520 5660 διηηῐηίι
2574 5598 2656 5646 est
2701 5565 3005 5647 benedictio
3037 5603 3198 5658 quam
3242 5587 3369 5641 facit
3404 5584 3674 5652 episcopus.
3712 5565 3792 5619 Duo

2313 5683 2460 5753 digiti
2485 5682 2573 5755 qui
2596 5683 2874 5740 elevantur
2885 5681 3056 5751 juncti
3093 5681 3258 5753 legem
3285 5676 3576 5750 signiﬁcant
3597 5676 3642 5724 ot
3665 5667 3790 5718 sae?"
