3998 6332
243 328 342 385 581

1273 330 1538 388 GLOSSA
1572 325 1968 391 OBDINARIA.
2011 361 2080 372 -
2117 329 2243 387 LIB.
2285 327 2452 388 NUM.

3393 323 3502 404 δὴ

243 441 478 509 (torium,
503 455 623 512 quae
649 455 746 513 per
775 440 954 497 Mosen
983 450 1038 497 et
1061 441 1240 498 Aaron
1274 443 1663 514 intelliguntur.
1687 443 1822 498 Tres
1851 444 1895 503 A
1925 456 2050 497 vere
2099 458 2184 498 me
2228 443 2485 514 imparem
2531 442 2713 513 judico
2769 446 2838 502 ad
2888 450 3190 506 enarranda
3241 457 3500 526 mysteria

243 548 439 590 versus
456 533 548 604 qui
574 539 872 602 sequuntur
923 532 1200 588 continent
1220 532 1363 587 illam
1386 533 1584 587 trinam
1611 533 1824 604 petilio-
1923 530 2047 585 libri
2074 530 2451 600 Numerorum,
2496 534 2665 590 multo
2705 544 2884 592 autem
2934 538 3244 600 inferiorem
3290 544 3359 599 ad
3411 544 3496 600 illa

241 640 370 681 nem
393 639 513 694 qua:
528 621 587 676 ﬁt
609 623 662 677 in
687 622 864 677 verbis
887 623 1144 692 episcopi.
1169 623 1381 677 Petitur
1402 625 1571 695 gratia
1591 623 1823 693 Spiritus
1921 639 2041 694 qua:
2067 625 2337 681 concludit
2367 626 2770 683 Deuteronomii
2797 630 3067 686 volumen.

241 715 419 772 sancti
437 756 451 780 ,
479 729 609 768 vera
640 713 804 778 salus,
832 728 938 783 pax
963 721 1184 767 atcrna.
1209 712 1416 769 Deinde
1442 715 1686 784 sequitur
1711 716 1820 771 dis-

243 807 435 864 tinctio
479 820 832 877 personarum
881 820 1096 876 semper
1144 805 1231 862 his
1274 807 1454 862 verbis
1481 825 1494 862 :
1519 807 1671 872 Quod
1713 809 1820 878 ipse

237 914 497 978 prteslare
519 906 762 974 dignetur
786 904 874 975 qui
903 920 1017 957 cum
1048 901 1209 959 Patre
1238 903 1515 974 et.Spiritu
1540 913 1717 957 sancto
1747 901 1820 957 vi-

239 997 346 1060 vit,
385 1004 490 1050 etc.
527 994 584 1048 In
619 993 948 1048 tabernaculi
985 992 1322 1049 dedicatione
1342 993 1520 1048 oblata
1553 1000 1676 1047 sunt
1701 1007 1819 1046 mu-

241 1100 375 1139 nera
395 1101 424 1138 a
448 1085 770 1154 primatibus
786 1083 840 1137 in
861 1099 1018 1139 usum
1037 1083 1277 1154 ejusdem
1294 1091 1348 1139 et
1369 1083 1814 1138 sustentationem

243 1173 574 1240 Levitarum,
621 1173 766 1244 quod
802 1165 1060 1229 hodie‘ﬁt
1098 1189 1220 1229 cum
1267 1174 1546 1228 dedicatur
1588 1171 1815 1226 ecclesia

240 1265 442 1335 aliqua.
476 1265 627 1321 Sicut
651 1274 704 1320 et
731 1265 989 1321 laicorum
1016 1265 1422 1329 consuetudine,
1454 1263 1664 1319 mulieri
1692 1278 1814 1317 eum

238 1358 600 1427 desponsatur
636 1358 775 1424 viro,
805 1358 976 1413 multa
1014 1358 1156 1414 dona
1182 1356 1480 1413 oﬁ‘eruntur
1513 1375 1525 1409 :
1554 1363 1609 1410 et
1634 1355 1818 1410 Domi-

239 1465 344 1504 nus
373 1449 495 1504 ﬁliis
518 1449 682 1504 Israel
705 1449 758 1504 in
785 1449 1035 1521 Egypto,
1057 1449 1143 1504 die
1163 1464 1270 1518 quo
1297 1449 1571 1514 educeret,
1594 1462 1813 1503 conces-

238 1539 312 1594 sit
339 1546 597 1612 argentea
632 1554 780 1595 vasa.
813 1540 880 1594 Et
911 1546 1034 1610 post
1069 1554 1219 1594 mare
1245 1538 1485 1593 Rubrum
1515 1553 1620 1593 non
1659 1538 1813 1593 duxit

234 1647 331 1688 eos
351 1633 537 1688 statim
563 1640 712 1688 recta
750 1633 834 1687 via
877 1640 1067 1688 contra
1109 1633 1326 1698 hostes,
1365 1646 1434 1686 ne
1459 1631 1633 1686 territi
1665 1639 1811 1686 retro

235 1723 472 1789 abirent,
515 1724 609 1780 sed
646 1739 753 1796 per
787 1724 1126 1779 circumitum
1144 1741 1168 1790 ;_
1205 1722 1397 1779 deinde
1440 1723 1696 1794 praecepit
1747 1739 1809 1777 ne

233 1815 484 1885 temporis
517 1831 591 1870 re.
626 1832 679 1885 ρ.
724 1823 761 1870 t.
804 1813 972 1871 Caute
997 1814 1176 1869 omnia
1205 1813 1442 1884 provisa.
1481 1813 1805 1869 Introeunti-
1837 1796 1886 1856 Β

193 1903 336 1960 ‘hus
364 1905 506 1962 enim
530 1905 585 1960 in
607 1905 902 1960 Ecclesiam
925 1905 1098 1975 primo
1115 1905 1276 1960 decor
1303 1905 1419 1976 ejus
1445 1905 1807 1961 ostendendus

229 2007 345 2062 est,
376 2006 435 2052 ut
459 2006 775 2068 appetatur;
805 2013 911 2052 non
934 1998 1173 2062 miseria,
1204 2005 1263 2050 ut
1299 1998 1570 2052 timeatur.

307 2089 510 2159 (Otum,
556 2091 695 2144 hom.
744 2106 759 2145 t
811 2091 865 2144 in
912 2089 1102 2162 Num.)
1155 2089 1358 2144 Divinis
1406 2089 1646 2144 numeris
1698 2104 1806 2144 non

228 2195 427 2235 omnes
473 2180 617 2252 digni
666 2188 810 2248 sunt,
865 2189 1004 2247 etc.,
1038 2197 1200 2252 usque
1243 2179 1312 2234 ad
1358 2178 1580 2248 capillos
1616 2179 1808 2250 capitis

229 2272 545 2341 appellavit.

305 2360 431 2432 (Ιο.)
460 2361 593 2416 Illud
635 2375 848 2432 quoque
892 2361 1316 2428 consideremus,
1364 2368 1493 2426 etc.,
1541 2377 1700 2432 usque
1736 2359 1806 2414 ad

227 2459 286 2505 et
317 2459 445 2506 tunc
475 2451 542 2505 ad
564 2466 844 2506 numerum
865 2451 1019 2520 jussu
1049 2451 1142 2506 Dei
1171 2451 1399 2522 populus
1430 2450 1750 2522 adducitur..

306 2539 440 2594 Vide
454 2555 582 2610 ergo
599 2548 796 2610 quanta
813 2540 907 2594 tibi
931 2520 1271 2606 transeunda,
1289 2520 1804 2610 quanta’toleranda,

229 2636 367 2697 quot
404 2628 753 2695 profectibus,
797 2637 928 2699 quot
972 2629 1376 2696 tentationibus,
1427 2639 1557 2699 quot
1609 2628 1805 2698 praeliis

229 2719 442 2774 scilicet
478 2722 841 2792 pugnandum,
877 2729 1006 2792 quot
1051 2721 1395 2789 vincendum,
1434 2730 1494 2777 ut
1536 2721 1805 2791 pertinens

227 2809 302 2863 ad
333 2809 574 2866 divinant
601 2827 903 2877 numerum,
927 2819 982 2867 et
1009 2812 1148 2868 inter
1171 2822 1388 2869 sanctas
1419 2813 1589 2868 tribus
1619 2827 1805 2870 nume-

225 2899 405 2966 reris,
466 2909 520 2956 et
581 2902 762 2972 possis
819 2903 1062 2969 visitari,
1120 2913 1175 2960 et
1225 2921 1322 2975 per
1363 2905 1457 2960 Dei
1500 2904 1806 2961 sacerdotes

223 2990 414 3046 Aaron
438 3001 493 3046 et
513 2991 693 3049 Mosen
720 3009 1064 3050 numerorum
1098 2997 1348 3052 censibus
1375 2997 1591 3052 ascribi.
1622 2995 1807 3052 Susci-

222 3080 426 3148 pienda
456 3089 536 3136 est
560 3082 652 3137 tibi
679 3083 852 3153 primo
880 3084 967 3140 lex
995 3085 1111 3151 Dei,
1139 3085 1226 3140 lex
1251 3085 1484 3156 Spiritus
1512 3084 1648 3154 ejus,
1671 3083 1801 3141 oﬁ‘e—

1993 715 2148 788 (Rta.
2177 716 2230 769 in
2249 715 2438 786 Num.)
2465 705 2821 773 Numerorum
2852 719 2976 775 libri
2997 721 3277 792 multiplici
3299 734 3499 796 myste-

1921 806 2124 861 riorum
2153 806 2480 862 obscuritate
2509 808 2808 863 involutum
2839 809 3027 866 Patres
3069 813 3377 869 ostendunt.
3418 817 3495 872 lbi

1917 898 2061 953 enim
2085 913 2342 953 numerus
2367 898 2596 953 ﬁliorum
2619 901 2784 956 Israel
2807 903 3034 973 mystice
3061 904 3384 961 describitur
3400 949 3414 974 ,
3441 919 3497 963 et

1917 988 2248 1059 singularum
2290 988 2523 1042 tribuum
2563 999 2742 1045 castra
2783 992 2926 1048 circa
2970 993 3377 1052 tabernaculum
3416 1009 3492 1055 te-

1916 1077 2153 1132 stimonii
2181 1078 2246 1131 ad
2275 1077 2504 1132 formam
2533 1080 2775 1136 ecclesia:
2795 1081 3056 1137 locantur.
3089 1084 3493 1145 lbi'Levitarum

1916 1169 1970 1224 in
1999 1169 2356 1224 ministerium
2398 1171 2729 1238 distributio,
2763 1181 2817 1228 et
2842 1175 3042 1230 oblatio
3069 1177 3368 1248 principum
3406 1194 3493 1235 se-

1914 1262 2148 1315 cundum
2205 1261 2636 1316 convenientiam
2696 1275 3181 1321 sacramentorum.
3250 1267 3490 1324 Tandem

1913 1351 2151 1406 omnium
2196 1352 2535 1406 mansionum
2575 1353 2644 1407 ab
2689 1352 2923 1425 Egypto
2958 1371 3129 1426 usque
3162 1358 3230 1412 ad
3276 1367 3480 1414 terram

1911 1444 2282 1514 promissionis
2336 1444 2611 1516 catalogus
2661 1457 2995 1514 numeratur,
3047 1458 3108 1504 ut
3159 1460 3494 1508 monstretur

1910 1534 2143 1604 qualiter
2189 1533 2255 1590 de
2307 1533 2542 1605 Egypto
2599 1538 2829 1606 spiritali
2893 1541 3116 1611 egressi,
3177 1557 3276 1612 per
3333 1558 3487 1599 mare

1910 1625 2152 1682 Rubrum
2190 1634 2247 1679 et
2281 1640 2522 1680 eremum
2567 1630 2852 1697 praesentis
2901 1630 3086 1686 saeculi
3136 1646 3491 1703 properemus

1912 1717 1979 1771 ad
2002 1717 2323 1788 promissam
2349 1717 2579 1786 patriam
2610 1718 2663 1771 in
2695 1719 2869 1774 cmlis.

1981 1806 2103 1879 (In.)
2142 1805 2300 1861 Juxta
2329 1807 2492 1863 ﬁnem
2522 1808 2690 1863 Exodi
2732 1809 2994 1880 scriptum
3024 1818 3136 1877 est,
3164 1820 3294 1876 etc.,
3328 1828 3489 1882 usque

1911 1897 1980 1952 ad
2001 1897 2126 1968 quia
2159 1897 2331 1968 legem
2361 1898 2538 1952 datad
2573 1899 2982 1955 instructionem
3029 1901 3390 1968 credentium,
3433 1901 3486 1956 id

1907 1997 1989 2046 est
2018 1989 2375 2060 spiritualium
2406 1989 2794 2045 lsraelitarum.

1980 2081 2124 2141 (lsm.
2150 2082 2204 2134 in
2225 2080 2413 2146 Num.,
2456 2089 2584 2135 tom.
2633 2081 2723 2151 ν.)
2775 2081 2938 2142 Liher
2979 2080 3199 2137 Numeri
3250 2083 3486 2153 appella-

1909 2178 2011 2235 tur,
2040 2181 2168 2236 etc.,
2221 2187 2380 2238 usque
2405 2171 2473 2224 ad
2503 2187 2622 2240 quae
2650 2171 2807 2241 pleno
2837 2172 3047 2243 gurgite
3069 2171 3242 2228 ﬂuens
3265 2173 3488 2243 spiritus

1906 2260 2082 2315 sancti
2115 2259 2289 2330 gratia
2318 2258 2654 2314 redundavit.

1977 2351 2099 2424 (10.)
2121 2351 2302 2406 Prima
2339 2351 2548 2406 mansio
2573 2359 2677 2418 est,
2719 2361 2852 2418 etc.,
2879 2369 3041 2423 usque
3068 2353 3137 2407 ad
3175 2361 3229 2409 et
3263 2353 3484 2410 baculos

1907 2443 1960 2497 in
1995 2441 2246 2496 manibus
2269 2447 2535 2496 tenentes.
2901 2451 2906 2456 ‘

1976 2531 2097 2603 (ιε.)
2131 2530 2378 2585 Secunda
2419 2530 2648 2597 mansio,
2694 2539 2824 2597 etc.,
2860 2547 3019 2602 usque
3053 2532 3124 2585 ad
3162 2539 3216 2587 et
3258 2533 3325 2588 ad
3357 2548 3483 2589 san-

1905 2631 2048 2680 ctam
2083 2633 2282 2679 terram
2305 2625 2598 2678 viventium
2629 2625 3059 2680 adcelerandum.

1977 2713 2098 2785 (ln.)
2131 2714 2314 2770 Tertia
2344 2715 2572 2780 mansio,
2611 2724 2739 2782 etc.,
2777 2734 2940 2788 usque
2975 2718 3043 2771 ad
3079 2726 3139 2773 ut
3159 2718 3383 2775 ducibus
3410 2720 3478 2775 ad

1905 2815 2103 2862 terram
2132 2807 2504 2876 promissionis
2533 2797 2933 2876 perveniamus.

1977 2898 2098 2971 (1υ.)
2125 2898 2326 2965 Quarta
2363 2901 2590 2965 mansio,
2619 2907 2750 2966 etc.,
2790 2916 2951 2971 usque
2990 2901 3058 2955 ad
3100 2901 3320 2956 Mariam
3344 2917 3483 2972 prm-

1904 2990 2172 3045 einentem
2203 2989 2257 3043 in
2290 2989 2576 3061 tympanis.

1975 3080 2098 3152 (10.)
2138 3079 2337 3147 Quinta
2365 3087 2467 3146 est,
2513 3087 2640 3146 etc.,
2677 3083 2852 3151 usque
2899 3081 2968 3135 ad
3009 3081 3204 3137 iterum
3242 3081 3486 3136 suavitas

224 3169 400 3224 renda
427 3171 714 3239 sacriﬁcia,
739 3173 1014 3244 explenda:
1050 3175 1470 3246 puriﬁcationes,
1501 3163 1800 3247 peragenda
1830 3161 1876 3226 C
1906 3179 2302 3241 compensetur.

224 3262 412 3314 omnia
436 3278 555 3332 quae
576 3265 796 3334 spiritus
821 3269 995 3323 docet.

303 3347 506 3420 (0310.,
553 3353 705 3424 ibid.)
746 3354 907 3411 Ratio
959 3372 1171 3428 quoque
1218 3357 1474 3422 tribuum,
1525 3356 1800 3413 distinctio

225 3439 515 3509 ordinum,
571 3445 799 3502 societas
855 3445 1202 3514 familiarum,
1248 3457 1376 3514 etc.,
1424 3463 1586 3520 usque
1631 3447 1701 3501 ad
1747 3454 1801 3503 et

225 3539 394 3586 erunt
443 3531 749 3602 bujusmodi
791 3537 1010 3593 ordines
1038 3538 1090 3592 in
1125 3539 1520 3594 resurrectione
1561 3545 1799 3592 mortuo-

226 3636 371 3687 rum,
403 3623 493 3692 qui
517 3624 569 3678 in
596 3625 694 3680 hoc
715 3625 852 3682 libro
881 3627 1198 3699 ﬁgurantur.

296 3711 432 3766 Illud
479 3728 724 3784 quoque,
757 3717 897 3786 quod
931 3719 1160 3787 quadam
1189 3717 1524 3773 connexione
1564 3716 1797 3771 tribuum

226 3812 534 3859 castrorum
563 3808 759 3878 positio
789 3817 841 3864 et
867 3811 1171 3866 metationis
1196 3809 1329 3866 ordo
1353 3809 1695 3875 describitur,
1727 3809 1799 3864 si-

225 3896 448 3987 gniﬁcat
470 3898 699 3968 aliquem
726 3909 921 3956 statum
949 3902 1003 3956 in
1025 3902 1418 3958 resurrectione
1443 3908 1795 3955 mortuorum.

225 3989 382 4056 Quod
406 3999 512 4046 tres
537 3993 604 4047 ad
631 3994 891 4050 orientem
921 3995 1273 4061 collocantur,
1304 4005 1416 4050 tres
1454 3994 1520 4049 ad
1544 3994 1795 4049 occiden-

223 4089 354 4145 tem,
384 4089 495 4137 tres
519 4083 586 4137 ad
616 4085 916 4150 meridiem,
947 4094 1001 4141 ct
1033 4095 1142 4141 tres
1164 4087 1363 4141 ultima:
1383 4086 1449 4141 ad
1471 4085 1794 4156 aquilonem,

224 4173 318 4242 qui
349 4173 517 4229 durus
547 4175 745 4231 dicitur
791 4189 984 4233 ventus
1019 4178 1205 4251 (Eccli.
1240 4178 1426 4252 XLIII);
1468 4179 1608 4248 quod
1635 4179 1795 4233 etiam

226 4263 405 4318 tribus
426 4262 581 4331 Iuda,
604 4283 724 4338 qua:
750 4269 946 4340 regalis
974 4280 1055 4325 est
1076 4270 1264 4342 (Eccli.
1294 4272 1438 4341 χειν)
1460 4311 1475 4336 ,
1521 4270 1588 4325 ad
1617 4270 1795 4325 orien-

224 4363 337 4409 tem
368 4358 641 4426 statuitur,
672 4376 738 4415 ex
773 4377 879 4432 qua
913 4361 1172 4418 Dominus
1201 4371 1352 4419 ortus
1386 4372 1488 4430 est,
1519 4379 1625 4418 non
1665 4371 1797 4431 puto

223 4444 462 4500 otiosum
492 4465 504 4501 :
539 4449 680 4518 quod
708 4459 763 4505 et
782 4451 1029 4506 Issachar
1052 4451 1176 4508 huic
1193 4451 1436 4525 jungitur
1456 4460 1511 4507 et
1533 4452 1792 4516 Zabulon,

222 4543 281 4589 et
322 4537 464 4605 quod
493 4538 544 4592 in
567 4548 800 4610 quatuor
827 4551 1008 4612 partes
1037 4527 1210 4598 trinus
1237 4543 1338 4598 iste
1366 4558 1620 4597 numerus
1645 4541 1792 4596 ordi-

222 4633 406 4682 natur.
455 4627 583 4696 Qua:
625 4633 869 4700 quamvis
917 4634 1242 4702 positionum
1290 4648 1508 4688 suarum
1555 4633 1797 4686 diversas

220 4716 462 4773 habeant
506 4722 813 4790 qualitates,
854 4739 1045 4780 omnes
1095 4733 1275 4780 tamen
1324 4725 1464 4780 intra
1517 4721 1796 4777 Trinitatis

219 4823 509 4864 numerum
536 4815 880 4869 continentur
912 4833 926 4869 :
965 4825 1020 4872 et
1044 4817 1184 4886 quod
1223 4832 1319 4886 per
1355 4825 1496 4870 totas
1533 4815 1632 4868 has
1657 4827 1792 4882 qua-

221 4909 353 4954 tuor
391 4911 572 4970 partes
622 4903 676 4958 in
708 4892 887 4960 'unum
935 4922 1219 4962 numerum
1263 4906 1564 4978 colligitur,
1604 4907 1790 4962 eadem

220 4990 468 5046 Trinitas
527 5008 766 5065 semper,
817 4997 942 5066 quia
1005 4999 1211 5054 scilicet
1267 5001 1366 5055 sub
1421 5017 1530 5057 uno
1578 5003 1794 5059 nomine

219 5081 431 5150 Patris,
461 5092 516 5140 et
545 5085 698 5152 Filii,
723 5097 777 5142 et
804 5088 1038 5158 Spiritus
1079 5091 1250 5146 sancti
1295 5102 1582 5147 censentur
1607 5109 1794 5150 omnes

219 5179 316 5248 qui
336 5218 350 5243 ,
382 5194 449 5234 ex
491 5192 722 5249 quatuor
763 5185 1005 5252 partibus
1030 5185 1175 5240 orbis
1208 5187 1512 5253 venientes,
1544 5189 1793 5243 invocant

220 5283 422 5324 nomen
451 5271 683 5338 Domini,
710 5277 1086 5332 recumbentes
1111 5293 1232 5332 cum
1253 5277 1544 5342 Abraham,
1573 5279 1720 5334 Isaac
1740 5288 1794 5334 et

221 5358 392 5414 Jacob
425 5361 481 5414 in
516 5378 681 5430 regno
723 5365 816 5420 Dei
856 5364 1069 5437 (Matth.
1116 5370 1257 5439 vui).
1306 5367 1428 5423 I‘lznc
1475 5369 1795 5440 generaliter

223 5451 484 5518 diximus,
517 5455 756 5511 volentes
779 5456 936 5525 hujus
959 5459 1076 5513 libri
1101 5460 1486 5515 continentiam
1514 5463 1793 5533 mysticam

222 5540 464 5596 breviter
519 5547 977 5613 comprehendere
1027 5565 1039 5599 :
1101 5558 1155 5602 et
1211 5560 1456 5620 suscepta
1513 5552 1795 5608 occasione

223 5636 594 5705 unusquisque
621 5637 672 5691 in
703 5639 924 5709 reliquis
945 5641 1197 5706 similem,
1229 5652 1319 5697 aut
1347 5645 1390 5698 si
1412 5645 1496 5699 cui
1518 5645 1637 5714 plus
1657 5645 1796 5699 Deus

228 5730 454 5794 revelat,
482 5732 810 5801 superiorem
828 5745 1180 5805 prosequatur
1200 5737 1506 5807 imaginem.
1531 5738 1639 5807 Ego
1655 5738 1794 5794 enim

1973 3259 2095 3332 (ln.)
2126 3259 2290 3316 Sexta
2306 3269 2390 3316 est
2420 3260 2650 3327 mansio,
2671 3268 2806 3328 etc.,
2826 3277 2987 3332 usque
3007 3263 3076 3316 ad
3101 3263 3262 3319 duces
3275 3263 3481 3327 ovium,

1900 3352 2149 3408 doctores
2179 3354 2438 3425 gentium.

1971 3444 2092 3515 (1ο.)
2131 3443 2370 3514 Septima
2401 3444 2608 3500 mansio
2631 3452 2734 3508 est,
2757 3452 2890 3511 etc.,
2921 3463 3082 3518 usque
3105 3445 3174 3499 ad
3202 3453 3257 3500 et
3283 3453 3479 3515 priete-

1905 3534 2018 3588 rita
2051 3534 2366 3588 discrimina
2395 3535 2520 3604 poni
2550 3544 2674 3592 ante
2699 3537 2903 3592 oculos.

1970 3624 2090 3698 (11).)
2125 3625 2347 3693 Octava,
2387 3634 2518 3693 etc.,
2567 3645 2729 3699 usque
2756 3629 2824 3682 ad
2865 3627 3065 3700 grande
3100 3629 3281 3683 odium
3312 3643 3482 3688 mere-

1899 3734 2021 3772 mur
2051 3718 2282 3772 inimici.

1969 3808 2090 3881 (ln.)
2136 3808 2634 3880 Nona,etc.,usque
2664 3811 2732 3864 ad
2762 3812 3048 3883 incipimus
3073 3813 3125 3867 in
3141 3822 3486 3868 sacramenta

1897 3899 2133 3970 pulsare.
3477 3941 3504 3970 ,

1967 3989 2088 4061 (11).)
2118 3990 2355 4058 Decima,
2383 4001 2688 4064 etc.,usque
2713 3994 2778 4047 ad
2804 3993 3114 4065 angelorum
3140 3994 3297 4065 panis
3326 4009 3474 4048 man-

1897 4083 2143 4139 ducatur.

1970 4177 2092 4250 (1υ.)
2148 4177 2466 4245 Undecima,
2516 4187 2646 4246 etc.,
2697 4179 2953 4250 usquead
2995 4177 3214 4234 Cauerat
3257 4178 3309 4231 in
3365 4177 3486 4232 suis

1897 4267 2030 4324 locis
2059 4269 2465 4325 convenientius
2491 4277 2846 4340 exponentur.

2291 4389 2296 4393 ’
2375 4426 2378 4429 ·
2407 4425 2632 4482 CAPUT
2672 4425 2958 4482 PRIMUM.

1974 4561 2135 4615 Vens.
2167 4561 2219 4616 5.
2243 4591 2309 4600 -
2339 4559 2583 4614 Omnium
2625 4559 2874 4612 virorum.
2923 4558 3124 4629 (0mc.,
3171 4559 3310 4614 hom.
3345 4561 3366 4614 l
3421 4562 3476 4616 iri

1904 4651 2094 4722 Num.)
2147 4650 2293 4706 Alias
2315 4647 2500 4704 LXX:
2561 4648 2742 4703 Omnis
2782 4651 2872 4721 qui
2915 4651 3142 4721 procedit
3185 4651 3239 4706 in
3288 4652 3477 4707 virtute

1901 4741 2093 4807 Israel,
2142 4750 2247 4796 etc.
2301 4740 2400 4808 Qui
2447 4755 2573 4809 ergo
2618 4741 2880 4808 procedit,
2910 4749 3040 4805 etc.,
3075 4758 3234 4813 usque
3277 4742 3345 4796 ad
3379 4757 3486 4812 ptr

1900 4831 2059 4886 ﬁdem
2089 4831 2447 4900 evangelicum
2469 4839 2524 4884 et
2549 4831 2896 4900 apostolicam
2921 4831 3171 4885 traditur.

1969 4922 2130 4978 Vens.
2159 4923 2210 4975 4.
2232 4919 2586 4990 —Principes
2611 4921 2836 5002 tribuunt
2856 4962 2869 4983 ,
2897 4929 3001 4976 etc.
3028 4921 3204 4991 (Avo,
3229 4932 3410 4991 qumst.
3441 4921 3468 4976 1

1897 5018 1950 5071 in
1981 5015 2167 5085 Num.)
2204 5014 2339 5082 Quid
2364 5020 2446 5068 est
2488 5013 2628 5082 quod
2667 5013 2905 5084 singulos
2931 5013 2996 5067 de
3023 5012 3248 5083 singulis
3299 5011 3472 5066 tribu-

1899 5106 1999 5160 bus
2022 5105 2143 5175 eligi
2161 5103 2313 5172 jubet
2333 5104 2623 5174 principes,
2655 5112 2757 5158 etc.
2778 5143 2792 5169 ,
2825 5121 2983 5174 usque
3008 5104 3076 5156 ad
3113 5112 3170 5157 ut
3217 5086 3478 5158 vocetitur

1901 5198 2189 5270 χιλίαρχοι.

1971 5284 2132 5338 Vens.
2157 5285 2209 5339 5.
2236 5315 2308 5324 —
2330 5281 2404 5338 De
2451 5283 2586 5337 tribu
2610 5281 2812 5338 Ruben.
2841 5283 2994 5355 (Ras.
3018 5283 3073 5336 in
3116 5281 3304 5347 Num.,
3338 5291 3465 5335 tom.

1899 5375 1996 5445 II.)
2053 5373 2322 5428 Moraliter
2379 5373 2564 5428 Ruben
2611 5373 2998 5443 primogenitus
3051 5371 3284 5436 lsraelis,
3337 5380 3466 5433 etc.,

1899 5481 2060 5537 usque
2092 5465 2160 5519 ad
2189 5479 2282 5519 cor
2302 5479 2466 5518 unum
2491 5471 2545 5516 et
2569 5463 2746 5516 anima
2769 5477 2895 5516 una.

1973 5556 2148 5628 (Rm,
2169 5556 2319 5626 ibid.)
2345 5556 2602 5624 Princeps
2629 5554 2798 5608 tribus
2820 5553 3005 5607 Ruben
3029 5567 3124 5607 eos
3149 5550 3472 5624 generaliter

1901 5647 2186 5718 signiﬁcat,
2213 5656 2343 5710 etc.,
2366 5661 2526 5715 usque
2555 5644 2623 5696 ad
2654 5643 3063 5708 continentium,
3087 5639 3380 5710 virginum,
3416 5650 3474 5694 ct

1903 5738 2180 5807 utriusque
2209 5750 2370 5791 sexus
2396 5749 2578 5788 curam
2616 5747 2826 5801 gerens.
