3998 6332
659 335 763 392 385

649 533 838 589 raliter
873 548 1065 588 omnes
1116 533 1444 604 obedientes,
1475 540 1579 586 etc.
1601 571 1618 597 ,
1667 548 1824 603 usque
1849 532 1918 585 ad
1939 532 2177 589 dicentes
2207 553 2219 589 :

650 625 732 678 Ad
760 635 809 679 te
837 623 998 679 levavi
1025 623 1200 678 oculos
1242 640 1380 678 meos
1402 663 1416 689 ,
1450 623 1538 694 qui
1579 623 1782 676 habitas
1806 624 1858 676 in
1885 623 2022 678 caelis
2050 622 2220 695 (Psal.

650 717 844 788 cxx").

726 809 890 863 Vens.
913 809 965 862 7.
993 840 1060 848 —
1088 808 1162 862 De
1182 809 1318 862 tribu
1343 807 1509 861 Juda.
1539 808 1660 878 (lu.)
1685 809 1914 863 Possunt
1934 808 2222 878 signiﬁcari

649 901 703 958 in
730 901 865 957 Juda
917 916 1104 956 omnes
1146 901 1236 970 qui
1273 908 1417 954 recte
1475 899 1724 954 invocant
1768 915 1961 954 nomen
1988 899 2221 965 Domini,

648 1007 749 1048 nec
787 1008 946 1048 sensu
977 1008 1076 1047 nec
1111 993 1273 1046 verbo
1314 991 1696 1045 dissentientes
1739 1005 1769 1043 a
1810 1005 2000 1044 norma
2050 991 2216 1046 ﬁdei:

647 1098 878 1153 quorum
914 1083 1105 1136 merito
1135 1081 1374 1135 Naasson
1420 1081 1673 1150 princeps
1715 1089 1833 1146 est,
1881 1082 1972 1150 qui
2019 1082 2225 1137 scilicet

648 1189 754 1228 non
779 1173 951 1228 solum
975 1172 1107 1226 alios
1137 1170 1477 1240 praedicando
1501 1171 1736 1237 instruit,
1771 1173 1865 1227 sed
1886 1173 2053 1226 etiam
2082 1175 2224 1227 viru-

647 1262 790 1317 lenta
839 1263 1092 1316 vitiorum
1135 1261 1314 1331 jacula
1353 1275 1548 1331 corpus
1599 1277 1754 1316 suum
1801 1263 2116 1332 castigando
2166 1265 2222 1318 in

647 1356 934 1423 semetipso
963 1353 1236 1418 interﬁcit,
1259 1353 1551 1408 secundum
1584 1354 1712 1409 illud
1743 1373 1755 1408 :
1795 1353 2005 1424 Castigo
2035 1372 2220 1426 corpus

646 1466 815 1526 meum
843 1459 890 1503 et
921 1450 974 1502 in
1001 1449 1295 1502 serritutem
1325 1449 1518 1518 redigo,
1550 1455 1655 1502 etc.
1689 1445 1739 1518 (I
1771 1445 1892 1501 Cor.
1921 1447 2018 1518 Ix).

715 1541 1032 1611 Allcgorice,
1059 1541 1214 1606 Juda,
1241 1543 1305 1596 de
1347 1558 1454 1611 quo
1497 1529 1678 1614 rcges),
1712 1543 1804 1612 qui
1838 1545 2223 1612 interpretatur

643 1634 899 1703 confessio
929 1635 1010 1688 vel
1032 1635 1268 1690 laudatio
1287 1677 1302 1700 ,
1326 1637 1412 1691 hic
1438 1637 1692 1706 populum
1736 1636 2006 1706 signiﬁcat
2029 1637 2218 1692 Eccle-

643 1729 756 1794 siae,
785 1729 938 1798 cujus
965 1739 1126 1800 caput
1156 1739 1237 1785 est
1260 1729 1344 1784 leo
1379 1729 1446 1785 de
1490 1731 1628 1784 tribu
1655 1729 1812 1794 Juda,
1840 1731 1892 1785 id
1923 1739 2023 1797 est,
2067 1730 2220 1786 Chri-

644 1828 776 1875 stus.
810 1821 946 1876 Vere
988 1824 1130 1877 enim
1165 1823 1284 1877 ﬁdei
1327 1823 1564 1877 laudatio
1589 1823 1672 1877 vel
1701 1822 1986 1884 confessio,
2023 1824 2075 1877 id
2118 1833 2219 1888 est,

644 1921 791 1964 recta
837 1913 1174 1981 przedicatio,
1200 1921 1404 1967 tantum
1453 1914 1504 1967 in
1544 1913 1781 1968 Ecclesia
1827 1923 1928 1968 est.
1984 1913 2223 1968 Naasson

642 2017 791 2070 ergo,
823 2001 873 2055 id
904 2010 987 2056 est
1030 1987 1376 2073 serpentinus.
1407 2004 1489 2057 vel
1513 2005 1811 2073 augurium,
1843 2003 1983 2058 ﬁlius
2008 2004 2226 2058 Amina-

642 2091 765 2153 dab,
797 2092 1001 2146 scilicet
1049 2096 1322 2164 spontapei
1373 2094 1569 2164 populi,
1615 2094 1863 2148 Salvator
1908 2093 2224 2164 intelligitur

643 2179 710 2236 de
737 2182 1086 2252 patriarchis,
1113 2184 1222 2240 Deo
1246 2185 1451 2239 devotis
1478 2185 1723 2250 famulis,
1751 2186 1984 2256 genitus,
2010 2188 2098 2255 qui
2127 2202 2225 2256 per

642 2279 870 2326 mortem
901 2290 1051 2328 suam
1081 2275 1346 2329 destruxit
1367 2275 1656 2329 diabolum.
1685 2276 1741 2329 In
1781 2284 2029 2345 serpente
2052 2276 2218 2344 enim,

642 2361 781 2416 unde
808 2363 1040 2431 primum
1071 2366 1260 2420 mortis
1289 2366 1549 2430 causa,.id
1575 2375 1658 2420 est
1680 2376 1979 2435 peceatum,
2009 2384 2222 2436 proces-

641 2451 734 2516 sit,
764 2469 912 2508 mors
954 2455 1230 2523 ﬁguratur.
1283 2454 1435 2511 Unde
1481 2474 1494 2510 :
1531 2455 1680 2511 Sicut
1725 2457 1972 2510 exultavit
2017 2457 2220 2527 Moyses

642 2550 930 2610 serpentem
951 2543 1010 2594 in
1030 2543 1266 2608 desertoi,
1292 2545 1366 2597 sic
1390 2543 1616 2598 exaltari
1641 2554 1835 2614 oportet
1863 2545 2027 2601 ﬁlium
2053 2547 2218 2600 homi-

647 2629 753 2693 nis,
783 2638 889 2684 etc.
921 2630 1102 2700 (Joan.
1132 2633 1244 2703 ut).

721 2720 886 2776 Vens.
935 2723 988 2778 8.
1043 2754 1113 2764 —
1172 2724 1249 2778 De
1293 2725 1428 2779 tribu
1476 2725 1742 2780 lssachar.
1802 2725 1924 2797 (10.)
1975 2725 2218 2782 lssachar

642 2811 936 2867 monachos
977 2828 1085 2868 non
1131 2814 1420 2886 incongrue
1477 2816 1762 2886 exprimit,
1811 2818 1919 2886 qui,
1970 2817 2218 2871 omnibus

642 2902 828 2956 mundi
873 2903 1101 2974 negotiis
1147 2906 1362 2974 spretis,
1406 2906 1546 2960 dono
1601 2907 1716 2970 Dei,
1772 2907 1822 2960 id
1875 2915 1959 2960 est
2015 2905 2216 2976 Spiritu

644 2999 833 3046 sancto
859 3001 1195 3062 protegente,
1225 2995 1500 3064 praemium
1531 3004 1792 3050 aeternum
1812 2995 2058 3050 districta
2083 2997 2212 3062 vita,

642 3081 913 3151 voluptate
961 3085 1308 3150 mortilicata,
1338 3095 1606 3156 qumrunt,
1655 3096 1986 3157 etpompam
2031 3087 2212 3142 mundi

641 3171 931 3238 calcantes,
977 3161 1197 3230 humilia
1254 3177 1655 3247 amplectcntcs,
1697 3177 1795 3232 soli
1847 3177 1956 3233 Deo
2000 3178 2214 3247 placere

642 3266 882 3334 cupiunt.

715 3352 1016 3410 Nat/ranae!
1040 3356 1184 3425 [ilius
1215 3357 1374 3414 Suar.
1405 3358 1502 3426 Qui
1527 3359 1613 3430 pie
1635 3370 1890 3416 exercent
1915 3376 1971 3415 se
1996 3369 2054 3416 ut
2078 3377 2217 3416 mer-

641 3446 825 3499 cedem
860 3446 913 3500 in
937 3447 1090 3503 caelis
1113 3450 1395 3519 accipiant,
1421 3468 1606 3506 eorum
1632 3453 1879 3522 princeps
1909 3461 1990 3508 est
2015 3453 2216 3508 Nutha-

640 3538 780 3600 nael,
812 3538 863 3592 id
891 3549 974 3593 est
1001 3540 1140 3594 Deus
1169 3559 1313 3596 meus
1338 3542 1420 3597 vel
1455 3543 1649 3597 donum
1676 3543 1772 3596 Dei
1795 3585 1808 3606 ,
1841 3542 1885 3594 F
1890 3544 2011 3598 ilius
2053 3543 2209 3610 Suar,

641 3628 696 3682 id
733 3637 818 3684 est
853 3630 1029 3699 pusilli
1059 3631 1278 3698 Christi,
1302 3634 1505 3688 scilicet
1534 3635 1624 3703 qui
1677 3635 1818 3689 inter
1844 3635 2090 3691 homines
2118 3652 2216 3706 pu-

641 3721 794 3776 sillus
826 3724 1073 3792 apparuit
1099 3743 1110 3777 :
1145 3726 1256 3794 ipse
1281 3727 1424 3781 enim
1452 3727 1555 3780 dux
1581 3736 1635 3781 et
1666 3727 1780 3796 ipse
1805 3743 2034 3782 merces.

714 3811 876 3866 Vens.
909 3814 962 3868 9.
987 3845 1056 3854 —
1087 3814 1160 3868 De
1191 3817 1326 3870 tribu
1370 3815 1627 3871 Zabulon.
1677 3818 1799 3888 (ln.)
1844 3818 2081 3874 Zabulon
2125 3836 2215 3890 pa-

642 3904 837 3958 tientes
860 3905 1074 3973 ligarat,
1104 3914 1231 3971 etc.,
1277 3923 1436 3978 usque
1477 3908 1545 3961 ad
1574 3916 1761 3962 contra
1793 3909 2077 3966 hmreticos
2103 3911 2212 3966 sci-

640 3989 768 4047 licet
795 4003 848 4047 et
876 3994 1269 4050 schismaticos.
1329 4017 1332 4019 ·

713 4082 878 4138 Vens.
929 4084 1015 4137 10.
1044 4113 1114 4123 —
1136 4082 1350 4155 Joseph.
1382 4085 1524 4140 idem
1553 4085 1769 4156 Joseph,
1801 4096 1954 4157 pater
1987 4090 2214 4145 duarum

641 4175 907 4242 tribuum,
953 4175 1226 4231 Christum
1271 4178 1567 4249 signiﬁcat,
1623 4179 1837 4234 Patrem
1893 4181 2212 4250 populorum

639 4269 867 4326 duorum
913 4278 968 4326 et
1017 4270 1246 4340 lapidem
1303 4271 1631 4342 angularem.
1700 4272 1955 4342 Ephraim
1999 4273 2210 4340 minor,

639 4359 885 4416 Manasse
924 4361 1284 4432 primogenito
1331 4361 1613 4430 pra-latus,
1663 4363 1916 4432 gentilem
1961 4364 2214 4432 populum

1156 333 1546 390 WALAFRIDI
1586 330 1836 388 STRABI
1873 329 2076 385 FULD.
2118 328 2281 386 MON.
2324 329 2472 388 OPP.
2497 330 2694 389 PARS
2729 333 2771 388 l.
2811 365 2882 376 -
2918 333 3370 392 THEOLOGICA.
3727 346 3794 404 su

723 445 886 501 Vens.
912 445 966 500 6.
988 475 1057 484 —
1077 445 1154 500 De
1180 445 1317 498 tribu
1343 443 1572 499 Simeon.
1601 441 1781 516 (Bm)
1805 441 2024 497 Simeon
2050 458 2214 512 gene-
2244 442 2297 501 Α
2389 439 2665 500 Gamaliel.
2691 446 2974 512 Gamaliel,
3005 447 3225 503 reddidit
3258 448 3384 503 mihi
3409 447 3553 516 Deus,
3577 451 3796 517 llliusPhs.
3885 503 3887 512 ε

2325 534 2535 601 dassur,
2561 536 2614 590 id
2653 545 2736 590 est
2768 537 3128 608 redemptionis
3170 537 3377 610 ualida,
3419 531 3640 613 princeps
3669 558 3730 602 est
3761 552 3794 606 in

2325 625 2470 680 tribu
2497 626 2762 693 Manasse,
2800 630 2892 698 qui
2922 629 3310 700 interpretatur
3337 630 3532 695 oblitus,
3557 635 3630 689 vel
3650 640 3796 696 oblivio-

2323 732 2412 770 sus
2458 730 2476 768 :
2527 732 2647 770 cum
2695 717 2940 773 Christus
2995 720 3175 790 (quem
3196 721 3264 774 ad
3295 722 3578 776 vocandum
3615 730 3795 796 populum

2322 805 2601 862 Judaicum
2625 806 2787 864 Pater
2809 810 2862 863 in
2889 811 3145 865 mundum
3172 811 3341 884 misit)
3369 813 3420 866 in
3443 826 3591 883 regno
3612 829 3689 870 suo
3709 833 3794 888 gen-
3887 824 3889 846 έ

2325 908 2431 954 tem
2457 901 2772 955 obliviosam
2795 902 3017 956 invenit.
3044 900 3254 958 Oblitus
3277 913 3362 960 est
3387 905 3520 959 enim
3541 905 3677 962 lsrael
3701 925 3797 966 crea-

2324 993 2458 1047 toris
2486 994 2588 1048 sui.
2625 992 2742 1048 Non
2765 1001 2944 1048 tamen
2970 1009 3156 1049 omnes
3182 995 3475 1064 perierunt,
3494 997 3578 1051 sed
3601 1014 3697 1053 cum
3728 1003 3796 1070 plt-

2324 1082 2505 1136 nitudo
2534 1089 2762 1154 gentium
2812 1085 3100 1149 intraverit,
3151 1085 3316 1138 omnis
3367 1084 3527 1140 Israel
3568 1087 3706 1144 salvus
3739 1092 3794 1159 ﬁat

2325 1173 2495 1244 (Rom.
2522 1174 2620 1245 χι).
3109 1205 3140 1231 .

2393 1265 2557 1320 Vens.
2591 1266 2673 1320 11.
2696 1266 2862 1320 —De
2894 1267 3030 1321 tribu
3075 1265 3374 1338 Benjamin.
3423 1267 3667 1337 Beniamin
3696 1269 3798 1326 Jeru-

2324 1354 2491 1409 salem
2547 1355 2831 1425 signiﬁcat,
2868 1372 2985 1426 quae
3011 1367 3093 1413 est
3118 1358 3169 1411 in
3209 1359 3350 1411 tribu
3378 1375 3468 1412 sua
3498 1378 3509 1412 :
3537 1360 3664 1429 cujus
3682 1377 3796 1431 popn-
3889 1354 3891 1426 ἕ

2323 1443 2425 1508 lus,
2473 1445 2764 1498 secundum
2795 1446 3130 1515 prophetiam
3159 1445 3379 1510 Rachel,
3412 1446 3644 1512 Bennoni,
3671 1449 3712 1502 id
3743 1459 3795 1503 est
3889 1447 3891 1450 ’

2322 1534 2464 1603 ﬁlius
2492 1534 2688 1588 doloris
2739 1533 2874 1600 fuit,
2921 1536 3048 1605 quia
3083 1537 3234 1606 gravi
3287 1536 3466 1591 dolore
3494 1547 3684 1592 matrem
3714 1538 3796 1594 ειπε-
3891 1533 3893 1600 ἲ

2324 1625 2416 1677 cit.
2447 1623 2776 1694 Sanguinem
2803 1625 2946 1679 enim
2972 1605 3357 1696 prophetarum
3393 1626 3535 1689 fudit,
3559 1628 3670 1681 etin
3691 1627 3794 1682 Chri-
3892 1605 3893 1636 1

2324 1716 2392 1771 sti
2419 1731 2605 1771 necem
2648 1717 2963 1786 conspirans
2990 1718 3065 1771 ait
3095 1737 3107 1772 :
3139 1716 3365 1787 Sanguis
3390 1717 3497 1787 ejus
3523 1734 3654 1786 super
3686 1735 3752 1771 nos
3767 1729 3794 1771 et

2324 1825 2480 1878 super
2527 1807 2665 1876 ﬁlios
2711 1817 2912 1863 nostros
2961 1808 3173 1878 (Matth.
3213 1807 3403 1877 xxvii).
3450 1807 3504 1862 In
3543 1809 3794 1870 credentibus

2323 1915 2471 1963 vero,
2489 1899 2643 1969 juxta
2671 1899 2841 1969 patris
2878 1900 3240 1969 prophetiam,
3278 1899 3416 1967 ﬁlius
3462 1901 3648 1953 dextra.
3669 1898 3795 1966 Benja-

2324 1992 2434 2044 min
2457 2007 2668 2062 quoque
2697 1991 2947 2062 gentilem
2973 1991 3226 2062 populum
3255 2000 3429 2062 potest
3451 1990 3719 2062 signiﬁcare,
3738 1991 3793 2059 qui

2323 2081 2465 2136 ﬁlius
2503 2081 2704 2137 doloris
2750 2080 2852 2136 fuit
2896 2081 3232 2137 Christianos
3289 2082 3647 2152 persequendo.
3685 2081 3794 2135 Filius
3893 2080 3895 2134 ξ

2321 2175 2483 2227 etiam
2512 2173 2714 2228 dextra:
2738 2181 2912 2244 potest
2937 2173 3060 2236 dici,
3083 2173 3208 2242 quia
3233 2173 3286 2226 in
3306 2172 3499 2241 judicio
3519 2172 3577 2225 ad
3599 2172 3793 2226 dexteram

2321 2264 2416 2319 Dei
2460 2265 2582 2331 erit,
2608 2265 2692 2319 vel
2719 2266 2843 2334 quia
2888 2265 3125 2328 dextera,
3155 2265 3209 2318 id
3254 2275 3336 2320 est
3359 2264 3492 2318 bona
3519 2279 3673 2332 opera,
3695 2263 3792 2317 facit.

2321 2355 2488 2424 Hujus
2510 2356 2688 2428 populi
2711 2356 2938 2423 Ahidau,
2974 2356 3026 2411 id
3055 2365 3134 2412 est
3158 2366 3311 2427 pater
3331 2373 3486 2420 meus,
3522 2354 3684 2424 iudex,
3705 2353 3795 2408 tilias

2319 2446 2608 2512 Gedeonis,
2656 2447 2747 2516 qui
2775 2447 3158 2517 interpretatur
3211 2449 3425 2502 teutatio
3467 2447 3708 2518 iniquitatis
3741 2444 3795 2500 vel

2318 2537 2660 2603 humilitatis;
2687 2539 2934 2608 princeps
2978 2547 3060 2593 est
3089 2557 3100 2592 :
3135 2537 3263 2608 quia
3295 2538 3529 2593 Christus
3568 2537 3711 2608 (quem
3727 2534 3794 2589 ltu-

2319 2629 2498 2684 milem
2550 2628 2765 2686 Iudaeus
2808 2630 3013 2700 sprevit
3049 2613 3103 2684 et
3130 2629 3376 2686 diabolus
3418 2631 3582 2701 inique
3618 2625 3792 2697 tentavit)

2319 2728 2478 2788 caput
2507 2728 2590 2774 est
2631 2719 2985 2785 credentium,
3013 2727 3068 2774 et
3091 2719 3258 2789 judex
3285 2728 3529 2774 venturus
3553 2719 3742 2772 vivorum
3763 2725 3795 2769 et

2317 2816 2673 2864 mortuorum.
2721 2807 3011 2874 Moraliter,
3039 2808 3361 2877 .Benjamin,
3403 2808 3537 2878 ﬁlius
3561 2806 3795 2870 ἀρίγνω,ιὶ-

2317 2899 2535 2968 gniﬁcat
2563 2913 2656 2954 eos
2687 2899 2777 2968 qui
2819 2898 3031 2954 fortiter
3051 2908 3294 2970 pugnant
3322 2908 3499 2955 contra
3524 2897 3796 2956 lnlmlCOS,l:l

2316 2994 2529 3049 fortiter
2549 3000 2798 3062 premunt
2836 2991 3148 3047 tentationis
3178 2992 3442 3057 stimulos,
3473 3004 3562 3046 nec
3584 2987 3794 3044 femineum

2317 3083 2516 3154 aliquid
2551 3083 2634 3138 vel
2661 3083 2818 3138 molle
2841 3084 2895 3137 in
2927 3098 2984 3137 se
3022 3082 3289 3136 dominari
3321 3081 3624 3152 permittunt.

2390 3175 2550 3229 Vnns.
2587 3172 2672 3227 12.
2700 3203 2768 3214 ~—
2791 3172 2868 3224 De
2896 3171 3032 3224 tribu
3061 3169 3196 3224 Dan.
3227 3170 3343 3224 Dan
3375 3169 3638 3240 judicium,
3664 3164 3795 3232 relju-

2317 3266 2518 3320 dicans.
2549 3263 2614 3318 Hi
2645 3271 2769 3318 sunt
2792 3263 2884 3332 qui
2911 3261 3092 3316 omnia
3121 3261 3358 3316 discrcte
3397 3267 3567 3331 agunt,
3588 3256 3661 3326 qui
3688 3253 3795 3306 Aliis

2318 3373 2428 3421 zcr,
2455 3356 2506 3410 id
2535 3363 2617 3410 est
2645 3355 2860 3424 fratrem
2899 3354 3190 3423 adjutorem
3211 3394 3226 3417 ,
3286 3352 3385 3407 sibi
3415 3351 3671 3422 principem
3708 3361 3794 3399 eon-

2317 3448 2548 3502 stituunt
2589 3461 2603 3499 :
2656 3445 2780 3514 quia
2811 3443 3102 3499 secundum
3149 3441 3370 3496 Patrum
3415 3440 3631 3511 regulam
3673 3434 3795 3490 omnia

2316 3539 2535 3603 faciunt,
2565 3538 2652 3592 vel
2680 3539 2854 3592 omnia
2883 3536 3020 3590 bona
3048 3550 3141 3589 sua
3177 3533 3290 3589 Deo
3312 3535 3554 3588 tribuunt.

2388 3630 2568 3702 (Βλιιη
2594 3629 2681 3683 ubi
2703 3627 2908 3699 supra.)
2925 3629 3057 3692 Dan,
3083 3636 3210 3693 etc.,
3237 3643 3397 3698 usque
3416 3624 3551 3680 adad
3565 3621 3794 3678 societatem

2315 3721 2572 3792 spiritalis
2593 3721 2780 3792 gratia:
2806 3721 3108 3774 hortantur.

2386 3815 2548 3870 Vens.
2595 3812 2680 3867 15.
2704 3843 2772 3854 —
2797 3813 2876 3867 De
2899 3813 3035 3867 tribu
3060 3811 3204 3868 Aser.
3236 3811 3361 3884 (10.)
3387 3810 3527 3874 Aser,
3553 3814 3795 3870 etc.,..usqut

2314 3904 2383 3958 ad
2411 3904 2737 3958 retribuetur
2756 3903 2898 3958 enim
2925 3903 3002 3958 eis
3036 3902 3090 3957 in
3114 3902 3500 3959 resurrectione
3521 3899 3750 3969 iustorum.

2388 3994 2548 4050 Vens.
2579 3995 2664 4049 Η.
2695 4024 2762 4035 -
2785 3994 2862 4048 De
2899 3995 3035 4049 tribu
3059 3992 3194 4048 6αά.
3224 3994 3349 4067 (10.)
3394 3990 3682 4062 Allcgorice,
3705 3993 3795 4042 etc.

2315 4103 2474 4157 usque
2521 4086 2589 4140 ad
2617 4085 2794 4140 unde:
2823 4083 3008 4140 Callus
3053 4085 3348 4140 succinctus
3389 4082 3574 4138 lumbos
3613 4088 3652 4132 et
3687 4075 3795 4133 ariis,

2315 4194 2407 4232 nec
2427 4186 2501 4231 est
2533 4193 2622 4232 rea:
2641 4177 2734 4247 qui
2760 4178 2963 4230 resistat
2991 4177 3038 4230 ei
3061 4175 3242 4247 (Prov.
3272 4176 3440 4246 xxx).

2385 4274 2545 4328 Vens.
2574 4272 2659 4327 15.
2683 4300 2748 4311 —
2778 4271 2856 4325 De
2894 4271 3030 4325 tribu
3060 4270 3364 4340 Nephthali.
3409 4265 3796 4340 Nephtbali,setcw

2315 4381 2473 4435 usque
2499 4364 2569 4417 ad
2594 4363 2733 4418 unde
2764 4380 2776 4416 ε
2805 4360 2928 4416 Iam
2957 4377 3060 4416 non
3082 4362 3273 4433 _dieam
3299 4377 3385 4417 vos
3423 4353 3691 4424 serves,sed
3707 4348 3797 4404 mir

637 4450 862 4508 Judaico
887 4453 1186 4522 praelatum.
1218 4452 1368 4508 Unde
1397 4472 1410 4506 :
1442 4453 1604 4508 Amen
1640 4453 1756 4508 dico
1784 4454 1946 4544 uobis,
1977 4471 2080 4510 non
2128 4455 2209 4510 in-
2233 4484 2286 4544 Ι)
2313 4472 2418 4520 eos,
2445 4464 2549 4510 etc.
2576 4453 2758 4527 (Joan.
2787 4453 2899 4526 xv).

638 4543 752 4596 ueni
777 4551 975 4596 tantam
1006 4543 1162 4611 ﬁdem
1185 4545 1238 4597 in
1266 4543 1434 4598 Israel
1459 4542 1672 4615 (Matth.
1703 4543 1842 4615 vm).

711 4629 971 4702 Elisama.
997 4633 1231 4688 Elisama
1281 4633 1551 4688 Christum
1578 4635 1865 4706 signiﬁcat,
1907 4637 1972 4692 de
1997 4653 2104 4708 quo
2131 4637 2212 4694 di-

638 4723 780 4778 citur
803 4741 816 4778 :
841 4722 1036 4778 Factus
1057 4735 1130 4778 est
1154 4726 1392 4780 obediens
1409 4726 1558 4781 Patri
1581 4744 1737 4798 usque
1756 4729 1824 4782 ad
1852 4741 2086 4794 mortem,
2102 4737 2207 4786 etc.

640 4813 862 4886 (Philip.
897 4815 978 4885 ιι).
1024 4815 1131 4881 Qui
1174 4818 1240 4872 de
1291 4833 1348 4872 sc
1395 4819 1470 4872 ait
1503 4837 1515 4872 :
1550 4819 1678 4885 Qua:
1725 4822 1900 4876 audivi
1927 4823 1990 4876 ab
2017 4841 2076 4878 eo
2101 4825 2210 4878 hate

639 4903 823 4972 loquor
845 4904 900 4956 in
927 4905 1117 4957 mundo
1144 4904 1322 4976 (Joau.
1352 4908 1491 4972 VIII).
1522 4909 1619 4963 llic
1647 4919 1730 4965 est
1753 4911 1892 4966 ﬁlius
1934 4910 2206 4978 Ammiud,

640 4996 694 5051 id
719 5004 800 5050 est
827 4995 1004 5065 populi
1044 4995 1260 5066 inclyti,
1286 4998 1352 5052 de
1387 5000 1553 5071 stirpe
1595 5002 1802 5057 scilicet
1846 5017 2066 5073 regum,
2117 5020 2210 5073 pa-

641 5085 999 5142 triarcharum
1027 5095 1082 5141 et
1101 5088 1501 5157 prophetarum.

712 5178 892 5251 (ΚΑΒ.)
933 5180 1162 5234 Elisama
1211 5181 1460 5252 princeps
1506 5184 1558 5238 in
1613 5185 1754 5239 tribu
1809 5183 2081 5255 Ephraim,
2132 5186 2207 5240 si-

641 5270 861 5342 gniﬁcat
890 5286 983 5326 eos
1023 5272 1112 5341 qui
1158 5281 1360 5327 attente
1389 5274 1608 5328 verbum
1653 5275 1748 5330 Dei
1776 5277 2000 5332 audiunt
2048 5281 2208 5334 corde

637 5360 781 5416 bono
809 5367 865 5416 et
885 5361 1106 5430 optimo,
1131 5372 1185 5418 et
1206 5362 1438 5418 fructum
1469 5363 1697 5421 afferunt
1729 5368 1779 5421 in
1801 5370 2077 5439 patientia.

710 5448 997 5516 Manasses,
1045 5463 1147 5507 etc.
1180 5453 1500 5520 Obliviosus,
1548 5467 1612 5510 ea
1656 5458 1861 5513 scilicet
1905 5475 2022 5529 qua?
2071 5469 2205 5512 retro

634 5551 756 5597 sunt
804 5540 1104 5597 oblivi'scens
1129 5555 1176 5598 et
1205 5545 1256 5599 in
1283 5545 1546 5599 anteriora
1573 5563 1625 5599 se
1648 5547 1921 5602 extendens
1948 5563 1965 5599 .·
1995 5560 2045 5602 ιιι
2070 5549 2180 5602 acci

633 5628 743 5698 piat
788 5647 1031 5685 coronam
1077 5633 1211 5699 vita',
1240 5651 1395 5704 quam
1444 5635 1682 5690 retribuet
1710 5636 1845 5691 Deus
1876 5636 2206 5707 diligentibus

638 5734 691 5772 se
719 5717 932 5792 (Philip.
957 5739 1012 5777 ιιι
1037 5739 1049 5787 ;
1079 5723 1193 5777 Jac.
1226 5727 1286 5796 t).

2385 4549 2548 4603 Vens.
2584 4548 2666 4603 16.
2691 4545 2880 4602 —Per
2917 4548 3262 4618 cognationes.
3309 4543 3484 4618 (Aura,
3507 4548 3666 4615 quast.
3701 4533 3728 4587 2
3759 4530 3795 4581 in

2315 4639 2368 4693 Ν
2374 4637 2503 4710 um.)
2541 4637 2734 4694 Merito
2766 4637 3024 4707 quarritur
3051 4651 3240 4708 quare,
3276 4647 3402 4702 etc.,
3435 4648 3580 4704 usque
3599 4627 3656 4682 ad
3674 4631 3796 4679 etno-

2312 4745 2437 4784 vum
2461 4739 2693 4799 quatuor
2713 4729 3036 4799 Evangeliis.

2385 4821 2544 4874 Vens.
2583 4820 2669 4876 18.
2701 4848 2767 4861 —
2788 4819 2830 4872 Α
2859 4819 3112 4874 vicesimo.
3163 4818 3335 4891 (istm)
3368 4820 3412 4874 A
3455 4814 3681 4872 vicesimo
3696 4814 3794 4860 anno

2314 4918 2684 4972 numerantur,
2729 4911 2819 4980 qui
2848 4909 2912 4963 ad
2943 4908 3137 4963 bellum
3178 4909 3458 4980 eliguntur,
3501 4905 3613 4976 quia
3637 4897 3692 4953 ab
3725 4895 3792 4948 hac

2313 5009 2470 5054 actate
2496 5009 2681 5055 contra
2725 5014 3158 5069 unumquemque
3181 5001 3428 5054 vitiorum
3464 4994 3588 5052 bella
3621 4997 3792 5045 nascun-

2315 5099 2420 5151 tur.
2445 5089 2673 5158 Ideoque
2699 5089 2764 5143 ad
2789 5104 3021 5158 pugnant
3043 5089 3328 5160 eliguntur,
3353 5097 3408 5143 ut
3433 5087 3644 5159 pugnent
3662 5080 3793 5132 contra

2313 5179 2610 5246 libidinem,
2641 5195 2706 5234 ne
2729 5180 2936 5233 luxuria
2961 5189 3298 5248 superentur.
3740 5246 3748 5257 ι

2389 5270 2548 5324 Vens.
2581 5271 2669 5324 57.
2696 5300 2765 5309 —
2796 5269 3030 5338 Triginta
3058 5270 3279 5342 quinque
3315 5267 3494 5324 millia.
3519 5259 3635 5318 Boni
3661 5263 3794 5315 contu'

2313 5361 2421 5430 gati
2444 5401 2458 5425 ,
2496 5361 2619 5429 quia
2664 5361 2731 5414 ad
2777 5360 3200 5431 signiﬁcandum.
3238 5356 3568 5415 tricenarium
3607 5345 3733 5438 iudet
3758 5342 3792 5388 α

2311 5449 2484 5519 pollex
2511 5449 2709 5503 blando
2737 5448 2918 5502 osculo
2947 5452 3341 5518 continguntur.
3375 5445 3519 5502 Unde
3543 5436 3665 5495 aliud
3685 5436 3794 5484 tricco

2313 5543 2524 5602 simum,
2551 5542 2691 5595 aliud
2716 5541 3106 5611 sexagesimum
3133 5582 3146 5604 ,
3172 5541 3312 5595 aliud
3342 5552 3462 5594 vero
3495 5525 3790 5590 centesima“L

2385 5634 2545 5686 Vens.
2569 5632 2653 5685 59.
2676 5662 2745 5671 —
2775 5631 3111 5702 Septingenti.
3143 5630 3476 5702 Spiritalibus
3509 5621 3642 5679 donis
3658 5618 3794 5703 proli”

2315 5723 2406 5790 cti,
2451 5731 2501 5776 et
2533 5721 2598 5776 ad
2631 5722 2902 5775 dexteram
2954 5720 3046 5776 Dei
3073 5721 3298 5777 iocandi.
3344 5711 3664 5776 Comen-arias
3691 5706 3791 5754 enlm
