3998 6332
1209 365 1476 424 ειοδδΑ
1514 362 1909 423 OBDINARIA.
1949 394 2019 404 —
2056 363 2185 418 LIB.
2222 363 2389 421 NUM.

3323 366 3430 423 886

175 490 445 542 numerus
484 480 693 554 primus
738 478 793 533 in
838 478 1114 534 dexteram
1157 485 1522 548 computatur,
1564 475 1756 547 pollice
1784 481 1830 540 Α
1859 474 2232 545 probabuntur
2276 475 2457 542 electi,
2491 474 2546 530 i‘n
2574 474 2894 532 oblivionem
2927 477 3123 533 mortis
3149 477 3434 536 tradentur

175 586 234 633 et
262 575 445 631 indice
465 573 518 628 in
540 585 795 628 coronam
814 568 993 635 ﬂexis;
1020 571 1161 626 unde
1190 588 1203 625 :
1232 569 1357 624 lam
1381 571 1594 625 dextera
1625 585 1760 623 com-

173 675 330 739 putat
361 679 552 719 annos.

250 755 415 824 (Ras.
441 753 496 805 in
526 748 715 814 Nam,
745 757 876 805 tom.
902 747 987 823 Il.)
1016 749 1073 805 In
1097 750 1239 806 tribu
1261 749 1413 812 Levi,
1439 757 1568 815 etc.,
1598 764 1759 819 usque

176 845 250 899 ad
299 840 457 913 quasi
512 839 758 897 humeris
807 839 1008 895 laboris
1056 847 1111 896 et
1150 840 1423 911 patientiae
1460 837 1756 895 Ecclesium

176 942 420 1005 portant.

240 1046 421 1103 ‘Vcns.
452 1045 543 1102 51.
564 1075 637 1087 --
655 1042 884 1114 Cumque
914 1040 1343 1113 proﬁciscendum
1365 1080 1380 1107 ,
1418 1048 1524 1096 etc.
1552 1037 1611 1095 Id
1651 1047 1754 1105 est,

180 1153 435 1197 sermone
472 1146 528 1193 et
575 1135 820 1206 exemplo
871 1134 1176 1223 disponent,
1217 1131 1485 1203 quomodo
1530 1131 1758 1203 quisque

179 1230 501 1288 humiliatus
532 1228 586 1284 in
612 1226 858 1299 profectu
886 1227 1145 1281 virtutum
1172 1224 1473 1296 gradiatur.

255 1339 507 1412 Quisquis
529 1346 856 1393 externorum
873 1374 888 1401 ,
911 1343 1017 1390 etc.
1045 1331 1228 1407 (Ana,
1254 1342 1439 1406 qutrst.
1489 1334 1568 1406 3.)
1618 1334 1760 1389 Alie-

182 1431 376 1502 nigena
411 1430 499 1501 qui
543 1427 834 1491 accesserit,
863 1424 1137 1478 moriatur.
1185 1422 1285 1478 Hic
1327 1423 1626 1496 alienigena
1676 1425 1759 1480 in-

184 1520 600 1592 telligendusest
617 1516 776 1572 etiam
797 1516 861 1570 de
884 1514 986 1570 illis
1008 1513 1130 1569 ﬁliis
1146 1511 1333 1580 Israel,
1356 1522 1483 1579 etc.,
1508 1531 1667 1586 usque
1687 1514 1757 1568 ad

184 1618 247 1665 ut
290 1607 546 1681 allophyli
594 1605 925 1678 appellentur
951 1603 1109 1676 quasi
1144 1602 1372 1660 aliarum
1400 1604 1636 1661 tribuum
1660 1605 1759 1661 ho-

186 1709 386 1756 mines.
1432 1709 1440 1718 '

1862 564 2041 633 impii,
2065 565 2132 620 ad
2160 566 2439 620 dexteram
2470 566 2565 621 Dei
2596 566 3087 637 locabunturjusti.

1928 654 2092 710 Vens.
2133 655 2223 710 25.
2276 687 2345 696 —
2372 656 2454 710 Ad
2504 656 2766 725 aquilonis
2817 652 3018 729 partem
3072 660 3433 717 c'astrametati

1846 755 1978 815 sunt
2019 744 2120 814 ﬁlii
2168 745 2308 799 Dan.
2350 745 2475 800 Haec
2515 745 2670 817 plaga
2722 747 2991 818 significat
3028 747 3428 803 multitudinem

1858 835 2095 905 gentium
2126 849 2296 905 usque
2326 834 2692 908 adACbristum
2719 834 2919 907 frigore
2953 836 3284 892 inlidelitatis
3311 843 3428 917 tor-_-

1856 932 2095 994 pentem,
2132 925 2226 979 sed
2255 924 2487 995 repulsis
2513 923 2712 981 Judteis
2744 924 2949 994 judicio
2974 927 3069 982 Dei
3101 927 3156 982 in
3186 926 3429 983 Ecclesia

1857 1014 2075 1071 dilatata
2096 1023 2352 1071 aeternam
2373 1016 2763 1072 beatitudinem
2791 1024 3087 1086 exspectat.

2459 1151 2688 1210 CAPUT
2732 1153 2820 1209 IlI.

1926 1283 2090 1340 Vens.
2121 1283 2174 1338 5.
2204 1314 2274 1325 -—
2299 1282 2639 1339 Sacerdotum
2667 1283 2757 1357 qui
2786 1284 2928 1338 uncti
2951 1292 3096 1350 sunt,
3126 1291 3233 1339 etc.
3266 1282 3423 1355 (me.

1857 1375 1914 1429 in
1942 1374 2131 1441 Num.,
2157 1383 2289 1430 tom.
2316 1375 2405 1452 ll.)
2423 1375 2666 1443 Quatuor
2687 1374 2761 1429 lili
2784 1375 2985 1442 Aaron,
3012 1383 3141 1442 etc.,
3175 1392 3336 1449 usque
3358 1375 3428 1430 ad

1856 1454 1982 1538 igne
2004 1466 2200 1520 divinae
2233 1460 2455 1522 ultionis
2481 1464 2892 1546 consumuntur:

1928 1556 2091 1611 Vens.
2125 1555 2179 1610 6.
2228 1585 2302 1596 -
2348 1555 2565 1627 Applica
2594 1545 2807 1611 tribuni.
2862 1545 3045 1625 (Auc.,
3075 1568 3262 1628 quast.
3296 1557 3332 1611 4
3369 1558 3425 1613 in

1859 1644 2050 1717 Num.)
2074 1645 2262 1716 Accipe
2287 1645 2479 1699 tribum
2508 1645 2650 1712 Levi,
2673 1654 2807 1712 etc.,
2834 1662 2995 1719 usque
3019 1648 3088 1702 ad
3112 1651 3164 1702 in
3182 1648 3302 1704 aliis
3324 1648 3430 1704 cir-

1856 1749 2197 1806 cumquaque
2227 1735 2422 1792 castris
2460 1735 2691 1790 ﬁliorum
2718 1736 2902 1791 Israel.

256 1810 567 1882 Allegorice.
615 1808 717 1878 Qui
745 1808 814 1864 ad
838 1822 1054 1863 sacrum
1104 1806 1461 1864 ministerium
1502 1806 1756 1880 indignus

1924 1825 2088 1882 Vens.
2120 1827 2207 1882 10.
2236 1857 2308 1867 -
2332 1826 2615 1881 Externus.
2649 1825 2772 1898 (ln.)
2797 1825 3099 1896 Alienigena
3127 1827 3217 1897 qui
3249 1827 3430 1898 tetige-

185 1904 419 1969 aecedit,
460 1914 674 1972 pinnam
708 1900 1144 1972 praesumptionis
1176 1914 1286 1955 non
1333 1900 1552 1956 evadit:
1587 1900 1756 1955 Nemo

183 1993 329 2048 enim
376 1991 519 2047 debet
569 1991 669 2045 sibi
707 2005 909 2045 sumere
933 1990 1198 2056 honorem,
1228 1990 1329 2044 nisi
1352 1990 1443 2061 qui
1474 2000 1688 2045 uocatur
1721 2007 1759 2044 a

182 2086 325 2150 Deo,
353 2094 598 2157 tanquam
622 2083 802 2139 Aaron
830 2082 1014 2154 (Hebr.
1042 2083 1125 2155 ν).
1156 2082 1307 2139 Unde
1326 2081 1514 2147 Ozias.
1554 2083 1644 2152 qui
1674 2097 1760 2137 sa-

183 2173 490 2229 cerdotium
519 2171 824 2243 usurpavit,
846 2170 992 2243 lepra
1017 2186 1308 2242 percussus
1333 2186 1437 2228 εει.

263 2288 427 2344 Vens.
452 2286 541 2341 5‘2.
572 2316 645 2328 -
668 2283 1028 2356 Unusquisque
1053 2300 1145 2356 per
1176 2274 1397 2349 turmas,
1423 2292 1529 2339 etc.
1554 2282 1755 2357 (Ontc.,

185 2380 331 2433 hom.
367 2378 405 2434 2
428 2379 484 2431 in
513 2375 702 2446 Num.)
732 2376 1109 2447 Unusquisque
1134 2377 1429 2432 secundum
1451 2376 1604 2446 signa
1640 2390 1756 2440 sua,

186 2480 517 2541 etc.,usque
542 2469 612 2523 ad
666 2469 711 2525 si
762 2469 897 2525 nihil
931 2468 1249 2538 inquietum,
1306 2468 1440 2523 nihil
1490 2468 1762 2524 inordina-

186 2568 329 2626 tum,
356 2559 490 2615 nihil
518 2560 859 2616 inhonestum
887 2559 1193 2615 inveniatur
1219 2558 1275 2615 in
1302 2559 1476 2615 nobis.

827 2688 1051 2746 CAPUT
1082 2688 1147 2744 Il.

264 2826 431 2881 Vsus.
474 2825 524 2879 1.
548 2855 620 2867 -
637 2824 963 2895 Locutusque
984 2834 1058 2879 est
1086 2823 1362 2878 Dominus.
1396 2822 1597 2895 (0mm,
1620 2823 1761 2879 hom.

187 2915 225 2971 2
263 2917 321 2971 in
372 2913 564 2988 Num.)
611 2914 783 2970 Homo
805 2914 1090 2970 secundum
1135 2914 1369 2969 ordinem
1423 2931 1597 2980 suum,
1631 2924 1761 2980 etc.,

188 3020 361 3073 usque
385 3005 454 3058 ad
480 3012 537 3060 et
555 3004 687 3060 nihil
713 3004 1006 3060 secundum
1036 3004 1281 3060 ordinem
1308 3017 1515 3075 gerere.

262 3093 392 3166 (1η.)
445 3092 825 3165 Unusquisque
872 3101 1136 3159 nostrum,
1196 3104 1328 3160 etc.,
1385 3110 1548 3165 usque
1581 3094 1650 3148 ad
1696 3107 1765 3149 ne

186 3192 417 3255 propter
440 3197 564 3238 eum
587 3184 906 3239 nomen-Dei
927 3182 1351 3254 blasphemetur.

262 3271 390 3343 llo.)
418 3270 719 3341 Secundum
743 3289 842 3329 sua
869 3274 1042 3344 signa,
1071 3282 1175 3330 etc.
1206 3273 1411 3342 Quibus
1438 3275 1646 3331 scilicet
1673 3291 1768 3330 cu-

181 3358 387 3431 jusque
407 3360 708 3430 proprietas
744 3359 1076 3433 designatur,
1105 3370 1234 3428 etc.,
1268 3378 1429 3434 usque
1457 3363 1526 3418 ad
1567 3372 1770 3434 quanto

190 3450 368 3521 magis
394 3448 587 3520 reliqui
614 3450 861 3506 homines
888 3452 1107 3521 propria
1124 3452 1274 3523 signa
1304 3452 1358 3508 in
1386 3455 1624 3511 motibus
1652 3454 1769 3509 ani-

190 3556 407 3596 morum
433 3549 489 3596 et
521 3540 714 3596 animm
740 3541 1027 3597 virtutibus
1051 3544 1281 3613 gerunt?

264 3633 434 3687 Vens.
466 3631 520 3687 2.
550 3661 622 3673 --
652 3629 757 3686 Per
777 3649 965 3704 gyrum
995 3633 1339 3699 tabernaculi,
1378 3644 1485 3690 etc.
1519 3635 1674 3705 (Ras.
1713 3636 1770 3689 in

195 3724 391 3795 Num.)
434 3722 592 3778 Circa
616 3724 1046 3790 tabernaculum,
1075 3732 1205 3790 etc.,
1236 3741 1399 3796 usque
1439 3743 1503 3780 aa
1539 3742 1768 3798 quorum

192 3816 449 3886 precibus
467 3822 525 3869 et
555 3813 800 3870 doctrina
826 3815 1065 3869 munitur
1088 3815 1346 3871 Ecclesia.

264 3905 433 3960 Vens.
459 3907 511 3959 9.
538 3930 610 3944 —-
632 3902 868 3961 Universi
889 3906 980 3976 qui
1026 3906 1081 3960 in
1108 3906 1294 3961 castris
1338 3907 1514 3963 Judte.
1547 3908 1643 3963 His
1677 3907 1769 3963 tri-

193 3995 372 4052 bubus
396 3992 564 4051 ludas
591 3995 865 4065 praesidet,
895 3995 1103 4051 scilicet
1134 3996 1325 4065 regalis
1350 3999 1543 4063 tribus,
1571 3999 1636 4054 de
1662 4014 1769 4069 qua

194 4096 349 4144 ortus
364 4096 453 4142 est
478 4086 745 4151 Christus,
773 4087 989 4141 humani
1012 4088 1223 4157 generis
1251 4103 1340 4143 rex
1363 4096 1418 4142 et
1444 4088 1697 4143 salvator.

269 4176 432 4233 Vens.
486 4177 573 4231 10.
603 4206 675 4220 -—
709 4176 1060 4231 Meridianam
1105 4176 1310 4247 plagam
1359 4178 1457 4231 erit
1510 4179 1766 4249 princeps.

196 4268 326 4326 nec
372 4268 643 4340 signiticet
691 4269 969 4338 antiquam
1016 4267 1111 4323 Dei
1152 4252 1380 4339 plebem,
1430 4286 1549 4341 qua:
1596 4271 1769 4328 lucem

201 4359 505 4428 Evangelii,
556 4358 643 4414 vel
686 4358 820 4431 legis
867 4359 1185 4430 suscipiens,
1232 4374 1419 4417 amore
1464 4361 1772 4419 Conditoris

199 4449 471 4507 fervebat.

273 4543 439 4597 Vens.
475 4541 559 4596 17.
590 4572 662 4582 -
692 4540 968 4596 Lenabitur
993 4550 1168 4597 autem
1203 4542 1596 4599 tabernaculum
1627 4544 1770 4600 testi-
1794 4527 1848 4587 Ῑ)

199 4632 390 4702 monii,
414 4639 520 4688 etc.
555 4630 906 4688 Tabernaculi
938 4633 1139 4689 erectio
1166 4633 1251 4688 vel
1293 4634 1556 4705 depositio
1592 4636 1776 4692 Eccle-

198 4725 298 4781 siae
321 4723 486 4779 situm
505 4722 806 4795 _signilicat,
842 4739 961 4794 quze
986 4724 1040 4779 in
1070 4726 1414 4783 credentibus
1443 4727 1687 4798 erigitur,
1718 4729 1774 4784 in

199 4815 529 4887 negantibus
570 4814 879 4884 deponitur,
909 4817 964 4871 in
1011 4816 1331 4887 quibusdam
1362 4819 1644 4877 ordinibus
1683 4836 1774 4876 sa-

200 4907 317 4963 cris
347 4905 692 4972 sublimatur,
725 4906 782 4961 in
810 4906 933 4963 aliis
954 4904 1158 4976 judicio
1187 4908 1526 4965 sacerdotum
1554 4925 1777 4966 excom-

202 4996 578 5053 municatione
605 4997 935 5054 liumiliatur.

276 5092 359 5143 Ad
379 5086 749 5143 occidentalem
768 5088 977 5160 plagam
1000 5100 1171 5155 erunt,
1197 5100 1302 5148 etc.
1329 5092 1484 5166 (llas.
1508 5095 1563 5149 in
1588 5093 1775 5163 Num,

206 5184 341 5231 tom.
366 5174 460 5248 ll.)
488 5176 742 5234 Dicamus
771 5179 948 5235 adhuc
972 5180 1177 5251 aliquid
1193 5185 1335 5252 quod
1363 5186 1580 5256 adjuvet
1605 5186 1777 5243 lecto-

204 5280 346 5331 rem,
377 5273 511 5332 etc.,
552 5283 714 5338 usque
738 5268 807 5322 ad
831 5278 890 5325 ut
931 5284 1122 5327 secure
1153 5274 1365 5342 possint
1397 5276 1635 5332 divinum
1672 5278 1775 5334 im-

206 5356 358 5427 plere
387 5356 641 5414 ollicium.

280 5448 449 5504 Vens.
480 5449 569 5510 18.
608 5480 681 5492 —
706 5452 1112 5511 Occidentalem.
1142 5456 1267 5514 Haec
1296 5458 1450 5529 plaga
1486 5469 1777 5533 utrumque

208 5537 476 5609 parietem
504 5539 829 5597 tabernaculi
858 5545 909 5603 in
934 5561 992 5602 se
1018 5547 1300 5618 recipiens,
1339 5550 1393 5605 in
1424 5566 1483 5607 se
1506 5551 1782 5624 jungendo

91 5672 103 5685 .
178 5638 569 5695 consummat,
610 5640 666 5688 et
708 5637 1226 5692 consummationem
1266 5639 1521 5697 Ecclesia:
1566 5645 1620 5699 in
1678 5647 1781 5701 line

176 5766 185 5777 .
210 5718 404 5774 mundi
431 5721 717 5792 significat,
741 5724 953 5794 quando
983 5727 1035 5781 in
1068 5726 1242 5783 fructu
1266 5731 1527 5789 bonorum
1556 5751 1778 5806 operum

1860 1917 1948 1983 rit,
2000 1917 2269 1971 morietur.
2324 1914 2683 1983 Qumrendum
2740 1918 3009 2003 quomodo
3059 1917 3275 1985 dixerit,
3297 1930 3432 1987 etc.,

1859 2020 2025 2081 usque
2054 2008 2123 2063 ad
2150 2009 2281 2064 hinc
2307 2009 2450 2063 enim
2480 2007 2820 2077 loquebatur.

1929 2101 2091 2157 Vens.
2112 2100 2197 2154 12.
2220 2130 2289 2139 -
2311 2099 2422 2169 Ego
2448 2098 2545 2152 tuli
2567 2097 2788 2152 Levites.
2820 2097 2941 2169 (ln.,
2971 2107 3155 2169 qutest.
3183 2098 3261 2170 6.)
3291 2097 3433 2166 Quid

1859 2202 1942 2250 est
1961 2194 2103 2263 quod
2130 2193 2366 2257 Levitas,
2399 2201 2528 2257 etc.,
2562 2208 2723 2269 usque
2760 2192 2828 2246 ad
2858 2207 2958 2247 nec
2984 2207 3081 2261 pro
3101 2193 3185 2248 his
3207 2206 3434 2262 compu-

1862 2287 1964 2341 tari
1992 2294 2238 2356 posteros
2258 2284 2569 2339 Levitarum
2600 2284 2683 2337 vel
2702 2298 2957 2353 pecorum
2985 2296 3193 2338 eorum.

1932 2377 2108 2451 (Ontc.
2161 2376 2301 2430 hom.
2347 2376 2382 2430 5
2428 2376 2481 2431 in
2528 2375 2719 2446 Nunt.)
2765 2372 2876 2446 Ego
2925 2376 3183 2446 assumpsi
3230 2374 3434 2431 Levites

1860 2470 1925 2525 de
1963 2470 2133 2525 medio
2159 2468 2388 2538 ﬁliorum
2420 2467 2591 2523 Israel
2614 2484 2709 2538 pro
2735 2468 2876 2522 omni
2908 2468 3270 2538 primogenita,
3320 2476 3429 2522 etc.

1859 2562 2061 2617 Levita:
2095 2567 2445 2615 assumuntur
2462 2574 2560 2628 pro
2588 2557 2983 2629 primogenitis,
3013 2569 3144 2624 etc.,
3173 2574 3334 2629 usque
3362 2558 3431 2611 ad

1859 2661 1923 2707 ut
1952 2651 2024 2706 sit
2057 2651 2176 2722 plus
2212 2665 2315 2720 pro
2354 2650 2712 2720 primogenito
2751 2649 2975 2715 assumi,
3022 2664 3180 2719 quam
3225 2648 3433 2719 primo-

1861 2740 2101 2812 genitum
2130 2739 2299 2794 nasci.

1931 2827 2074 2883 LXX
2106 2846 2118 2882 :
2157 2827 2243 2881 Er
2289 2827 2460 2882 medio
2491 2826 2724 2896 ﬁliorum
2753 2825 2945 2893 Israel,
2973 2836 3082 2883 etc.
3113 2827 3329 2883 Tertius
3350 2835 3435 2884 est

1862 2920 1988 2975 Levi
2018 2918 2162 2975 inter
2191 2919 2330 2974 lilios
2350 2918 2537 2985 Israel,
2566 2918 2634 2974 de
2665 2934 2773 2989 quo
2800 2933 2930 2991 ergo
2953 2920 3130 2974 medio
3155 2934 3434 2975 assumun-

1863 3018 1953 3065 tur
2003 3009 2237 3065 Levitze?
2275 3009 2494 3066 Invenio
2558 3008 2895 3064 Sunamitem
2954 3008 3278 3065 fiducialiter
3319 3008 3435 3079 regi

1863 3100 2025 3156 Israel
2049 3101 2480 3170 respondentem:
2508 3099 2575 3153 In
2600 3100 2769 3154 medio
2792 3099 2971 3171 populi
3008 3101 3110 3154 mei
3131 3116 3225 3170 ego
3264 3100 3441 3154 habito

1875 3189 1924 3264 (Ι
1939 3189 2224 3264 VReg.tv).
2241 3190 2308 3246 Et
2327 3191 2393 3245 de
2410 3189 2626 3245 Christo
2637 3188 2900 3245 Joannem
2916 3190 3183 3246 dicentem
3201 3208 3215 3244 :
3233 3188 3441 3244 Medius

1868 3289 2092 3335 oestrum
2119 3288 2244 3345 stat,
2271 3294 2423 3350 quem
2463 3295 2548 3334 vos
2588 3279 2815 3334 nescitis.
2848 3278 2985 3334 Puto
3022 3294 3152 3350 ergo
3192 3294 3315 3335 eum
3350 3281 3443 3348 qui

1867 3386 2141 3441 nunquam
2196 3370 2549 3426 declinaverit
2612 3370 2678 3424 ad
2748 3371 3027 3426 dexteram
3068 3371 3171 3426 vel.
3200 3370 3267 3425 ad
3310 3370 3443 3426 siui-

1868 3472 2058 3530 stram,
2098 3463 2203 3518 dici
2235 3477 2394 3532 posse
2422 3461 2655 3517 medium
2696 3470 2865 3527 stare,
2909 3463 2998 3533 qui
3034 3471 3302 3532 peccatum
3339 3477 3445 3517 non

1868 3552 2010 3622 fecit,
2056 3569 2148 3607 nec
2186 3552 2424 3607 inventus
2451 3561 2529 3606 est
2555 3550 2709 3607 dolus
2748 3553 2804 3606 in
2845 3568 2933 3607 ore
2973 3552 3086 3621 ejus
3114 3551 3250 3625 (Isa.
3282 3552 3440 3625 Litt).

1870 3643 1943 3713 Et.
1958 3642 2083 3712 quia
2113 3657 2325 3711 semper
2353 3650 2479 3707 stat,
2510 3643 2719 3697 medius
2752 3651 2898 3697 stare
2932 3641 3150 3698 dicitur.
3181 3641 3284 3709 Qui
3314 3657 3445 3699 vero

1870 3733 2114 3789 imitator
2137 3732 2254 3802 ejus
2278 3742 2379 3795 est,
2413 3733 2553 3789 sicut
2582 3732 2896 3797 Sunamitis,
2926 3741 3074 3788 stare
3098 3731 3315 3802 quidem
3337 3746 3445 3787 non

1870 3825 2092 3892 dicitur,
2132 3825 2258 3896 quia
2290 3825 2583 3895 aliquando
2608 3834 2702 3880 aut
2723 3825 2793 3879 ad
2817 3824 3102 3880 dexteram
3132 3823 3444 3890 inclinatur,

1868 3923 1965 3970 aut
2000 3915 2070 3970 ad
2107 3915 2407 3980 sinistram,
2450 3913 2618 3969 Nemo
2661 3915 2799 3970 enim
2833 3914 3060 3970 mundus
3089 3932 3121 3969 a
3149 3917 3325 3980 sorde,
3353 3927 3503 3979 nec.

1868 4006 1915 4059 si
1942 4004 2098 4059 unius
2125 4005 2233 4060 diei
2272 4005 2429 4074 fuerit
2466 4005 2571 4058 vita
2597 4004 2712 4075 ejus
2757 4005 2888 4077 (Job
2916 4004 3004 4077 xv)
3037 4022 3053 4062 :
3083 4006 3333 4083 habitare
3364 4015 3447 4060 ta-

1869 4112 1994 4152 men
2026 4097 2224 4153 dieitur
2252 4099 2305 4152 in
2345 4097 2521 4152 medio
2543 4097 2742 4168 populi.
2773 4096 2974 4153 Levita:
3002 4113 3132 4168 ergo
3159 4112 3443 4153 assumun—

1872 4196 1962 4243 tur
1980 4189 2049 4244 de
2068 4187 2245 4247 medio
2280 4188 2511 4243 ﬁliorum
2538 4187 2722 4243 Israel.
2754 4186 2957 4243 Levita:
2987 4188 3131 4247 enim
3163 4193 3318 4251 sunt,
3352 4185 3446 4255 qui

1871 4294 1978 4335 non
2019 4288 2391 4352 cognoverunt
2426 4280 2702 4335 dexteram
2745 4287 2801 4334 et
2843 4279 3118 4334 sinistram
3145 4291 3319 4342 suam,
3349 4275 3444 4331 sed

1872 4380 2158 4441 sequentes
2185 4370 2388 4436 Mosen,
2405 4372 2459 4425 id
2484 4380 2589 4436 est,
2617 4370 2787 4441 legem
2812 4369 2932 4435 Dei,
2960 4382 3065 4423 non
3088 4371 3446 4438 pepercerunt

1871 4462 2013 4531 patri
2044 4461 2128 4517 vel
2156 4462 2337 4517 matri.
2369 4463 2435 4516 Et
2466 4471 2521 4516 tu
2552 4477 2681 4531 ergo
2705 4461 2774 4527 si,
2800 4461 3049 4515 veniente
3071 4459 3366 4515 teutatione
3390 4463 3447 4512 et

1876 4553 1953 4607 ira
1982 4553 2206 4623 peccati,
2245 4568 2345 4608 nec
2382 4553 2659 4608 inclineris
2683 4553 2751 4607 ad
2795 4552 3072 4608 dexteram
3103 4549 3185 4606 vel
3212 4550 3278 4605 ad
3312 4548 3448 4604 siui-

1875 4652 2064 4708 stram,
2093 4659 2199 4698 non
2246 4643 2617 4712 praevariceris
2643 4642 2813 4714 legem
2840 4641 2956 4706 Dei,
2984 4641 3077 4697 sed
3100 4649 3212 4697 stes
3240 4640 3448 4696 medius

1876 4732 2017 4790 ﬁxus
2064 4744 2118 4790 et
2174 4734 2413 4801 stabilis,
2472 4749 2572 4790 nec
2611 4750 2805 4791 eurves
2851 4749 3023 4806 genua
3070 4742 3159 4789 tua
3201 4743 3445 4803 peccato,

1877 4840 1975 4880 nec
1994 4826 2214 4896 pecudis
2248 4835 2430 4897 caput,
2458 4825 2685 4891 scilicet,
2714 4825 2954 4881 stultitiae
2976 4824 3219 4894 sequaris
3256 4824 3449 4895 imagio

1883 4932 2006 4972 nem
2033 4935 2045 4971 :
2077 4918 2371 4977 assumeris
2397 4919 2465 4973 de
2491 4919 2669 4974 medio
2698 4917 2928 4974 ﬁliorum
2952 4916 3142 4983 Israel,
3170 4923 3225 4972 et
3248 4915 3303 4971 in
3329 4915 3446 4985 pri-

1882 5006 2191 5062 mitivorum
2224 5022 2449 5064 numero
2484 5006 2858 5063 collocaberis.

1953 5098 2150 5169 Aperit.
2188 5099 2304 5155 Non
2351 5099 2659 5170 quicunque
2694 5101 2904 5171 aperuit
2941 5100 3177 5165 vulvam,
3210 5098 3447 5170 primatu

1884 5189 2078 5261 dignus
2119 5197 2225 5253 est,
2264 5190 2405 5245 unde
2432 5207 2446 5244 :
2481 5188 2711 5245 Alienati
2737 5200 2857 5245 sunt
2885 5200 3180 5262 peccatores
3212 5207 3246 5244 a
3270 5187 3446 5257 vulva,

1882 5287 2186 5333 erraverunt
2228 5278 2293 5333 ab
2341 5287 2508 5345 utero,
2536 5279 2696 5334 locuti
2732 5290 2853 5335 sunt
2889 5278 3028 5350 falsa
3070 5278 3245 5353 (Psal.
3285 5281 3449 5347 ινιι).

1884 5367 2162 5436 Quomodo
2192 5369 2335 5423 enim
2361 5369 2483 5439 quis
2511 5385 2695 5425 errare
2715 5371 2889 5441 potuit
2933 5385 2964 5425 a
3005 5370 3090 5426 via
3120 5370 3237 5439 Dei,
3262 5370 3449 5427 statim

1882 5470 1944 5515 ut
1966 5460 2031 5515 de
2052 5468 2241 5515 ventre
2268 5461 2458 5515 matris
2473 5462 2674 5515 exivit?
2691 5460 2800 5516 Aut
2822 5461 3091 5531 quomodo
3117 5463 3288 5534 potuit
3314 5460 3448 5517 falsa

1882 5550 2027 5621 loqui
2058 5566 2230 5622 nuper
2258 5552 2434 5607 editus
2461 5553 2635 5622 puer?
2660 5551 3031 5608 Necessarium
3058 5562 3144 5609 est
3167 5567 3297 5623 ergo
3320 5567 3450 5607 ven-

1885 5651 2021 5698 trem
2062 5652 2114 5697 et
2158 5643 2369 5699 vulvam
2410 5643 2568 5698 talem
2598 5645 2876 5714 requirere
2921 5644 3006 5699 cui
3044 5645 3213 5713 possit
3252 5658 3451 5698 conve-

1884 5740 2022 5806 nire,
2044 5740 2270 5793 Alienati
2290 5749 2713 5810 suntpcccatores
2742 5757 2774 5793 a
2815 5740 2984 5808 vulva,
3008 5749 3111 5796 etc.
3132 5739 3200 5795 Et
3229 5740 3313 5796 illa
3346 5740 3451 5797 erit
