4006 6352
544 349 648 406 587
1015 331 1020 335 ’
1053 336 1444 396 ιγΑιΑ-ιῖῐιιυι
1483 335 1726 391 STRAB.
1765 333 1967 389 FULu.
2005 325 2142 387 ιιιοΝ

2245 328 2360 384 ll‘P.
2399 327 2578 384 rans
2615 327 2656 384 ι.
2695 358 2765 370 -
2804 315 3265 387 'rtteomctcsl

3695 330 3808 388 388

545 465 728 528 vulva,
760 474 922 531 quam
951 455 1124 530 aperit
1147 452 1325 508 omnis
1353 450 1655 521 primitivus
1680 448 1772 518 qui
1814 445 2121 502 sanctiﬁca—
2151 442 2199 502 A
2299 443 2462 497 Vens.
2479 441 2568 497 29.
2586 441 2745 496 —Ad
2767 442 3132 496 meridianam.
3159 441 3285 498 Haec
3298 437 3566 513 signiﬁcat
3587 451 3712 512 post
3732 443 3815 498 lu-

549 567 638 610 tur
662 553 909 608 Domino.
946 546 1171 618 Aperuit
1201 542 1458 599 Dominus
1483 539 1696 594 vulvam
1720 537 1831 592 Lire
1861 552 1980 606 qua:
2007 542 2126 590 erat

549 646 753 710 clausa,
801 650 857 696 et
897 637 1105 709 peperit
1151 631 1514 704 patriarchas;
1547 627 1799 683 similiter
1827 636 1883 681 et
1923 623 2124 678 Rachel

551 747 608 792 ut
629 743 843 806 pareret
860 733 1022 786 etiam
1039 729 1153 798 ipsa
1184 723 1337 793 cujus
1362 721 1508 776 visus
1530 727 1642 773 erat
1660 717 1944 789 perspicax
1971 715 2148 768 etde-.

551 845 708 886 corus
726 833 975 897 aspectus
999 820 1147 893 (Gen.
1173 833 1324 880 xxix,
1351 813 1501 882 xxx).
1533 812 1592 866 ln
1621 809 1802 888 multis
1825 822 1952 868 vero
1975 806 2125 862 Seri-

549 932 721 994 pturre
739 919 870 974 locis
893 915 1136 972 invenies
1167 909 1364 980 aperiri
1394 907 1850 974 vulvas_,_quarum
1878 901 1923 956 si
1945 899 2129 969 singu-

553 1019 632 1072 las
676 1029 776 1086 pro
823 1012 956 1068 locis
997 1007 1332 1068 consideres,
1363 1000 1608 1056 invenies
1651 994 1920 1067 quomodo
1946 998 2130 1086 errant

477 1125 484 1132 ·
551 1083 864 1178 peccatores
897 1119 929 1156 a
947 1101 1128 1163 vulva,
1159 1106 1213 1152 et
1240 1095 1328 1149 alii
1353 1093 1662 1163 aperientes
1684 1088 1899 1143 vulvam
1927 1083 2128 1140 sancti-

554 1199 786 1256 ﬁcantur
813 1197 869 1251 in
897 1194 1085 1250 ordine
1109 1187 1528 1260 primitivorum.

624 1311 709 1366 Ea;
734 1327 852 1382 quo.
887 1306 1096 1380 (Ontc.)
1126 1302 1260 1370 Quia
1288 1315 1394 1355 non
1448 1297 1598 1368 prius
1643 1291 1963 1382 sanctiﬁcati
2009 1297 2133 1344 sunt

553 1381 896 1475 primogeniti
921 1395 1103 1459 lsrael,
1135 1403 1266 1458 etc.,
1292 1406 1454 1460 usque
1481 1387 1548 1441 ad
1570 1394 1625 1440 et
1651 1385 1706 1438 in
1732 1381 2134 1454 primitivorum

553 1491 742 1547 ordine
769 1487 1083 1543 collocaret.

539 1643 557 1652 -
623 1602 785 1657 Vens.
816 1599 902 1653 15.
925 1626 996 1637 ——
1027 1594 1261 1648 Numera
1291 1589 1430 1660 ﬁlios
1483 1585 1628 1640 Levi.
1678 1581 1810 1656 (ῐυ.)
1835 1582 2136 1636 Reeensea-

552 1708 674 1747 mus
715 1689 988 1750 attentius,
1035 1694 1166 1748 etc.,
1196 1697 1356 1750 usque
1401 1677 1468 1731 ad
1493 1676 1842 1744 excubiisque
1865 1670 2135 1742 perpetuis

555 1784 736 1840 divina
767 1778 1066 1836 ministeria
1103 1774 1401 1830 celebrant.
1715 1761 1724 1768 ’

627 1893 790 1948 Vens.
829 1893 915 1946 l7.
942 1919 1012 1929 —
1036 1887 1155 1940 Levi
1194 1901 1284 1954 per
1324 1882 1534 1936 nomina
1583 1859 1701 1932 sua.
1749 1877 1880 1932 Levi
1923 1875 2138 1930 additus

556 2075 690 2130 tiam
718 2072 811 2126 Dei
839 2071 906 2125 de
929 2067 1128 2123 mundo
1148 2065 1350 2120 electus
1377 2063 1443 2116 ad
1472 2059 1753 2115 servitium
1777 2058 2014 2112 divinum
2036 2070 2140 2111 cato

557 2168 702 2223 tibus
749 2164 1062 2234 angelorum
1107 2159 1309 2214 unitur.
1365 2155 1555 2211 Unde:
1607 2153 1718 2223 Ego
1766 2168 1851 2206 vos
1896 2151 2024 2222 elegi
2073 2151 2138 2204 de

559 2257 753 2311 mundo
781 2253 960 2324 (Joan.
989 2249 1102 2322 xv).
1129 2249 1195 2304 Et
1217 2246 1375 2302 alibi:
1410 2243 1513 2300 Sed
1537 2253 1656 2297 sunt
1685 2243 1820 2297 sicut
1841 2240 2012 2311 angeli
2040 2239 2140 2294 Dei

459 2397 464 2402 .
537 2349 611 2401 'in
639 2346 762 2401 caelo
795 2343 1021 2415 (Matth.
1052 2357 1165 2396 xxtt

628 2459 826 2514 Gcrson
861 2468 908 2512 et
948 2455 1114 2510 Canth
1153 2465 1200 2509 et
1232 2453 1449 2508 M‘erari.
1485 2452 1620 2507 Tres
1666 2450 1760 2505 ﬁlii
1786 2449 1913 2506 Levi
1936 2447 2140 2520 signiﬁ-

560 2559 686 2606 cant
715 2550 1102 2620 przedicatores
1133 2554 1332 2601 saneta:
1359 2543 1665 2606 Trinitatis,
1695 2541 2032 2598 confessione
2059 2541 2140 2595 in-

563 2641 763 2711 signes,
809 2639 935 2703 ﬁde,
987 2653 1082 2708 spe
1131 2645 1184 2691 et
1233 2635 1499 2690 charitate
1543 2631 1835 2687 mirabiles.
1882 2631 1992 2686 Nec
2016 2631 2140 2686 huic

558 2728 881 2800 expositioni
906 2741 1092 2782 eorum
1121 2726 1397 2780 nominum
1430 2725 1802 2794 interpretatio
1829 2723 2008 2792 aliquo
2031 2737 2142 2777 mo-

560 2817 630 2873 do
657 2808 942 2888 repugnat,
972 2816 1064 2870 sed
1083 2815 1242 2869 valde
1254 2816 1563 2869 concordat.
1587 2813 1977 2882 Interpretatur
1995 2811 2138 2866 enim

564 2908 774 2963 Gcrson
807 2907 1033 2971 advena,
1062 2904 1232 2959 Caath
1254 2903 1534 2973 patientia,
1567 2903 1650 2957 vel
1674 2902 1906 2956 molares
1926 2901 2137 2955 dentes.

563 2996 758 3050 Merari
812 3011 1018 3060 amara,
1068 2993 1151 3048 vel
1181 2993 1513 3058 amaritudo;
1562 2993 1812 3047 minister
1857 2993 1998 3046 enim
2045 2991 2140 3045 Dei

564 3088 826 3144 advenam
861 3103 918 3144 se
958 3096 1012 3143 et
1036 3087 1375 3158 peregrinum
1415 3086 1469 3140 in
1516 3086 1716 3140 mundo
1742 3085 2034 3157 cognoscit,
2084 3091 2139 3140 et

563 3179 773 3251 patiens
797 3186 898 3234 est.
925 3148 1278 3234 Verbuvaei
1310 3181 1471 3234 dente
1497 3148 1838 3234 discretionis
1862 3178 2032 3243 molit,
2060 3193 2140 3234 se-
2165 3148 2208 3210 Ο

564 3270 799 3326 cundum
831 3270 1133 3324 auditorum
1183 3271 1539 3339 capacitates;
1585 3278 1639 3325 et
1667 3269 1921 3324 sarculum
1956 3269 2056 3324 sibi
2083 3286 2144 3322 a-

564 3376 776 3416 marum
819 3362 1127 3426 ostendens,
1174 3361 1308 3416 alios
1337 3376 1367 3414 a
1397 3361 1766 3430 voluptatibus
1801 3365 2036 3414 revocat.
2079 3357 2143 3412 lli

566 3453 636 3508 ab
679 3467 786 3507 uno
829 3467 1014 3508 mense
1055 3461 1429 3516 numerantur,
1461 3452 1587 3522 quia
1623 3452 1836 3506 initium
1866 3451 1987 3506 vita:
2032 3451 2144 3505 Deo

565 3544 762 3598 debent
813 3558 1148 3607 consecrare,
1198 3559 1265 3598 ne
1307 3552 1424 3614 post
1468 3545 1635 3599 multa
1683 3545 1885 3600 seelera
1912 3543 2143 3613 promoti

567 3636 769 3692 faciant
809 3636 1182 3707 blasphemare
1215 3652 1407 3691 nomen
1439 3638 1555 3701 Dei,
1581 3637 1722 3691 unde
1748 3655 1760 3690 :
1796 3635 2009 3706 Oportet
2038 3637 2144 3706 epi-

564 3743 776 3796 sc0pum
797 3726 1293 3797 irreprehensibilem
1314 3744 1440 3791 esse,
1465 3738 1572 3781 etc.
1595 3728 1644 3800 (I
1672 3727 1700 3780 Ἰ
1717 3730 1806 3782 im.
1840 3727 1947 3798 nt.)

638 3818 804 3872 Vens.
849 3818 938 3870 25.
970 3815 1136 3870 —Hi
1179 3827 1290 3887 post
1351 3818 1745 3872 tabernaculum
1787 3819 2141 3872 metabnntur.

515 3927 546 3960 ο
566 3909 826 3963 Filiorum
857 3903 986 3963 Levi
1008 3911 1142 3964 ordo
1172 3911 1502 3965 conveniens
1525 3912 1846 3976 ostenditur,
1877 3911 1968 3966 ubi
2003 3909 2146 3965 scili-

570 4009 656 4056 cet
681 4001 771 4070 qui
803 4001 964 4070 primi
994 4010 1116 4056 sunt
1139 4001 1194 4056 in
1235 4003 1445 4066 ordine,
1477 4003 1702 4056 orientis
1728 4003 1938 4073 plagam
1962 4001 2146 4056 obser-

567 4099 695 4144 vent
731 4087 940 4160 Moyses
961 4099 1014 4144 et
1040 4091 1215 4144 Aaron
1239 4106 1362 4145 cum
1387 4091 1509 4145 tiliis
1530 4092 1641 4146 suis
1678 4092 1937 4146 habentes
1967 4100 2148 4146 custo-

574 4180 716 4234 diam
745 4181 1039 4236 sanctuarii
1069 4182 1122 4235 in
1153 4183 1330 4237 medio
1374 4181 1606 4237 ﬁliormn
1637 4181 1821 4237 lsrael.
1861 4181 2144 4248 Caathitaa,

567 4271 708 4326 unde
729 4271 938 4342 Moyses
959 4283 1012 4326 et
1032 4272 1208 4326 Aaron
1235 4274 1338 4327 orti
1375 4281 1518 4338 sunt,
1557 4273 1907 4328 meridianam
1937 4272 2146 4343 plagam

570 4361 874 4425 obtineant,
927 4361 1026 4416 sub
1064 4377 1193 4416 cura
1227 4361 1472 4416 Eleazari
1518 4361 1832 4426 sacerdotis,
1865 4362 1954 4431 qui
1980 4360 2148 4429 major

567 4459 651 4504 eSt
683 4449 812 4504 ﬁliis
841 4451 1042 4505 Aaron.
1092 4449 1221 4506 Post
1260 4451 1359 4505 hos
1397 4450 1698 4506 Gersonitzn
1736 4451 1804 4504 ad
1833 4451 2144 4505 occidenta-

568 4538 672 4592 lem
702 4540 911 4609 plagam
948 4541 1046 4595 sub
1076 4557 1206 4596 cura
1249 4541 1519 4611 Eliasaph.
1563 4540 1849 4596 Novissimi
1878 4540 2143 4595 Meraritze

569 4631 638 4686 ad
673 4633 1143 4702 septentrionalem
1193 4633 1425 4702 plagam,
1481 4633 1580 4687 sub
1622 4633 1864 4687 custodia
1906 4632 2144 4686 lthamar

571 4720 666 4774 lilii
696 4720 875 4774 Aaron
907 4722 1148 4776 minoris.
1181 4722 1237 4775 In
1265 4722 1351 4778 his
1372 4738 1500 4778 vero
1529 4721 1802 4776 moraliter
1825 4722 2145 4791 exprimitur

567 4809 714 4878 quod
765 4809 1002 4863 ministri
1051 4809 1291 4864 ecclesia:
1328 4811 1526 4864 debent
1563 4809 1852 4880 diligenter
1899 4811 2144 4864 ordinem

571 4916 728 4955 suum
773 4914 1011 4964 servare,
1043 4915 1142 4954 nec
1168 4898 1370 4967 majora
1401 4909 1648 4970 appetere
1697 4914 1856 4968 quam
1898 4899 2146 4968 proprius

573 4991 723 5046 locus
749 4991 1008 5060 exposcit.

569 5103 574 5108 -
642 5080 806 5135 Vens.
836 5081 926 5136 24.
962 5111 1028 5121 --
1057 5080 1138 5135 Ad
1172 5082 1485 5136 occidentem
1510 5081 1603 5137 sub
1627 5082 1857 5152 principe
1879 5080 2136 5151 Eliasaph

571 5173 682 5240 ﬁlio
723 5173 869 5228 Lael.
938 5173 1038 5230 Ubi
1086 5173 1201 5228 dies
1245 5174 1531 5239 clauditur,
1583 5182 1728 5228 astra
1783 5172 2054 5228 occidunt.
2081 5171 2140 5225 ln

569 5262 658 5318 his
701 5265 1054 5336 signiﬁcatur,
1099 5268 1238 5337 quod
1296 5267 1530 5321 ministri
1581 5265 1909 5321 tabernaculi
1947 5266 2143 5320 debent

572 5358 1062 5426 concupiscentiam
1093 5357 1300 5430 fugere,
1324 5357 1560 5414 carnalia
1584 5358 1851 5414 desideria
1880 5358 1972 5412 Dei
1997 5357 2144 5428 adju-

573 5447 714 5502 torio
739 5448 1084 5513 mortiﬁcare,
1115 5451 1253 5505 diem
1282 5450 1527 5504 ultimum
1566 5459 1620 5503 et
1647 5449 1804 5502 ﬁnem
1829 5449 2027 5506 laboris
2049 5464 2144 5503 ex-

571 5550 818 5609 spectare
863 5551 920 5594 ut
963 5544 1159 5597 mortui
1199 5543 1396 5596 mundo
1443 5550 1497 5595 et
1539 5543 1781 5597 viventes
1812 5543 1921 5599 Deo
1969 5542 2147 5596 dicere

573 5632 781 5700 possint
810 5632 936 5688 illud
962 5651 973 5686 :
1007 5632 1138 5685 Mihi
1161 5644 1332 5687 autem
1361 5633 1493 5686 absit
1521 5632 1738 5702 gloriari
1791 5634 1889 5688 nisi
1916 5634 1968 5687 in
1995 5648 2146 5687 cruce

576 5723 784 5779 Domini
813 5731 972 5781 nostri
1000 5728 1154 5782 Iesus
1183 5727 1376 5783 Christi
1411 5725 1552 5799 (Gal.
1586 5729 1678 5798 vt).

2227 548 2344 602 cem
2376 533 2613 588 scientiae
2657 541 2989 602 perceptam,
3025 531 3435 602 praedicatorem
3460 531 3691 585 verbum
3717 547 3816 601 pa-

2227 623 2428 678 tientiae
2457 630 2511 677 et
2565 621 2743 676 solatii
2790 622 2985 676 debere
3031 637 3152 677 cum
3197 621 3521 676 discretione
3551 623 3818 691 proximis

2228 715 2554 785 impendere.
2607 713 2722 784 sub
2737 713 3026 778 Eleazaro,
3057 714 3109 768 id
3157 722 3240 769 est
3280 713 3376 768 Dei
3411 700 3716 788 adjutorio,
3739 729 3820 770 se-

2229 805 2461 860 cundum
2513 804 2678 858 illud:
2717 803 2838 858 Nisi
2887 803 3142 858 Dominus
3188 803 3528 872 a'diﬁcaverit
3577 805 3817 871 domum,

2229 895 2280 949 in
2304 911 2492 949 vanum
2524 894 2891 948 laboraverunt
2917 895 3005 964 qui
3033 894 3294 962 redi/icant
3321 911 3456 948 eam.

2299 987 2463 1041 Vens.
2507 986 2598 1040 35.
2644 1017 2714 1026 -—
2754 985 2819 1040 In
2866 985 3041 1056 plaga.
3099 985 3346 1040 Extremi
3394 985 3672 1042 Merarltm
3723 989 3822 1043 sub

2230 1076 2468 1130 lthamar
2511 1077 2623 1148 (qui
2667 1077 3054 1146 interpretatur
3099 1091 3340 1141 amarus,
3369 1075 3455 1130 vel
3495 1076 3586 1129 ubi
3619 1076 3819 1149 palma)

2231 1167 2442 1237 plagam
2477 1167 2744 1236 aquilonis
2784 1166 2964 1221 sortiti
3015 1174 3164 1230 sunt,
3198 1165 3290 1220 ubi
3338 1166 3583 1237 glacialis
3629 1167 3822 1222 horror

2231 1259 2505 1328 perdurat.
2538 1259 2594 1312 In
2644 1274 2750 1327 quo
2800 1267 3089 1313 monentur
3126 1257 3380 1313 Ecclesia:
3427 1258 3695 1320 ministri,
3759 1275 3820 1314 ne

2233 1352 2521 1407 securitate
2551 1360 2838 1422 torpeant;
2871 1353 2994 1422 quia
3030 1353 3152 1407 licet
3182 1367 3277 1422 per
3295 1352 3519 1423 jannam
3547 1352 3677 1407 ﬁdei
3712 1353 3820 1424 jam

2236 1445 2289 1498 in
2341 1444 2638 1499 Ecclesiam
2695 1444 3038 1509 intraverint,
3101 1443 3282 1498 lumen
3336 1445 3588 1500 scientia:
3646 1459 3824 1514 perce-

2234 1534 2431 1604 perint,
2483 1533 2751 1588 desideria
2807 1533 2987 1587 carnis
3039 1532 3520 1597 mortilicaverint,
3578 1534 3822 1588 nondum

2239 1633 2412 1678 tamen
2443 1625 2510 1677 ad
2540 1623 2834 1694 perfectam
2881 1624 3220 1690 suavitatem,
3255 1625 3310 1679 id
3333 1632 3438 1690 est,
3467 1625 3540 1680 ad
3565 1633 3824 1681 mter-nam

2237 1715 2648 1779 beatitudinem,
2675 1724 3055 1784 pervenerunt.
3073 1715 3276 1769 'Restat
3299 1714 3504 1783 aliquid
3539 1729 3822 1781 amare;

2162 1794 2471 1858 Bcumillo
2500 1803 2816 1858 certandum
2863 1811 2970 1866 est,
3024 1803 3113 1872 qui
3164 1803 3230 1857 ad
3285 1803 3592 1872 aquilonem
3646 1804 3824 1874 dirigit

2239 1893 2430 1948 solium
2460 1907 2635 1958 suum,
2667 1892 2819 1962 cujus
2845 1891 3096 1947 duritiam
3131 1892 3329 1946 molliri
3359 1892 3700 1961 impossibile
3727 1903 3821 1957 est;

556 1985 642 2039 vel
668 1990 992 2050 assumptus.
1029 1955 1128 2032 Hie
1168 1975 1406 2029 estordo
1433 1972 1738 2034 doctorum,
1767 1969 1855 2038 qui
1883 1983 1980 2038 per
2018 1982 2138 2038 gra-
2187 1957 2195 1983 ⁷

2237 1985 2420 2039 unde:
2453 1981 2557 2038 Cor
2581 1983 2698 2053 ejus
2748 1983 3082 2037 indurabitur
3120 1985 3275 2054 quasi
3312 1983 3469 2055 lapis,
3517 1991 3628 2038 etc.
3689 1984 3820 2055 (lsa.

2238 2091 2366 2140 xiv;
2415 2073 2514 2128 Job
2571 2075 2709 2144 nt).
2767 2073 2903 2128 Cum
2957 2073 3135 2128 autem
3190 2074 3564 2145 superabitur,
3629 2074 3823 2144 adepta

2239 2169 2414 2239 palma
2443 2167 2816 2223 exsultantium
2841 2175 2924 2222 est
2948 2175 3000 2222 et
3029 2167 3337 2224 laetandum.

2310 2261 2475 2317 Vens.
2507 2260 2596 2315 58.
2626 2289 2696 2299 —
2747 2257 2829 2310 Ad
2893 2257 3197 2313 orientalem
3246 2258 3478 2338 plagam.
3532 2257 3827 2316 Orientalis

2239 2351 2395 2422 plaga
2424 2359 2602 2407 ortum
2649 2348 2773 2404 ﬁdei
2805 2347 3088 2418 signiﬁcat,
3117 2349 3210 2404 ubi
3257 2349 3491 2420 Moyses,
3532 2351 3626 2420 qui
3653 2351 3828 2405 inter-

2239 2450 2481 2512 pretatur
2508 2448 2816 2510 assumptus
2845 2439 2910 2494 de
2941 2454 3102 2509 aqua,
3134 2448 3189 2494 et
3239 2439 3421 2495 Aaron
3469 2456 3628 2496 mons
3678 2440 3828 2509 forti-

2242 2531 2464 2596 tudinis,
2496 2545 2618 2586 cum
2647 2528 2770 2584 ﬁliis
2795 2529 2908 2584 suis
2947 2538 3422 2584 castrametantur.
3455 2530 3556 2598 Qui
3593 2532 3750 2586 enim
3779 2531 3828 2585 in

2241 2623 2483 2678 Ecclesia
2518 2631 2776 2693 prmsunt,
2801 2620 2994 2690 quibus
3021 2620 3200 2676 claves
3231 2623 3380 2692 regni
3408 2621 3646 2678 caelestis
3678 2638 3828 2677 com-

2241 2717 2422 2771 missae
2480 2723 2605 2770 sunt
2655 2713 2990 2786 (Matth.‘vt),
3043 2712 3239 2767 debent
3292 2713 3544 2769 introitus
3579 2715 3829 2770 ordinem

2242 2821 2591 2878 cognoscere,
2643 2814 2696 2860 et
2725 2805 2845 2859 aliis
2871 2805 3184 2874 prtedicare.
3215 2802 3349 2870 Quia
3375 2813 3591 2874 oportet
3633 2821 3826 2875 quem-

2241 2915 2346 2971 que
2376 2899 2428 2953 in
2458 2899 2629 2952 lucem
2653 2896 2773 2951 ﬁdei
2798 2911 2894 2966 per
2913 2905 3122 2965 portam
3147 2879 3503 2950 confessionis
3531 2896 3599 2951 ad
3630 2912 3827 2967 aquam

2243 2991 2494 3062 baptismi
2526 2990 2749 3055 intrare,
2773 2997 2832 3042 ιιι
2857 2988 2923 3043 de
2945 3002 3080 3058 aqua
3112 2996 3418 3059 assumptus
3451 2989 3521 3044 sit
3567 2988 3722 3044 ﬁlius
3746 2991 3830 3044 ad-

2246 3085 2520 3156 optionis;
2559 3091 2613 3136 et
2649 3081 2842 3138 robore
2871 3080 3187 3136 constantia:
3235 3081 3461 3151 gignens
3512 3079 3654 3136 ﬁlios
3707 3081 3829 3136 boni

2243 3177 2444 3248 operis,
2498 3175 2774 3229 introitum
2809 3172 2949 3236 ﬁdei,
2983 3183 3083 3242 per
3117 3185 3278 3240 quem
3312 3172 3365 3226 in
3415 3172 3726 3228 Ecclesiam
3759 3175 3830 3227 in-

2243 3286 2460 3343 gressus
2501 3277 2603 3335 est,
2657 3267 2941 3340 diligenter
2989 3266 3279 3332 custodiat,
3323 3280 3390 3321 ne
3423 3266 3632 3321 otiosus
3663 3273 3733 3320 et
3759 3267 3832 3320 in-

2244 3363 2392 3418 utilis
2420 3359 2720 3430 abjiciatur.

2313 3455 2477 3510 Vens.
2501 3453 2592 3509 59.
2622 3480 2694 3491 —-
2728 3449 2924 3520 Viginti
2951 3451 3054 3504 duo
3096 3450 3284 3504 millia.
3333 3450 3469 3519 Apte
3497 3465 3740 3506 numero
3761 3451 3831 3504 vi-

2245 3545 2376 3616 ginti
2406 3544 2632 3598 duorum
2660 3541 2859 3596 Levita:
2897 3539 3256 3594 intitulantur.
3288 3539 3401 3595 Hoc
3425 3540 3571 3594 enim
3600 3555 3830 3595 numero

2245 3632 2772 3704 comprehenduntur
2802 3629 3024 3684 Hebraea
3051 3629 3316 3684 elementa
3345 3647 3358 3683 :
3404 3637 3480 3694 et,
3533 3629 3830 3685 secundum

2245 3725 2524 3796 quosdam,
2555 3723 2678 3776 libri
2705 3722 2918 3778 Veteris
2947 3718 3303 3776 Testamenti.
3334 3720 3566 3774 Ministri
3601 3719 3705 3774 Dei
3733 3721 3828 3773 hac

2245 3815 2651 3888 praescriptione
2675 3821 2982 3878 monentur,
3006 3811 3298 3866 secundum
3329 3810 3500 3882 legem
3529 3809 3629 3864 Dei
3658 3810 3832 3864 vivere

2245 3916 2299 3964 et
2327 3908 2540 3972 docere,
2569 3921 2670 3960 nec
2703 3905 2812 3960 ullo
2841 3904 3000 3959 modo
3024 3902 3308 3958 excedere.

2318 3999 2518 4071 (Onte.,
2550 3999 2689 4052 hom.
2719 3996 2752 4050 4
2779 3997 2833 4051 in
2868 3996 3056 4064 Num.)
3089 3995 3267 4050 Multa:
3310 4003 3438 4049 sunt
3481 4007 3828 4050 numerorum

2247 4087 2580 4152 dill‘erentiae,
2612 4097 2738 4150 etc.,
2773 4103 2934 4157 usque
2957 4086 3026 4139 ad
3054 4087 3215 4140 etiam
3239 4084 3554 4157 mysterium
3583 4084 3829 4139 human:

2247 4179 2610 4250 generationis
2639 4179 2942 4248 exponitur.

2321 4271 2483 4325 Vens.
2514 4269 2602 4323 47.
2629 4299 2700 4308 —
2726 4266 2966 4336 Quinque
2987 4266 3162 4321 siclos.
3197 4265 3437 4336 Mystice,
3466 4264 3718 4335 quisquis
3738 4263 3829 4318 ini-

2251 4359 2380 4413 tium
2423 4357 2850 4414 convcrsationis
2897 4364 2955 4409 et
3002 4356 3294 4410 voluntatis
3345 4354 3462 4409 vult
3509 4355 3621 4409 Deo
3649 4365 3829 4409 conse-

2251 4465 2427 4516 crare,
2466 4453 2702 4519 quinque
2747 4461 2939 4502 sensus
2966 4446 3210 4516 corporis
3243 4445 3402 4500 debet
3429 4444 3717 4515 diligenter
3743 4459 3828 4497 cu-

2253 4544 2475 4607 stodire,
2509 4558 2576 4596 ne
2605 4554 2699 4610 per
2726 4537 3004 4595 lasciviam
3053 4541 3105 4593 in
3147 4552 3389 4592 errorem
3413 4542 3508 4590 aut
3555 4533 3827 4589 immunda

2251 4633 2518 4688 desideria
2547 4629 2763 4686 deﬂuat.
2796 4629 2902 4685 Sed
2944 4630 3096 4700 juxta
3137 4627 3326 4683 siclum
3373 4625 3692 4687 sanctuarii,
3741 4622 3825 4692 qui

2250 4730 2334 4777 est
2371 4721 2511 4776 oholi
2556 4721 2646 4786 20,
2697 4720 2749 4774 id
2779 4728 2865 4775 est
2893 4718 3186 4774 secundum
3218 4715 3458 4785 decalogi
3505 4714 3824 4773 doctrinam,

2252 4828 2371 4882 quae
2393 4812 2444 4865 in
2471 4811 2676 4866 duobus
2709 4810 2991 4881 praeceptis
3019 4808 3297 4864 charitatis
3325 4805 3594 4869 consistit,
3653 4802 3824 4858 omnia

2253 4918 2416 4974 opera
2455 4917 2550 4957 sua
2577 4900 2778 4957 referat
2827 4901 2880 4954 in
2930 4901 3148 4954 deruunt
3201 4897 3395 4954 summi
3431 4895 3734 4951 sacerdotis
3773 4900 3824 4944 et

2249 4994 2476 5049 ﬁliorum
2501 4992 2630 5061 ejus.

2856 5059 3082 5116 CAPUT
3121 5057 3208 5114 ιν.

2321 5181 2483 5236 Vens.
2515 5180 2568 5233 2.
2593 5209 2663 5219 ——
2695 5176 2838 5231 Tolle
2869 5193 3148 5232 summam.
3181 5174 3384 5247 (Ontc.)
3433 5174 3569 5231 Cum
3619 5175 3672 5230 in
3717 5182 3820 5227 tres

2250 5272 2467 5327 ordines
2487 5270 2794 5325 dividantur
2823 5268 2916 5323 ﬁlii
2946 5267 3096 5334 Levi,
3125 5276 3249 5330 etc.,
3282 5282 3442 5338 usque
3464 5267 3537 5321 ad
3563 5274 3622 5320 et
3648 5264 3822 5338 purio-

2253 5364 2404 5420 ribus
2430 5363 2678 5419 sensibus
2702 5369 2757 5418 et
2783 5362 2969 5418 liberis
3002 5377 3031 5415 a
3061 5359 3409 5416 saecularibus
3434 5359 3748 5414 indicamus.

2321 5455 2444 5527 (In.)
2471 5454 2586 5508 Alia
2626 5453 2988 5520 littera,'etc.,
3020 5467 3180 5523 usque
3201 5451 3270 5504 ad
3298 5458 3353 5507 ut
3385 5448 3547 5504 l’aciat
3573 5462 3732 5520 Opera
3766 5445 3818 5500 in

2253 5543 2599 5599 tabernaculo
2629 5541 2941 5597 testimonii.

2322 5635 2487 5689 Vens.
2520 5633 2573 5688 3.
2603 5663 2672 5674 ——
2713 5631 2778 5686 In
2823 5634 2984 5686 taber.
3021 5629 3144 5702 (lo.)
3193 5626 3620 5685 Tabernaculum
3676 5619 3818 5678 testi-

2253 5727 2437 5793 monii,
2465 5734 2596 5790 etc.,
2623 5741 2784 5796 usque
2807 5724 2874 5779 ad
2897 5739 2999 5778 non
3035 5723 3102 5778 ab
3145 5721 3402 5778 lsraclitis
3433 5719 3526 5774 sed
3549 5733 3576 5772 a
3603 5713 3814 5772 Levitis-
