4006 6352
195 341 330 414 sss‘

1253 355 1519 412 GLOSSA
1559 353 1952 411 OBDINARIA.
1994 383 2062 395 -—
2095 352 2222 407 LIB.
2262 351 2430 408 NUM.

3337 360 3440 415 390

195 485 202 504 ι
268 467 644 542 Inrairentque
686 489 747 525 eo
790 486 987 524 arcam.
1038 469 1114 526 Ne
1157 471 1298 527 forte
1345 472 1509 542 aliqui
1553 471 1769 525 videant
1795 469 2143 540 Abernaculi
2196 468 2473 538 longitudo
2521 468 2736 538 triginta
2794 471 2988 526 cubitis
3043 485 3438 530 mensurantur.

197 561 404 616 nudam
430 569 487 616 et
513 563 832 616 moriantur.
864 561 1267 616 Esterminatur
1294 564 1441 618 enim
1465 562 1554 632 qui
1579 561 1766 616 ineffa-

196 651 330 708 bilia
373 661 712 708 sacramenta
764 653 1044 722 contingit,
1079 654 1182 708 nisi
1212 654 1419 708 meritis
1459 663 1513 709 et
1542 654 1767 710 scientia

177 747 256 802 .in
287 747 572 802 sacerdotii
600 747 826 817 gradum
851 756 1127 817 promotus
1166 747 1342 803 fuerit.

269 835 475 907 (0mm,
511 813 650 892 hom.
684 835 718 890 4
746 838 800 890 in
837 813 1024 907 Nion.)
1053 838 1266 908 Septem
1290 839 1533 907 quaedam
1562 837 1767 908 species

194 937 580 994 numerantur,
611 937 740 995 etc.,
781 945 946 999 usque
975 930 1160 984 art-alii
1199 939 1373 985 autem
1420 931 1534 985 haec
1579 940 1766 1000 operta

196 1017 439 1082 videant,
465 1017 574 1072 imo
602 1017 774 1072 velata
798 1019 850 1073 in
881 1019 1118 1074 humeris
1142 1029 1375 1089 portent.

269 1115 436 1171 Vens.
468 1116 518 1170 6.
543 1147 611 1157 —
643 1116 708 1170 Et
760 1118 1008 1186 operient.
1061 1118 1182 1173 Filii
1208 1118 1388 1174 Aaron
1434 1120 1762 1186 sacerdotes,

193 1207 396 1277 quibus
421 1207 601 1261 omnia
629 1207 770 1261 nuda
809 1215 864 1262 et
893 1217 1077 1277 aperta
1118 1208 1298 1264 videre
1327 1223 1636 1265 concessum
1663 1219 1762 1265 est.

265 1306 434 1361 Vatis.
464 1307 517 1360 7.
557 1335 629 1346 —
679 1303 851 1360 Panes
898 1321 1116 1377 semper.
1169 1307 1349 1378 (Auc.,
1402 1318 1588 1379 qua'st.
1625 1311 1656 1364 7
1710 1313 1764 1365 in

187 1398 390 1469 Num.)
423 1397 488 1451 Et
530 1414 691 1468 panes
734 1399 824 1468 qui
863 1415 1063 1469 semper
1107 1416 1261 1468 super
1287 1417 1401 1454 eam
1429 1401 1763 1457 erunt.-Non

193 1490 386 1557 utique
423 1477 580 1542 iidem
628 1501 857 1556 semper,
907 1489 1000 1542 sed
1029 1488 1230 1544 similes
1277 1504 1483 1556 eorum,
1535 1491 1658 1560 quia
1691 1491 1765 1546 illi

191 1578 604 1643 auferebantur,
631 1587 687 1632 et
714 1585 955 1632 recentes
981 1578 1218 1648 quotidie
1256 1581 1611 1649 ponebantur,
1637 1581 1763 1636 dum

173 1678 375 1724 tamen
404 1670 522 1724 sine
565 1668 792 1739 panibus
827 1683 1010 1722 mensa
1062 1683 1164 1722 non
1199 1667 1609 1738 relinqueretur.
1642 1668 1763 1724 ldeo

193 1759 349 1822 dixit,
381 1759 467 1828 qui
499 1773 713 1828 semper
733 1772 894 1827 super
911 1772 1032 1812 eam
1057 1765 1234 1823 erunt,
1260 1757 1313 1812 id
1333 1769 1434 1824 est,
1469 1758 1591 1828 quia
1623 1773 1762 1813 sem-

189 1864 294 1920 per
317 1864 504 1918 panes,
537 1864 642 1904 non
669 1848 793 1918 quia
825 1847 900 1902 illi
929 1861 1162 1918 semper.

258 1945 433 2001 -Vr:ns.
467 1947 650 2000 H.-—-
679 1945 791 2000 Nec
837 1961 940 1998 non
984 1953 1032 1998 et
1077 1946 1262 1998 altare.
1307 1943 1423 1998 Alia
1457 1944 1643 1998 littera
1672 1962 1684 1998 :
1711 1953 1758 1998 et

192 2051 356 2106 super
382 2035 547 2090 altare
572 2051 788 2089 aureum
817 2035 1115 2102 adoperient
1157 2036 1511 2088 vestimentum
1545 2034 1760 2104 hyacin-

187 2130 433 2183 thinum:
480 2137 527 2183 et
556 2127 850 2198 adoperient
879 2127 1011 2181 illud
1056 2129 1369 2198 operimento
1414 2125 1760 2196 pelliceoian—

189 2223 361 2275 (hino.
395 2219 582 2273 Posset
611 2219 711 2272 ista
751 2217 950 2272 locutio
976 2216 1166 2282 videri,
1197 2231 1358 2285 quam
1397 2216 1542 2269 velut
1565 2217 1758 2270 absur-

188 2314 315 2368 dam
365 2321 550 2367 etnon
581 2312 845 2380 integram
897 2309 1076 2363 Latini
1107 2309 1427 2376 interpretes
1466 2307 1758 2362 transferre

187 2403 496 2467 voluerunt,
529 2403 584 2456 id
632 2410 713 2457 est
761 2417 921 2472 super
973 2401 1143 2455 altare
1196 2415 1416 2455 aureum
1449 2401 1759 2470 adoperient

186 2497 571 2550 vestimentum
601 2493 1028 2564 hyacinthinum,
1062 2499 1316 2562 tanquam
1351 2491 1594 2546 debuerit
1628 2490 1753 2555 dici,

185 2598 242 2642 et
271 2587 442 2641 altare
466 2601 682 2640 aureum
702 2584 1013 2654 adoperient
1039 2583 1357 2639 vestimento
1375 2582 1758 2653 hyacinthina;

185 2691 296 2730 non
325 2676 638 2744 adoperient
679 2675 1057 2729 vestimentum
1080 2673 1506 2746 byacinthinum.
1533 2672 1645 2728 Hoc
1673 2672 1755 2726 vi-

185 2766 345 2819 detur
372 2763 677 2834 signiﬁcare
700 2762 844 2832 quod
890 2763 1063 2832 ipsum
1099 2763 1488 2817 vestimentum
1531 2761 1754 2832 hyacin-

188 2857 398 2910 Ihinum
427 2855 640 2910 aliunde
672 2853 1060 2924 adeperiretur.
1102 2853 1207 2908 Sed
1248 2855 1378 2908 mihi
1408 2853 1619 2908 videtur
1647 2869 1753 2908 non

187 2955 298 3000 tam
331 2961 500 3016 genus
548 2945 838 3000 locutionis
859 2959 996 3006 esse,
1015 2959 1189 3014 quam
1238 2943 1600 2999 subobscurus
1627 2958 1752 2999 sen-

183 3053 312 3102 sus;
341 3037 442 3091 hoc
471 3036 612 3091 enim
643 3035 862 3106 intelligi
889 3043 1099 3105 potest:
1150 3050 1309 3104 super
1335 3034 1502 3089 altare
1532 3049 1753 3088 aureum

184 3129 504 3199 adaperient
555 3111 932 3183 vestimentum
984 3127 1412 3199 hyacinthinum,
1465 3133 1524 3179 ut
1578 3125 1750 3195 ipsum

1941 557 2357 628 Quinquaginta,
2384 565 2488 611 etc.
2523 556 2722 628 (Onlo.)
2753 557 2810 612 in
2838 559 2940 614 hoc
2963 575 3176 630 quoque
3216 562 3350 617 libro
3375 563 3443 619 de

1869 649 2099 703 hostium
2127 649 2330 718 spoliis,
2357 659 2488 715 etc.,
2522 667 2680 719 usque
2708 650 2774 703 ad
2805 659 2858 704 et
2883 651 3094 706 tradere
3120 653 3242 708 ﬁliis
3269 653 3440 710 Caath

1867 741 2129 810 portanda
2157 741 2414 801 humeris,
2444 751 2498 795 et
2520 741 2765 796 manibus
2788 743 3049 797 vehenda.

1939 829 2130 884 Omnes
2174 833 2264 901 qui
2317 832 2700 900 ingrediuntur,
2753 840 2857 886 etc.
2915 831 3116 903 (Ontc.,
3146 835 3285 888 liam.
3317 835 3350 889 5
3383 836 3437 890 in

1869 919 2058 990 Num.)
2108 921 2314 974 Dicitur
2341 921 2406 974 de
2433 921 2654 988 Levrtis,
2684 931 2813 987 etc.,
2863 940 3026 993 usque
3072 926 3140 978 ad
3169 927 3258 995 qui
3289 927 3437 981 omni

1867 1025 1932 1065 ex
1979 1021 2132 1082 parte
2165 1012 2532 1082 multiplicatis
2565 1021 2620 1068 et
2667 1014 2963 1084 puriﬁcatis
3007 1015 3252 1072 sensibus
3293 1018 3443 1074 invo-

1867 1103 2014 1156 nitur
2039 1101 2330 1172 perfectus.

1944 1194 2108 1249 Vens.
2146 1195 2233 1248 55.
2255 1225 2327 1235 —
2349 1195 2428 1249 Ad
2458 1211 2652 1250 annum
2676 1197 3178 1267 quinquagesimum.
3230 1198 3440 1273 (01ης.)

1865 1283 2349 1357 Quinquagesimus
2401 1295 2578 1341 autem
2630 1302 2802 1342 annus
2853 1290 3221 1344 remissionem
3268 1300 3324 1346 et
3358 1293 3438 1344 iu-

1864 1375 2188 1445 dulgentiam
2218 1376 2501 1447 signiﬁcat,
2537 1386 2664 1443 etc.,
2691 1395 2849 1450 usque
2869 1379 2936 1432 ad
2959 1381 3260 1449 si_addatur
3283 1383 3440 1439 unius

1863 1467 2079 1523 decadae
2107 1471 2519 1536 consummatio,
2552 1470 2687 1526 ﬁunt
2710 1473 3007 1544 quingenti.

2475 1581 2702 1638 CAPUT
2757 1583 2818 1639 V.

1934 1671 2095 1727 Vens.
2124 1673 2179 1727 2.
2205 1704 2276 1714 -
2299 1672 2513 1728 Omnem
2545 1674 2825 1745 leprosum.
2855 1675 3077 1748 Leprosi
3107 1687 3229 1734 sunt
3256 1680 3431 1736 haare‘

1863 1763 1954 1816 tici
1995 1764 2162 1817 variis
2191 1779 2436 1818 errorum
2481 1765 2706 1820 maculis
2765 1767 2973 1836 polluti,
3023 1784 3126 1823 non
3176 1770 3436 1826 habentes

1789 1837 1838 1898 Β
1869 1853 2186 1909 uniformem
2213 1854 2446 1909 colorem
2478 1855 2735 1911 doctrina:
2763 1858 2846 1912 vel
2877 1858 2997 1911 ﬁdei
3031 1877 3043 1911 :
3086 1873 3186 1913 nec
3211 1860 3438 1914 abscon-

1859 1944 1993 2000 dunt
2023 1946 2370 2016 imperitiam,
2425 1947 2518 2001 sed
2575 1950 2886 2002 ostendunt.
2940 1947 3093 2002 Nulla
3143 1963 3271 2004 vero
3300 1949 3436 2004 falsa

1860 2036 2099 2092 doctrina
2128 2045 2210 2091 est
2255 2051 2374 2106 quae
2421 2053 2527 2091 non
2555 2037 2736 2107 aliqua
2774 2054 2906 2092 vera
2955 2039 3240 2108 aliquando
3268 2041 3438 2095 admi-

1861 2133 2027 2181 sceat.
2072 2125 2208 2181 Vera
2237 2141 2366 2197 ergo
2392 2125 2541 2182 falsis
2583 2127 2842 2195 permista
2870 2127 2922 2180 in
2965 2127 3142 2196 aliqua
3193 2119 3434 2198 disputa-

1860 2219 2002 2272 tione
2045 2217 2128 2272 vel
2177 2217 2487 2272 narratione
2514 2217 2817 2285 cujuslibet,
2879 2227 3134 2286 tauquam
3168 2219 3223 2272 in
3272 2219 3431 2274 unius

1845 2310 2101 2380 corporis
2122 2309 2301 2365 colore
2339 2310 2674 2379 apparentia,
2727 2309 3033 2379 signiﬁcant
3062 2309 3291 2378 lepram,
3321 2320 3434 2364 tan-

1858 2415 2017 2469 quam
2039 2400 2184 2454 veris
2215 2398 2467 2470 falsisque
2491 2400 2737 2456 colorum
2764 2400 2915 2464 locis,
2950 2400 3182 2454 humana
3204 2416 3430 2471 corpora

1857 2492 2177 2547 variantem.

1931 2581 2073 2637 Vens
2103 2582 2156 2637 6.
2183 2613 2254 2622 —
2286 2581 2509 2637 Virvsire
2559 2583 2764 2637 mulier.
2797 2583 2951 2656 (Ras.
2988 2584 3042 2638 in
3085 2583 3273 2654 Num.)
3317 2583 3432 2640 Hoc

1851 2675 2090 2744 capitulo
2115 2675 2484 2740 admonemur,
2525 2685 2583 2728 ut
2610 2675 2654 2729 si
2711 2675 2839 2744 quid
2881 2690 2978 2745 per
3046 2676 3428 2746 negligentiam

1857 2766 2233 2836 delinquimus,
2266 2780 2362 2835 per
2399 2763 2792 2820 confessionem
2837 2772 2890 2820 et
2932 2765 3301 2835 paenitentiam
3344 2767 3427 2820 di-

1848 2859 2067 2914 .liJamus
2091 2867 2146 2913 et
2171 2857 2422 2912 damnum
2452 2857 2819 2912 restituamus.
2853 2855 2909 2910 Si
2947 2865 3126 2910 autem
3183 2856 3428 2928 proximo

1857 2950 2112 3004 damnum
2149 2948 2448 3013 intulimus,
2482 2963 2666 3004 coram
2690 2947 2779 3002 illo
2803 2949 3180 3018 pteuiteamus,
3206 2957 3258 3002 et
3280 2949 3427 3002 dam-

1859 3057 1985 3096 num
2014 3041 2382 3094 restituamus.
2420 3038 2476 3094 Si
2506 3054 2634 3094 vero
2662 3054 2766 3092 non
2799 3047 3060 3106 superest,
3099 3036 3425 3100 conﬁtendo,

1859 3127 2169 3202 ptenitendo
2192 3141 2246 3188 et
2273 3133 2643 3203 eleemosynas
2667 3131 2960 3202 largiendo,
2990 3131 3217 3186 Domino
3240 3131 3429 3186 .satis-

181 3222 568 3276 vestimentum
601 3219 1003 3291 hyacinthinum
1024 3197 1130 3272 alia
1158 3233 1216 3273 re
1245 3215 1590 3286 aperiendum
1620 3230 1757 3284 prze-
1849 3197 2140 3278 iaciamus,

183 3310 412 3380 ceperit,
444 3311 585 3380 quod
625 3310 1000 3364 vestimentum
1027 3310 1138 3380 jam
1190 3323 1351 3378 super
1392 3307 1560 3362 altare
1587 3315 1751 3371 esset,

183 3419 250 3457 ac
287 3402 334 3456 si
359 3401 595 3456 breviter
638 3410 924 3470 utrumque
966 3399 1432 3470 complecteretur,
1481 3405 1542 3452 ut
1591 3397 1756 3452 vesti-

183 3500 370 3548 mento
394 3491 738 3562 liyacinthino
783 3490 953 3544 altare
978 3488 1347 3559 operiendum,
1391 3498 1446 3542 et
1469 3487 1758 3543 vestimen-

185 3596 302 3641 tum
333 3585 739 3657 hyacinthinum
777 3582 881 3637 alio
920 3582 1154 3654 tegmine
1187 3581 1556 3651 operiendam.
1613 3579 1757 3634 Sub-

173 3676 360 3744 junxit
382 3674 611 3743 denique
641 3673 781 3727 unde
805 3672 1002 3742 operiri
1032 3671 1190 3726 vellet
1228 3671 1601 3726 vestimentum
1627 3668 1758 3739 hya-

183 3767 511 3830 cinthinum,
543 3779 664 3819 cum
693 3762 924 3833 adjecit:
978 3771 1033 3818 et
1080 3763 1392 3834 adoperient
1417 3761 1546 3815 illud
1585 3760 1760 3831 operi-

185 3868 372 3912 mento
404 3855 626 3926 pelliceo
648 3854 908 3908 ianthiuo.

257 3949 424 4003 Vens.
457 3947 634 4001 152—
684 3945 825 3999 Tunc
881 3944 1147 3998 intrabunt
1193 3942 1504 4015 [iiiiCaat/c.
1553 3941 1754 4014 (Ontc.,

182 4045 330 4096 hom.
360 4040 440 4111 4.)
465 4039 565 4106 Qui
596 4039 718 4093 licet
745 4054 848 4092 non
874 4038 980 4093 sint
1001 4038 1327 4099 sacerdotes,
1355 4047 1482 4101 etc.,
1510 4053 1668 4106 usque
1688 4037 1757 4090 ad

189 4136 347 4206 cujus
372 4133 740 4189 hmreditatem
780 4131 1054 4202 praestabit
1081 4131 1232 4185 nobis
1275 4131 1532 4185 Dominus
1572 4140 1758 4186 noster

177 4226 344 4282 Jesus
366 4225 633 4281 Christus.

261 4317 423 4372 Vens.
459 4317 544 4372 18.
569 4345 641 4355 -
671 4313 845 4368 Nolite
873 4313 1102 4383 perdere.
1136 4313 1336 4384 (0mc.)
1391 4311 1565 4366 Nolite
1592 4322 1758 4367 exter-

181 4414 390 4466 minare
431 4409 626 4482 plebem
656 4405 843 4478 Cgatli,
893 4415 998 4460 etc.
1046 4405 1284 4475 Intelligo
1335 4405 1484 4475 prius
1529 4405 1758 4460 colloca-

185 4504 390 4557 tionem
447 4497 798 4562 tabernaculi,
827 4506 953 4561 etc.,
1004 4513 1162 4567 usque
1209 4497 1276 4549 ad
1329 4496 1536 4551 humeri
1574 4504 1755 4550 autem

177 4609 351 4666 opera
383 4593 703 4664 signiﬁcant.

260 4685 422 4739 Vens.
452 4684 541 4737 20.
569 4713 637 4722 —
671 4681 773 4736 Alii
803 4681 968 4745 nulla,
997 4689 1100 4735 etc.
1149 4677 1346 4750 (01ης.)
1395 4677 1452 4731 In
1493 4676 1758 4732 Ecclesia-

175 4779 340 4834 sticis
379 4789 591 4846 quoque
633 4772 1113 4836 observationibus,
1144 4779 1271 4835 etc.,
1321 4785 1481 4838 usque
1520 4768 1588 4820 ad
1616 4775 1669 4820 et
1701 4766 1754 4820 in

177 4885 324 4939 opus
345 4865 574 4936 proferri
601 4865 738 4919 ratio
763 4864 1080 4934 poposcerit.

260 4957 425 5011 Vens.
448 4955 536 5010 25.
561 4984 630 4994 ——
656 4952 699 5004 Α
730 4954 960 5023 triginta.
1009 4950 1370 5013 Tricenarius,
1413 4948 1504 5018 qui
1534 4948 1752 5003 denario

181 5061 271 5104 tcr
317 5042 1059 5114 multiplicato.eomponitur,
1116 5039 1479 5110 integritatem
1537 5038 1656 5092 ﬁdei
1701 5046 1754 5092 ct

179 5137 577 5213 perfecziouem
609 5135 785 5206 operis
811 5132 1098 5204 signiﬁcat,
1122 5133 1238 5186 sine
1263 5132 1456 5202 quibus
1484 5145 1640 5185 nemo
1670 5146 1759 5185 ac-

183 5232 381 5286 cedere
407 5229 566 5283 debct
600 5227 668 5281 ad
717 5225 896 5280 divina
925 5224 1243 5278 ministeria.
1292 5221 1487 5291 Josrph
1531 5222 1760 5276 tricena-

183 5324 305 5379 rius
327 5320 540 5392 Egypti
571 5317 805 5386 suscepit
830 5315 1186 5388 gubernacula
1211 5312 1360 5383 (Cen.
1381 5312 1481 5383 xi),
1511 5321 1564 5368 et
1597 5312 1761 5367 David

181 5427 436 5484 regnum,
460 5410 603 5481 quod
621 5407 1081 5479 septuagenarius,
1105 5405 1157 5460 id
1179 5413 1278 5469 est,
1302 5413 1554 5474 perpetua
1583 5405 1760 5472 quiete

181 5507 384 5576 dignus
410 5501 695 5571 complevit
725 5498 843 5570 (III
877 5497 999 5568 Reg.
1033 5497 1115 5568 ιι).
1157 5497 1222 5550 Et
1249 5495 1493 5550 Ezechiel
1525 5495 1756 5565 prophe-

183 5602 279 5654 tia:
312 5597 452 5650 dona
482 5592 780 5664 promeruit
828 5590 1130 5662 (Esca/1.1).
1167 5589 1231 5641 Et
1284 5588 1408 5657 quia
1455 5602 1552 5654 per
1599 5585 1757 5638 ﬁdem

182 5693 416 5744 adversa
449 5687 645 5741 debent
681 5681 1055 5755 longanimiter
1084 5679 1229 5744 ferri,
1261 5687 1315 5734 et
1354 5680 1569 5749 praemia
1595 5677 1757 5731 subli-

183 5783 356 5838 miter
421 5777 626 5848 Sperari
689 5790 827 5831 arcte
869 5774 952 5829 vel
1014 5773 1190 5842 templi
1261 5771 1520 5834 altitudo,
1568 5779 1619 5824 et
1676 5779 1754 5822 ιι-

1927 3313 2106 3385 (Auo.,
2130 3322 2256 3378 etc.,
2280 3323 2466 3385 qua’st.
2492 3313 2524 3369 9
2553 3314 2605 3367 in
2635 3312 2822 3379 Num.)
2845 3311 2960 3364 Alia
2980 3309 3155 3365 littera
3175 3327 3332 3382 usque
3360 3310 3428 3363 ad

1854 3420 1973 3474 qure
2001 3420 2096 3475 per
2121 3405 2376 3460 delictum
2407 3404 2584 3458 ablata
2626 3410 2726 3458 est.

1925 3493 2090 3548 Vens.
2135 3494 2188 3547 7.
2227 3523 2296 3535 —
2323 3493 2558 3547 Reddent
2601 3494 2787 3562 ipsum.
2836 3490 3012 3562 (AUG.,
3042 3500 3225 3562 quiest.
3273 3491 3337 3544 10
3379 3491 3432 3544 in

1857 3584 2047 3658 Num.)
2073 3584 2342 3652 Qua-ritur
2376 3585 2644 3654 quomodo
2695 3583 2748 3637 in
2783 3582 2963 3637 Exodo
3007 3583 3225 3652 legitur,
3283 3591 3418 3654 etc.,

1854 3692 2016 3746 usque
2041 3674 2109 3728 ad
2138 3690 2244 3744 quo
2277 3674 2449 3729 furem
2503 3673 2953 3743 comprehensum
2997 3671 3081 3726 vel
3121 3671 3426 3727 convictum
3459 3667 3464 3670 ’

1855 3763 2013 3834 plecti
2051 3771 2345 3834 oporteret.

1928 3855 2091 3909 Vens.
2120 3855 2172 3909 8.
2217 3885 2288 3894 —
2315 3853 2544 3924 Excepto
2575 3855 2754 3908 ariete.
2782 3853 2981 3908 Arietis
3005 3852 3205 3908 oblatio
3226 3852 3430 3908 Christi

1855 3944 2162 4015 passionem
2209 3943 2494 4014 signiﬁcat,
2549 3944 2600 3998 in
2647 3959 2752 4014 qua
2797 3945 3035 3999 maxime
3081 3944 3426 4008 conﬁdimus,

1855 4036 1980 4106 quia
2010 4037 2126 4090 sine
2149 4049 2214 4090 eo
2243 4035 2374 4089 nihil
2399 4051 2706 4105 possumus.
2749 4035 2868 4105 Ipse
2914 4043 2996 4089 est
3034 4035 3285 4089 sacerdos
3339 4034 3431 4103 qui

1857 4143 1956 4182 nos
1976 4127 2121 4181 Patri
2149 4141 2244 4198 per
2272 4126 2594 4181 oblationem
2619 4125 2798 4180 carnis
2826 4141 2934 4180 sure
2980 4124 3287 4179 reconciliat
3310 4122 3432 4185 (Job

1857 4215 1946 4287 xv)
1982 4235 1995 4269 :
2028 4217 2148 4270 ideo
2186 4215 2260 4270 illi
2286 4230 2508 4270 munera
2545 4225 2728 4270 nostra
2768 4213 3064 4277 oli‘erimus,
3110 4227 3216 4280 quo
3266 4211 3434 4264 inter-

1857 4307 2080 4363 cedente
2102 4307 2312 4362 veniam
2343 4321 2665 4361 mereamur.

1927 4395 2087 4450 Vens.
2131 4394 2184 4450 9.
2215 4394 2297 4447 Ad
2343 4393 2683 4447 sacerdotem.
2729 4389 3002 4445 Christum
3049 4385 3280 4451 scilicet,
3339 4385 3424 4439 cui

1860 4486 2056 4541 dicitur
2085 4504 2098 4538 :
2132 4483 2209 4537 Tu
2237 4500 2289 4538 es
2314 4481 2554 4536 sacerdos
2581 4483 2634 4534 in
2660 4491 2912 4534 internum
2959 4477 3239 4530 secundum
3291 4477 3432 4529 ordi-

1863 4591 1977 4630 nem
2029 4571 2400 4627 Melchisedech
2443 4569 2614 4639 (Psal.
2657 4567 2786 4638 cxx).
2827 4567 2954 4637 Ejus
2999 4565 3203 4620 scilicet
3226 4563 3430 4632 judicio

1860 4674 2055 4723 cuncta
2105 4677 2388 4718 reservans
2411 4702 2426 4728 ,
2455 4676 2525 4716 ne
2558 4659 2697 4715 forte
2726 4659 2929 4730 judicet
2980 4672 3094 4710 rem
3142 4657 3428 4718 incertam,

1860 4759 2003 4814 unde
2037 4775 2050 4811 :
2083 4757 2260 4812 Nolite
2283 4766 2402 4809 ante
2446 4764 2644 4824 tempus
2686 4752 2929 4824 judicare
2973 4748 3312 4820 quoadusque
3352 4763 3433 4802 re-

1861 4853 1968 4904 niat
1994 4849 2270 4910 Dominus,
2299 4855 2406 4902 etc.

1930 4940 2086 5011 (fisa.
2118 4941 2172 4993 in
2201 4938 2388 5009 Nam.)
2416 4937 2615 4992 Farina
2646 4933 3261 4990 hordeacea-scientiam
3287 4941 3434 4986 vetc-

1859 5033 1933 5086 ris
1953 5031 2083 5102 legis
2106 5029 2393 5100 signiﬁcat,
2425 5038 2554 5094 etc.,
2595 5043 2754 5098 usque
2775 5026 2842 5080 ad
2882 5025 3185 5079 danmanda
3237 5030 3328 5076 aut
3369 5022 3432 5077 li-

1861 5123 2098 5179 beranda
2133 5129 2463 5175 reservatur.

1933 5214 2094 5268 Vens.
2125 5213 2208 5267 15.
2241 5242 2309 5251 —
2337 5211 2456 5265 Non
2499 5210 2695 5279 fundet.
2722 5207 2835 5263 Non
2885 5208 3041 5263 decet
3085 5205 3204 5260 oleo
3251 5205 3434 5260 adula—

1865 5304 2024 5359 tionis
2055 5302 2135 5359 vel
2164 5302 2464 5356 indiscrettc
2487 5299 2890 5363 misericordiae,
2925 5311 3023 5350 nec
3073 5295 3228 5352 thure.
3250 5310 3438 5365 super-

1868 5392 2186 5446 ﬁumlaudis
2213 5390 2295 5444 vel
2343 5390 2662 5445 inordinata:
2711 5385 2990 5450 orationis,
3039 5384 3435 5454 impmnitentes

1868 5482 2009 5536 liniri
2034 5513 2048 5546 ,
2077 5481 2169 5535 sed
2216 5480 2330 5534 zelo
2374 5479 2596 5549 justitia:
2620 5479 2912 5533 secundum
2962 5481 3285 5546 prmeeplum
3325 5471 3432 5526 Do-

1869 5579 1996 5633 mini
2028 5579 2217 5632 vitium
2251 5578 2514 5631 iustautcr
2553 5584 2604 5629 ct
2635 5575 2880 5628 ordinate
2907 5568 3177 5642 persequi.

1938 5674 2100 5728 Vnus.
2133 5673 2217 5727 ΓΙ.
2247 5702 2316 5711 -
2372 5673 2572 5740 Aquam
2629 5676 2883 5720 sanctam.
2935 5661 3055 5733 (ln.)
3101 5658 3234 5712 lluic
3281 5673 3434 5726 aqua:

1868 5769 2056 5822 miscet
2094 5766 2346 5821 sacerdos
2399 5761 2690 5832 pauxillum
2726 5767 2879 5812 terra:
2907 5756 2970 5810 de
3010 5753 3314 5824 pavimento
3355 5760 3435 5805 ιαο
