4006 6352
555 368 652 423 391

1053 362 1448 419 WALAFRIDI
1489 359 1738 416 STRABI
1775 359 1981 417 FULD.
2025 355 2188 414 ΜΘΝ.
2227 355 2378 429 OPP,
2420 354 2600 412 PARS
2638 355 2678 412 1.
2714 386 2785 397 —
2824 353 3278 413 THEOLOGICA.

3700 350 3823 408 39!

556 476 851 542 bernaeuli,
881 491 1006 533 cum
1029 474 1245 532 Christi
1276 475 1518 538 decreto,
1552 470 1995 528 commemoratio
2030 484 2128 539 pa-
2158 474 2204 531 Α
2230 468 2358 533 lica,
2407 482 2504 539 per
2549 483 2712 538 quam
2756 468 2810 523 in
2852 467 3151 524 Ecclesiam
3200 466 3391 532 intrat,
3440 472 3502 520 ut
3532 479 3634 537 per
3670 468 3813 523 tanti

558 567 1342 641 triarcharum,prophetarum
1365 574 1421 623 et
1435 564 1801 635 apostolorum
1822 562 2131 619 intromissa
2230 560 2504 630 pontiﬁcis
2532 559 2943 630 opitulationem
2971 557 3241 628 expietur.

557 663 843 733 reperitur.

627 753 792 808 Vens.
834 750 927 806 23.
953 748 1346 819 -—Scribetque
1397 747 1643 803 sacerdos
1683 746 1739 799 in
1788 743 1980 808 libello,
2026 752 2130 798 etc.

2300 651 2465 707 Vens.
2500 651 2585 705 ll.
2625 680 2697 691 —
2738 649 2807 704 Et
2847 648 3231 720 deprecabitur.
3259 646 3383 718 (10.)
3410 645 3608 703 Unde:
3638 645 3812 702 Adeo-

2231 754 2379 799 catus
2410 753 2583 798 noster
2606 743 2747 814 apud
2792 740 3010 796 Patrem
3044 739 3228 812 (loan.
3263 738 3330 811 ι.)
3360 738 3457 795 Vel
3485 738 3615 809 quia
3646 736 3814 794 faciet

554 838 692 909 Quia
720 838 926 896 scilicet
951 852 1108 909 ptena
1142 818 1488 908 peccatorum
1525 835 1581 891 in
1608 834 1888 905 Scriptura
1943 842 2132 888 sancta
2222 850 2332 895 nos
2372 835 2648 905 deprecari
2675 833 2968 890 secundum
2998 818 3129 887 illu'd
3158 848 3173 886 :
3206 829 3439 903 Spiritus
3457 828 3690 902 postulat
3718 846 3812 900 pro

557 928 894 1001 explanatur.
934 926 1253 997 Quicunque
1293 934 1477 980 autem
1521 939 1641 980 eam
1669 924 1758 995 pie
1805 930 1863 979 et
1906 922 2137 979 ﬁdeliter

564 1018 828 1084 hauserit,
857 1015 1116 1088 supplicia
1144 1024 1510 1087 peccatorum,
1559 1028 1680 1084 qua:
1709 1013 1765 1068 in
1803 1027 1867 1068 ea
1912 1028 2131 1067 narran-

557 1119 665 1177 tur,
687 1109 1077 1182 pertimescens
1100 1114 1151 1162 ct
1182 1107 1461 1162 abstinens
1485 1120 1515 1160 a
1540 1104 1796 1176 peccatis,
1813 1103 1907 1160 (iet
1924 1104 1977 1159 ei
1996 1117 2135 1174 aqua

556 1202 894 1259 amarissima
936 1200 993 1256 in
1039 1199 1291 1256 salutem.
1355 1197 1457 1266 Qui
1503 1206 1683 1254 autem
1730 1194 2135 1266 contempserit,

557 1293 744 1351 inﬂato
771 1302 977 1360 ventre,
1014 1298 1410 1363 computrescet
1452 1288 1628 1346 femur
1671 1286 1807 1358 ejus,
1860 1295 1916 1344 et
1941 1287 2047 1343 erit
2081 1286 2136 1341 in

559 1387 995 1444 maledictionem
1020 1393 1076 1441 et
1104 1384 1159 1440 in
1187 1382 1513 1453 exemplum,
1540 1378 1829 1452 quiajusto
1857 1378 1953 1435 Dei
1993 1377 2138 1449 judi-

556 1479 642 1534 cio
667 1477 940 1548 punietur,
979 1482 1035 1530 et
1076 1480 1238 1528 erunt
1281 1472 1332 1528 ei
1362 1472 1417 1527 in
1459 1468 1811 1542 approbrium
1865 1465 2135 1523 desideria

556 1584 651 1625 sua
682 1577 736 1624 et
777 1576 952 1623 εειιιε.

626 1658 790 1713 Vens.
819 1656 911 1711 24.
940 1686 1007 1697 -
1045 1654 1199 1709 Dabit
1222 1654 1268 1708 ei
1302 1652 1494 1717 bibere,
1547 1648 2000 1706 utmanil’estctur
2016 1663 2139 1719 pec-

556 1756 736 1807 catum
766 1747 932 1813 illius,
961 1745 1046 1801 vel
1069 1746 1159 1801 hic
1192 1743 1258 1798 ad
1301 1744 1714 1805 correctionem,
1744 1739 1824 1795 vel
1857 1739 1909 1795 in
1955 1738 2137 1794 futuro

2232 926 2380 980 nobis
2400 925 2671 995 gemitibus
2694 921 3130 978 inenarrabilibus
3153 919 3334 993 (Rom.
3360 919 3506 992 vm).

2304 1015 2466 1071 Vens.
2496 1014 2585 1070 12.
2618 1043 2689 1054 —
2709 1011 2778 1068 Ut
2798 1013 2910 1068 dies
2928 1013 3146 1084 priores.
3176 1010 3321 1067 Nihil
3350 1013 3417 1067 de
3436 1010 3672 1081 pristina
3690 1025 3814 1066 con-

2233 1108 2543 1163 versatione
2561 1114 2874 1177 praesumat,
2897 1105 2992 1161 sed
3018 1105 3070 1161 iu
3094 1103 3208 1161 sola
3232 1103 3329 1160 Dei
3351 1105 3527 1176 gratia
3551 1101 3811 1169 conﬁdat,

2234 1196 2387 1266 cujus
2413 1196 2556 1253 dono
2578 1195 3032 1268 percipitveniam
3059 1203 3117 1250 et
3135 1193 3378 1264 requiem
3397 1193 3810 1265 sempiternam.

2305 1284 2521 1341 Polluta
2569 1297 2646 1341 est
2699 1284 3074 1354 sanctiﬁcatio,
3114 1285 3256 1339 unde
3296 1300 3311 1339 :
3365 1282 3500 1339 Cum
3537 1298 3814 1337 conversus

2234 1377 2393 1448 fuerit
2414 1377 2592 1448 justus
2611 1394 2643 1432 a
2663 1376 2877 1448 justitia
2905 1392 3003 1430 sua
3029 1384 3079 1431 et
3111 1375 3287 1445 fecerit
3316 1374 3675 1445 "niquitatcttt,
3700 1388 3813 1428 cuto

2235 1485 2325 1524 nes
2336 1469 2560 1539 justitite
2585 1468 2698 1538 ejus
2718 1467 2963 1523 oblivioni
2983 1466 3257 1522 tradentur
3280 1464 3499 1537 (Ezech.
3524 1463 3711 1533 xvtn).

2306 1556 2420 1613 Ista
2471 1567 2547 1613 est
2592 1557 2679 1612 lea:
2720 1557 3148 1613 consecrationis.
3191 1554 3487 1624 Postquam
3535 1552 3817 1623 legislator

2238 1649 2547 1705 Nazarmum
2604 1649 2860 1705 instruxit
2904 1648 3173 1720 quomodo
3225 1646 3539 1712 mandetur,
3594 1645 3645 1701 si
3704 1646 3817 1715 ejus

2237 1741 2575 1797 consecratio
2598 1756 2763 1812 super
2796 1748 3010 1797 mortuo
3039 1739 3326 1811 polluatur,
3367 1737 3520 1794 addit
3544 1738 3818 1808 quomodo

557 1840 626 1896 ad
650 1838 1069 1894 damnationem.
1099 1834 1250 1889 Nihil
1270 1834 1406 1888 enim
1435 1831 1716 1898 occultum,
1740 1831 1879 1904 quod
1923 1846 2027 1885 non
2048 1846 2132 1884 re-
2166 1823 2209 1884 Β
2237 1843 2356 1904 post
2400 1834 2723 1904 completum
2759 1842 2942 1889 votum
2982 1849 3041 1889 se
3073 1826 3373 1904 praesentet
3400 1830 3655 1895 Domino,
3697 1846 3817 1887 cum

556 1927 756 1983 veletur
797 1924 975 1998 (Matt.
1014 1923 1092 1995 x).
1117 1922 1254 1979 Hinc
1283 1922 1545 1978 Dominus
1576 1920 1652 1976 ait
1691 1935 1706 1975 :
1750 1919 1935 1976 Sermo
1982 1936 2134 1987 quem

558 2017 764 2070 locutus
795 2030 912 2070 sunt
948 2013 1108 2078 vobis,
1140 2010 1229 2067 ille
1264 2028 1350 2066 vos
1376 2010 1630 2079 iudicabit
1659 2011 1713 2064 in
1744 2009 2017 2063 novissimo
2051 2008 2136 2062 die

562 2105 726 2181 (Joan
756 2105 879 2179 xu).

1088 2204 1097 2209 ’
1175 2234 1401 2292 CAPUT
1441 2234 1528 2290 v1.

628 2369 795 2425 Vens.
820 2367 876 2423 3.
918 2397 985 2409 —
1011 2366 1055 2420 Α
1083 2367 1198 2422 vino
1231 2376 1281 2422 et
1305 2368 1445 2421 omni
1470 2366 1609 2438 quod
1655 2366 1914 2421 inebriare
1946 2374 2135 2437 potest,

556 2459 715 2534 (Ras.
743 2460 795 2515 in
826 2458 1010 2530 Num.)
1030 2457 1089 2513 lu
1116 2457 1429 2514 duodecima
1459 2459 1759 2524 mansione,
1797 2466 1929 2525 etc.,
1976 2473 2139 2528 usque

557 2552 628 2608 ad
666 2560 721 2607 et
741 2551 1088 2621 corruptione
1113 2552 1316 2605 veteris
1358 2549 1611 2620 nequitiae
1639 2549 1992 2605 delectantur.

629 2641 794 2697 Vsus.
820 2640 1248 2697 5.—Novacula
1272 2658 1374 2696 non
1400 2640 1660 2695 transibit.
1685 2640 1806 2713 (10.)
1828 2641 1882 2696 1d
1906 2651 2008 2701 est.
2040 2658 2138 2698 nec

560 2733 763 2800 dolum,
778 2748 878 2789 nec
904 2732 1162 2788 malitiam
1186 2733 1240 2788 in
1262 2741 1444 2789 mente
1467 2728 1822 2799 retinebit,ne
1843 2735 2136 2805 polluatur.

559 2825 789 2891 scilicet,
821 2825 1074 2881 caesaries
1104 2825 1321 2896 capitis,
1362 2825 1416 2881 id
1464 2833 1569 2892 est,
1616 2826 1873 2898 cogitatio
1918 2830 2137 2885 mentis.

562 2915 670 2972 Sed
698 2917 1059 2972 innocentiam
1098 2925 1280 2972 teneat
1306 2932 1477 2987 usque
1510 2916 1577 2971 ad
1608 2916 1770 2973 linem
1796 2918 1938 2973 vitm.
1968 2919 2138 2976 Aliter

560 3010 704 3065 enim
735 3024 840 3065 non
870 3010 975 3064 erit
1001 3017 1186 3064 votum
1222 3008 1573 3080 acceptabile.
1604 3007 1709 3075 Qui
1747 3020 1923 3064 autem
1961 3028 2137 3082 perse-

564 3100 833 3166 uerauerit,
859 3098 1035 3154 salvus
1060 3100 1158 3155 erit
1182 3099 1396 3171 (Matth.
1418 3099 1494 3172 x).

2237 1925 2511 1982 oblatione
2537 1925 2741 1996 gratias
2775 1923 3108 1991 redditurus,
3153 1923 3387 1995 mystice
3426 1924 3670 1981 innucns
3692 1940 3819 1979 con-

2239 2016 2459 2072 tinentis
2486 2016 2650 2070 vitam
2673 2030 2796 2070 cum
2819 2015 3091 2071 oblatione
3115 2015 3295 2086 operis
3317 2026 3373 2071 et
3406 2015 3679 2071 munditia
3708 2031 3819 2071 cor-

2237 2105 2320 2160 dis
2355 2105 2408 2160 in
2441 2104 2544 2159 [ine
2574 2106 2714 2160 bono
2740 2105 2966 2160 Domino
2996 2106 3335 2175 placituram.

2310 2194 2471 2251 Vens.
2501 2195 2588 2250 14.
2617 2226 2690 2237 --
2714 2197 2921 2266 Agnum
2956 2195 3282 2251 anniculam.
3322 2194 3479 2252 Hunc
3511 2195 3704 2263 οσεη,
3730 2198 3819 2267 qui

2239 2296 2408 2344 totam
2432 2303 2581 2359 spem
2606 2303 2759 2344 suam
2786 2289 2840 2344 in
2867 2286 2983 2356 ejus
3011 2286 3378 2343 immolatione
3402 2288 3579 2358 ponit,
3618 2289 3695 2344 de
3716 2305 3821 2359 quo

2239 2377 2436 2433 dicitur
2464 2395 2476 2430 :
2506 2375 2641 2431 Ecce
2666 2393 2833 2447 agnus
2856 2376 2974 2443 Dei,
2999 2393 3113 2432 ecce
3131 2378 3221 2448 qui
3244 2376 3378 2432 tollit
3398 2388 3613 2448 peccata
3633 2380 3822 2434 mandi

2240 2467 2421 2540 (Joan.
2456 2468 2520 2538 1.)
2544 2467 2696 2524 Hunc
2725 2468 2778 2523 in
2808 2468 3179 2525 holocaustum
3207 2466 3388 2535 oll‘ert,
3415 2484 3538 2525 cum
3569 2485 3675 2539 pro
3704 2469 3820 2539 ejus

2241 2572 2423 2613 amore
2448 2574 2639 2614 carnes
2661 2559 3038 2615 mortiﬁcando
3065 2569 3230 2615 totam
3250 2559 3417 2615 vitam
3444 2575 3603 2616 suam
3623 2563 3823 2617 ardore

2241 2651 2523 2706 charitatis
2553 2651 2830 2706 incensam
2861 2651 3089 2707 Domino
3116 2659 3439 2706 consecrat:

2310 2741 2494 2813 (Avc.,
2520 2751 2706 2812 quwst.
2734 2740 2801 2795 12
2827 2741 2884 2795 in
2914 2740 2967 2794 Ν
2973 2740 3104 2812 unt.)
3125 2740 3245 2795 Alia
3270 2740 3475 2805 littera,
3497 2749 3632 2807 etc.,
3655 2756 3823 2813 usque

2240 2832 2310 2887 ad
2336 2840 2391 2887 et
2417 2832 2519 2888 hoc
2556 2830 2882 2888 sacrificium
2919 2831 3194 2899 salutaris,
3230 2831 3375 2904 quod
3402 2832 3555 2904 prius
3577 2832 3841 2897 dixerat,’

2240 2924 2296 2980 in
2325 2924 2581 3004 salutare.

2312 3014 2494 3089 (Rm)
2518 3016 2729 3086 Agnum
2772 3014 2932 3072 oll'ert
2956 3017 3009 3072 in
3038 3016 3435 3083 holocaustum,
3464 3016 3556 3087 qui
3587 3014 3708 3072 Deo
3735 3032 3825 3072 ex-

2240 3103 2389 3160 hibet
2415 3104 2813 3175 simplicitatem
2834 3106 3035 3172 cordis,
3052 3121 3174 3163 cum
3196 3105 3480 3161 devotione
3499 3106 3820 3170 charitatis;

634 3189 798 3245 Vens.
828 3187 881 3243 6.
908 3217 981 3229 -
1005 3187 1174 3259 Super
1199 3198 1463 3243 mortuum
1498 3206 1600 3245 non
1627 3189 1968 3262 ingredietur.
2012 3190 2136 3263 (10.)
2166 3178 2210 3242 (ἶ
2242 3212 2420 3263 ovem,
2449 3212 2569 3267 qua:
2597 3197 2921 3254 innocentia:
2941 3196 3246 3267 exemplum
3288 3198 3557 3281 ostendit;
3594 3199 3823 3253 arietem

560 3280 620 3337 1d
646 3289 751 3346 est,
796 3287 1066 3334 mortuum
1120 3280 1174 3333 in
1218 3280 1456 3349 peccatis
1503 3294 1610 3334 non
1659 3279 1984 3346 imitabitur,
2036 3297 2139 3337 nec

563 3370 865 3441 iniquitatis
887 3369 1005 3439 ejus
1034 3370 1198 3424 vitam
1224 3370 1575 3442 ingredietur,
1620 3386 1689 3426 ne
1736 3372 1925 3442 perdat
1986 3373 2140 3429 labo-

562 3477 678 3519 rem
704 3476 881 3518 suum.
916 3460 1041 3516 Non
1059 3462 1195 3516 enim
1226 3462 1317 3531 qui
1347 3462 1580 3529 inchoat,
1617 3461 1707 3516 sed
1748 3462 1841 3533 qui
1888 3478 2136 3518 consum-

567 3561 704 3617 mat,
729 3551 1069 3606 coronabitur
1095 3550 1180 3623 (II
1211 3550 1347 3606 Tim.
1374 3551 1458 3623 ll).

633 3641 797 3697 Vens.
838 3641 892 3695 7.
929 3670 1000 3681 —
1023 3640 1134 3695 Nec
1174 3657 1330 3712 super
1367 3641 1535 3712 patris
1575 3640 1698 3714 (10.)
1733 3641 1788 3698 1d
1824 3651 1928 3709 εει,
1962 3642 2139 3700 nullus

562 3731 798 3788 carnalis
816 3747 941 3787 eum
971 3733 1213 3788 retrahat
1254 3731 1496 3799 allectus,
1530 3736 1709 3790 omnis
1737 3751 1990 3807 persona,
2017 3753 2135 3794 om-

561 3822 650 3879 nis
686 3822 937 3894 dignitas,
981 3822 1159 3878 omnis
1185 3823 1626 3895 consanguinitas
1661 3824 1865 3882 Christi
1915 3829 2137 3884 servitio

561 3913 933 3986 postponenda
955 3922 1061 3969 est.

639 4003 972 4060 Consecratio
995 4004 1112 4059 Dei.
1142 4004 1264 4078 (10.)
1290 4004 1348 4061 1d
1374 4017 1477 4073 εει,
1506 4006 1740 4078 Spiritus
1763 4012 1934 4066 sancti
1965 4014 2151 4083 gratia.

565 4097 620 4152 in
646 4096 808 4153 corde
827 4093 945 4165 ejus
960 4095 1152 4153 dill‘usa
1175 4106 1280 4164 est,
1294 4099 1463 4154 unde:
1492 4097 1671 4155 Nolite
1691 4102 1996 4158 contristare
2018 4103 2139 4175 Spi-

564 4193 724 4246 ritum
746 4201 1005 4260 sanctum,
1030 4192 1083 4246 in
1099 4208 1200 4264 quo
1227 4194 1420 4265 signati
1447 4194 1570 4249 estis
1595 4211 1774 4249 omnes
1798 4193 2014 4267 (Ephcs.
2038 4198 2135 4270 tv).

635 4286 803 4345 Vens.
830 4288 885 4344 8.
913 4319 982 4330 -
1013 4286 1205 4344 Omnes
1235 4288 1345 4359 dies
1363 4290 1732 4360 separationis.
1753 4289 1809 4344 Id
1837 4298 1938 4356 est,
1967 4308 2138 4362 usque

565 4380 619 4436 in
670 4380 832 4437 linem
884 4389 1196 4453 perseveret
1248 4382 1365 4439 sine
1415 4381 1873 4439 contaminationc
1928 4385 2135 4455 peccati

562 4478 726 4541 atque
753 4470 956 4527 delicti.

2239 3301 2370 3341 vero
2390 3287 2673 3357 pacilicam
2704 3288 2955 3352 hostiam,
3000 3303 3124 3344 cum
3156 3302 3216 3343 se
3252 3288 3305 3342 in
3329 3304 3416 3343 vta
3444 3287 3542 3343 Dei
3566 3289 3709 3344 bene
3746 3305 3825 3345 rr-

2239 3377 2336 3448 git,
2361 3384 2417 3432 et
2441 3390 2660 3433 carnem
2691 3376 2944 3434 rebellem
2966 3378 3160 3433 anima:
3182 3377 3410 3447 imperio
3435 3378 3675 3449 subjicit.

2310 3466 2378 3521 Et
2402 3482 2567 3521 ovem.
2598 3467 2764 3524 Ovem
2801 3469 2960 3523 oﬂ‘ert
2998 3482 3097 3538 pro
3130 3475 3380 3536 peccato,
3405 3466 3499 3537 qui
3533 3465 3818 3522 Christum

2240 3558 2581 3615 innocentem
2632 3574 2732 3630 pro
2775 3568 2999 3630 peccato
3054 3559 3273 3614 humani
3319 3558 3537 3630 generis
3578 3557 3816 3615 illeliter

2241 3647 2414 3706 credit
2443 3650 2703 3706 oblatum.

2309 3740 2380 3796 Et
2418 3742 2654 3797 arietem.
2682 3739 2794 3797 Hoc
2821 3740 2881 3795 lit
2911 3756 3034 3797 cum
3079 3741 3253 3812 ipsum
3282 3753 3402 3796 esse
3444 3738 3698 3806 conlidit,
3733 3740 3823 3810 qui

2239 3851 2338 3907 per
2366 3834 2821 3906 dispensationem
2852 3834 3035 3890 carnis
3059 3833 3299 3890 cmlestia
3326 3840 3382 3888 et
3406 3831 3698 3887 terrestria
3725 3848 3820 3902 pa-

2241 3926 2497 3993 ciﬁcavit,
2540 3940 2810 3981 evacuans
2838 3939 3053 3980 omnem
3080 3922 3447 3993 principatum
3472 3930 3530 3976 et
3575 3930 3822 3992 potesn-

2244 4029 2385 4087 tem;
2427 4034 2588 4090 quem
2632 4019 2774 4074 Deus
2818 4017 3094 4083 exaltavit,
3139 4025 3195 4072 et
3243 4015 3464 4072 donavit
3502 4015 3578 4071 illi
3626 4030 3823 4071 nomen

2241 4112 2383 4184 quod
2413 4119 2499 4166 est
2525 4125 2687 4181 super
2709 4125 2867 4166 omne
2893 4124 3110 4175 nomen,
3136 4116 3244 4164 etc.

2318 4205 2483 4262 Vens.
2501 4203 2729 4259 15.——Et
2743 4203 2934 4274 lagano
2951 4219 2970 4257 :
2985 4210 3222 4259 veterem
3240 4201 3412 4271 legem
3426 4216 3457 4255 a
3475 4199 3687 4272 Spiritu
3702 4214 3823 4255 san.

2241 4306 2328 4353 cto
2354 4296 2613 4351 dictatam
2648 4304 2704 4349 ct
2731 4301 3083 4365 temperatam
3105 4292 3172 4348 ad
3194 4292 3483 4348 utilitatem
3508 4292 3818 4347 humanam.

2310 4385 2516 4457 Absque
2543 4385 2795 4454 fermento
2826 4396 2845 4437 :
2872 4384 3000 4455 quia
3046 4382 3346 4455 spiritualis
3387 4383 3662 4454 gratia'in
3711 4381 3823 4453 lege

2242 4478 2379 4533 etin
2410 4475 2701 4548 Evangelio
2733 4484 2882 4531 recte
2910 4461 3526 4547 intelligentibns‘patet.

635 4527 802 4618 an...
837 4560 892 4617 9.
918 4591 989 4602 —
1014 4560 1108 4617 Sin
1128 4572 1304 4618 autem
1331 4571 1567 4618 mortuus
1592 4561 1771 4632 fuerit.
1798 4561 1922 4634 (10.)
1950 4562 2004 4617 1d
2032 4571 2138 4629 est,
2164 4527 2216 4587 ο
2246 4527 2704 4623 "natis:
2738 4527 2878 4631 ῥιὶέὲ
2911 4527 3444 4634 ᾎῇὲὶεῗζῶι-ίίιιῖιῖ
3463 4527 3518 4620 7e}
3557 4564 3820 4623 laborem,

540 4652 611 4708 .si
652 4649 867 4708 mortali
918 4661 1140 4722 peccato
1190 4652 1454 4724 pollutum
1504 4653 1703 4708 imitari
1755 4652 2026 4720 voluerit,
2086 4662 2141 4709 et

510 4763 519 4773 θ
564 4759 738 4815 usque
766 4744 835 4799 ad
867 4759 1190 4800 consensum
1229 4743 1594 4811 descenderit,
1622 4745 1758 4801 sciat
1805 4760 2026 4801 necesse
2056 4754 2142 4801 est

565 4835 685 4906 ejus
730 4836 1118 4892 continentiam
1149 4851 1270 4893 esse
1308 4838 1588 4909 pollutam,
1637 4847 1693 4894 ct
1735 4849 1897 4911 caput
1942 4839 2138 4894 raden-

565 4927 718 4995 dum,
745 4925 802 4983 id
832 4934 934 4989 est,
983 4936 1218 4983 mentem
1261 4929 1595 5001 purgandum
1642 4923 1673 4983 εἰ
1714 4945 1884 5001 prava
1935 4932 2143 4999 cogita-

562 5019 712 5079 tione
730 5026 787 5075 et
812 5018 971 5074 noxia
993 5017 1372 5074 delectatione.
1480 5036 1485 5039 η
1571 5009 1587 5024 ⁹

635 5107 803 5166 Radet
838 5106 1000 5164 illico.
1038 5105 1166 5180 (10.)
1205 5107 1473 5180 Tempore
1518 5111 1721 5166 scilicet
1762 5113 2141 5182 compunctio-

566 5200 674 5267 nis,
713 5214 822 5271 quo
847 5199 1127 5272 cognoscit
1144 5212 1204 5255 se
1232 5197 1539 5268 deliquisse,
1564 5203 1747 5256 statim
1772 5217 1831 5257 se
1853 5202 2143 5258 emendare

566 5289 778 5348 studeat
801 5298 856 5345 et
882 5304 1097 5361 semper
1115 5287 1347 5344 similem
1376 5288 1584 5345 ruinam
1628 5291 1833 5347 timeat.

639 5380 804 5438 Vnus.
842 5381 929 5437 l0.
971 5411 1043 5423 —
1082 5380 1225 5437 Duos
1258 5390 1506 5437 turtures.
1539 5381 1664 5454 (10.)
1694 5383 1954 5441 Turtures
1976 5387 2141 5441 casti~

565 5482 750 5536 tatem,
796 5471 925 5544 pulli
961 5471 1331 5528 columbarum
1378 5472 1777 5543 simplicitatem
1807 5475 2136 5545 signiﬁcant.

565 5562 666 5627 Cui
689 5576 817 5633 ergo
840 5560 954 5616 vult
981 5564 1045 5617 ad
1066 5562 1517 5618 resurrectionem
1545 5561 1807 5617 bonorum
1835 5565 2138 5635 pervenire,

563 5652 757 5709 oll'erat
792 5669 924 5711 vero
961 5654 1252 5720 sacerdoti,
1301 5654 1353 5710 id
1400 5662 1506 5719 εει,
1549 5654 1790 5720 Christo,
1834 5656 2140 5710 castitatem

566 5743 760 5800 mentis
791 5753 844 5799 et
879 5746 1147 5817 corporis,
1175 5754 1228 5801 et
1274 5746 1677 5818 simplicitatem
1712 5748 1764 5803 in
1812 5747 1917 5804 title
1955 5748 2141 5806 catho-

2242 4653 2501 4726 cujnsque
2544 4655 2979 4721 meditationem,
3021 4664 3077 4710 et
3116 4654 3553 4711 observationem
3599 4654 3733 4725 legis
3766 4654 3817 4708 in

2241 4753 2530 4816 conspectu
2559 4745 2654 4801 Dei
2684 4745 3083 4801 remunerando
3109 4753 3466 4816 prmsentans,
3494 4744 3726 4810 scilicet,
3754 4742 3820 4797 ad

2245 4837 2544 4906 ingressum
2573 4835 2698 4891 vita:
2734 4836 2994 4900 caelestis,
3032 4842 3250 4906 peracto
3284 4833 3411 4890 honi
3441 4834 3630 4903 operis
3657 4843 3821 4889 certa-

2240 4925 2410 4990 mine,
2434 4924 2700 4996 perducit.

2318 5016 2480 5071 Vsus.
2513 5013 2601 5071 l7.
2631 5045 2699 5056 -—
2724 5014 2953 5071 Arietem
2974 5031 3096 5071 vero
3124 5029 3143 5068 .'
3173 5015 3393 5086 dignum
3420 5013 3819 5072 scilicetosten—

2245 5104 2379 5163 deus
2399 5105 2650 5162 mercede
2675 5105 2875 5176 quietis
2901 5113 3197 5175 perpetuae,
3226 5113 3485 5175 tanquam
3520 5104 3817 5174 principem

2245 5201 2329 5256 sui
2352 5199 2436 5255 vel
2453 5200 2679 5255 aliorum
2699 5214 2715 5265 ;
2734 5206 2791 5254 et
2805 5197 2995 5255 ducem
3015 5198 3299 5269 optimum,
3314 5197 3487 5267 quise
3502 5198 3644 5255 bene
3666 5196 3817 5260 rexit,

2245 5304 2299 5351 et
2322 5293 2474 5350 duxit
2506 5293 2562 5349 in
2584 5293 2777 5349 semita
2812 5293 3187 5348 mandatorum
3230 5292 3349 5358 Dei,
3395 5293 3694 5349 secundum
3728 5292 3820 5346 do-

2245 5383 2479 5438 ctrinam
2497 5381 2903 5453 Scripturarum
2927 5389 2985 5436 et
3010 5382 3239 5453 gratiam
3253 5381 3617 5453 spiritualium
3645 5380 3818 5439 chari-

2245 5483 2498 5530 εωαιιιω.

2317 5564 2532 5635 (Casa,
2572 5562 2668 5619 lib.
2714 5579 2775 5631 tt,
2811 5560 3039 5629 Μαι-αι..
3084 5577 3203 5634 cap.
3237 5563 3350 5637 39.)
3382 5563 3521 5632 Quid
3563 5572 3647 5620 est
3680 5559 3818 5634 quod

2249 5654 2489 5711 Νεκταντεί
2515 5654 2737 5724 capillos
2766 5655 3048 5709 nutriunt?
3073 5663 3203 5723 etc.,
3234 5672 3395 5727 usque
3421 5655 3489 5710 ad
3526 5650 3817 5711 devodouis

2247 5747 2577 5822 perfectione
2603 5756 2905 5802 consumat.
