4006 6352
233 500 344 558 393

1220 522 1222 524 τ
1275 487 1544 546 GLOSSA
1581 487 2092 546 0RDINARIA."—
2128 493 2257 550 LIB.
2298 493 2465 551 NUM.

3399 502 3502 558 591

308 606 474 662 Vens.
505 605 592 660 19.
618 632 690 644 -
712 601 782 656 Et
803 617 1008 657 armum
1041 609 1245 657 coctum
1273 604 1474 669 arietis,
1500 613 1812 675 tortamque.
1842 606 1896 667 Α
1919 605 2152 662 animam
2188 625 2357 664 meam
2385 625 2419 664 a
2447 609 2558 678 me,
2605 611 2694 666 sed
2733 628 2824 682 ego
2863 629 3000 684 pono
3038 630 3182 674 eam.
3229 625 3276 670 et
3318 617 3506 672 iterum

231 697 638 755 Fortitudinem
674 695 880 752 scilicet
925 694 1104 764 operis
1128 735 1143 760 ,
1185 702 1394 751 coctam
1444 703 1501 750 et
1533 695 1817 764 probatam

231 793 364 863 igne
391 789 775 851 tribulationis,
823 786 952 842 facit
992 801 1234 842 summus
1277 786 1529 843 sacerdos
1573 795 1818 842 sanctum

233 899 395 940 suum
417 881 613 940 oﬂ‘erre
639 881 751 938 Deo
767 880 936 935 Patri.
1725 897 1756 928 ο

307 975 379 1030 Et
409 976 680 1047 laganum,
708 974 990 1030 scientiam
1015 973 1225 1030 scilicet
1243 973 1399 1044 legis,
1423 973 1564 1029 dono
1584 973 1820 1045 Spiritus

233 1068 412 1124 sancti
435 1068 632 1139 juvans
655 1066 710 1120 in
735 1079 898 1136 opere
924 1081 1321 1122 consummare.

313 1159 476 1215 Vens.
503 1157 594 1214 ‘20.
635 1189 704 1200 —-
730 1157 968 1212 Elevabit
1003 1172 1022 1210 :
1061 1158 1201 1214 bona
1229 1157 1461 1222 scilicet,
1495 1171 1616 1226 qua:
1637 1157 1786 1212 conti
1801 1192 1820 1199 ρ-

232 1268 372 1308 nens
403 1259 679 1322 operatur,
708 1251 856 1306 Patri
884 1251 1252 1320 praesentabit,
1288 1259 1345 1306 et
1375 1259 1637 1322 perpetua
1675 1264 1819 1306 mer-

233 1340 369 1402 cede
397 1345 563 1400 faciet
593 1343 952 1399 remunerari.

307 1439 632 1504 Sacerdotis,
664 1438 790 1508 quia
818 1438 885 1493 ad
909 1436 1024 1506 ejus
1052 1438 1278 1509 gloriam
1298 1439 1534 1510 pertinet
1558 1437 1816 1510 quidquid

232 1531 528 1588 Nazarzeus
560 1533 698 1587 bene
726 1531 898 1587 voluit
924 1541 980 1587 et
1019 1547 1182 1604 opere
1223 1534 1620 1588 consummavit
1653 1552 1665 1586 :
1697 1532 1818 1603 Ipse

231 1627 374 1680 enim
417 1635 492 1681 est
533 1626 623 1698 qui
660 1635 908 1697 operatur
943 1627 1000 1681 in
1036 1627 1183 1682 nobis
1220 1637 1268 1682 et
1312 1627 1440 1683 velle
1482 1637 1532 1682 et
1571 1627 1818 1698 perﬁcere

231 1717 459 1789 (Philip.
485 1718 568 1789 ιι).

304 1809 434 1865 Post
462 1811 594 1877 hcce,
621 1810 676 1865 id
701 1819 807 1877 est,
832 1817 954 1882 post
972 1818 1178 1867 rectam
1208 1810 1582 1875 intentionem,
1617 1809 1816 1865 discre-

1920 712 2070 750 sumo
2099 713 2216 752 eam
2243 699 2426 770 (Joan.
2453 700 2531 773 χ).

1989 785 2158 844 Vens.
2191 791 2245 844 2.
2273 823 2344 832 -
2373 791 2644 866 Principes
2679 794 2851 851 Israel
2890 807 2938 851 et
2976 799 3169 869 capita,
3205 807 3312 855 etc.
3345 800 3504 872 (Ras.

1931 876 1976 933 ln
2006 877 2197 952 Num.)
2231 879 2580 950 Patriarchzn,
2604 887 2882 956 propheta:
2910 895 2965 942 et
2988 888 3238 958 apostoli,
3259 897 3393 958 etc.,
3420 909 3508 946 us-

1921 987 2019 1038 que
2047 971 2116 1024 ad
2141 971 2230 1040 ﬁet
2258 970 2364 1026 illis
2390 991 2422 1028 a
2451 973 2613 1030 Patre
2639 993 2772 1032 meo.

1990 1059 2156 1116 Vens.
2206 1064 2354 1118 5.—
2403 1063 2511 1120 Sea:
2553 1066 2810 1135 plaustra.
2862 1070 3045 1143 (ΒΑΕ.)
3092 1071 3338 1130 Plaustra
3385 1091 3506 1146 qua:

1921 1152 2016 1208 ﬁlii
2043 1154 2205 1211 ISrael
2231 1155 2435 1212 Levitis
2460 1159 2526 1213 ad
2556 1160 2958 1219 subvectionem
2988 1165 3319 1224 tabernaculi
3349 1169 3506 1225 obtu-

1919 1245 2136 1313 lerunt,
2190 1250 2503 1320 temporalia
2542 1252 2732 1308 solatia
2770 1256 3114 1324 signiﬁcant,
3168 1275 3288 1328 qua:
3323 1259 3507 1316 devoti

1919 1338 2099 1410 populi
2135 1341 2579 1417 praedicatoribus
2609 1357 2989 1416 compensant,
3035 1359 3095 1404 ut
3131 1351 3247 1406 sine
3284 1369 3412 1407 cura
3455 1361 3510 1408 et

1921 1428 2308 1499 impedimento
2331 1435 2515 1490 divino
2537 1447 2730 1494 vacent
2755 1441 3034 1510 obsequio.
3065 1440 3136 1497 Ut
3153 1451 3207 1498 et
3225 1446 3312 1514 qui
3337 1445 3508 1512 Evan-

1920 1520 2118 1591 gelium
2145 1526 2468 1582 annuntiant
2498 1569 2512 1594 ,
2565 1529 2632 1584 de
2685 1531 2975 1602 Evangelio
3007 1535 3230 1589 vivant:
3269 1535 3330 1592 Si
3369 1539 3507 1591 enim

1918 1613 2176 1668 seminant
2207 1617 2525 1686 spiritantia,
2559 1636 2664 1675 non
2692 1631 2767 1676 est
2796 1640 3042 1694 magnum
3071 1626 3118 1680 si
3147 1637 3343 1682 metunt
3379 1640 3508 1683 tem-

1917 1703 2121 1773 poralia
2154 1705 2204 1777 (ι
2234 1705 2357 1762 Cor.
2387 1709 2486 1782 ις).

1989 1793 2237 1852 Plaustra
2267 1808 2416 1855 recte
2442 1799 2548 1856 ﬁde
2586 1810 2643 1857 et
2679 1805 3067 1862 misericordia:
3094 1809 3287 1866 aﬁ'ectu
3315 1820 3506 1868 ornata

233 1914 345 1960 tam
367 1905 801 1976 promissionem,
827 1905 1006 1976 operis
1026 1902 1435 1976 perfectionem,
1464 1912 1519 1959 et
1547 1903 1812 1958 mercedis

1936 1893 1978 1941 ιι
1998 1891 2108 1944 Deo
2136 1891 2244 1946 sint
2269 1902 2513 1963 accepta,
2540 1895 2824 1954 duodecim
2847 1910 2976 1956 sunt
3003 1903 3167 1959 boves
3191 1923 3205 1958 :
3243 1907 3335 1976 qui
3360 1907 3506 1961 enim

231 1997 669 2054 retributionem.

305 2089 490 2145 Bibere
516 2106 535 2145 :
564 2089 721 2160 plene
748 2096 804 2145 et
827 2090 998 2146 libere
1019 2090 1238 2145 haurire
1275 2089 1555 2161 spirituale
1587 2089 1809 2155 donum,

231 2183 408 2237 unde:
430 2180 676 2236 Torrente
690 2180 971 2251 voluptatis
994 2191 1098 2236 tua:
1118 2182 1320 2252 potabis
1333 2198 1418 2235 eos
1443 2177 1805 2252 (Psal.xxxv).

309 2270 470 2326 Vens.
502 2271 592 2327 22.
623 2302 693 2312 -—
718 2269 1046 2341 Locutusque
1079 2280 1175 2325 est.
1202 2269 1378 2326 Moses
1406 2269 1602 2341 legem,
1629 2268 1812 2322 Aaron

231 2363 620 2430 sacerdotium,
660 2371 714 2418 et
751 2362 844 2417 ﬁlii
875 2361 989 2430 ejus
1022 2364 1268 2419 ordinem
1312 2361 1570 2418 Ecclesia:
1609 2359 1813 2432 signiﬁ-

229 2463 379 2510 cant.
430 2455 598 2511 Docct
635 2470 765 2528 ergo
810 2455 1069 2510 Dominus
1109 2469 1206 2525 per
1233 2455 1407 2527 legem
1462 2453 1809 2510 sacerdotum

228 2549 506 2613 ordinem,
533 2550 804 2618 quomodo
821 2547 1078 2619 populum
1113 2547 1494 2618 praedicatione
1521 2544 1810 2611 aediﬁcent,

229 2641 507 2712 frequenti
535 2641 781 2696 oratione
809 2649 865 2694 et
886 2639 1262 2696 benedictione
1291 2637 1631 2695 conﬁrment.

303 2733 488 2806 (itam,
513 2733 602 2788 ubi
625 2731 830 2805 supra.)
871 2731 1046 2788 Moses
1075 2731 1424 2802 multiplicem
1457 2729 1619 2784 habet
1645 2728 1812 2800 signi-

231 2825 562 2891 ﬁcationem,
599 2833 733 2892 etc.,
765 2841 930 2896 usque
970 2823 1040 2878 ad
1067 2823 1195 2878 dum
1228 2820 1635 2878 tabernaculum
1659 2835 1809 2876 com-

229 2919 361 2990 plet,
389 2918 550 2990 erigit
569 2927 626 2973 et
653 2917 820 2988 ungit.

306 3010 472 3065 Vsus.
501 3009 591 3064 24.
630 3041 702 3050 -
740 3007 1043 3064 Benedicat.
1086 3007 1208 3082 (ln.)
1251 3006 1558 3064 Notandum
1587 3008 1716 3078 quia
1756 3007 1811 3062 in

231 3105 338 3160 hac
359 3105 734 3160 benedictione
755 3119 951 3160 nomen
981 3103 1194 3158 Domini
1218 3102 1377 3158 tertio
1416 3101 1709 3169 inducitur,
1751 3108 1813 3156 ut

231 3206 428 3254 sancta
455 3197 692 3253 Trinitas
729 3197 1057 3268 intelligatur
1081 3212 1111 3250 a
1136 3211 1244 3267 quo
1267 3203 1323 3251 et
1349 3211 1445 3266 per
1478 3210 1640 3266 quem
1670 3202 1726 3250 et
1753 3194 1810 3249 in

232 3306 344 3361 quo
370 3290 554 3345 omnia
595 3290 739 3346 bona
772 3297 898 3344 sunt
939 3289 1169 3360 petenda
1199 3297 1255 3343 et
1280 3286 1642 3358 impetranda,
1683 3285 1810 3357 quia

228 3397 302 3437 ex
333 3383 451 3453 ipso
473 3391 527 3438 et
544 3397 645 3453 per
667 3381 843 3451 ipsum
868 3389 919 3437 et
944 3381 1000 3435 in
1023 3381 1140 3452 ipso
1165 3388 1290 3436 sunt
1315 3381 1515 3435 omnia.

305 3473 376 3528 Et
429 3474 708 3529 custodiat.
750 3472 873 3546 (1ο.)
923 3473 1360 3528 Benedictionem
1415 3487 1578 3542 quam
1632 3486 1816 3543 perce-

231 3566 384 3639 pisti,
441 3583 534 3621 sua
569 3572 851 3621 conservet
899 3563 1070 3634 gratia
1115 3578 1130 3617 :
1182 3563 1304 3618 Nisi
1340 3563 1598 3618 Dominus
1635 3573 1812 3618 custo-

233 3659 393 3712 dierit
446 3659 741 3723 civitatem,
791 3657 992 3727 frustra
1040 3655 1219 3728 vigilat
1269 3657 1360 3730 qui
1419 3657 1644 3712 custodit
1699 3673 1815 3711 eam

235 3749 415 3821 (Psal.
444 3751 651 3822 cxxvr).

306 3843 473 3898 Vens.
502 3842 593 3897 25.
618 3869 694 3884 —
720 3841 992 3898 Ostendat.
1023 3841 1276 3899 Ostensio
1303 3840 1483 3898 vultus
1510 3840 1607 3898 Dei
1636 3844 1816 3913 propi-

234 3935 396 3990 tiatio
431 3942 546 4000 est,
589 3942 644 3989 et
673 3949 812 3989 verae
840 3935 1028 3990 salutis
1053 3933 1322 4000 ostensio;
1363 3933 1546 3988 unde:
1589 3931 1816 3988 Ostende

234 4025 428 4093 faciem
456 4033 622 4089 tuam,
649 4033 697 4078 et
723 4023 852 4078 salvi
877 4026 1072 4079 erimus
1098 4023 1271 4096 (Psal.
1297 4023 1522 4097 Lxxvn).

309 4115 475 4171 Vens.
505 4115 594 4170 26.
618 4145 692 4156 --
716 4114 1014 4182 Convertat,
1041 4123 1147 4171 etc.
1198 4114 1492 4172 Conversio
1528 4116 1709 4172 vultus
1745 4118 1816 4173 si-

233 4210 459 4284 gniﬁcat
485 4209 933 4275 misericordiam,
958 4209 1169 4266 aversio
1193 4210 1362 4276 iram;
1396 4211 1573 4266 unde:
1599 4208 1816 4280 Respice

232 4304 290 4358 in
315 4319 398 4357 me
425 4312 471 4357 et
496 4303 736 4357 miserere
765 4303 868 4356 mei
897 4298 1067 4373 (Psal.
1095 4301 1302 4374 cxvm).
1345 4300 1413 4355 Et
1441 4300 1567 4356 alibi
1591 4319 1605 4354 :
1639 4300 1817 4368 Quare

233 4395 427 4449 avertis
454 4393 644 4464 [aciem
672 4403 838 4460 tuam,
886 4403 935 4448 et
979 4393 1296 4449 oblivisceris
1341 4393 1534 4464 inopia:
1579 4395 1818 4450 nostra?

235 4485 412 4558 (Psal.
439 4487 618 4557 XLIII.)
667 4484 981 4558 Rogandum
1011 4495 1094 4542 est
1117 4501 1248 4557 ergo
1285 4493 1344 4540 ut
1380 4485 1535 4556 cujus
1559 4485 1816 4540 auxilium

233 4579 533 4634 avertimus
558 4595 590 4632 a
618 4578 774 4633 nobis
799 4579 1088 4647 peccando,
1115 4594 1212 4650 per
1235 4578 1489 4648 pietatem
1519 4592 1673 4633 suam
1702 4576 1819 4633 vul-

232 4678 350 4726 tum
378 4686 535 4725 suum
563 4686 724 4742 super
751 4685 850 4725 nos
874 4669 1180 4725 illuminare
1207 4669 1476 4741 dignetur,
1527 4677 1586 4724 ut
1617 4685 1716 4725 nos
1748 4668 1817 4724 ab

230 4763 472 4820 inimicis
499 4778 710 4826 eruens,
743 4762 944 4817 tribuat
969 4769 1285 4832 perpetuam
1313 4775 1522 4832 pacem.

310 4859 476 4914 Vens.
507 4857 680 4911 27.——-
703 4845 1043 4910 Invocabunt.
1079 4854 1201 4926 (ιθ.)
1231 4853 1584 4910 Sacerdotum
1613 4862 1696 4910 est
1722 4869 1819 4910 no-

230 4967 364 5008 men
392 4951 604 5008 Domini
634 4950 888 5005 invocare
913 4967 925 5002 :
957 4947 1170 5003 Domini
1197 4956 1397 5012 autem,
1429 4946 1570 5017 quod
1595 4946 1816 5016 petitur,

231 5043 522 5113 perﬁcere.
554 5040 726 5098 Nemo
751 5056 881 5112 ergo
907 5040 1009 5095 sibi
1036 5039 1237 5094 tribuat
1273 5040 1418 5109 quod
1445 5038 1558 5094 sola
1582 5037 1820 5094 Trinitas

233 5135 324 5191 cui
349 5133 464 5190 vult
487 5141 728 5205 prastat.

842 5265 1068 5325 CAPUT
1105 5267 1214 5326 Vl].

307 5402 476 5460 Vens.
500 5403 553 5460 1.
570 5434 640 5445 —
667 5401 894 5458 Factum
920 5412 994 5458 est
1023 5412 1220 5469 autem,
1239 5410 1371 5468 etc.,
1393 5402 1809 5458 tabernaculum.

236 5496 400 5567 (Ras.
427 5497 482 5550 in
507 5495 696 5561 Nam,
725 5503 858 5552 tom.
886 5493 974 5566 ll.)
1009 5494 1304 5551 Ecclesium
1330 5495 1414 5550 vel
1438 5495 1726 5564 perfectos,
1756 5495 1811 5550 in

236 5588 436 5658 quibus
481 5596 724 5644 aromata
760 5587 1018 5642 virtutum
1063 5595 1119 5642 et
1159 5588 1465 5644 orationum
1513 5587 1810 5654 adolentur,

236 5677 326 5733 vel
369 5678 758 5734 humanitatem
789 5676 1030 5733 Christi:
1081 5678 1137 5732 in
1185 5694 1291 5750 qua
1334 5678 1568 5735 hostiam
1617 5688 1816 5737 nostra:

237 5771 628 5842 redemptionis
671 5771 819 5826 Patri
863 5772 1123 5828 exhibuit.
1177 5773 1295 5845 Ipse
1343 5776 1489 5831 enim
1532 5777 1816 5844 sacerdos,

236 5863 358 5935 ipse
386 5864 560 5920 hostia
579 5904 594 5930 ,
629 5872 686 5920 et
715 5863 914 5929 altare;
946 5865 1075 5935 quia
1103 5865 1155 5920 in
1179 5875 1446 5937 potestate
1474 5876 1704 5925 mortem
1740 5879 1820 5925 te-
1862 5887 1866 5891 ·

238 5973 379 6014 nens
406 5959 620 6030 propria
650 5958 920 6051 voluntate
947 5959 1201 6030 suscepit.
1256 5961 1408 6018 Unde
1437 5981 1448 6016 :
1485 5960 1654 6018 Nemo
1682 5965 1816 6020 tollit

565 6052 844 6115 PATnOL.
885 6051 1111 6114 CXIII.

1839 1967 1890 2027 Β
1917 1977 1971 2032 ἱη
2003 1981 2266 2052 obsequio
2293 1995 2605 2042 sanctorum
2634 1988 2886 2046 laborant
2917 1994 3015 2048 sub
3039 1995 3169 2066 jugo
3197 1967 3509 2068 apostolicae

1916 2071 2176 2128 doctrinas
2226 2077 2408 2133 omnia
2455 2079 2683 2137 honeste
2733 2093 2788 2139 et
2835 2087 3082 2142 ordinate
3129 2089 3352 2144 faciunt.
3416 2090 3506 2146 Vel

1913 2165 2102 2233 boves,
2131 2167 2382 2226 doctores
2413 2173 2732 2243 accipimus,
2754 2177 2848 2245 qui
2875 2179 2930 2232 in
2956 2193 3086 2249 agro
3109 2179 3320 2236 Domini
3349 2184 3508 2255 digne

1915 2267 2228 2326 operantur.
2264 2263 2341 2317 De
2364 2265 2560 2333 quibus
2584 2267 2782 2322 dicitur
2807 2286 2820 2322 :
2857 2267 2981 2323 Non
3010 2270 3252 2340 alligabis
3283 2290 3338 2327 os
3367 2275 3505 2329 bovis

1916 2349 2212 2404 triturantis
2242 2351 2418 2423 (Deut.
2447 2371 2585 2422 xxv;
2623 2356 2653 2410 I
2682 2356 2816 2412 Tim.
2847 2361 2918 2430 v).
2979 2358 3081 2426 Qui
3113 2377 3257 2416 enim
3289 2374 3506 2433 aposto-

1917 2438 2075 2494 licam
2102 2457 2350 2498 normam
2374 2446 2604 2502 vivendo
2623 2459 2678 2504 et
2695 2450 3038 2519 praedicando
3061 2465 3385 2510 conservant
3411 2458 3506 2514 du-

1915 2532 1988 2602 pli
2018 2534 2224 2591 honore
2255 2536 2554 2594 honorandi
2583 2550 2729 2596 sunt.

1994 2623 2166 2681 Unum
2193 2627 2392 2697 bovem,
2421 2639 2527 2685 etc.
2563 2631 2686 2705 (19.)
2718 2632 2853 2701 Quia
2881 2636 3062 2693 unitas
3087 2637 3232 2705 ﬁdei,
3258 2649 3388 2707 etc.,
3421 2659 3506 2697 us-

1913 2738 2013 2792 que
2047 2723 2116 2776 ad
2157 2723 2226 2777 ad
2270 2724 2682 2779 tabernaculum
2725 2723 2822 2782 Dei
2862 2743 2986 2783 cum
3029 2728 3213 2785 debito
3247 2731 3506 2803 obsequio

1914 2829 2208 2886 properare
2233 2816 2448 2874 debere.

1989 2908 2152 2964 Vens.
2183 2909 2237 2964 9.
2265 2940 2336 2949 —
2372 2909 2420 2962 F
2425 2909 2530 2966 iliis
2558 2921 2673 2966 aut.
2705 2911 2823 2968 Cat.
2857 2913 3042 2986 (ΗΑΒ.)
3079 2915 3338 2986 Superius
3365 2919 3504 2973 scri-

1915 3009 2063 3070 ptum
2091 3011 2207 3068 est,
2237 3011 2366 3070 etc.,
2409 3019 2570 3075 usque
2598 3005 2666 3058 ad
2693 3020 2794 3060 nec
2822 3005 2923 3076 ipsi
2955 3006 3046 3076 qui
3075 3007 3276 3064 habere
3304 3009 3506 3080 aliquid

1914 3093 2160 3148 exercitii
2187 3101 2243 3148 et
2267 3095 2588 3150 eruditionis
2612 3097 2884 3152 videntur.

1987 3181 2151 3237 Vsus.
2189 3183 2275 3239 10.
2300 3214 2374 3224 -
2402 3184 2714 3240 Obtulerunt
2744 3187 2903 3243 duces
2933 3190 2986 3243 in
3016 3190 3396 3248 dedicationem
3427 3195 3504 3250 al.

1915 3275 2044 3330 taris
2072 3275 2157 3330 die
2186 3293 2311 3346 qua.
2371 3275 2754 3349 Unusquisque
2796 3294 2896 3350 pro
2939 3295 3101 3352 posse
3148 3297 3267 3350 suo,
3318 3285 3504 3352 ﬁdem,

1839 3357 1884 3422 C
1915 3369 2220 3424 doctrinam
2239 3409 2256 3435 ,
2291 3377 2347 3426 et
2375 3371 2749 3441 operationem
2778 3373 2976 3429 bonam
3007 3376 3077 3432 ad
3106 3375 3408 3446 profectum
3451 3387 3509 3434 et

1918 3462 2178 3518 honorem
2207 3462 2464 3523 Ecclesia:
2490 3463 2649 3519 debet
2672 3463 2888 3520 oﬁ‘erre.

1991 3550 2218 3608 Unctum
2237 3562 2334 3619 est,
2360 3554 2673 3609 oblationem
2697 3573 2849 3611 suam
2875 3567 2998 3612 ante
3019 3558 3206 3614 altare.
3239 3560 3505 3631 Tempore

1917 3646 2330 3715 incarnationis,
2361 3649 2577 3718 quando
2604 3657 2728 3718 post
2756 3652 3206 3707 resurrectionem
3235 3662 3290 3709 et
3317 3669 3506 3711 ascen-

1918 3739 2127 3795 sionem
2157 3747 2516 3810 susceperunt
2540 3740 2792 3810 discipuli
2821 3742 3058 3813 Spiritus
3087 3745 3263 3800 sancti
3291 3745 3506 3803 eﬁ'usio-

1919 3843 2043 3884 nem
2071 3828 2211 3901 (Act.
2239 3828 2326 3902 ιι).

1990 3921 2154 3978 Vens.
2199 3923 2287 3977 11.
2316 3952 2387 3963 -
2418 3923 2588 3980 Duces
2616 3942 2708 3996 per
2733 3927 2966 3998 singulos
2993 3929 3104 3983 dies
3131 3931 3356 4000 offerant
3385 3949 3504 3987 mu-

1918 4031 2063 4071 nera.
2116 4015 2506 4075 Prtedicatores
2555 4021 2690 4076 recti
2740 4021 2952 4078 itineris
2990 4023 3187 4092 duces,
3238 4027 3329 4097 qui
3380 4028 3507 4084 licet

1918 4111 2163 4166 eamdem
2187 4111 2310 4168 ﬁdei
2332 4113 2654 4181 doctrinam,
2684 4125 2740 4171 et
2760 4116 2886 4173 boni
2907 4119 3088 4192 operis
3108 4121 3298 4176 eadem
3324 4138 3507 4177 exem-

1917 4202 2005 4271 pla
2034 4201 2293 4272 offerant,
2322 4220 2424 4276 pro
2451 4205 2768 4264 diversitate
2803 4217 2982 4264 tamen
3021 4210 3127 4266 loci
3162 4219 3218 4266 et
3244 4215 3506 4279 temporis

1918 4297 2216 4355 oblationes
2252 4299 2602 4356 distribuunt.

1991 4390 2156 4446 Vens.
2187 4391 2274 4446 15.
2303 4423 2372 4431 -
2417 4392 2752 4447 Acetabulum
2789 4404 3111 4466 argenteum.
3145 4394 3272 4452 Haec
3300 4395 3502 4454 habent

1917 4499 1980 4540 os
2009 4493 2316 4555 angustum,
2356 4492 2411 4540 et
2443 4486 2744 4556 angustiam
2779 4486 2974 4543 littera:
3001 4487 3156 4560 legis,
3207 4497 3261 4544 et
3303 4493 3500 4548 obscu-

1917 4578 2134 4634 ritatem
2159 4579 2544 4649 prophetarum
2574 4578 2898 4651 signiﬁcant.

1994 4669 2312 4730 Variavasa
2336 4669 2404 4724 ad
2435 4669 2711 4726 offerenda
2729 4670 2981 4727 libamina
3007 4673 3170 4741 facta,
3193 4677 3356 4732 varirc
3378 4687 3504 4733 sunt

1841 4721 1896 4784 Β
1921 4758 2297 4814 distinctiones
2326 4759 2474 4814 verbi
2527 4776 2626 4831 pro
2660 4763 2813 4817 varia
2843 4721 3499 4833 capacitate’auditorum.

1917 4850 2090 4906 Aliter
2109 4851 2250 4906 enim
2277 4852 2569 4922 sapientes,
2620 4853 2778 4911 aliter
2798 4855 3142 4928 insipientes;
3173 4861 3329 4918 aliter
3369 4864 3504 4918 divi-

1919 4951 2024 5010 tes,
2069 4945 2226 5001 aliter
2251 4959 2555 5016 pauperes;
2601 4947 2760 5003 aliter
2786 4951 2926 5016 sani,
2966 4952 3125 5008 aliter
3150 4955 3350 5009 inﬁrmi
3402 4956 3500 5011 do-

1920 5036 2075 5093 cendi
2111 5045 2272 5102 sunt;
2302 5037 2461 5093 aliter
2487 5036 2636 5094 rudis
2662 5041 2890 5110 populus
2913 5041 3220 5098 Judaaorum
3248 5046 3349 5100 sub
3374 5060 3497 5100 um-

1921 5129 2019 5186 bra
2063 5129 2215 5200 legis,
2267 5129 2425 5184 aliter
2469 5129 2807 5188 Christianus
2857 5134 2910 5188 in
2947 5135 3178 5190 veritate
3224 5135 3500 5208 Evangelii

1921 5223 2055 5292 legis
2086 5224 2340 5295 mysteria
2370 5225 2655 5295 explanata
2679 5227 3034 5298 conspiciens,
3083 5221 3137 5284 in
3160 5229 3337 5286 virum
3379 5246 3502 5302 per-

1924 5317 2125 5371 fectum
2156 5316 2475 5373 nutriendus
2501 5326 2602 5372 est.

1997 5406 2158 5462 Vens.
2189 5407 2277 5463 19.
2307 5438 2378 5448 -—-
2415 5407 2661 5464 Pltialam
2708 5420 3006 5482 argenteam
3051 5413 3244 5468 habens
3292 5423 3502 5484 septua-

1923 5502 2067 5573 ginta
2094 5501 2272 5567 siclos,
2326 5509 2430 5558 etc.
2481 5501 2787 5572 Spiritualis
2838 5504 3063 5561 scientia
3111 5507 3164 5561 in
3197 5507 3314 5576 lege
3357 5515 3412 5561 et
3445 5509 3500 5561 in

1922 5591 2212 5664 Evangelio
2234 5601 2335 5658 est,
2392 5607 2512 5661 quae
2544 5594 2809 5664 spirituali
2849 5596 3019 5666 gratia
3047 5597 3387 5651 ministrante
3431 5597 3500 5650 ad

1918 5685 2144 5741 salutem
2172 5685 2448 5742 hominum
2480 5687 2679 5755 scripta
2731 5694 2785 5740 et
2812 5685 3020 5756 prolata
3041 5695 3146 5752 est,
3212 5684 3338 5740 hinc
3395 5686 3500 5742 ritc

1919 5780 2243 5839 sacriﬁcium
2268 5779 2348 5843 ﬁt,
2397 5781 2520 5850 quia
2550 5779 2683 5835 nihil
2707 5787 2817 5835 tam
2843 5789 3121 5850 acceptum
3152 5777 3281 5846 Deo,
3335 5794 3496 5850 quam

1920 5873 2194 5929 meditatio
2215 5871 2348 5942 legis
2377 5886 2498 5926 cum
2529 5872 2873 5928 exsecutione
2899 5872 3098 5942 operis.

1991 5966 2171 6038 (Fiam,
2212 5966 2265 6019 in
2299 5963 2486 6028 Nam,
2531 5971 2660 6018 tom.
2703 5963 2790 6036 ll.)
2849 5963 3033 6019 Phiala
3077 5965 3227 6036 prius
3267 5964 3332 6021 de
3356 5964 3498 6020 vitro

2987 6061 3059 6124 13
