4006 6352
490 398 601 458 395
668 466 683 479 ,

988 394 1381 455 WALAFRlDl
1423 391 1670 450 STRABI
1707 388 1911 448 FULD.
1952 386 2121 447 MON.
2160 384 2312 445 OPP.
2351 383 2533 443 PARS
2568 382 2611 440 1.
2650 412 2721 425 -
2754 378 3191 440 THEOLOGICA

3641 382 3744 438 396

378 482 385 495 ἱ
488 518 657 584 facta,
678 530 812 581 αθ..
832 531 996 586 usque
1012 516 1082 570 ad
1102 516 1159 571 in
1184 514 1333 570 Novo
1354 511 1703 569 Testamento
1722 507 2065 565 manifestius
2087 518 2145 582 Α
2164 503 2310 560 enim
2336 509 2398 559 ut
2422 499 2653 575 praelati,
2700 498 2922 565 subditi,
2978 504 3035 553 et
3070 496 3402 566 paenitentes
3434 497 3619 553 omnia
3662 515 3745 556 se-

489 610 847 755 ὼξῖιῗ
876 726 949 737 -
972 693 1361 752 Μοτιαήοταηι.
1408 692 1593 764 (llam)
1627 690 1733 748 Cor
1773 688 2069 746 electorum

488 789 675 851 divina
709 789 976 862 sapientia
1014 787 1257 858 plenum,
1307 785 1594 842 continens
1616 790 1862 839 aromata
1898 780 2070 836 virtu-

492 892 627 950 tum,
669 883 813 940 unde
861 882 1063 938 dicitur
1089 899 1120 936 ·;
1176 879 1318 947 Quia
1357 877 1712 933 multitudinis
1746 873 2065 931 credentium

488 982 606 1030 erat
640 989 732 1028 cor
750 988 913 1027 unum
936 981 986 1026 et
1013 971 1191 1027 anima
1216 986 1323 1025 una
1342 968 1484 1040 (Act.
1524 967 1620 1041 tv).

562 1064 649 1121 Ea;
688 1064 865 1121 decem
885 1063 1048 1131 sistis,
1101 1070 1207 1120 etc.
1246 1061 1371 1134 (11).)
1410 1061 1549 1129 Quia
1589 1075 1715 1116 cum
1758 1058 2068 1130 impletione

489 1155 678 1211 decem
715 1154 1091 1210 mandatorum
1129 1153 1354 1208 odorem
1397 1150 1658 1207 doctrinm
1702 1157 1759 1207 et
1804 1147 2066 1205 orationis

489 1245 762 1311 emittunt,
817 1252 877 1300 ut
906 1244 1188 1300 denarium
1230 1250 1447 1299 aeterna:
1492 1241 1618 1297 vitae
1662 1240 1909 1312 accipere
1952 1251 2067 1293 me-

491 1344 732 1393 reantur.

557 1426 721 1485 Vens.
745 1427 835 1484 2i.
864 1457 937 1469 —
957 1426 1151 1483 Bovem
1172 1427 1239 1481 de
1258 1434 1514 1491 armento,
1538 1433 1646 1481 etc.
1672 1422 1799 1497 (11).)
1830 1421 1959 1478 Haec
1985 1422 2066 1478 di-

487 1535 673 1577 versas
691 1534 977 1591 personas,
1001 1528 1132 1586 etc.,
1155 1535 1319 1591 usque
1346 1518 1416 1573 ad
1450 1524 1693 1574 nostram
1734 1515 1903 1572 vitam
1923 1528 2067 1572 sem-

485 1626 584 1684 per
600 1612 658 1668 in
686 1611 913 1669 meliora
946 1610 1247 1667 reformare
1269 1616 1620 1665 certaremus.

558 1701 757 1757 Bovem
787 1699 970 1767 oﬂ‘ert,
1005 1699 1100 1770 qui
1125 1698 1309 1755 utilem
1338 1697 1395 1753 in
1416 1696 1658 1754 Ecclesia
1683 1696 1780 1753 Dei
1803 1693 2066 1767 proximis

484 1793 727 1849 laborem
774 1792 1078 1865 impendit;
1119 1791 1364 1857 arietem,
1422 1789 1603 1861 quise
1645 1797 1700 1845 et
1731 1787 1864 1845 alios
1886 1787 1942 1843 in
1977 1786 2064 1841 via

2166 596 2403 653 cundum
2434 592 2691 651 Ecclesia
2716 592 3020 649 doctrinam
3038 587 3269 656 faciant,
3309 597 3579 660 quatenus
3595 591 3745 649 clita-

2166 688 2245 744 tio
2283 703 2475 744 eorum
2498 687 2664 743 ritum
2704 693 2760 742 et
2782 683 3031 741 ordinem
3066 690 3251 740 teneat
3271 682 3651 754 paciﬁcatum,
3688 696 3749 744 ut

2167 779 2263 836 Dei
2292 780 2525 851 gratiam
2548 784 2880 843 mereantur,
2898 787 2905 793 '
2920 788 3029 831 non
3054 773 3339 831 oﬁ‘eusam.

2238 871 2402 927 Vens.
2423 867 2842 939 89.4mm,
2857 874 2964 923 etc.
2988 865 3208 938 (Germ,
3225 865 3323 922 lib.
3336 882 3510 922 ultu
3526 865 3745 935 Ποπιι..

2168 978 2285 1035 cap.
2313 963 2407 1029 21,
2432 970 2563 1018 tom.
2591 960 2683 1033 Il.)
2704 959 2847 1028 Quid
2868 968 2956 1016 est
2978 958 3125 1029 quod
3149 958 3380 1030 Moyses,
3406 967 3545 1028 ete.,
3584 977 3749 1032 usque

2166 1056 2235 1111 ad
2255 1063 2311 1112 et
2327 1055 2597 1126 quomodo
2608 1053 2841 1124 benigne
2868 1050 3148 1109 descendit
3170 1051 3241 1109 ad
3262 1050 3471 1119 iulium,
3510 1052 3749 1110 valenter

2166 1148 2404 1206 recurrit
2427 1147 2497 1205 ad
2524 1161 2755 1204 summa.

2233 1240 2314 1297 De
2347 1239 2728 1312 propitiatorio.
2756 1236 2893 1304 Quia
2930 1250 3028 1308 per
3052 1234 3287 1306 gratiam
3326 1236 3527 1294 dim
3570 1239 3752 1310 propi-

2165 1334 2405 1390 tiationis
2447 1339 2571 1404 post
2596 1331 2810 1401 culpam
2837 1329 3303 1403 praevaricationis
3342 1330 3563 1403 aperuit
3596 1331 3753 1389 nobis

2166 1423 2313 1480 Deus
2339 1423 2481 1478 viam
2510 1421 2779 1478 veritatis.

2235 1512 2388 1568 Inter
2405 1512 2538 1567 duos
2564 1511 2831 1568 cherubin.
2856 1510 2998 1579 Quia
3022 1524 3120 1583 per
3137 1510 3437 1584 angelicam
3462 1513 3750 1583 visionem,

2166 1623 2274 1665 non
2307 1607 2364 1663 in
2388 1624 2483 1665 sua
2523 1608 2823 1664 substantia
2853 1607 3102 1678 apparuit
3138 1606 3283 1663 Deus
3322 1604 3532 1677 Moysi;
3564 1607 3751 1663 unde:

2164 1696 2276 1754 Lex
2310 1698 2555 1755 ordinata
2599 1716 2692 1770 per
2731 1698 2941 1770 angelos
2984 1698 3039 1754 in
3057 1714 3221 1754 manu
3266 1698 3576 1759 mediatoris
3606 1696 3753 1769 (Gal.

2165 1791 2273 1866 ιιι).
2320 1791 2415 1848 Vel
2467 1792 2593 1863 quia
2634 1808 2735 1863 per
2756 1800 3045 1863 utrumque
3083 1792 3486 1851 Testamentum
3512 1808 3756 1849 consona

478 1881 707 1952 iustitiae
747 1882 968 1956 dirigit;
1013 1898 1211 1956 agnum
1238 1879 1566 1946 anniculam,
1589 1879 1683 1951 qui
1723 1877 1951 1949 simplex
1978 1884 2063 1932 est

2187 1898 2297 1940 voce
2325 1883 2394 1939 ad
2423 1882 2584 1940 ﬁdem
2621 1884 2864 1940 veritatis
2917 1899 3019 1939 nos
3059 1884 3279 1951 erudit;
3334 1884 3444 1951 vel,
3478 1885 3611 1956 quia
3658 1899 3756 1956 per

486 1981 543 2029 et
567 1973 845 2030 innocens.
901 1972 1027 2029 Haec
1046 1974 1229 2029 omnia
1283 1973 1337 2028 in
1366 1972 1740 2029 holocaustum
1780 1985 1879 2042 pro
1899 1968 2069 2026 solius

484 2065 584 2122 Dei
621 2081 806 2123 amore
839 2074 896 2123 et
933 2066 1200 2124 desiderio
1240 2075 1457 2123 :etemae
1502 2065 1646 2122 vitae.
1694 2063 1918 2120 Hircum
1970 2076 2069 2135 pro

482 2163 711 2228 peccato
743 2155 922 2224 offert,
972 2156 1064 2227 qui
1108 2170 1209 2228 pro
1246 2156 1485 2229 peccatis
1532 2156 1646 2212 suis
1691 2153 1961 2227 poenitere
2012 2159 2071 2209 et

483 2265 642 2307 orare
669 2264 779 2307 non
804 2250 1033 2307 desistit.
1077 2250 1136 2307 ln
1165 2251 1495 2308 sacriﬁcium
1520 2248 1869 2321 paciﬁcorum
1910 2246 2071 2303 ollert

483 2341 619 2399 duos
644 2340 831 2409 boves,
856 2343 951 2414 qui
978 2358 1102 2399 cum
1125 2344 1285 2401 bonis
1305 2342 1559 2414 operibus
1587 2340 1774 2413 implet
1800 2340 1906 2396 duo
1928 2354 2069 2410 prte-

483 2446 641 2509 cepta
688 2438 992 2506 charitatis,
1052 2439 1151 2495 Dei
1200 2438 1408 2494 scilicet
1458 2437 1818 2499 dilectionem,
1885 2441 2068 2490 custm

485 2530 680 2587 diendo
718 2531 972 2589 mandata
995 2532 1143 2603 ejus;
1173 2541 1228 2586 et
1251 2530 1485 2603 proximi
1518 2529 1846 2587 consulendo
1886 2541 2069 2584 neces-

483 2622 753 2691 sitatibus,
796 2624 851 2679 in
894 2623 1093 2694 quibus
1138 2633 1253 2679 tota
1296 2624 1385 2680 lex
1416 2623 1616 2695 pendet
1665 2630 1722 2679 et
1768 2620 2062 2694 prophetae.

484 2711 657 2771 Oﬁ‘ert
679 2722 859 2771 autem
904 2716 1105 2771 arietes
1126 2716 1387 2787 quinque,
1412 2715 1594 2771 hircos
1613 2713 1871 2784 quinque,
1897 2728 2065 2786 agnos

484 2805 763 2862 anniculos
787 2806 1046 2878 quinque,
1093 2807 1221 2879 quia
1244 2806 1483 2878 quinque
1518 2820 1710 2863 sensus
1739 2804 1983 2876 corporis
2009 2804 2065 2859 in

483 2897 569 2952 via
596 2896 837 2954 veritatis
860 2895 1074 2954 fortiter
1097 2897 1264 2965 ducit,
1308 2906 1365 2957 et
1398 2914 1429 2953 a
1458 2898 1696 2969 peccatis
1734 2896 2061 2968 compescit,

485 2994 540 3044 et
567 2986 928 3059 simplicitatis
949 2989 1229 3062 exemplar
1254 2990 1529 3062 proponit.

552 3056 719 3135 Vsus.
747 3077 837 3136 85.
868 3110 942 3121 —
966 3056 1085 3134 Dio
1106 3056 1295 3148 {nuta},
1324 3056 1436 3139 elo.
1478 3081 1665 3156 (Rm)
1710 3082 1771 3138 ln
1794 3083 1941 3139 vasis
1976 3097 2066 3137 ar-

487 3170 719 3245 genteis,
745 3179 878 3238 etc.,
926 3188 1091 3243 usque
1110 3172 1182 3227 ad
1230 3173 1361 3230 illuc
1404 3188 1515 3230 non
1554 3173 1886 3246 pervenitur.

2164 1976 2384 2045 Filium,
2449 1976 2541 2048 qui
2584 1976 2639 2032 in
2686 1977 2864 2033 medio
2908 1976 3137 2033 duorum
3175 1976 3657 2034 Testamentorum
3702 1977 3753 2032 in

2166 2084 2333 2128 carne
2361 2070 2630 2141 apparuit,
2657 2067 2869 2125 locutus
2906 2076 2991 2125 est
3016 2066 3181 2125 Pater
3221 2068 3461 2127 humano
3488 2068 3711 2142 generi.

2759 2214 2987 2286 CAPUT
3018 2210 3131 2287 vui

2236 2339 2401 2398 Vens.
2440 2339 2495 2395 2.
2524 2368 2595 2382 —-
2632 2337 2841 2412 Septem
2876 2340 3139 2398 lucernas.
3185 2341 3406 2414 Septem
3439 2343 3584 2402 dona
3624 2343 3757 2418 Spio

2166 2432 2303 2487 ritus
2346 2433 2542 2498 sancti,
2591 2447 2710 2503 qua:
2747 2433 2804 2488 in
2829 2432 3047 2491 Christo
3078 2449 3298 2506 semper
3332 2445 3681 2504 manserunt,
3708 2446 3763 2495 et

2164 2523 2221 2579 in
2244 2523 2503 2579 membris
2536 2539 2637 2595 pro
2672 2523 2945 2581 voluntate
2978 2525 3096 2597 ejus
3142 2525 3431 2584 distributa
3458 2535 3607 2585 sunt.

2236 2613 2435 2686 (Bsna,
2480 2614 2537 2669 in
2583 2614 2775 2688 Num.)
2822 2614 3007 2672 Mensa
3042 2625 3099 2673 et
3147 2617 3553 2687 candelabrum,
3614 2628 3758 2687 θὶς..

2166 2723 2330 2780 usque
2360 2706 2431 2762 ad
2462 2706 2758 2779 prohibens
2784 2708 2837 2763 ei
2863 2708 3253 2765 testimonium.

2237 2798 2403 2854 Vens.
2449 2796 2503 2853 ὅ.
2535 2796 2798 2870 —Super
2833 2798 3226 2855 candelabrum;
3265 2799 3564 2870 Christum,
3607 2804 3763 2860 scili-

2166 2900 2275 2960 cet,
2301 2891 2717 2965 primogenitum
2761 2892 2828 2949 de
2855 2892 3037 2948 radice
3062 2891 3236 2962 desse,
3288 2911 3447 2966 super
3478 2912 3636 2967 quem
3684 2914 3762 2952 re-

2164 2984 2353 3056 quievit
2378 2984 2592 3057 spiritus
2622 2986 2892 3056 sapientia:
2927 2996 2975 3041 et
3004 2985 3317 3057 intellectus,
3362 2990 3584 3061 spiritus
3628 3007 3761 3047 con-

2166 3074 2277 3128 silii
2317 3082 2365 3130 et
2389 3076 2717 3146 fortitudinis
2756 3074 2891 3149 (Isa.
2916 3081 3013 3149 ιι).
3616 3078 3629 3091 ’

2237 3164 2401 3223 Vens.
2428 3166 2484 3222 4.
2515 3198 2585 3208 -
2640 3168 2727 3223 Ea:
2766 3185 2918 3224 auro.
2959 3169 3097 3238 Quia
3142 3170 3393 3231 Christus
3445 3175 3763 3246 specialiter

554 3261 718 3318 Vens.
764 3260 853 3335 86.
898 3293 972 3306 -
1024 3260 1338 3318 Mortariola
1379 3281 1544 3320 aurea
1602 3264 1895 3320 duodecim.
1943 3264 2066 3337 (11).)
2094 3259 2140 3325 0
2171 3260 2476 3317 immunisa
2502 3270 2746 3334 peccato,
2797 3273 2852 3319 et
2892 3264 3147 3335 operibus
3170 3263 3399 3335 iustitia:
3431 3269 3759 3339 praeclarus,

484 3352 724 3421 Quorum
758 3346 969 3427 singula
1000 3357 1167 3412 denos
1192 3355 1355 3415 siclos
1394 3355 1618 3423 habent,
1674 3366 1731 3413 et
1758 3356 1919 3413 simul
1941 3372 2060 3414 om-

482 3447 573 3503 nia
617 3447 736 3503 auri
772 3458 989 3504 centum
1015 3449 1203 3521 viginti
1230 3450 1415 3517 siclos,
1466 3450 1631 3508 corda
1660 3451 1957 3508 electorum
1988 3452 2062 3507 si-

484 3535 743 3608 gniﬁcant
765 3538 1048 3618 scientiam
1072 3540 1210 3613 legis
1252 3528 1317 3596 in,
1332 3542 1582 3598 omnibus
1609 3556 1829 3599 servare
1874 3557 2066 3600 secun-

484 3628 613 3684 dum
648 3630 1000 3700 apostolicam
1031 3632 1350 3689 doctrinam.
1414 3634 1708 3692 Duodecies
1747 3637 1893 3693 enim
1940 3638 2064 3695 deni

488 3728 705 3776 centum
731 3721 920 3792 viginti
966 3721 1190 3790 faciunt,
1236 3739 1344 3795 quo
1368 3741 1595 3781 numero
1636 3727 1911 3797 primitiva
1954 3729 2061 3783 Ec-

485 3810 649 3871 clesia
700 3811 757 3866 in
797 3809 1099 3875 Jerusalem
1148 3814 1414 3885 Spiritum
1480 3815 1813 3886 paracletum
1866 3819 2065 3888 accipit

487 3897 623 3970 (Act.
660 3896 744 3971 11).
778 3897 931 3956 Unde
956 3902 1241 3958 subditur:

560 3982 819 4055 Pondere,
872 3998 978 4048 etc.
1038 3992 1166 4067 (ln.)
1215 3992 1592 4054 Sanctuarium
1634 3998 1781 4055 enim
1818 3998 2061 4056 Ecclesia

485 4087 586 4145 est,
630 4078 782 4151 cujus
810 4081 1052 4154 regulam
1081 4084 1206 4140 ﬁdei
1249 4096 1304 4144 et
1340 4087 1704 4161 intelligentiae
1750 4099 2062 4161 sequentes,

485 4170 668 4227 omnia
696 4186 816 4243 quae
849 4170 905 4227 in
929 4170 1047 4247 lege
1095 4184 1151 4231 et
1176 4177 1458 4249 prophetis
1506 4178 1706 4251 scripta
1735 4187 1862 4235 sunt
1909 4179 2065 4235 nobis

487 4262 725 4320 salubria
762 4279 883 4322 esse
909 4268 1199 4324 credimus.
1256 4269 1524 4343 Quidquid
1553 4279 1734 4327 autem
1784 4278 1936 4326 extra
1963 4272 2065 4326 Ec-

486 4353 662 4410 clesiae
683 4344 947 4412 unitatem
975 4348 1209 4415 sentitur
1239 4368 1294 4416 et
1317 4359 1635 4433 intelligitur
1673 4368 1765 4417 aut
1796 4370 2061 4424 servatur,

487 4444 680 4500 anima:
715 4446 1113 4506 damnationem
1138 4452 1301 4522 parit.

2163 3361 2220 3411 et
2242 3355 2489 3411 membra
2526 3352 2644 3424 eius
2684 3356 3048 3412 innocentiam
3085 3366 3141 3414 et
3167 3359 3453 3430 justitiam,
3490 3372 3760 3433 quantum

2164 3444 2345 3501 valent
2377 3445 2683 3514 imitantur,
2712 3448 2768 3502 in
2788 3444 2972 3503 futuro
2998 3447 3368 3519 perﬁciantur.

2236 3538 2454 3594 Ductili.
2506 3540 2645 3609 Quia
2674 3539 2923 3598 Christus
2974 3557 3043 3598 ex
3070 3546 3425 3617 conceptione
3468 3556 3525 3603 et
3551 3550 3758 3606 nativi-

2166 3636 2278 3685 tate
2295 3629 2565 3700 perfectus
2588 3631 2729 3688 Deus
2752 3641 2806 3688 et
2832 3633 2995 3689 homo
3018 3636 3247 3703 exstitit,
3303 3638 3630 3709 passionum
3658 3643 3754 3697 do-

2164 3720 2305 3777 leres
2341 3722 2563 3792 pertulit
2608 3723 2695 3797 (II
2722 3724 2856 3780 Tim.
2885 3725 2994 3798 in),
3053 3736 3107 3783 et
3134 3728 3215 3785 sic
3236 3729 3305 3785 ad
3332 3736 3757 3793 resurrectionis

2164 3812 2392 3882 gloriam
2443 3817 2711 3885 pervenit,
2771 3827 2823 3875 et
2862 3836 3053 3879 omnes
3088 3823 3181 3894 qui
3226 3825 3313 3895 pie
3340 3826 3529 3885 volunt
3571 3831 3759 3888 vivere

2164 3904 2220 3959 in
2258 3905 2376 3977 ipso
2404 3908 2559 3977 quasi
2600 3910 2881 3965 metallum
2922 3911 3170 3970 feriendo
3197 3915 3481 3974 dilatatam
3508 3934 3615 3990 per
3635 3937 3758 3993 pas-

2165 3998 2333 4054 sionis
2356 4000 2709 4059 contumelias
2736 4003 2807 4060 ad
2850 4004 3274 4064 immortalitatis
3296 4010 3535 4080 gratiam
3560 4000 3758 4083 perve-

2165 4092 2339 4149 niunt.

2235 4183 2425 4255 Stipes.
2460 4185 2711 4245 Christus
2737 4190 2965 4257 scilicet,
2992 4192 3061 4249 de
3080 4209 3192 4264 quo
3208 4196 3515 4266 procedunt
3532 4198 3755 4267 calami,

2164 4276 2290 4345 quia
2334 4278 2402 4332 ab
2426 4279 2543 4350 ipso
2568 4281 2841 4352 accipiunt
2874 4285 3006 4342 iusti
3052 4287 3312 4358 quidquid
3339 4288 3545 4347 habent
3568 4293 3705 4349 boni
3730 4310 3748 4360 ;

2167 4369 2308 4423 unde
2339 4386 2351 4422 :
2392 4368 2519 4426 Sine
2543 4388 2623 4426 me
2651 4373 2780 4427 nihil
2798 4377 3012 4445 potestis
3038 4377 3211 4447 facere
3233 4378 3420 4450 (Idan.
3454 4382 3571 4454 xv).

2234 4459 2398 4517 Vsus.
2431 4461 2483 4516 6.
2510 4493 2553 4503 -
2604 4463 2749 4522 Tolle
2768 4464 2975 4524 Levites
2994 4470 3060 4525 de
3083 4488 3182 4527 nte.
3214 4471 3462 4544 Mystioe.
3490 4475 3751 4533 Ordinati

561 4535 724 4638 Vens.
757 4536 845 4638 8:].
873 4539 1165 4638 —-Boves,
1197 4549 1302 4597 etc.
1347 4538 1470 4615 (11).)
1518 4542 1709 4638 Boves,
1756 4543 1965 4638 parietes
2009 4551 2066 4601 et
2089 4627 2139 4638 _
2167 4552 2595 4613 ecclesiasticum
2616 4558 2858 4629 instruit,
2887 4564 3158 4632 quomodo
3181 4535 3286 4623 rite
3314 4569 3654 4638 provehatur
3683 4569 3752 4625 ad

491 4626 617 4697 agni
674 4626 1005 4685 duodenario
1038 4647 1264 4688 numero
1309 4635 1705 4705 comprehensi,
1752 4635 1871 4693 illos
1896 4636 2064 4709 signi-
2087 4627 2142 4688 Β
2166 4645 2482 4720 dignitatem
2504 4652 2813 4710 sacerdotii.

492 4714 681 4782 ﬁcant,
731 4716 824 4788 qui
853 4716 937 4773 vel
974 4718 1028 4773 in
1051 4718 1224 4778 cilicio
1267 4722 1524 4791 doctoris,
1566 4724 1649 4780 vel
1676 4726 1733 4781 in
1758 4727 2064 4799 principatu

490 4802 719 4878 alicujus
750 4804 1007 4874 honoris,
1059 4808 1145 4865 vel
1187 4812 1505 4884 simpliciter
1551 4815 1830 4883 viventes,
1881 4818 2064 4875 omnia

488 4894 781 4953 secundum
834 4897 1132 4956 doctrinam
1182 4902 1533 4976 apostolicam
1588 4913 1643 4962 et
1690 4908 2064 4979 propheticam

488 5002 652 5061 agere
689 4989 925 5046 student.

560 5076 732 5147 Hirci,
784 5090 897 5137 etc.
942 5070 1068 5157 (11).)
1118 5083 1186 5141 Hi
1227 5096 1353 5144 sunt
1403 5088 1493 5160 qui
1526 5092 1900 5161 paenitentiam
1950 5102 2053 5151 ειυς

490 5168 619 5229 dent
658 5168 956 5231 secundum
1000 5168 1239 5245 regulam
1283 5174 1591 5250 apostolica:
1626 5176 1746 5240 ﬁdei
1778 5184 2061 5257 perﬁcere.

560 5262 725 5322 Vsus.
773 5265 955 5325 88.—
986 5269 1172 5338 Boves,
1229 5282 1333 5328 etc.
1385 5272 1508 5347 (11).)
1558 5275 1616 5331 In
1640 5278 1723 5333 his
1766 5279 2062 5349 spiritualis

480 5354 715 5413 scientia
757 5362 878 5415 ’cum
908 5356 1170 5418 bonorum
1209 5378 1431 5434 operum
1474 5358 1803 5437 perfectione
1852 5371 2053 5441 signiﬁ-

489 5446 668 5515 catur,
724 5451 853 5522 quia
884 5452 1070 5522 viginti
1098 5462 1332 5524 quatuor
1377 5457 1525 5513 horis
1572 5474 1761 5516 cursus
1800 5461 1905 5518 diei
1944 5479 2063 5533 per-

491 5539 669 5615 agitur
699 5560 711 5596 :
753 5541 932 5598 lumen
956 5544 1195 5599 scicntia:
1224 5552 1277 5601 et
1316 5547 1440 5603 fidei
1465 5551 1611 5605 omni
1632 5548 1942 5610 Christiano
1973 5573 2066 5614 ne-

490 5622 781 5687 cesserim
806 5646 924 5690 esse
951 5633 1272 5705 signiﬁcant.

563 5722 867 5795 Sexaginta.
912 5726 1329 5800 Sexagenarius,
1361 5734 1413 5791 id
1441 5745 1546 5803 est,
1588 5738 1785 5794 senties
1815 5740 2066 5800 denarius

490 5814 874 5888 perfectionem
936 5822 1308 5883 mandatorum
1348 5838 1634 5885 monstrat.
1706 5831 1934 5891 Necesse
1982 5846 2066 5895 est

2239 4740 2404 4797 Vsus.
2435 4742 2487 4797 7.
2519 4775 2589 4785 —
2616 4744 2764 4802 Pitos
2811 4750 2987 4806 carnis
3030 4764 3161 4807 sate.
3190 4751 3412 4823 (Cum,
3444 4757 3544 4813 un.
3573 4773 3607 4811 ν
3632 4756 3749 4812 Ιο-

2170 4831 2297 4900 ral.,
2326 4848 2445 4905 cap.
2478 4834 2592 4909 25.)
2624 4835 2726 4893 Pili
2766 4841 2950 4897 carnis
3000 4851 3129 4899 sunt
3179 4844 3434 4913 quaelibet
3476 4850 3749 4920 superﬂua

2170 4925 2419 4983 humanm
2438 4930 2641 4997 carnis,
2658 4940 2790 4999 etc.,
2820 4949 2982 5004 usque
3000 4935 3071 4991 ad
3093 4952 3215 4992 cum
3234 4938 3626 5009 speculatronis
3643 4942 3749 4998 alata

2167 5031 2531 5090 pcnetramus.

2242 5108 2507 5165 Laverint.
2558 5112 2952 5183 Mundaverint,
2991 5119 3201 5177 scilicet
3222 5136 3409 5193 opera.
3438 5132 3499 5179 ut
3536 5126 3595 5181 in
3621 5138 3748 5182 con-

2166 5208 2355 5269 spectu
2387 5200 2481 5257 Dei
2508 5202 2578 5258 sit
2606 5216 2795 5260 eorum
2820 5200 3159 5265 'cbnteisatio
3197 5213 3421 5280 munda,
3472 5224 3532 5270 et
3558 5231 3740 5272 coram

2167 5290 2476 5348 hominibus
2510 5293 3020 5366 irreprehensibilis.

2243 5384 2400 5441 Vnus.
2424 5387 2478 5443 8.
2514 5410 2586 5429 -ι
2611 5388 2820 5445 Boreae.
2852 5391 3198 5451 Mediatorem
3220 5396 3317 5453 Dei
3342 5407 3401 5454 et
3428 5399 3739 5457 hominum:

2166 5471 2320 5544 cuius
2352 5476 2719 5536 immolatione
2764 5493 2991 5553 peccata
3044 5493 3230 5543 nostra
3280 5488 3457 5546 deleta
3486 5499 3635 5548 sunt.
3678 5490 3742 5546 1-

2170 5571 2395 5634 utroque
2437 5564 2574 5622 bove
2610 5568 2912 5627 incarnatio
2952 5571 3073 5651 ejus
3120 5576 3476 5645 signiﬁcatur.
3516 5579 3633 5637 Una
3658 5580 3743 5635 su

2169 5653 2316 5745 enim
2340 5658 2521 5725 passio
2564 5658 2785 5745 Christi,
2836 5663 3057 5721 sedduo
3079 5668 3240 5725 nobis
3276 5674 3611 5741 impetravit,
3644 5676 3741 5729 δα-

2167 5743 2463 5814 piationem
2515 5748 2723 5806 scilicet
2762 5743 2795 5807 a
2850 5756 3091 5823 peccatis
3138 5768 3197 5814 et
3230 5762 3732 5824 sanctificatiouem.

2170 5843 2227 5891 ut
2256 5851 2353 5893 nos
2381 5835 2599 5896 oll‘errct
2626 5842 2736 5900 Deo
2763 5842 3128 5919 Mortiﬁcatos,
3150 5851 3358 5925 quidem
3396 5864 3576 5922 eme,
3614 5854 3738 5910 vi".
