4006 6352
204 460 319 520 307

1237 457 1502 517 GLOSSA
1540 458 1937 517 ΟΒῡΙΝΔΒΙΔ.
1975 490 2046 503 -—
2080 462 2212 519 LIB.
2252 462 2422 520 NUM.

3357 470 3462 529 398

200 576 395 647 ﬁentes
415 582 592 631 autem
606 574 815 646 spiritu.
860 573 1012 631 Unde
1034 573 1231 631 Paulus
1262 593 1275 629 :
1311 573 1415 630 Sed
1450 573 1615 630 abluti
1636 576 1778 643 estis,
1806 582 1860 645 Α
1882 576 2141 648 praecepit
2157 593 2252 635 eos
2278 578 2698 649 dispensationis
2719 593 2832 636 suae
2860 586 3028 639 testes
3051 597 3173 640 esse
3196 599 3368 657 usque
3394 588 3464 645 ad

199 666 298 721 sed
325 662 643 735 sanctiﬁcati
662 665 783 720 estis
819 665 875 719 in
895 667 1103 720 nomine
1143 664 1359 721 Domini
1392 666 1523 721 Iesu
1562 665 1615 739 (Ι
1658 665 1782 722 Cor.

199 757 305 829 vi).
362 756 599 813 Possunt
649 764 828 813 autem
856 771 956 828 per
985 756 1083 813 hos
1143 756 1276 813 duos
1322 758 1510 825 boves,
1555 772 1786 828 quorum

198 867 351 909 unus
394 865 498 922 pro
530 860 781 923 peccato,
845 849 984 906 alter
1025 849 1252 906 oil‘ertur
1296 849 1352 905 in
1388 850 1783 913 holocaustum,

198 942 327 999 dua;
369 942 647 998 actionum
682 940 891 1012 species
940 940 1192 1013 exprimi,
1246 955 1474 1012 quarum
1503 956 1610 997 una
1664 956 1788 1012 qua

197 1030 345 1089 male
372 1032 660 1103 gessimus,
684 1046 784 1103 per
802 1032 1135 1104 paenitentiae
1159 1031 1458 1088 lamentum
1484 1032 1781 1100 abluimus;

198 1126 374 1183 altera
403 1127 673 1183 bonorum
714 1139 941 1197 operum)
972 1136 1029 1181 et
1064 1125 1323 1181 virtutum
1358 1123 1624 1181 fructibus
1664 1140 1786 1197 gra-

198 1216 336 1272 tiam
379 1215 477 1272 Dei
526 1225 582 1273 et
624 1215 909 1289 praemium
955 1214 1306 1272 beatitudinis
1331 1229 1723 1286 promeremur.

268 1304 658 1362 Libamentum.
708 1303 1124 1361 Sacramentum
1151 1303 1443 1376 passionis,
1482 1294 1626 1375 quod
1673 1304 1783 1375 spi-

198 1394 353 1451 ritali
371 1394 599 1451 scientia
622 1386 950 1450 intellectum
979 1402 1140 1465 atque
1173 1400 1488 1460 tractatum,
1536 1388 1783 1452 ﬁdelibus

194 1484 617 1544 saluberrimum
634 1494 691 1542 et
707 1482 819 1543 Deo
838 1486 1203 1559 gratissimum
1228 1496 1334 1542 est.
1389 1482 1449 1542 Si
1480 1496 1662 1543 tamen
1704 1495 1786 1541 ta-

193 1578 345 1635 libus
387 1578 662 1652 mysteriis
692 1579 1060 1657 percipiendis
1093 1578 1344 1634 minister
1382 1578 1597 1636 Domini
1640 1579 1785 1635 intus

193 1668 444 1742 forisque
472 1684 534 1727 se
551 1662 811 1726 mundum
834 1679 891 1727 et
912 1666 1134 1744 dignum
1156 1671 1472 1742 praebuerit.

270 1761 439 1819 Vens.
469 1762 525 1820 9.
548 1792 618 1805 —
642 1762 711 1818 Et
735 1762 1040 1837 applicatis.
1081 1760 1434 1836 Applicantur
1452 1764 1655 1823 Levita:
1693 1780 1784 1822 co-

196 1870 316 1911 ram
340 1850 690 1912 tabernaculo
711 1850 954 1923 fmderis,
1002 1871 1125 1912 cum
1150 1854 1308 1914 electi
1345 1854 1412 1914 ad
1442 1852 1675 1915 cilicium
1699 1857 1779 1913 al-

1883 668 2132 725 ultimum
2159 678 2319 729 terra:
2347 671 2487 745 (Act.
2516 672 2578 745 ι).

1954 760 2079 835 (Ιυ.)
2130 760 2275 821 Bene
2322 774 2504 821 autem
2549 765 2699 833 luna,
2752 775 2884 835 etc.,
2924 785 3106 841 usque
3154 770 3226 825 ad
3268 772 3466 829 merito

1884 853 2284 925 quintadecima
2314 856 2553 927 paschali
2577 857 2774 929 gaudio
2794 858 3101 929 adaptatur.

1954 943 2078 1016 (ln.)
2104 945 2200 1001 His
2229 947 2446 1017 quidem
2481 949 2697 1020 paschae
2730 946 2814 1006 vel
2838 951 3061 1021 phasea
3100 950 3220 1025 lege
3254 967 3467 1010 assum-

1882 1036 1992 1109 ptis
2023 1037 2253 1103 indiciis,
2287 1034 2532 1097 hteredes
2578 1039 2714 1097 Novi
2758 1039 3091 1098 Testamenti
3128 1043 3291 1099 etiam
3320 1044 3465 1100 diem

1882 1129 2219 1187 Dominicam
2246 1132 2608 1199 annectimus,
2637 1133 2763 1204 quia
2808 1142 2866 1190 et
2889 1135 3197 1192 conditione
3232 1137 3467 1208 primiti-

1880 1234 1964 1275 vae
2006 1219 2142 1277 lucis
2187 1223 2422 1291 excellit,
2467 1231 2522 1280 et
2571 1225 2845 1296 triumpho
2892 1226 3186 1285 Dominica
3220 1243 3466 1286 resurre-
3573 1299 3587 1313 O

1883 1311 2099 1367 ctionis.

1956 1400 2078 1475 (ln.)
2110 1398 2329 1474 Septem
2369 1419 2584 1476 quoque
2613 1405 2730 1462 dies
2761 1424 2920 1475 tunae,
2965 1426 3128 1482 usque
3168 1410 3237 1467 ad
3262 1411 3420 1483 quasi
3446 1429 3461 1466 :

1885 1490 2041 1560 Quod
2063 1495 2154 1550 uni
2172 1495 2312 1562 dico,
2345 1497 2584 1553 omnibus
2609 1499 2728 1555 dico
2758 1494 2955 1573 (Marc.
3004 1502 3148 1575 nn).

1955 1582 2080 1657 (ἰν.)
2126 1584 2184 1641 ln
2234 1586 2453 1643 nomine
2482 1605 2696 1660 quoque
2734 1593 2969 1663 paschae,
3012 1602 3142 1662 etc.,
3196 1611 3357 1667 usque
3393 1596 3463 1650 ad

1881 1687 1981 1746 per
2008 1674 2247 1748 singulos
2276 1677 2478 1748 gradus
2520 1680 2778 1751 spiritalis
2819 1683 3078 1740 transitus
3113 1684 3357 1758 largitori
3392 1685 3464 1740 il-

1882 1763 1986 1821 lius
2005 1765 2179 1822 vicem
2202 1766 2504 1825 tendamus.
2696 1824 2699 1829 .

1956 1858 2079 1932 (ln.)
2129 1857 2227 1916 Vel
2275 1877 2331 1915 ιη
2386 1871 2670 1919 crescente
2720 1863 2789 1920 ad
2829 1864 3076 1924 homines
3130 1866 3276 1931 luna,
3327 1877 3462 1935 etc.,

196 1949 335 2006 taris
380 1948 679 2007 secundum
730 1949 1074 2022 apostolicam
1129 1946 1430 2009 doctrinam
1478 1951 1780 2024 perducun-
1807 1932 1856 1995 Β
1881 1967 2044 2021 usque
2073 1951 2144 2005 ad
2166 1952 2550 2009 convenienter
2581 1953 2825 2027 intelligi.

194 2052 461 2116 turzqua
500 2044 559 2100 in
601 2058 789 2100 verum
840 2034 1248 2101 tabernaculum
1294 2045 1530 2101 intratur
1548 2044 1603 2117 (1
1640 2043 1776 2099 Tim.

191 2140 306 2210 ιη),
340 2140 385 2195 si
408 2139 563 2208 juxta
592 2137 895 2195 doctrinam
923 2147 979 2195 et
1004 2139 1252 2210 exempla
1295 2148 1605 2196 sanctorum
1642 2139 1779 2195 bene

191 2229 542 2302 iucceperint,
569 2241 626 2286 et
651 2245 822 2301 usque
843 2230 912 2287 ad
936 2230 1097 2287 linem
1127 2231 1618 2303 perseveraverint.

266 2316 637 2378 Vens.10.—
660 2318 865 2377 Ponent
901 2312 1019 2393 ﬁlii.
1055 2320 1193 2390 Quia
1221 2337 1502 2379 assensum
1537 2321 1779 2379 devotio-

193 2413 283 2469 nis
324 2428 440 2470 ωε
476 2413 729 2471 electioni
769 2400 966 2485 debent
990 2415 1252 2486 praebere,
1290 2424 1350 2473 et
1393 2416 1463 2472 ad
1492 2416 1775 2488 imperium

193 2523 391 2564 eorum
414 2507 572 2564 bonis
602 2507 857 2579 operibus
883 2508 1106 2565 instare.

265 2596 434 2652 Vens.
463 2596 550 2652 11.
577 2627 646 2637 -
670 2596 717 2649 Α
743 2596 868 2667 ﬁliis
897 2596 1087 2653 Israel.
1118 2596 1297 2671 (830.)
1338 2595 1451 2653 Sub
1481 2597 1774 2653 multorum

193 2688 409 2745 scilicet
434 2686 743 2747 testimonio
768 2696 824 2744 et
844 2688 1148 2763 cognitione
1174 2687 1419 2746 facienda
1442 2698 1527 2746 est
1558 2688 1771 2756 electio,

192 2788 255 2836 ut
284 2780 621 2837 examinatio
646 2781 807 2851 digna
843 2778 1170 2848 celebretur,
1200 2790 1261 2837 ut
1286 2796 1445 2839 nemo
1482 2781 1774 2853 reprehen-

188 2860 322 2928 dere
348 2871 537 2942 possit.
571 2870 780 2928 Debent
827 2870 974 2927 enim
1018 2872 1391 2929 testimonium
1436 2858 1640 2929 habere
1672 2874 1771 2927 ho-

188 2976 320 3016 num
350 2960 517 3016 etiam
538 2959 609 3016 ab
626 2961 714 3017 his
740 2961 835 3033 qui
858 2962 992 3018 foris
1025 2971 1170 3018 suist.

261 3050 429 3107 Vens.
462 3051 852 3108 lS.—Levita:
904 3070 1130 3124 quoque,
1184 3063 1292 3111 etc.
1347 3054 1485 3124 Quia
1536 3054 1773 3113 ministri

190 3142 409 3200 Domini
446 3142 670 3215 proprio
700 3142 886 3201 labore
919 3140 1074 3202 initia
1104 3144 1372 3203 b‘onorum
1408 3160 1633 3220 operum
1662 3142 1770 3205 Do-

189 3236 343 3293 mino
391 3248 712 3293 consecrare
760 3232 1039 3304 festinant,
1084 3246 1146 3293 ut
1191 3238 1305 3294 sive
1349 3238 1665 3309 poenitentia
1703 3238 1749 3293 si

1952 2041 2117 2099 Vens.
2168 2046 2220 2098 6.
2242 2046 2469 2099 —Lcce
2510 2054 2684 2100 autem
2737 2045 2953 2117 quidam
2994 2048 3253 2103 immundi
3304 2065 3464 2120 super

1883 2136 2065 2191 anima
2112 2134 2362 2203 hominis,
2411 2145 2517 2192 etc.
2578 2135 2760 2209 (Ana,
2817 2148 3003 2210 quiest.
3052 2139 3117 2194 15
3162 2140 3219 2194 in
3269 2138 3460 2212 Num.)

1882 2224 2126 2297 Cumque
2169 2224 2384 2298 paschae
2428 2236 2673 2299 tempore
2720 2224 2938 2299 quidam
2976 2226 3240 2285 immundi
3280 2238 3463 2287 essent

1880 2333 2044 2390 super
2068 2316 2247 2375 anima
2280 2318 2532 2386 hominis,
2563 2327 2694 2387 etc.,
2725 2337 2889 2393 usque
2917 2308 2987 2376 ad
3008 2330 3102 2377 aut
3129 2318 3270 2378 forte
3291 2322 3337 2378 si
3363 2338 3461 2393 pa-

1878 2411 2010 2466 scha
2030 2426 2137 2466 non
2164 2411 2421 2482 egissent,
2453 2406 2521 2465 ad
2550 2409 2764 2484 culpam
2791 2427 2898 2467 non
2932 2402 3246 2482 pertineret.

1952 2498 2117 2556 Vens.
2144 2500 2199 2557 8.
2227 2531 2297 2542 —
2327 2499 2475 2557 State
2502 2510 2558 2555 ut
2582 2499 2875 2557 consulam.
2903 2502 3126 2575 (6826.,
3150 2502 3242 2557 lib.
3286 2518 3459 2560 xxxtn

1880 2589 2102 2658 Horal.,
2134 2602 2260 2661 cap.
2296 2590 2389 2657 21,
2429 2598 2563 2646 tom.
2589 2589 2678 2663 ll.)
2707 2588 2919 2664 Moyses
2960 2588 3153 2648 crebro
3189 2593 3258 2649 de
3297 2592 3461 2650 rebus

1876 2682 2059 2740 dubiis
2079 2682 2147 2740 ad
2185 2682 2597 2741 tabernaculum
2620 2685 2854 2741 recurrit
2874 2684 3083 2743 relictis
3108 2686 3299 2751 turbis,
3324 2695 3430 2743 etc.
3445 2728 3459 2752 ,

1878 2794 2043 2849 usque
2078 2778 2149 2832 ad
2190 2778 2321 2834 dum
2368 2776 2425 2834 in
2452 2776 2804 2835 meditatione
2838 2776 3038 2836 mentis
3082 2782 3114 2835 a
3148 2770 3461 2837 carnalibus

1878 2869 2130 2926 sensibus
2161 2869 2568 2927 abstrahamur.

1948 2958 2110 3018 Vens.
2163 2960 2564 3018 lt).-—Homo
2600 2963 2694 3036 qui
2742 2963 2902 3035 fuerit
2954 2962 3258 3021 inmundus
3305 2976 3461 3037 super

1875 3051 2078 3117 anima,
2103 3060 2208 3106 etc.
2241 3050 2416 3123 (1811).)
2454 3051 2780 3124 Praecipitat-
2830 3060 2893 3110 ut
2920 3055 3017 3125 qui
3052 3054 3264 3128 longius
3308 3056 3461 3114 habia

1878 3141 2086 3207 tabant,
2126 3139 2215 3196 vel
2240 3141 2502 3198 immundi
2537 3142 2594 3197 in
2637 3142 2817 3199 anima
2859 3142 3092 3211 fuerant,
3136 3145 3191 3201 in
3223 3146 3461 3202 secundo

1877 3248 2063 3290 mense
2094 3234 2294 3306 pascha
2341 3234 2565 3302 faciant,
2592 3234 2719 3305 quia
2755 3234 2997 3293 Gentiles
3038 3253 3163 3294 cum
3206 3237 3460 3295 omnibus

192 3326 424 3402 agenda,
450 3329 568 3385 sive
610 3328 791 3385 studia
824 3301 1086 3385 virtutum
1135 3301 1456 3400 exercenda,
1484 3326 1775 3389 eillcaciter
1800 3301 1847 3365 θ
1877 3301 2213 3383 daemonibus
2256 3326 2532 3394 forum“,
2552 3301 2834 3384 νίέιωιιιιιυ
2863 3338 3023 3384 enm
3058 3338 3115 3384 el
3155 3344 3189 3385 ι
3223 3328 3336 3386 Deo
3360 3344 3455 3385 fe-

190 3423 499 3495 perﬁciant.

264 3509 435 3574 Vens.
462 3514 552 3573 ﬂ.
585 3548 652 3559 —
679 3516 980 3591 Sepurabis.
1023 3512 1139 3574 Non
1182 3516 1343 3576 debet
1383 3514 1632 3575 minister
1664 3518 1775 3575 Do-

194 3610 330 3667 mini
357 3620 648 3668 contentus
670 3622 790 3668 esse
826 3609 1070 3683 populari
1106 3610 1389 3683 disciplina
1414 3628 1427 3665 :
1456 3604 1698 3667 moribus
1722 3619 1778 3667 et

194 3704 445 3763 doctrina
473 3710 754 3776 separatus
779 3708 836 3760 et
861 3700 1169 3775 spectabilis
1196 3700 1358 3760 debet
1382 3706 1522 3761 esse.

266 3792 436 3854 Vens.
460 3788 548 3853 1⁸7.
571 3829 643 3839 -
665 3795 831 3853 Omne
862 3798 1263 3869 primogenitum
1303 3797 1360 3852 in
1398 3805 1559 3853 terra.
1587 3792 1772 3870 (ΗΑΒ.)

196 3890 564 3964 Primogenita
589 3886 990 3963 Egyptiorum,
1031 3899 1164 3955 etc.,
1200 3905 1363 3961 usque
1389 3888 1458 3942 ad
1498 3896 1553 3944 et
1581 3882 1778 3944 divinis

194 3984 474 4059 mysteriis
498 4000 656 4042 verus
680 3980 868 4039 Levita
894 3980 1054 4055 digne
1077 3981 1251 4055 possit
1276 3978 1475 4053 aptari.

265 4075 437 4135 Vens.
496 4077 584 4137 19..
614 4074 776 4131 ——Ut
815 4075 1060 4131 serviant.
1120 4070 1347 4131 Videant
1383 4072 1617 4129 ministri
1667 4072 1773 4130 Do-

192 4168 329 4227 mini
374 4184 541 4242 quam
579 4167 943 4225 necessarium
986 4166 1058 4223 sit
1104 4165 1183 4221 eis
1230 4164 1390 4221 cilicii
1419 4165 1501 4221 sui
1523 4165 1647 4237 jura
1685 4180 1778 4220 cu-

193 4261 441 4327 stodire;
469 4274 570 4315 nec
598 4258 832 4314 terrenis
856 4256 1023 4313 lucris
1048 4252 1133 4312 vel
1151 4250 1513 4327 voluptatibus
1540 4254 1772 4321 inhiare,

192 4354 401 4424 quibus
434 4352 714 4425 proprium
744 4361 831 4408 est
870 4351 1218 4408 tabernaculo
1262 4346 1557 4418 deservire,
1590 4359 1644 4406 et
1678 4364 1778 4421 pro

188 4443 390 4515 populo
416 4460 599 4511 orare,
640 4460 708 4500 ne
735 4443 806 4500 sit
849 4438 906 4500 in
948 4459 1015 4500 eo
1060 4440 1216 4516 plaga
1248 4438 1566 4514 disperdens
1594 4461 1606 4498 :
1637 4436 1775 4498 alio-

187 4535 324 4604 quin
348 4540 404 4590 et
444 4546 507 4589 se
536 4540 591 4590 et
616 4532 874 4606 pupulum
914 4533 968 4589 in
1014 4530 1371 4606 perditionem
1413 4530 1775 4605 przecipitaut,

1874 3417 2027 3474 moti.
2073 3415 2181 3474 Sed
2210 3417 2417 3475 salubri
2458 3417 2802 3476 confessione
2836 3418 3087 3477 laudati
3138 3423 3208 3478 ad
3243 3420 3448 3478 Christi

1876 3509 2213 3567 nativitatem
2264 3511 2420 3583 quasi
2468 3511 2541 3567 ad
2586 3512 2885 3569 secundm
2932 3524 3175 3569 mensem
3222 3513 3457 3569 transire

1875 3600 2280 3672 praecipiuntur.

1951 3689 2135 3763 (11η.)
2160 3690 2473 3748 immundus
2513 3700 2599 3748 est
2620 3693 2677 3748 in
2713 3692 2916 3761 anima,
2945 3701 3076 3760 etc.,
3103 3710 3267 3766 usque
3296 3695 3369 3749 ad
3389 3695 3456 3751 ad

1876 3798 2160 3855 vesperam
2186 3770 2370 3841 mundi
2400 3800 2526 3841 cum
2547 3784 2769 3858 azymis
2801 3792 2861 3842 et
2892 3784 3119 3843 lactucis
3154 3786 3458 3860 agrestibus

1878 3893 2077 3949 agnum
2105 3879 2361 3935 comedit.

1957 3970 2115 4029 Vens.
2147 3972 2236 4027 11.
2255 4002 2330 4015 -
2349 3974 2580 4045 Asymis.
2605 3972 2789 4047 (Βη.)
2831 3973 3038 4046 Azymu
3076 3975 3330 4041 comedit,
3362 3975 3453 4045 qui

1878 4072 2029 4121 recta
2077 4080 2241 4136 opera
2285 4065 2404 4121 sine
2429 4065 2779 4137 corruptione
2817 4080 2971 4121 vano:
2994 4080 3181 4135 storias
3224 4064 3374 4131 facit,
3400 4072 3456 4119 et

1878 4159 2132 4216 mandata
2167 4159 2553 4215 misericordias
2593 4160 2711 4215 sine
2739 4159 2949 4231 peccati
2986 4157 3336 4214 admixtione.

1946 4249 2271 4321 Agrestibus.
2326 4249 2463 4318 Quia
2508 4265 2631 4306 cum
2679 4264 2875 4320 corpus
2927 4247 3126 4305 Christi
3160 4246 3456 4317 accipimus

1875 4356 1978 4413 pro
1999 4341 2239 4411 peccatis
2273 4340 2560 4412 compungi
2599 4341 2875 4403 debemus,
2919 4347 2979 4393 ut
3008 4335 3312 4393 amaritudo
3338 4349 3455 4407 pm-

1880 4433 2121 4489 uitentize
2148 4432 2422 4503 abstergat
2442 4445 2681 4486 amorem
2708 4444 2979 4500 perversae
3000 4428 3143 4485 vitae.

1951 4520 2113 4578 Vens.
2148 4521 2234 4577 l2.
2258 4553 2329 4562 —
2351 4521 2571 4577 Omnem
2600 4520 2778 4574 ritum.
2806 4519 3077 4590 Quidquid
3124 4519 3179 4576 in
3222 4518 3340 4577 leue
3372 4521 3454 4576 hi-

186 4636 244 4684 et
267 4627 473 4682 dicitur
491 4627 571 4683 eis
596 4645 610 4682 :
634 4622 832 4683 Munus
872 4642 977 4681 non
1010 4627 1293 4697 suscipiam
1320 4626 1383 4680 de
1415 4642 1576 4680 manu
1598 4636 1771 4681 vestra
1800 4679 1847 4697 ἢ
1880 4616 2177 4673 storialiter
2213 4625 2546 4687 praeceptum
2588 4622 2692 4681 est,
2735 4615 2789 4669 in
2834 4614 3199 4672 celebratione
3238 4616 3455 4687 pascha

185 4717 452 4791 (Halaclt.
479 4715 542 4789 ι).

262 4808 429 4865 Vens.
465 4808 557 4864 ει.
582 4804 922 4881 —Aviginti
967 4806 1211 4882 quinque.
1254 4806 1424 4882 (1310.,
1478 4818 1666 4880 quaest.
1712 4809 1768 4864 in

212 4900 386 4956 Num.
428 4910 564 4957 tom.
600 4894 692 4973 V.)
733 4902 781 4956 A
825 4900 1084 4973 vigesimo
1117 4908 1171 4956 et
1212 4900 1401 4970 quinto
1431 4915 1575 4956 anno
1618 4914 1769 4955 man-

186 4996 391 5051 dantur
410 4990 632 5059 Levita,
657 5003 790 5061 etc.,
825 5009 992 5065 usque
1015 4992 1085 5048 ad
1111 4993 1168 5048 in
1198 4991 1304 5049 illis
1329 4991 1640 5050 omnimodo
1668 5007 1767 5048 ex-

185 5084 507 5158 stinguitur,
536 5100 606 5143 ne
638 5085 962 5144 subsistant.

800 5222 1031 5282 CAPUT
1064 5222 1160 5281 IX.

257 5360 428 5419 Vens.
458 5358 545 5418 12.
570 5356 890 5419 —Faciant
923 5354 1024 5434 ﬁlii
1061 5348 1234 5419 israel
1264 5362 1428 5434 phase
1459 5364 1517 5419 in
1544 5373 1772 5435 tempore

181 5473 307 5522 suo,
333 5454 730 5528 quartadecima
755 5454 842 5512 die
865 5457 1058 5513 mensis
1084 5454 1263 5529 hujus,
1285 5466 1391 5513 etc.
1425 5455 1771 5531 (Ihm-Ben.)

181 5547 327 5604 Cum
356 5547 409 5602 in
436 5548 611 5605 veteri
638 5548 1004 5615 Testamento,
1046 5557 1178 5615 etc.,
1218 5564 1380 5621 usque
1405 5548 1474 5603 ad
1504 5548 1605 5603 Et:
1636 5545 1771 5601 Ecce

182 5654 327 5693 nova
355 5637 496 5710 facio
526 5639 708 5694 omnia
731 5637 913 5711 (Apoc.
940 5632 1053 5711 XXI)

260 5724 447 5799 (Βεῡ.)
473 5726 678 5784 Deinde
703 5730 916 5784 tertiam
944 5718 1320 5799 septimanam,
1357 5739 1486 5794 etc.,
1516 5747 1675 5800 usque
1703 5730 1772 5784 ad

181 5828 439 5876 extrema
461 5819 791 5875 charismate
814 5814 1038 5889 spiritali
1068 5834 1166 5890 per
1186 5816 1420 5890 seipsum
1464 5820 1768 5876 illustravit.

260 5910 527 5984 (lo.)lpsa
573 5928 786 5984 quoque
830 5911 967 5967 lunae
997 5912 1300 5969 conversio.
1343 5920 1472 5979 etc.,
1518 5930 1675 5985 usque
1706 5914 1773 5967 ad

1796 4679 1850 4741 Β
1876 4706 2119 4767 Ecclesia
2146 4679 2500 4781 spiritualiter
2523 4679 2795 4764 observat.

1948 4800 2327 4859 Observabunt.
2354 4801 2491 4869 Quia
2526 4798 2644 4871 ejus
2687 4800 2830 4856 dicta
2857 4798 3083 4855 sollicite
3111 4807 3236 4855 sunt
3272 4798 3452 4855 discu-

1874 4896 2079 4961 tienda,
2109 4901 2173 4950 ut
2198 4894 2252 4949 in
2288 4891 2545 4965 praesenti
2587 4891 2695 4947 vita
2722 4889 3068 4967 intelligendo
3100 4899 3157 4948 et
3180 4889 3453 4962 operando

1870 4994 2239 5061 penetrentur.

1944 5076 2111 5135 Vens.
2155 5078 2244 5133 15.
2271 5073 2834 5131 —Ea;terminabitur.
2890 5073 2998 5130 Eos
3048 5073 3141 5145 qui
3190 5072 3290 5129 sub
3332 5070 3453 5145 lege

1874 5179 2051 5237 erant,
2081 5166 2465 5225 comminando
2490 5166 2727 5229 instruit,
2774 5180 2844 5221 ne
2882 5174 3095 5235 tempus
3118 5163 3334 5233 paschae
3354 5164 3451 5220 ob-

1875 5276 2096 5322 servare
2142 5259 2431 5332 negligant.
2480 5257 2590 5314 Nos
2617 5273 2831 5329 quoque
2874 5258 3145 5319 admonet,
3196 5264 3255 5312 ut
3298 5258 3452 5329 spiri-

1874 5359 2017 5414 tuale
2050 5354 2247 5427 pascha
2284 5368 2382 5409 suo
2428 5360 2669 5422 tempore
2708 5349 2993 5417 faciamus,
3023 5350 3089 5407 de
3120 5365 3227 5421 quo
3252 5349 3452 5405 Paulus

1875 5450 1953 5505 ait
1981 5466 1992 5502 :
2020 5446 2154 5501 Ecce
2192 5461 2328 5499 nunc
2359 5454 2557 5514 tempus
2592 5441 2929 5512 acceptabile,
2954 5447 3063 5496 etc.
3087 5438 3175 5513 (II
3200 5439 3322 5494 Cor.
3349 5438 3446 5511 vt).

1875 5538 2009 5610 Quia
2052 5536 2294 5607 quisquis
2333 5534 2759 5604 redemptionem
2809 5532 3034 5588 humani
3062 5532 3300 5605 generis,
3328 5545 3450 5602 quas

1882 5634 1986 5690 veri
2018 5630 2141 5704 agni
2170 5628 2536 5687 immolatione
2584 5626 2727 5683 facta
2752 5633 2854 5707 est,
2898 5624 3002 5681 ﬁde
3033 5624 3192 5695 digna
3222 5637 3329 5678 non
3363 5636 3450 5678 ce-

1875 5725 2187 5788 lebraverit,
2215 5731 2268 5777 et
2308 5722 2474 5776 vitam
2507 5734 2660 5776 suam
2684 5719 2739 5773 in
2777 5717 3003 5774 meliora
3030 5730 3135 5772 non
3171 5723 3449 5771 converte-

1878 5821 1965 5885 rit,
1999 5828 2053 5873 et
2081 5834 2108 5870 a
2132 5816 2278 5871 vitiis
2306 5815 2371 5869 ad
2400 5812 2629 5868 virtutes
2656 5806 2763 5867 ι]οεῖ
2789 5809 3063 5865 transierit
3084 5817 3326 5880 tempore
3353 5808 3451 5864 hu-

1870 5912 1961 5983 jus
2006 5906 2383 5965 nun-talitatis:
2412 5907 2476 5961 ad
2524 5903 2937 5961 resurrectionis
2980 5902 3205 5976 gloriam
3252 5903 3308 5959 in
3347 5901 3451 5957 line
