4006 6352
588 513 693 570 599
1085 506 1479 568 WALAFRIDI
1514 501 1760 561 STRABI
1796 500 2000 559 FULD.
2048 495 2213 554 MON.
2253 494 2406 553 OPP.
2447 491 2626 549 PARS
2660 489 2703 545 1.
2743 516 2812 529 --
2849 479 3303 542 THEOLOGICA.
3691 481 3769 538 100

587 623 734 680 veris
763 623 1061 680 cultoribus
1101 621 1305 678 Christi
1333 617 1673 675 tribuendam
1712 630 1821 671 non
1847 610 2158 686 pertinebit,
2188 613 2243 675 Α
2265 606 2428 664 corda
2457 604 2764 660 auditorum
2787 598 2856 655 ad
2876 594 2973 652 Dei
2996 588 3425 650 misericordiam
3446 585 3772 658 itnploraudam

589 714 686 771 sed
723 715 1177 772 exterminabitur
1195 731 1226 769 a
1256 713 1530 769 consortio
1555 719 1883 766 sanctorum.

665 811 824 867 Vens.
854 809 944 864 14.
968 838 1040 851 —
1062 805 1376 878 Peregrinus
1396 820 1596 876 quoque
1617 812 1666 857 et
1688 801 1886 856 advena
1906 800 1951 854 si
1975 797 2169 869 fuerint

589 904 732 977 apud
782 919 903 970 vos,
953 909 1064 957 etc.
1091 898 1274 973 (11η.)
1319 895 1569 953 Ostendit
1610 893 1813 949 nullam
1861 889 2169 947 distantiam

592 1009 718 1053 esse
754 1007 1117 1066 personarum
1157 988 1298 1060 apud
1345 987 1536 1045 Deum.
1566 985 1884 1054 Quicunque
1915 980 2058 1036 enim
2102 977 2172 1033 ad

526 1102 540 1113 ·
597 1084 761 1141 ﬁdem
785 1083 1104 1140 catholicam
1141 1092 1460 1142 conversus,
1509 1083 1567 1130 et
1605 1072 1806 1131 Christi
1851 1071 2173 1142 baptismate

593 1177 830 1242 ablutus,
863 1174 1119 1231 Ecclesiae
1147 1171 1409 1227 unitatem
1461 1167 1764 1233 intraverit,
1789 1162 2174 1221 ecclesiasticis

593 1268 800 1342 poterit
821 1262 1209 1323 communicari
1240 1259 1534 1333 mysteriis.

669 1361 830 1417 Vens.
861 1356 948 1413 15.
969 1387 1042 1399 -
1065 1354 1264 1410 Nubes.
1310 1351 1488 1425 (lstn.)
1513 1350 1759 1407 Christus
1793 1357 1876 1404 est
1901 1347 2173 1411 columna,

594 1449 688 1521 qui
718 1456 900 1504 rectus
928 1453 985 1502 et
1029 1444 1238 1508 ﬁrmus,
1269 1441 1362 1513 qui
1409 1439 1639 1496 fulciens
1680 1438 2053 1493 inﬁrmitatem
2078 1450 2176 1491 no-

593 1547 783 1601 stram,
811 1553 910 1608 per
933 1543 1147 1592 noctem
1181 1532 1389 1598 lucens,
1415 1547 1514 1603 per
1542 1530 1685 1587 diem
1728 1544 1835 1585 non
1880 1528 2083 1589 lucens,
2116 1533 2177 1581 ut

592 1630 685 1701 qui
736 1644 843 1685 non
882 1629 1071 1685 vident
1112 1624 1350 1691 videant,
1397 1634 1452 1680 et
1494 1624 1585 1694 qui
1632 1624 1817 1679 vident
1859 1622 1987 1678 eieci
2023 1621 2174 1675 (iant.

596 1721 797 1778 Christi
821 1734 1037 1793 quoque
1065 1725 1460 1775 sacramentum
1490 1725 1744 1787 tanquam
1785 1714 1839 1770 in
1882 1714 1968 1769 die
2006 1711 2177 1768 maui-

596 1811 793 1868 festum
820 1819 924 1876 est,
955 1811 1010 1866 in
1033 1825 1218 1875 carne,
1259 1808 1408 1864 velut
1439 1808 1496 1862 in
1524 1809 1703 1863 nube:
1734 1807 1789 1861 in
1812 1804 2015 1874 judicio
2050 1817 2178 1859 vero

600 1913 861 1977 tanquam
892 1905 947 1960 in
977 1912 1187 1959 terrore
1228 1910 1515 1958 nocturno.
1547 1899 1683 1968 Quia
1706 1909 1834 1954 tunc
1866 1898 1972 1954 erit
2000 1896 2174 1951 tribu-

2268 693 2630 769 provocando.

2341 787 2506 843 Vens.
2555 785 2644 840 10.
2672 812 2746 826 ——
2789 780 2851 837 Si
2877 779 3088 852 quando
3122 775 3374 831 habebitis
3402 773 3612 844 epulum.
3640 771 3775 845 (11η.)

2271 881 2408 938 Nota
2437 880 2565 952 quia
2597 878 2653 933 in
2678 872 2939 937 adversis,
2970 878 3101 937 etc.,
3138 883 3304 940 usque
3332 865 3400 920 ad
3426 874 3479 921 et
3497 863 3611 920 alibi
3632 880 3644 918 :
3667 863 3775 920 Pra-

2271 974 2392 1028 dica
2453 969 2690 1035 verbum,
2743 965 2884 1021 insta
2932 971 3220 1035 opportune
3260 959 3542 1029 importune
3564 997 3579 1024 ,
3630 964 3713 1013 etc.
3740 956 3775 1027 (l

2276 1064 2412 1120 Tim.
2443 1062 2542 1137 tv).
3180 1046 3183 1049 ’

2346 1159 2509 1215 Vens.
2559 1154 2648 1211 11.
2693 1182 2765 1194 --
2793 1150 2946 1205 Anno
2992 1144 3244 1203 secundo.
3293 1140 3559 1214 (Hrenon.,
3594 1140 3779 1211 epist.“

2278 1247 2588 1314 Fabiolam,
2628 1252 2760 1301 tom.
2802 1240 2873 1314 1.)
2904 1238 3234 1296 Duodecimn
3272 1233 3548 1290 mansione
3587 1242 3781 1288 venerunt

2276 1341 2373 1397 lilii
2417 1339 2583 1396 lsrael
2626 1338 2682 1394 in
2722 1336 2996 1392 desertum
3036 1329 3209 1394 Sinai,
3249 1337 3384 1393 etc.,
3418 1341 3570 1397 usque
3600 1326 3780 1379 adiutus

2278 1440 2461 1489 autem
2483 1429 2641 1501 plena
2668 1434 2798 1485 sunt
2821 1424 3036 1483 ossibus
3064 1429 3423 1484 mortuorum,
3454 1424 3508 1472 et
3526 1414 3653 1471 omni
3674 1430 3782 1486 spur-

2277 1525 2427 1581 citia.

2351 1613 2571 1687 (Gnec.,
2611 1606 2907 1665 Pastoralis
2931 1614 3089 1678 parte
3114 1620 3201 1671 ιιι,
3233 1602 3456 1658 admon.
3478 1596 3581 1669 18.)
3605 1596 3783 1652 Plerum-

2277 1722 2384 1779 que
2416 1706 2648 1763 suadere
2684 1703 2841 1759 elatis
2882 1698 3037 1756 utilia
3066 1697 3261 1754 melius
3286 1705 3577 1767 possemus,
3601 1697 3706 1754 etc.,
3726 1705 3783 1742 ss-

2276 1817 2376 1873 que
2404 1800 2474 1854 ad
2498 1799 2622 1854 inde
2653 1812 2712 1853 se
2737 1795 2920 1852 verbis
2944 1792 3285 1849 exnortantis
3308 1785 3593 1841 inclinaret.

2351 1891 2515 1947 Vens.
2553 1888 2646 1943 25.
2672 1918 2743 1929 -
2767 1889 3005 1957 Arcaque
3040 1880 3275 1953 fwderis.
3329 1875 3505 1949 (11η.)
3529 1869 3785 1928 Arcalmde-

598 1962 732 2053 latid
759 2012 953 2063 magna
998 2004 1256 2066 tanquam
1286 1994 1449 2064 ignis,
1481 2000 1537 2048 et
1557 1962 1755 2048 lucebit
1775 1989 1960 2060 iustis,
2009 1997 2065 2044 et
2089 2004 2178 2044 ιιι·-
2203 1982 2252 2043 Β
2281 1982 2359 2038 ris
2380 1972 2615 2045 Domini,
2644 1988 2772 2045 etc.,
2798 1994 2962 2047 usque
2986 1974 3055 2039 ad
3080 1972 3275 2030 callem
3302 1967 3537 2026 veritatis
3561 1973 3609 2023 et
3625 1962 3785 2036 iustitia:

597 2087 748 2145 debit
769 2086 985 2158 iniustis
1008 2084 1211 2157 (Exod.
1261 2082 1384 2156 xu).

669 2197 912 2269 Mystice,
957 2194 1257 2252 incarnatio
1307 2192 1533 2260 Christi,
1577 2190 1733 2263 cujus
1772 2189 2063 2248 clementia
2106 2201 2183 2245 ta-

598 2288 951 2346 bernaculum
990 2286 1243 2343 Ecclesiae
1292 2286 1546 2357 protegit,
1589 2284 1805 2340 bonitas
1844 2290 2042 2338 statum
2086 2280 2192 2335 dis-

600 2382 768 2453 ponit,
808 2378 1090 2450 prudentia
1138 2378 1194 2432 in
1236 2376 1327 2431 via
1369 2373 1529 2444 hujus
1569 2375 1751 2432 saeculi
1793 2373 2080 2429 transitum
2108 2368 2191 2424 di-

601 2472 747 2545 rigit.

673 2582 898 2656 (Cum,
920 2579 1063 2635 Itom.
1088 2577 1154 2633 21
1185 2579 1241 2632 in
1262 2577 1492 2648 Evang.,
1532 2584 1663 2632 tom.
1691 2572 1806 2645 Ill.)
1837 2572 1895 2627 In
1928 2572 2051 2643 igne
2077 2577 2190 2626 ter-

608 2689 723 2740 ror,
769 2682 900 2739 etc.,
948 2687 1111 2743 usque
1157 2670 1226 2724 ad
1279 2678 1623 2741 peccatorum
1671 2680 1895 2722 suorum
1941 2664 2195 2719 tenebras

608 2764 1031 2838 agnoscentibus
1071 2763 1196 2834 igne
1224 2761 1310 2816 sui
1339 2759 1542 2815 amoris
1570 2757 1798 2814 infulsit.

689 2876 851 2931 Vens.
879 2872 972 2928 23.
995 2901 1065 2913 —
1084 2869 1183 2926 Per
1216 2869 1428 2925 uerbum
1455 2867 1670 2923 Domini
1696 2864 1926 2937 ﬁgebant
1949 2861 2192 2919 tentoria.

613 2966 1022 3040 Signiﬁcatione
1049 2962 1227 3028 nubis,
1257 2977 1379 3032 quae
1408 2968 1529 3017 erat
1555 2959 1768 3031 signum
1795 2957 1987 3014 divinae
2007 2955 2197 3012 volun-

610 3060 764 3127 tatis,
793 3059 935 3114 sicut
963 3071 1069 3113 vox
1106 3054 1393 3125 loquentis.

1225 3206 1454 3265 CAPUT
1505 3206 1575 3264 Χ.

687 3348 850 3405 Vens.
886 3347 944 3402 2.
984 3375 1055 3387 —
1094 3342 1210 3399 Fac
1260 3343 1351 3397 tibi
1396 3342 1530 3398 duas
1567 3342 1721 3396 tubas
1764 3349 2058 3412 argenteas,
2088 3348 2195 3398 etc.
2226 3342 2273 3407 Ο

615 3441 789 3514 (151m,
837 3440 893 3494 in
934 3436 1125 3510 Nam.)
1171 3435 1278 3493 Per
1323 3436 1458 3492 duas
1512 3436 1671 3492 tubas
1720 3434 1993 3491 exercitus
2048 3435 2199 3492 duci-

613 3543 724 3603 tur,
745 3541 876 3601 etc.,
904 3547 1065 3604 usque
1088 3529 1159 3585 ad
1181 3530 1486 3586 auditorum
1515 3538 1726 3586 mentes
1752 3529 1823 3585 ad
1845 3529 2205 3586 tentatiomun

614 3625 913 3683 certamina
943 3623 1223 3679 ardentius
1252 3621 1584 3679 excitantur.

682 3737 848 3794 Vens.
878 3736 935 3791 4.
960 3766 1033 3778 -
1053 3734 1114 3791 Si
1151 3733 1309 3790 semel
1337 3732 1652 3806 clangueris.
1687 3734 1870 3807 (Rara,
1920 3735 1976 3789 in
2012 3733 2205 3807 Num.)

618 3831 799 3890 Semel
832 3830 972 3885 tubis
1000 3828 1269 3899 clangere,
1300 3837 1432 3895 etc.,
1461 3844 1623 3898 usque
1641 3827 1711 3882 ad
1754 3838 1809 3884 et
1838 3829 1892 3884 id
1924 3828 2097 3900 ipsum
2127 3828 2209 3883 di-

620 3930 747 3979 cant
773 3933 963 3977 omnes
988 3918 1043 3972 in
1066 3919 1257 3973 eodem
1286 3933 1448 3973 sensu
1474 3926 1530 3973 et
1564 3918 1619 3972 in
1642 3918 1831 3974 eadem
1861 3918 2110 3974 scientia.

691 4014 856 4070 Vens.
894 4007 1250 4067 5.—Primi.
1283 4010 1419 4077 Quia
1456 4010 1665 4066 scilicet
1705 4010 1796 4065 lux
1823 4009 1949 4066 ﬁdei
1976 4011 2209 4081 primum

627 4104 857 4162 inlulsit.
897 4096 1175 4160 ordinatis
1217 4116 1347 4174 ergo
1404 4101 1680 4175 Evangelii
1736 4103 2207 4174 praedicatoribus,

622 4196 858 4270 primum
896 4195 977 4251 eis
1016 4194 1219 4250 dicitur
1253 4212 1266 4248 :
1305 4192 1374 4249 In
1413 4194 1552 4249 viam
1578 4194 1809 4265 gentium
1849 4211 1912 4249 ne
1952 4196 2209 4263 abieritis,

621 4287 714 4343 sed
732 4288 803 4342 ite
828 4287 897 4341 ad
920 4301 1036 4342 oves
1057 4301 1174 4357 qua:
1195 4285 1458 4356 perierunt
1483 4284 1670 4341 domus
1691 4284 1863 4341 Israel
1884 4284 2100 4359 (Matth.
2119 4286 2209 4359 x):

628 4380 827 4450 quibus
874 4380 991 4450 ipse
1027 4376 1280 4434 Christus
1322 4377 1533 4434 scilicet
1569 4378 1990 4450 praesentialiter
2030 4377 2211 4434 Evam-

628 4470 827 4543 gelinm
852 4470 1190 4541 praedicavit.
1239 4470 1371 4527 Post
1411 4475 1869 4529 resurrectionem
1902 4487 2029 4529 vero
2051 4471 2214 4528 disci-

625 4562 771 4633 pulis
796 4577 1063 4633 apparens
1088 4564 1207 4619 ait:
1241 4562 1442 4619 Euntes
1472 4565 1649 4620 docete
1675 4582 1853 4620 omnes
1881 4574 2077 4635 gentes,
2107 4573 2213 4621 etc.

633 4651 853 4725 (Matth.
884 4653 1063 4725 xvm).
1105 4653 1304 4710 Tribus
1339 4670 1471 4727 ergo
1509 4654 1645 4712 Iuda
1686 4672 1809 4713 cum
1858 4658 2070 4713 caeteris
2098 4672 2218 4728 qua:

632 4758 817 4800 secum
847 4743 917 4800 ad
944 4744 1209 4801 orientem
1238 4745 1580 4815 habitabant,
1611 4747 1848 4817 primum
1878 4757 2059 4803 castra
2089 4763 2210 4803 mo-

633 4836 797 4893 vehat
833 4853 848 4889 :
890 4836 1085 4892 deinde
1134 4846 1346 4892 creterae
1390 4838 1686 4894 secundum
1732 4838 1979 4895 ordinem
2032 4855 2210 4895 suum.

636 4929 774 4998 Quia
808 4929 1044 5002 primum
1084 4930 1139 4985 in
1167 4928 1352 4986 Iudaea
1380 4933 1622 5000 oportuit
1667 4934 1999 5003 primitivam
2028 4934 2215 4990 Eccle-

636 5023 776 5080 siam
825 5022 1114 5088 construi,
1160 5031 1283 5093 post
1328 5023 1395 5079 de
1447 5024 1656 5080 cunctis
1710 5026 1862 5082 orbis
1905 5026 2231 5083 nationibus

636 5124 831 5188 gentes
858 5115 926 5171 ad
954 5115 1114 5170 ﬁdem
1145 5114 1456 5171 convocari.

712 5206 880 5263 Vens.
920 5208 974 5263 7.
996 5237 1068 5249 —
1103 5205 1328 5274 Quando
1359 5214 1537 5261 autem
1573 5209 1989 5280 eongregaudus.
2034 5210 2219 5284 (ΗΑΒ.)

640 5298 700 5355 In
737 5299 1122 5385 convocatione
1165 5297 1371 5369 populi,
1415 5307 1547 5365 etc.,
1594 5315 1757 5369 usque
1797 5301 1868 5355 ad
1903 5301 2040 5357 nihil
2076 5303 2219 5357 enim

642 5393 954 5466 quaerimus,
984 5393 1087 5449 nisi
1122 5401 1183 5448 ut
1212 5400 1397 5463 pateat
1421 5392 1565 5462 quod
1593 5392 1838 5450 clausum
1867 5403 1970 5450 est.

712 5484 879 5540 Vens.
930 5485 984 5541 8.
1024 5514 1096 5526 —
1137 5482 1270 5538 Filii
1310 5494 1507 5539 autem.
1557 5484 1968 5553 Praedicatores,
2019 5488 2225 5546 scilicet

642 5577 869 5633 verbum
898 5577 993 5632 Dei
1022 5576 1340 5647 praedicant,
1376 5584 1432 5632 et
1465 5576 1608 5631 viam
1633 5576 1856 5646 iustitia:
1890 5580 2230 5638 auditoribus

645 5670 1041 5735 demonstrant,
1094 5677 1156 5724 ut
1203 5668 1259 5723 in
1303 5669 1495 5725 semita
1544 5670 1922 5727 mandatorum
1960 5670 2057 5725 Dei
2095 5671 2223 5727 boni

644 5764 824 5834 operis
853 5766 1102 5834 gressum
1134 5770 1358 5833 ponant,
1382 5771 1439 5818 et
1469 5762 1572 5818 iter
1604 5763 1895 5834 impiorum
1921 5760 2148 5835 fugiant.

719 5855 973 5927 Clangent
1004 5854 1160 5910 tubis.
1202 5855 1480 5922 Subditos,
1516 5855 1722 5913 scilicet
1751 5857 1819 5914 ad
1848 5857 2222 5929 paenitentiam

647 5952 703 6002 et
757 5947 826 6002 ad
876 5947 1344 6017 compunctionem
1390 5947 1754 6018 lacrymarum
1805 5951 2114 6016 excitando,
2169 5958 2225 6008 et

2291 2074 2650 2146 sequentibus
2678 2072 3033 2127 demonstrat.

2353 2170 2520 2226 Vens.
2566 2166 2658 2221 54.
2686 2196 2757 2207 —
2796 2164 2972 2220 Nubes
3021 2179 3249 2236 quoque.
3324 2156 3583 2216 Protectio
3630 2150 3785 2210 divina.

2288 2275 2409 2332 quae
2437 2258 2674 2330 Spiritus
2702 2254 2876 2311 sancti
2925 2255 3101 2327 gratia
3144 2252 3352 2309 electos
3393 2249 3458 2305 ab
3499 2243 3634 2301 initio
3656 2236 3785 2296 mundi

2290 2348 2555 2414 defendit,
2580 2355 2637 2402 ct
2662 2346 2731 2402 ad
2758 2344 2995 2401 futuram
3019 2344 3264 2416 quietem
3291 2338 3539 2397 custodit.

2363 2439 2529 2496 Vens.
2558 2438 2648 2496 55.
2675 2468 2747 2480 -
2775 2435 3010 2507 Cumque
3048 2436 3359 2490 elevaretur.
3409 2424 3639 2498 Exemplo
3675 2418 3788 2476 Hosis

2291 2540 2535 2590 rectores
2581 2530 2756 2604 plebis
2808 2536 3177 2602 provocantur
3206 2569 3223 2595 ,
3283 2534 3345 2581 ut
3398 2536 3592 2593 semper
3635 2514 3788 2574 solliciti

2295 2625 2646 2683 commissum
2684 2622 2788 2681 sibi
2829 2636 3047 2696 gregem
3095 2622 3151 2677 in
3188 2617 3458 2692 principio
3492 2612 3664 2686 operis,
3691 2617 3731 2663 et
3755 2606 3788 2659 in

2294 2719 2784 2785 consummatione,
2822 2717 3053 2773 Domino
3095 2713 3508 2777 commendent,
3539 2714 3592 2762 ut
3612 2698 3791 2776 proprias

2294 2826 2425 2868 oves
2451 2819 2702 2884 protegat
2727 2816 2784 2866 et
2820 2808 3069 2864 inimicos
3100 2805 3357 2878 depellat.

2904 2982 3134 3041 CAPUT
3181 2982 3281 3039 XI.

2372 3103 2539 3160 Vens.
2575 3102 2628 3159 1.
2652 3130 2722 3145 -
2751 3099 2963 3157 Interea
3005 3111 3179 3157 ortum
3221 3108 3297 3156 est
3333 3108 3572 3153 murmur.
3599 3080 3792 3161 (Huni!

2303 3198 2495 3263 Num.,
2524 3204 2655 3252 tom.
2684 3193 2774 3268 ΙΙ.)
2822 3193 3252 3249 Murmurantem
3298 3189 3540 3264 populum
3580 3179 3692 3254 ignis
3722 3174 3793 3268 D0.

2302 3291 2436 3347 mini
2470 3304 2736 3347 accensus
2756 3265 3008 3354 devorat,
3037 3295 3168 3349 etc.,
3197 3301 3365 3353 usque
3389 3280 3456 3337 ad
3478 3288 3577 3334 tam
3606 3274 3651 3329 in
3669 3265 3795 3324 anim

2303 3398 2469 3456 quam
2502 3381 2558 3438 in
2585 3395 2815 3452 corpore
2842 3387 3035 3436 uretur
3057 3392 3223 3450 paena
3260 3382 3524 3448 perpetua.

2376 3475 2542 3531 Vens.
2574 3472 2628 3529 5.
2656 3446 2725 3513 έ-
2753 3472 2986 3543 Pepones
3014 3446 3287 3543 porrigite.
3312 3467 3517 3540 (Gnec.,
3540 3459 3621 3514 lib.
3644 3468 3702 3509 ιι
3717 3446 3795 3544 η’

2310 3566 2435 3633 rat.,
2469 3580 2588 3636 cap.
2615 3561 2727 3636 19.)
2754 3534 3067 3620 carnalium
3097 3534 3331 3617 mentes.
3348 3571 3443 3629 pro
3469 3561 3632 3608 amore
3652 3534 3795 3598 seculi.

2307 3666 2442 3723 etc.,
2470 3671 2634 3727 usque
2653 3654 2724 3708 ad
2755 3653 2847 3709 ubi
2876 3650 3170 3708 carnaliter
3191 3655 3432 3723 gemant.

2380 3722 2663 3806 Vens.vili.
2691 3777 2764 3791 —
2790 3744 3060 3818 Congrega
3106 3722 3238 3799 milii
3283 3735 3608 3813 septuaginta.
3645 3722 3796 3818 (Wo

2308 3840 2402 3897 lib.
2428 3854 2557 3894 xxix
2591 3835 2813 3903 Μαντώ,
2849 3814 2972 3906 ω’ρ.
2995 3814 3110 3906 15.)
3147 3833 3306 3890 Sicut
3334 3829 3623 3902 plerumque
3639 3814 3799 3909 intuta

2312 3931 2590 3996 dicuntur,
2618 3936 2751 3994 etc.,
2776 3944 2944 3998 usque
2968 3926 3038 3982 ad
3066 3933 3217 3996 patet
3244 3922 3373 3996 quia
3399 3921 3624 3976 senectus
3646 3909 3798 3962 mentis.

2313 4038 2419 4080 non
2445 4020 2710 4092 corporis,
2738 4019 2991 4088 eligatur.
3667 4086 3679 4094 _
3729 4081 3739 4094 θ

2382 4086 2557 4168 Vens:
2595 4112 2681 4166 17.
2710 4140 2778 4150 -
2808 4086 2874 4162 Ut
2919 4108 3253 4165 descendam.
3289 4100 3459 4181 (lsrn.)
3506 4097 3559 4153 ln
3585 4086 3797 4179 tredecintt

2314 4206 2617 4271 mansione,
2659 4212 2790 4270 etc.,
2817 4219 2981 4275 usque
3023 4201 3093 4256 ad
3134 4202 3280 4273 quod
3305 4193 3560 4272 quondam
3596 4182 3735 4238 fuerat
3764 4182 3798 4222 ω

2316 4298 2496 4371 Moyse
2521 4307 2575 4355 et
2602 4295 2903 4369 prophetis.

2387 4369 2458 4445 Et
2497 4389 2737 4460 auferam
2778 4388 2845 4444 de
2881 4389 3067 4460 spiritu
3103 4398 3217 4457 tuo,
3255 4385 3550 4453 traduntque
3570 4369 3795 4460 ἀίξξ

2318 4445 2582 4547 κατείπῃ.
2618 4488 2724 4537 etc.
2781 4445 2965 4551 (Δυέη
3015 4445 3217 4552 ᾳιιιεδτί
3247 4479 3313 4535 18
3340 4477 3394 4530 in
3416 4445 3589 4533 Nam.)
3626 4445 3797 4552 blla

2320 4579 2458 4639 tera,
2483 4535 2612 4637 etc.,
2846 4570 2917 4625 ad
2950 4535 3069 4626 'no'n
3100 4580 3161 4627 ut
3197 4571 3320 4627 ideo
3345 4563 3544 4635 Moyses
3577 4535 3801 4606 minus”

2319 4661 2493 4718 heret.

2393 4711 2558 4810 Vens.
2589 4753 2681 4808 2|.
2707 4784 2779 4794 —
2800 4751 3060 4810 Sexcenta
3094 4753 3262 4808 millia
3286 4749 3508 4825 peditum
3529 4731 3665 4805 Mi"

2322 4852 2465 4900 sunt.
2525 4842 2706 4917 (Auc.,
2738 4854 2924 4917 quiret.
2952 4844 3064 4918 l9.)
3094 4811 3362 4912 Quaeritur
3389 4845 3557 4894 υιτωιι
3581 4825 3667 4880 hoc
3685 4811 3802 4918 “of

2325 4892 2612 4993 diuidendo
2664 4892 2864 4992 diazerit
2907 4952 2976 4992 an
3027 4892 3367 5008 quaerendo?
3435 4935 3556 4987 είοον
3597 4892 3801 5008 ΨΉΪ

2326 5023 2544 5096 quando
2566 5026 2833 5081 sententia
2854 5025 2951 5081 Dei
3330 5027 3415 5077 est
3435 5024 3545 5086 qua:
3563 4989 3801 5062 vindica“

2327 5116 2422 5173 sed
2450 5116 2632 5187 potius
2661 5133 2783 5189 qua:
2812 5118 3049 5175 doceret.
3703 5172 3715 5185 ,

2398 5175 2561 5263 Vitas.
2600 5175 2790 5264 241—
2832 5205 2981 5263 Venit
3014 5208 3176 5281 igitur
3211 5207 3432 5279 logs“:
3467 5202 3514 5252 ⁸⁸
3541 5175 3804 5281 ’δῖ-ΜΚ

2323 5296 2449 5368 pulo
2490 5262 2644 5353 verba
2680 5262 2933 5365 Domini,
2977 5262 3329 5372 congregans:
3365 5262 3554 5365 (0316.,
3578 5272 3708 5372 Ηυξ
3727 5262 3803 5372 62

2327 5355 2521 5462 ὶνυιη.)
2549 5389 2668 5446 Alia
2697 5390 2880 5447 littera
2901 5355 2932 5445 τ’
2951 5355 3120 5459 Exin,
3158 5355 3354 5463 inquit,
3371 5355 3603 5449 'uoyses.
3626 5367 3728 5418 οιοσν
3745 5355 3802 5397 ’ν

2325 5498 2423 5552 que
2451 5482 2521 5536 ad
2563 5490 2617 5538 et
2654 5481 2877 5549 similia,
2903 5490 3008 5538 etc.
3776 5518 3784 5529 .
3894 5476 3895 5511 ξ

2400 5575 2445 5581 --
2598 5575 2649 5581 ,Α
2826 5575 2837 5581 -
2898 5574 2918 5581 -
3106 5577 3118 5581 _
3241 5576 3299 5581 _-
3410 5522 3803 5581 ..λυμηῑηιειιιο
3894 5526 3895 5577 l

2400 5575 2565 5668 Vens.
2594 5538 2684 5631 25.
2709 5606 2781 5618 -—
2801 5538 3058 5648 Auferens
3083 5577 3149 5633 de
3171 5576 3376 5668 spiritu.
3405 5538 3802 5668 (Ιουοὶὲοἲίξξξῗθὲξ

2328 5666 2562 5739 gendum
2585 5674 2694 5735 est,
2724 5675 2857 5734 etc.,
2887 5619 3057 5740 'usque
3085 5668 3156 5723 ad
3182 5619 3237 5723 et
3264 5619 3591 5732 origo‘il)Sius
3619 5619 3723 5688 nihil

2326 5759 2439 5815 mni
2477 5775 2543 5815 ex
2567 5759 2903 5815 derivatione
2932 5760 3159 5830 accepit.

2401 5850 2770 5925 Requieuisset.
2803 5853 2928 5929 (lo.)
2970 5854 3039 5909 Et
3074 5853 3317 5924 requievit
3346 5850 3494 5948 tuli"

2325 5960 2373 6006 et
2400 5914 2832 6023 prophetauerunt
2857 5914 3057 6023 omnes,
3081 5914 3185 6011 etc.
3215 5952 3328 6011 Non
3352 5938 3533 6014 ιοκίιιιτ
3552 5914 3742 5988 "qui"!
