4006 6352
227 338 334 401 401

1260 335 1526 394 GLOSSA
1564 335 1960 395 ORDINARIA.
2002 369 2070 381 -—-
2104 338 2232 394 LIB.
2274 336 2444 396 NUM.

3395 336 3502 395 40‘2

227 462 478 534 spiritus,
501 465 631 522 etc.,
657 471 815 527 usque
844 455 912 508 ad
949 419 1160 508 laudem
1193 451 1316 510 vita:
1347 466 1534 507 eorum
1559 461 1613 507 et
1639 453 1807 506 virtu-
1832 459 1886 520 Α
1983 454 2145 510 Vsus.
2173 456 2260 510 l0.
2291 486 2360 495 —
2385 454 2564 524 Nubes
2594 471 2794 526 quoque
2825 456 3052 510 recessit.
3088 455 3210 526 (10.)
3238 456 3307 510 Et
3343 458 3502 514 nubes

227 564 315 610 tes
344 550 616 622 exposuit.

303 644 511 720 (01116.)
551 642 621 698 Et
658 641 905 714 requievit
938 641 993 694 in
1023 640 1097 694 eis
1129 637 1368 709 spiritus,
1393 646 1439 692 et
1469 639 1808 708 prophetaue-

231 753 382 809 runt,
414 750 520 798 etc.
561 739 828 795 Continuo
851 744 1105 808 operatur
1128 737 1369 807 spiritus,
1399 745 1527 801 etc.,
1556 751 1714 804 usque
1743 733 1810 788 ad

233 847 414 904 neque
444 831 600 887 decet
630 828 867 899 Spiritus
891 827 1065 883 sancti
1094 825 1282 882 adesse
1310 828 1671 896 praesentiam.

307 903 472 982 Vsus.
514 922 604 976 26.
632 951 703 961 —
728 920 1107 976 Remanserant
1143 929 1318 973 autem
1359 922 1415 973 in
1441 919 1648 972 castris.
1701 915 1816 971 Non
1870 903 1880 912 ’

235 1018 564 1091 negligentia
605 1015 863 1087 prtecepit
897 1013 1132 1079 Domini,
1163 1014 1254 1067 sed
1288 1012 1568 1067 devorione
1597 1011 1816 1066 humili-

235 1116 367 1169 tatis
410 1112 660 1182 indignos
699 1124 759 1164 se
780 1107 1090 1176 iudicantes
1134 1105 1481 1176 perceptione
1519 1105 1654 1158 tanti
1699 1119 1820 1157 mu-

234 1206 386 1261 neris
415 1220 430 1259 :
459 1204 580 1258 ideo
603 1201 770 1272 judex
814 1199 1058 1254 cordium
1099 1199 1242 1253 Deus
1271 1197 1459 1268 dignos
1495 1209 1590 1251 eos
1611 1195 1822 1266 judica-

233 1298 334 1361 vit,
365 1306 419 1352 et
444 1306 598 1351 osten
623 1293 700 1348 Iit.

308 1387 474 1442 Vsus.
514 1385 602 1440 29.
632 1414 706 1425 —
729 1381 869 1448 Quid
889 1423 905 1446 ,
932 1382 1131 1452 inquit,
1154 1381 1442 1436 temularis.
1475 1379 1690 1452 (6386.,
1729 1378 1822 1434 lib.

234 1496 379 1536 nm
420 1478 634 1543 Moral.,
675 1492 794 1546 cap.
835 1475 950 1546 24.)
989 1475 1084 1530 Pia
1134 1491 1287 1530 mens
1329 1488 1636 1547 pastorum,
1695 1482 1826 1540 etc.,

234 1590 403 1645 usque
430 1573 498 1624 ad
524 1570 614 1640 qui
647 1570 841 1624 bonum
873 1569 1015 1639 quod
1047 1567 1238 1623 habuit
1266 1583 1371 1622 non
1395 1568 1606 1622 invidit.

307 1664 650 1720 Coturnicum
693 1660 1114 1724 multitudinem,
1161 1661 1250 1728 qui
1279 1676 1489 1730 parum,
1522 1669 1627 1714 etc.
1669 1657 1827 1727 (ΗΑΒ.

234 1759 290 1812 in
318 1753 508 1824 Nam.)
532 1753 778 1809 Carnalis
802 1753 1030 1822 populus
1057 1751 1386 1816 Judreorum,
1412 1761 1546 1816 etc.,
1571 1767 1733 1822 usque
1762 1749 1831 1805 ad

236 1849 438 1904 Nostra
469 1856 640 1900 autem
671 1845 991 1900 conversatio
1028 1846 1084 1898 in
1114 1844 1252 1898 caelis
1295 1855 1370 1899 est
1401 1844 1464 1915 (ll
1493 1843 1614 1898 Cor.
1643 1844 1719 1915 χ).

305 1941 473 1996 Vens.
525 1938 614 1992 5-1.
662 1967 732 1977 —
771 1935 1026 2005 Sepulcra
1074 1936 1522 2006 concupiscentiaz.
1569 1934 1742 2004 (lsu).,
1778 1934 1833 1988 in

235 2033 429 2097 Num.,
468 2041 598 2086 tom.
632 2029 722 2099 V.)
754 2028 937 2083 Tertia
979 2027 1188 2082 decima
1235 2027 1444 2080 mansio
1464 2027 1630 2080 estin
1658 2025 1835 2094 sepul-

232 2125 345 2179 cris
371 2121 847 2193 concupiscentiae,
894 2127 1026 2184 etc.,
1050 2135 1212 2190 usque
1242 2119 1310 2172 ad
1339 2119 1483 2174 intus
1519 2118 1674 2188 plena
1708 2127 1834 2173 sunt

231 2216 448 2272 ossibus
474 2229 808 2270 mortuorum
843 2221 898 2266 et
917 2212 1062 2266 omni
1089 2211 1366 2280 spurcitia.

312 2305 612 2373 Venerunt,
659 2315 764 2362 etc.
835 2304 1112 2376 (HIEIION.,
1176 2304 1327 2373 epist.
1380 2303 1450 2355 ad
1506 2299 1832 2374 Fabiolam.)

229 2399 438 2468 Quarta
476 2399 682 2455 decima
722 2397 951 2462 mansio,
989 2404 1120 2461 etc.,
1168 2410 1329 2466 usque
1373 2395 1443 2448 ad
1482 2393 1575 2464 qui
1619 2394 1694 2447 ait
1737 2409 1835 2463 per

227 2491 553 2562 prophetam
589 2509 600 2543 :
640 2488 896 2559 Nunquid
935 2487 1024 2559 qui
1059 2487 1198 2541 cadit
1280 2502 1384 2540 non
1418 2485 1636 2555 adjiciat
1671 2495 1727 2538 ut
1755 2501 1834 2538 re-

227 2592 414 2652 surgat
433 2582 458 2634 ?
484 2579 624 2652 (Jer.
646 2579 792 2652 vm.)

302 2673 478 2746 (lsm.)
525 2671 726 2740 Quarta
773 2671 982 2727 decima
1005 2671 1240 2738 mansio,
1285 2679 1419 2736 etc.,
1464 2686 1626 2741 usque
1663 2669 1731 2723 ad
1764 2669 1832 2724 ad

230 2765 446 2820 veniam
475 2765 750 2820 reduxerit
785 2779 928 2820 eam.

844 2897 1070 2954 CAPUT
1110 2897 1222 2952 xu.
1324 2879 1326 2881 ’

305 2992 472 3089 νέης.
499 3037 549 3090 1.
571 3065 642 3074 —
660 3033 961 3104 Locutaque
987 3042 1061 3088 est
1092 3032 1266 3087 Maria
1284 3074 1298 3100 ,
1321 3041 1428 3088 etc.
1452 3032 1658 3105 (01116.,
1683 3034 1824 3089 hom.

229 3128 262 3180 7
289 3127 347 3182 in
378 3127 565 3197 Num.)
608 3126 808 3190 Maria,
853 3125 1004 3196 plebs
1044 3123 1312 3189 Iudaica;
1354 3123 1561 3196 Moyses
1594 3124 1679 3179 lex
1721 3125 1828 3180 Do-

1911 551 2117 604 recessit
2159 550 2222 603 de
2253 547 2621 614 tabernaculo,
2674 556 2780 602 etc.
2830 547 2986 603 Prius
3037 549 3263 603 recessit
3300 551 3500 616 nubes,

1911 649 2042 707 etc.,
2071 657 2231 711 usque
2257 639 2324 693 ad
2348 647 2402 693 et
2423 646 2679 709 appareat
2705 638 2759 692 in
2781 637 2936 693 nobis
2959 638 3108 710 lepra
3140 641 3372 708 peccati.

1985 731 2218 803 Cumque
2235 733 2554 804 respexisset.
2574 730 2774 802 (Otum,
2803 733 2891 786 ubi
2916 733 3120 803 supra.)
3145 733 3263 786 Alia
3283 733 3460 790 littera
3489 755 3500 789 :

1915 825 1987 880 Et
2033 825 2254 895 respexit
2298 824 2477 877 Aaron
2497 823 2566 876 ad
2599 823 2860 889 Mariam,
2905 832 2952 876 et
2998 839 3112 877 ecce
3160 822 3336 878 Maria
3393 836 3505 881 erat

1917 930 2140 995 leprosa.
2205 923 2329 979 Vult
2396 923 2450 977 in
2496 924 2598 980 hoc
2653 926 2967 988 ostendere,
3032 932 3160 986 etc.,
3216 926 3378 994 usque
3438 925 3506 976 ad

1921 1016 1987 1070 ad
2016 1015 2268 1086 perfecta:
2316 1015 2614 1070 nativitatis
2647 1016 2890 1070 instituta
2923 1028 3143 1070 revocat
3167 1015 3458 1085 Apostolus
3489 1032 3502 1068 :

1922 1105 2107 1160 Filioli
2155 1107 2286 1172 mei,
2333 1124 2462 1178 quos
2504 1109 2691 1162 iterum
2733 1110 2998 1179 parturio,
3050 1109 3209 1164 donec
3255 1109 3509 1179 formetur

1925 1196 2163 1252 Christus
2188 1199 2242 1250 in
2269 1198 2408 1252 vobis
2427 1239 2442 1264 ,
2471 1209 2576 1253 etc.
2607 1197 2748 1270 (Gal.
2775 1200 2872 1271 Iv.)
3084 1181 3090 1186 ι

1999 1289 2161 1343 Vens.
2189 1321 2258 1329 —
2279 1287 2633 1361 Clamavilque
2659 1283 2863 1363 Moyses
2887 1295 2954 1347 ad
2983 1293 3263 1348 Dominum
3290 1294 3505 1349 dicens:

1927 1383 2102 1448 Deus,
2133 1383 2360 1449 obsecro,
2397 1399 2528 1436 sana
2577 1401 2711 1438 eam.
2762 1385 2859 1439 Cui
2910 1387 3172 1456 respondit
3228 1387 3504 1441 Dominus.

1931 1475 2052 1548 (In.)
2069 1475 2187 1529 Alia
2209 1475 2386 1529 littera
2411 1493 2425 1528 :
2453 1475 2517 1528 Et
2539 1475 2877 1544 proclamavit
2905 1477 3110 1549 Moyses
3135 1479 3203 1533 ad
3233 1478 3508 1533 Dominum

1930 1570 2104 1624 dicens
2125 1585 2143 1622 :
2165 1568 2404 1632 Domine,
2427 1583 2608 1639 precor
2628 1577 2698 1629 te,
2721 1585 2852 1623 sana
2877 1587 3015 1634 eam,
3035 1578 3140 1625 etc.
3166 1569 3335 1636 Quem
3358 1586 3513 1639 opor-

1933 1662 2081 1717 tebat
2128 1677 2285 1717 orare
2337 1675 2436 1731 pro
2484 1660 2714 1716 sanitate
2758 1662 2935 1730 p0puli
2979 1663 3081 1723 sui.
3112 1662 3212 1716 nisi
3262 1662 3512 1733 Moysen?

1935 1754 2094 1808 Forte
2141 1754 2246 1808 hoc
2297 1761 2415 1807 erat
2454 1752 2596 1823 quod
2634 1767 2756 1806 cum
2805 1752 3033 1807 Domino
3091 1754 3408 1822 loquebatur
3458 1754 3511 1807 in

1861 1863 1908 1922 Β
1937 1853 2118 1900 monte
2171 1844 2555 1898 transfonnato
2601 1843 2814 1914 (Matth.
2847 1844 3014 1916 xvu),
3051 1852 3240 1914 petens
3285 1853 3343 1897 nt
3391 1860 3512 1898 cum

1935 1935 2210 2006 plenitudo
2237 1935 2478 2003 gentium
2503 1933 2783 1989 introisset
2822 1935 3000 1990 omnis
3030 1933 3196 1991 Israel
3219 1934 3400 1990 salvus
3423 1935 3515 1990 ﬁe-

1935 2040 2019 2081 ret.
2051 2025 2223 2097 (Rom.
2261 2024 2359 2096 XI).

2005 2119 2169 2174 Vsus.
2201 2117 2288 2172 M.
2310 2149 2379 2157 —
2401 2117 2636 2186 Spuisset
2678 2119 2732 2172 in
2775 2118 2962 2187 faciem
3005 2116 3184 2182 illius,
3219 2134 3388 2172 nonne
3427 2119 3517 2172 de-

1935 2211 2114 2265 buerat
2143 2209 2347 2274 saltem,
2371 2220 2477 2264 etc.
2504 2210 2726 2282 Signum
2758 2211 2964 2279 repudii
2987 2217 3071 2263 est
3096 2210 3148 2263 in
3172 2209 3361 2264 faciem
3390 2225 3516 2263 con-

1933 2306 2072 2376 spui.
2103 2305 2253 2361 Unde
2275 2307 2557 2375 proximus
2578 2307 2670 2375 qui
2699 2307 2941 2374 repudiat
2971 2304 3297 2377 coniugium,
3325 2306 3518 2360 discal-

1933 2400 2106 2454 ciatus
2151 2399 2204 2452 in
2256 2397 2451 2454 faciem
2497 2398 2832 2468 conspuitur.
2885 2397 3022 2452 Hinc
3069 2398 3232 2452 Isaias
3269 2415 3280 2450 ε
3324 2396 3516 2451 Omnes

1931 2499 2106 2561 gentes
2125 2491 2259 2544 sicut
2280 2499 2426 2560 gutta
2446 2488 2639 2554 situla’,
2667 2499 2713 2543 et
2741 2489 2874 2542 sicut
2893 2497 3102 2559 sputum
3127 2475 3374 2558 reputatae
3396 2499 3515 2542 sunt

1935 2582 2082 2652 (Isa.
2129 2599 2216 2646 xc,
2251 2583 2538 2637 secundum
2585 2581 2790 2653 LXX).
2841 2581 3153 2637 Ostenditur
3196 2597 3326 2652 ergo
3373 2584 3517 2652 quod

1933 2675 2094 2729 etiam
2127 2675 2217 2730 ille
2245 2675 2493 2746 populus,
2525 2676 2666 2730 sicut
2692 2683 2903 2730 cieteraa
2931 2684 3138 2746 gentes,
3165 2690 3286 2745 quae
3307 2682 3366 2728 ut
3393 2691 3517 2746 spu-

1931 2776 2046 2821 tum
2101 2775 2438 2836 reputantur,
2469 2767 2709 2838 abiectus
2750 2776 2854 2823 est.
2897 2767 2956 2822 Si
3004 2769 3148 2823 enim
3202 2768 3515 2824 consideres

1930 2859 2166 2929 priorem
2217 2861 2500 2924 honorem,
2544 2859 2907 2929 pontiﬁcalem
2953 2861 3236 2927 ordinem,
3283 2861 3513 2932 insignia

1934 2955 2294 3018 sacerdotum,
2329 2952 2569 3008 Levitica
2597 2954 2919 3017 ministeria,
2947 2953 3280 3020 maiestatem
3311 2955 3512 3023 templi,

1932 3053 1988 3099 et
2015 3060 2107 3100 eos
2129 3060 2250 3100 cum
2280 3044 2590 3100 caelestibus
2614 3044 2668 3099 in
2692 3045 2853 3100 terris
2880 3046 3081 3100 habere
3106 3046 3396 3108 consortia,
3422 3047 3514 3116 qui

1920 3136 2034 3192 fluit
2072 3138 2160 3192 ille
2207 3138 2396 3201 honor,
2431 3153 2550 3207 quae
2579 3137 2784 3208 gloria?
2819 3136 2997 3208 (Rom.
3022 3138 3102 3205 v.)
3155 3136 3306 3193 Nunc
3334 3146 3513 3192 autem

227 3220 368 3274 mini
397 3229 509 3286 εει,
553 3227 686 3284 εἰει,
726 3234 886 3290 usque
916 3218 984 3271 αά
1011 3233 1133 3272 cum
1177 3216 1270 3272 “et
1297 3231 1436 3272 unus
1457 3232 1588 3288 8νεί
1609 3227 1665 3272 ει
1695 3233 1832 3273 unus
1861 3230 1906 3293 C
1938 3231 2107 3286 multo
2135 3229 2398 3286 dedecore
2439 3231 2760 3286 horrescunt
2792 3231 2908 3285 sine
2936 3231 3154 3300 templo,
3189 3232 3306 3286 sine
3334 3231 3512 3296 altari,

223 3322 422 3383 pastor
446 3310 632 3384 (Joan.
662 3309 740 3380 ιι).

259 3417 262 3420 ’
303 3404 430 3478 (ιιι.)
452 3403 587 3471 Quia
622 3403 972 3458 detraxerunt
1003 3402 1181 3456 Aaron
1209 3408 1263 3456 et
1285 3400 1452 3455 Maria
1482 3399 1671 3472 Moysi,
1698 3416 1821 3456 cor-

229 3497 376 3568 repti
415 3505 729 3561 sunt,etc.,
772 3511 934 3565 usque
981 3494 1050 3547 ad
1095 3493 1242 3564 lepra
1291 3493 1437 3556 enim
1478 3492 1828 3562 consequitur

229 3590 601 3646 detrectantes
624 3598 680 3644 et
700 3587 1004 3658 cacnlogos.

308 3681 432 3753 (10.)
471 3679 658 3736 Omnis
701 3680 862 3733 etiam
889 3679 982 3748 qui
1013 3681 1215 3749 scripta
1257 3677 1426 3749 Moysi
1455 3677 1594 3732 male
1636 3676 1833 3732 intelli-

233 3775 344 3846 git,
381 3782 437 3828 et
459 3771 754 3844 spiritalem
787 3771 959 3842 legem
988 3771 1284 3825 carnaliter
1308 3769 1560 3840 suscipit,
1595 3769 1831 3825 detrahit

233 3867 286 3923 ei
308 3908 322 3932 ,
361 3867 487 3936 quia
515 3865 583 3920 de
605 3864 786 3919 verbis
806 3863 1027 3933 spiritus
1057 3861 1348 3918 carnaliter
1383 3862 1566 3917 sentit.

311 3957 571 4030 Mystice,
603 3970 711 4010 non
743 3955 914 4010 solum
935 3953 1103 4010 Judzei
1135 3951 1404 4019 haeretici,
1435 3954 1526 4024 qui
1556 3969 1664 4008 non
1690 3955 1830 4009 reci-

231 4054 395 4127 piunt
421 4051 593 4120 legem
621 4058 674 4105 et
700 4049 1020 4120 prophetas,
1054 4048 1345 4102 detrahunt
1373 4045 1562 4120 Moysi.
1595 4046 1832 4120 Qu'bim-

232 4147 470 4218 pingunt
526 4144 689 4198 etiam
728 4143 777 4197 ei
817 4141 962 4212 quod
1009 4141 1279 4196 homicida
1327 4139 1461 4206 fuit,
1503 4141 1628 4210 quia
1665 4139 1834 4213 Egy-

231 4238 414 4310 ptium
441 4236 730 4300 interfecit,
746 4243 801 4289 et
818 4235 919 4289 alia
935 4233 1103 4288 multa
1127 4234 1289 4288 etiam
1311 4234 1363 4287 in
1387 4233 1521 4288 alios
1536 4233 1833 4304 prophetas

235 4332 560 4402 blasphemo
597 4345 692 4385 ore
734 4329 1096 4385 concinnant:
1127 4327 1248 4382 ideo
1265 4328 1400 4382 'sunt
1448 4327 1503 4382 in
1540 4328 1718 4384 anima
1755 4328 1833 4383 le-

235 4424 426 4496 prosi,
470 4433 524 4479 et
568 4423 857 4494 ejiciuntur
879 4423 947 4477 ab
971 4421 1198 4477 ecclesia
1233 4420 1348 4477 Dei.
1385 4419 1513 4486 Vel,
1557 4420 1831 4488 haeretici,

236 4520 337 4592 qui
368 4519 658 4574 detrahunt
680 4517 964 4590 proximis.

1932 3324 2048 3378 sine
2076 3322 2362 3387 sacriﬁcio,
2388 3322 2503 3377 sine
2524 3323 2806 3393 pr0pheta,
2835 3324 2951 3378 sine
2977 3323 3298 3386 sacerdotio,
3318 3331 3373 3378 et
3396 3323 3512 3377 sine

1931 3415 2136 3470 caelesti
2156 3414 2484 3469 visitatione.
2517 3413 2668 3470 Unde
2691 3423 2841 3484 patet
2876 3416 3019 3486 quod
3041 3425 3195 3485 pater
3213 3431 3514 3486 conspuens

1929 3503 2164 3574 perfudit
2200 3503 2378 3558 vultus
2409 3519 2596 3558 eorum
2624 3505 2933 3575 ignominia.
2969 3505 3187 3576 Septem
3237 3521 3367 3577 ergo
3403 3507 3513 3561 die-

1930 3593 2031 3648 bus
2078 3601 2396 3664 separantur
2441 3602 2596 3648 extra
2639 3604 2840 3659 castra,
2868 3595 2924 3650 id
2964 3605 3048 3650 est
3082 3611 3178 3666 per
3224 3598 3512 3666 septimam

1930 3686 2092 3756 hujus
2141 3687 2364 3750 mundi;
2411 3688 2464 3741 in
2514 3689 2812 3757 septimana
2861 3697 3041 3744 autem
3086 3690 3292 3744 dierum
3348 3690 3514 3744 totius

1931 3789 2191 3836 creaturae
2212 3780 2440 3837 visibilis
2465 3783 2716 3839 videntur
2734 3782 3012 3853 productae
3031 3798 3153 3838 esse
3167 3783 3510 3848 substantiae;

1932 3883 2061 3930 tunc
2082 3875 2224 3929 enim
2256 3890 2376 3944 qua:
2397 3891 2502 3930 non
2531 3883 2708 3940 erant,
2734 3873 2876 3929 facta
2899 3883 3042 3930 sunt.
3073 3874 3132 3928 In
3157 3875 3512 3944 septimanam

1931 3968 2099 4024 totius
2138 3968 2322 4022 mundi
2368 3969 2613 4036 quaedam
2662 3975 2872 4023 secreta
2909 3975 2963 4021 et
3000 3967 3110 4021 Deo
3151 3966 3249 4021 soli
3299 3968 3512 4039 cognita

1933 4061 2332 4132 dispensatione
2357 4076 2476 4130 qua:
2500 4069 2628 4116 tunc
2652 4060 2913 4130 producta
2944 4066 3100 4124 sunt,
3132 4058 3471 4124 explicantur
3499 4079 3510 4114 :

1934 4155 1987 4208 in
2029 4154 2132 4209 hac
2180 4154 2477 4224 septimana
2509 4153 2656 4225 (quia
2701 4159 3040 4220 sequestrata
3074 4160 3156 4206 est
3187 4146 3374 4220 Maria)
3405 4167 3511 4204 non

1935 4253 2218 4301 moventur
2269 4255 2444 4300 castra
2493 4243 2721 4298 ﬁliorum
2766 4241 2965 4306 Israel,
2996 4241 3088 4296 sed
3131 4249 3276 4294 stant
3324 4241 3513 4294 inuno

1935 4338 2191 4401 conclusi,
2223 4347 2278 4392 et
2303 4337 2480 4391 nullus
2507 4351 2575 4390 ex
2603 4335 2683 4390 eis
2707 4333 2980 4404 profectus
3016 4339 3122 4396 est,
3154 4331 3325 4387 donec
3353 4346 3513 4386 mun-

1935 4429 2154 4485 daretur
2183 4429 2349 4483 Maria
2379 4445 2407 4482 a
2435 4429 2580 4498 lepra
2612 4441 2728 4481 sua.

2008 4519 2214 4590 Septem
2251 4519 2540 4573 diebus:et
2572 4515 2791 4589 populus
2834 4533 2936 4570 non
2982 4525 3058 4570 est
3102 4525 3272 4570 motus
3312 4515 3376 4570 de
3403 4515 3514 4568 loco

315 4613 715 4684 Ethiopiasarn.
756 4611 936 4684 (Auc.,
958 4627 1075 4682 quae
1095 4620 1191 4665 est.
1222 4609 1336 4681 20.)
1368 4609 1446 4665 De
1470 4623 1639 4663 uxore
1665 4607 1830 4678 Moysi

1941 4609 2051 4664 illo.
2083 4607 2286 4680 (Οιιιθ.)
2325 4608 2490 4662 Maria
2518 4607 2729 4676 quidem
2759 4606 3148 4660 interveniente
3176 4604 3354 4659 Aaron
3384 4620 3519 4676 pou-

238 4721 378 4776 etc.,
420 4727 582 4783 usque
607 4710 676 4764 ad
706 4709 845 4765 sicut
889 4709 1064 4764 solent
1102 4707 1346 4762 locorum
1371 4714 1428 4760 et
1452 4705 1690 4776 gentium
1733 4719 1832 4758 no-

238 4801 394 4857 mina
422 4799 738 4870 plerumque
763 4806 1034 4852 vetustate
1057 4796 1276 4850 mutari.

317 4892 482 4946 Vsus.
520 4889 573 4944 6.
607 4887 760 4945 —Si
800 4891 933 4961 quis.
985 4885 1188 4959 (0816.,
1248 4886 1338 4940 ubi
1380 4884 1586 4955 supra.)
1621 4883 1834 4938 'Audite

242 4992 514 5058 quantum
571 4981 822 5038 beneﬁcii
889 4977 1177 5035 conferunt
1237 4979 1638 5042 obtrectantes,
1703 4985 1837 5040 etc.,

243 5093 414 5150 usque
455 5077 525 5131 ad
559 5076 644 5132 vel
669 5077 737 5132 ad
786 5075 965 5147 ipsum
1005 5073 1146 5128 Dens
1185 5087 1294 5127 non
1338 5071 1576 5127 loauitur
1615 5070 1670 5125 in
1703 5071 1838 5126 aeni-

245 5177 462 5243 gmate,
489 5167 582 5224 sed
609 5168 661 5222 in
687 5166 883 5237 specie.

322 5261 488 5317 Vsus.
524 5259 578 5314 8.
612 5290 684 5299 —
722 5257 1024 5313 Dominum.
1057 5254 1178 5328 (In.)
1210 5255 1329 5310 Alia
1364 5253 1544 5310 littera
1576 5273 1588 5308 :
1623 5253 1693 5308 Et
1729 5254 1838 5325 glo-

250 5371 392 5410 riam
433 5353 645 5408 Domini
686 5351 840 5406 videt.
885 5350 1033 5406 Vidit
1079 5348 1288 5419 Moyses
1328 5347 1554 5418 gloriam
1593 5345 1836 5414 Domini,

253 5445 478 5518 quando
541 5441 959 5498 transformatus
1001 5447 1085 5495 est
1125 5439 1384 5494 Dominus
1430 5439 1486 5493 in
1526 5445 1738 5502 monte,
1787 5446 1842 5492 et

258 5539 448 5594 aderat
477 5536 528 5592 ei
568 5535 778 5607 Moyses
804 5549 926 5591 cum
957 5533 1072 5589 Elia
1093 5573 1108 5599 ,
1158 5539 1214 5588 et
1245 5531 1646 5601 colloquebatur
1687 5529 1838 5601 (Luc.

261 5632 362 5701 ιιι).
390 5628 512 5684 Ideo
539 5637 685 5684 recte
718 5627 865 5683 addit
901 5646 912 5682 :

335 5721 511 5788 Quare
533 5722 711 5792 igitur.
737 5719 859 5793 (11).)
899 5720 1050 5788 Quod
1072 5721 1139 5775 ad
1162 5735 1255 5775 eos
1280 5720 1494 5787 dicitur,
1519 5727 1651 5786 etc.,
1686 5735 1847 5790 usque

245 5817 334 5875 and
364 5811 458 5868 sed
480 5827 578 5882 pro
598 5812 964 5886 magnitudine
993 5826 1247 5868 sensuum
1275 5827 1394 5867 eum
1425 5811 1809 5882 gloriﬁcemns.

1941 4697 2084 4753 tiﬁce
2127 4698 2356 4768 septimo
2389 4697 2475 4751 die
2523 4703 2761 4750 curatur.
2799 4693 2906 4750 Nos
2931 4703 3111 4750 autem
3149 4695 3518 4751 ohlrectantes

1938 4804 2110 4858 usque
2153 4790 2218 4843 ad
2251 4788 2411 4842 ﬁnem
2457 4787 2772 4856 septimanae
2819 4787 3022 4853 mundi,
3055 4787 3110 4842 id
3141 4797 3222 4842 est
3252 4802 3420 4856 usque
3449 4789 3517 4843 ad

1939 4881 2388 4936 resurrectionem
2418 4878 2850 4950 permanebimus
2875 4879 3091 4948 leprosi,
3119 4879 3241 4946 nisi,
3262 4879 3386 4933 dum
3403 4895 3516 4949 poe-

1946 4974 2150 5028 nitendi
2197 4981 2406 5042 tempus
2431 4979 2532 5036 est,
2563 4971 2902 5042 corrigantur
2931 4970 3177 5027 conversi
3220 4970 3290 5025 ad
3331 4968 3512 5026 Jesum

1946 5073 2002 5120 et
2025 5077 2121 5135 per
2147 5062 2516 5134 pwnitentiam
2545 5061 2908 5131 supplicantes
2934 5061 3006 5115 ei.

2531 5170 2759 5228 CAPUT
2795 5170 2928 5226 XIII.

2017 5255 2180 5310 Vsus.
2198 5253 2253 5308 4.
2267 5284 2338 5293 -
2351 5253 2589 5309 Pharan.
2606 5253 2760 5325 (RAB.
2778 5255 2832 5306 in
2852 5250 3043 5322 Num.)
3061 5250 3364 5306 Notandum
3376 5253 3518 5322 quod

1945 5346 2158 5402 Pharan
2181 5362 2289 5402 non
2310 5357 2394 5402 est
2415 5345 2644 5416 speciale
2662 5361 2856 5400 nomen
2879 5345 3199 5410 mansionis,
3214 5353 3343 5410 etc.,
3359 5360 3519 5413 usque

1947 5438 2014 5494 ad
2040 5454 2208 5508 usque
2243 5438 2309 5492 ad
2341 5439 2668 5492 tricesimam
2692 5436 2980 5492 secundam
3007 5437 3125 5491 lucc
3151 5436 3513 5490 continentur.

2020 5529 2233 5585 Pharan
2260 5531 2645 5601 interpretatur
2673 5546 2730 5584 os
2752 5527 2970 5594 uisibile,
3002 5527 3057 5582 in
3085 5542 3192 5596 quo
3231 5534 3408 5596 potest
3432 5526 3519 5581 in-

1951 5623 2118 5695 telligi
2160 5623 2302 5694 quod
2354 5622 2577 5678 Verbum
2622 5637 2742 5674 caro
2772 5620 2967 5690 factum
3014 5627 3087 5673 est
3101 5636 3122 5683 ;
3154 5625 3208 5670 et
3236 5616 3520 5672 invisibilis

1951 5716 2178 5772 visibilis
2217 5713 2454 5772 effectus.
2494 5715 2560 5770 Et
2591 5721 2767 5785 potest
2795 5729 2862 5768 ex
2900 5714 3002 5768 hoc
3040 5710 3350 5783 signiﬁcari,
3375 5711 3518 5780 quod

1954 5818 2234 5880 postquam
2266 5808 2387 5864 ﬁnis
2408 5817 2462 5866 et
2489 5807 2746 5879 perfectio
2772 5806 3029 5873 omnium,
3059 5819 3178 5874 utve
3207 5818 3336 5875 erga
3369 5801 3518 5859 illum
