4006 6352
210 345 342 403 408

1267 339 1531 398 GLOSSA
1572 339 1966 398 ORDINABIA.
2009 373 2075 383 —
2114 343 2243 400 LIB.
2286 343 2454 403 NUM.

3378 346 3483 402 406

306 455 484 531 (1811).)
512 455 567 509 in
592 452 755 508 Num.
783 492 798 519 ,
822 461 952 509 tom.
982 452 1086 525 ν.)
1112 451 1219 513 Per
1245 451 1483 521 Datlian,
1512 461 1566 509 et
1594 452 1816 518 Abiron,
1846 455 1901 516 Α
1994 454 2201 512 Dicitur
2222 458 2385 514 etiam
2422 473 2617 531 corpus
2641 466 2888 516 nostrum
2912 476 3008 517 vas
3048 461 3213 518 iictile
3259 462 3343 518 vel
3392 463 3483 519 lit-

228 562 290 609 et
313 551 474 615 Core,
499 557 606 605 etc.
644 587 661 614 ,
688 563 850 619 usque
877 547 949 601 ad
992 547 1047 602 in
1092 555 1296 602 aeterno
1342 548 1465 618 igne
1512 553 1809 619 praeparata

226 643 440 701 ultione
456 642 729 713 peribunt.

306 733 814 807 Descenderuntque.
846 732 1001 806 (Anc.
1031 772 1048 799 ,
1075 741 1260 803 quiest.
1282 731 1411 803 29.)
1441 731 1560 788 Alia
1605 731 1808 797 littera,

226 833 344 883 etc.
373 865 390 892 ,
417 840 581 898 usque
598 825 679 883 ad
692 833 949 895 tanquam
973 822 1285 880 carceribus
1308 821 1467 879 inferi
1514 821 1813 894 puniendos

229 919 527 977 reservari.

303 1011 474 1068 Vsus.
514 1010 913 1083 57—Praicipe
962 1008 1241 1067 Eleazaro.
1288 1009 1387 1085 (11).
1421 1051 1435 1077 ,
1461 1020 1645 1081 quiest.
1684 1008 1811 1083 50.)

229 1104 356 1161 Alia
387 1104 586 1171 littera,
615 1110 746 1170 etc.,
769 1120 951 1175 usque,
979 1104 1048 1159 ad
1081 1103 1207 1175 quia
1251 1116 1349 1174 per
1387 1116 1480 1157 eos
1507 1099 1811 1172 exemplum

231 1198 424 1255 datum
470 1207 555 1254 est
578 1196 809 1275 caeteris,
846 1197 973 1269 quid
1000 1196 1271 1253 timerent.

306 1289 483 1345 Tollat
531 1288 816 1344 thuribula.
855 1288 1035 1366 (Ome.
1064 1329 1080 1354 ,
1109 1287 1248 1343 hom.
1287 1287 1323 1344 9
1353 1287 1409 1342 in
1432 1284 1631 1359 Num.)
1673 1283 1813 1342 Core

231 1380 469 1453 ﬁguram
498 1387 641 1436 tenet
667 1395 855 1435 eorum
878 1380 968 1455 qui
991 1388 1178 1435 contra
1202 1377 1625 1435 ecclesiasticam
1650 1376 1811 1434 iidem

231 1480 290 1528 et
333 1472 630 1528 doctrinam
670 1471 916 1527 veritatis
962 1472 1265 1544 insurgunt,
1297 1478 1404 1527 etc.
1441 1511 1455 1533 ,
1508 1486 1668 1542 usque
1701 1468 1808 1524 ad:

232 1563 571 1620 sanctificata
597 1563 741 1619 enim
770 1572 895 1620 sunt
920 1572 976 1621 et
1004 1565 1233 1620 Domino
1256 1563 1455 1619 oblata.

308 1654 434 1729 (11).)
461 1654 647 1712 Potest
670 1663 721 1711 et
746 1654 852 1711 alio
882 1656 1041 1711 modo
1071 1655 1315 1724 intelligi,
1346 1664 1450 1711 etc.
1484 1696 1499 1723 ,
1554 1670 1717 1724 usque
1743 1652 1813 1708 ad

231 1762 343 1803 non
364 1747 509 1803 enim
541 1756 649 1802 tam
677 1745 958 1819 magniﬁce
979 1746 1032 1801 in
1060 1745 1139 1801 eis
1168 1746 1340 1800 virtus
1387 1744 1552 1800 animi
1582 1743 1811 1799 claruis-

232 1847 340 1907 set,
372 1839 476 1895 nisi
504 1837 830 1909 reliquorum
858 1838 1083 1910 ignaviae
1114 1837 1344 1893 formido
1366 1837 1650 1907 patuisset.

304 1934 469 1991 Vnus.
514 1928 778 1989 38.—Eo
800 1932 961 2003 quod.
1004 1930 1160 2002 (Anc.
1198 1971 1213 1997 ,
1236 1938 1421 2001 qua’st.
1451 1928 1519 1983 30
1540 1930 1594 1983 in
1625 1926 1814 2000 Num.)

230 2024 772 2099 Circumposltionem
793 2017 921 2078 vero
944 2022 1123 2091 altari,
1140 2030 1246 2078 etc.
1277 2063 1291 2089 ,
1321 2038 1481 2094 usque
1503 2022 1573 2076 ad
1596 2022 1687 2093 qui
1715 2021 1816 2077 mi-

228 2133 340 2174 nus
367 2115 652 2186 diligenter
688 2113 991 2180 intendunt,
1042 2112 1232 2168 eodem
1285 2110 1429 2167 facta
1471 2110 1663 2167 ordine
1708 2123 1817 2181 quo

229 2216 546 2265 narrantur.
774 2234 781 2241 ·

304 2302 471 2358 Vens.
508 2299 858 2358 Sil—Tulit.
886 2297 1090 2372 (0ms.,
1114 2298 1255 2352 hom.
1283 2296 1319 2353 9
1344 2295 1399 2351 in
1426 2293 1628 2365 Num.)
1657 2292 1815 2366 Apud

228 2397 405 2454 Deum
434 2395 566 2455 nihil
590 2402 673 2451 est
708 2395 959 2460 otiosum,
988 2400 1093 2448 etc.
1124 2431 1140 2459 ,
1172 2406 1335 2463 usque
1355 2388 1424 2443 ad
1450 2402 1572 2444 cum
1599 2386 1801 2442 univer-

228 2505 419 2547 sorum
443 2488 719 2545 cineribus
745 2483 1109 2573 disperirent?

300 2605 472 2667 Vsus.
500 2602 838 2665 40.—Sicut
875 2618 1059 2675 passus
1085 2608 1181 2659 est.
1228 2597 1350 2672 (11).)
1395 2594 1637 2655 Posteris
1684 2608 1816 2665 quo-

227 2714 339 2772 que
374 2699 536 2757 datur
562 2696 889 2768 exemplum,
917 2709 988 2750 ne
1016 2693 1138 2767 quis
1159 2690 1578 2769 praesumptione
1597 2685 1814 2759 superbi

227 2792 459 2865 spiritus
507 2806 612 2847 non
655 2790 757 2847 sibi
794 2805 825 2845 a
854 2789 965 2847 Deo
1013 2787 1200 2843 datum
1238 2800 1433 2843 munus
1466 2780 1815 2855 pontiﬁcatus

226 2884 546 2951 invaderet;
574 2881 667 2943 sed
695 2881 772 2941 illi
810 2881 964 2941 cedat
990 2894 1150 2950 quem
1180 2894 1286 2937 non
1310 2875 1532 2935 ambitio
1555 2875 1811 2937 humana,

227 2992 342 3039 non
388 2975 542 3035 favor
586 2983 891 3053 corruptus,
929 2971 1268 3045 peciargitio
1312 2967 1616 3027 damnanda
1671 2965 1810 3021 asci-

228 3070 391 3129 verit.

1910 557 2027 607 tera
2051 550 2204 623 legis,
2234 553 2288 607 in
2323 567 2387 608 eo
2411 553 2554 624 quod
2580 552 2869 622 Apostolus
2914 554 2990 608 ait
3022 568 3037 608 :
3063 552 3324 610 Habentes
3373 556 3487 613 tlte-

1909 657 2127 697 saurum
2153 643 2314 697 istum
2336 642 2392 698 in
2417 644 2553 699 vasis
2580 642 2828 713 ﬁctilibus
2851 642 2939 716 (II
2962 642 3089 700 Cor.
3120 645 3198 718 tv)
3226 660 3242 700 :
3275 646 3403 718 quia
3430 646 3485 702 iu

1910 746 2137 803 corpore
2160 733 2351 803 positis
2376 734 2693 791 thesaurum
2721 733 2911 805 gratiae
2938 748 3038 805 per
3068 732 3328 807 Spiritum
3360 751 3487 795 san-

1911 830 2056 879 ctum
2084 823 2343 880 Dominus
2365 824 2622 896 largitur;
2658 832 2717 880 et
2738 825 2796 880 in
2820 825 3161 882 sermonibus
3206 825 3343 900 legis
3389 828 3485 899 qui

1910 922 2349 983 contemnuntur,
2376 917 2501 988 quia
2534 915 2682 973 nulla
2712 924 2830 975 arte
2865 920 3215 990 grammatica
3256 920 3485 991 expositi

1909 1005 2179 1071 videntur,
2209 1007 2519 1064 reconditus
2545 1007 2619 1064 sit
2634 1008 2920 1065 thesaurus
2944 1009 3223 1081 sapientiai
3233 1018 3291 1067 et
3310 1010 3489 1068 scien-

1910 1099 2001 1156 tiae
2021 1090 2138 1156 Dei.

2475 1216 2704 1276 CAPUT
2748 1216 2910 1277 XVII.

1981 1381 2146 1437 Vens.
2188 1381 2377 1437 l.—A
2410 1381 2609 1438 cunctis
2634 1382 2970 1455 principibus.
3016 1382 3204 1440 Omnis
3238 1381 3491 1454 princeps

1910 1471 2074 1529 habet
2094 1471 2323 1542 virgam,
2353 1470 2478 1543 quia
2505 1473 2623 1529 sine
2655 1486 2717 1529 ea
2742 1475 2998 1545 populum
3034 1488 3225 1546 regere
3253 1487 3362 1529 non
3387 1487 3486 1543 po-

1911 1570 2036 1617 test.
2089 1561 2242 1617 Unde
2266 1560 2481 1626 Paulus,
2514 1562 2640 1633 quia
2666 1563 2921 1633 princeps
2950 1562 3131 1635 populi
3172 1570 3311 1628 erat,
3340 1563 3490 1619 dice-

1909 1653 2022 1709 bat.
2058 1651 2199 1720 Quid
2224 1651 2399 1718 vultis,
2428 1654 2483 1707 in
2511 1654 2657 1724 virga
2690 1654 2896 1709 veniam
2922 1654 2991 1709 ad
3016 1670 3127 1721 vos,
3157 1670 3227 1709 sn
3274 1655 3334 1710 iis
3359 1654 3490 1709 cha-

1912 1746 2107 1800 rilate?
2136 1744 2189 1818 (Ι
2211 1743 2335 1800 Cor.
2360 1744 2461 1817 iv.)

1839 1824 1890 1886 Β
1986 1834 2190 1909 (01118.)
2217 1834 2419 1892 Omnes
2459 1835 2732 1908 principes
2776 1835 3014 1893 tribuum
3051 1851 3275 1895 necesse
3310 1844 3397 1894 est
3432 1845 3495 1894 ut

1912 1926 2151 1983 habeant
2176 1928 2379 1999 virgas,
2409 1935 2514 1985 etc.
2550 1971 2564 1995 ,
2596 1929 2847 2002 usquead
2890 1937 2946 1986 et
2974 1945 3100 1986 cum
3139 1930 3371 1987 nucibus
3405 1944 3493 1986 sa-

1916 2018 2267 2075 cerdotalium
2294 2034 2581 2090 pomorum
2608 2020 2819 2091 copiam
2845 2019 3134 2077 invenisse.

1984 2110 2152 2166 Vens.
2186 2109 2657 2167 5.—Germinabit
2700 2113 2863 2185 virga.
2914 2111 3092 2184 (Ome.
3120 2153 3138 2177 ,
3165 2113 3255 2169 ubi
3286 2112 3493 2185 supra.)

1914 2199 2095 2256 Unum
2120 2198 2353 2257 fructum
2372 2203 2623 2273 promisit
2642 2203 2783 2259 Deus
2802 2204 2858 2259 in
2882 2203 3036 2275 virga
3060 2212 3116 2259 et
3145 2204 3293 2260 dedit
3314 2203 3490 2276 plura;

1915 2299 2048 2357 ete.,
2072 2308 2234 2363 usque
2261 2292 2331 2347 ad
2360 2293 2453 2349 sed
2474 2308 2597 2365 quae
2620 2294 2675 2348 in
2700 2294 2812 2349 sola
2835 2294 3101 2365 sapientia
3121 2296 3489 2351 continentur.

1986 2380 2152 2439 Vens.
2177 2383 2535 2441 8.-—luveuit
2563 2387 2880 2457 germinans
2904 2387 3125 2457 virgam,
3151 2395 3260 2444 etc.
3286 2384 3489 2459 (ORIG.,

1915 2475 2002 2531 ubi
2028 2476 2241 2549 supra.)
2272 2476 2407 2534 Cum
2438 2480 2799 2535 sacerdotium
2818 2478 3019 2547 Aaron,
3047 2488 3154 2536 etc.
3179 2520 3197 2547 ,
3216 2495 3379 2551 usque
3399 2481 3492 2545 ad,

1915 2567 2009 2622 sed
2034 2575 2221 2623 nostra
2268 2570 2444 2625 adhuc
2495 2584 2722 2638 corpora
2772 2586 2948 2643 usque
2996 2571 3053 2627 in
3094 2571 3260 2629 ﬁnem
3305 2572 3493 2639 mundi

1914 2657 2168 2717 diﬂerunt
2188 2676 2216 2715 a
2246 2662 2415 2733 gloria
2452 2665 2886 2722 resurrectionis.

1987 2751 2113 2823 (11).)
2137 2752 2299 2825 Virga
2328 2756 2478 2811 arida
2519 2757 2808 2827 germinat,
2839 2764 2971 2822 ete.,
2998 2773 3163 2829 usque
3191 2757 3262 2812 all
3301 2769 3495 2814 corno-

1913 2845 1990 2901 ris
2022 2845 2076 2901 in
2098 2848 2492 2904 resurrectione
2514 2850 2855 2922 germinabit.

1995 2933 2229 3007 Virgam,
2284 2938 2501 3009 (Gnse.,
2536 2939 2630 2995 lib.
2665 2956 2719 2995 iv
2759 2939 2952 2997 Horal.
2989 2981 3005 3008 ,
3043 2956 3162 3013 cap.
3206 2941 3335 3013 29.)
3364 2942 3497 2999 Car-

1914 3042 2037 3084 nem
2077 3023 2298 3093 Christi,
2329 3045 2449 3101 quai
2469 3030 2535 3087 de
2560 3031 2744 3088 radice
2761 3030 2914 3088 Iesse
2938 3032 3148 3089 succisa
3186 3043 3243 3089 et
3268 3033 3494 3089 111011111-

1917 3129 2058 3185 cata,
2082 3129 2187 3177 etc.
2224 3164 2237 3187 ,
2273 3138 2436 3195 usque
2462 3126 2530 3178 ad
2579 3137 2778 3179 corona
2800 3132 3120 3196 martyrum,
3154 3126 3328 3196 gratia
3356 3140 3490 3182 con-

298 3182 472 3241 Vns.
499 3181 590 3243 415.
610 3212 686 3235 -τ-
706 3180 915 3254 Moyses
960 3188 1010 3237 et
1043 3181 1241 3236 Aaron.
1285 3176 1411 3249 (11).)
1452 3175 1511 3231 in
1561 3171 1810 3229 Sodomis
1837 3194 1885 3261 ο

224 3277 479 3349 quidem,
498 3284 607 3333 etc.
627 3314 645 3343 ,
667 3290 833 3347 usque
854 3273 925 3331 ad
952 3285 1051 3345 per
1075 3285 1211 3342 quos
1229 3269 1507 3329 interitum
1528 3278 1809 3341 possumus

223 3370 523 3535 “amt
542 3463 724 3525 nubes.
748 3461 874 3537 (11).)
900 3460 1019 3519 Non
1047 3461 1191 3518 enim
1231 3460 1458 3533 legimus
1486 3464 1646 3513 antea
1667 3453 1813 3525 quod

223 3555 502 3613 obtexerit
525 3555 698 3619 nubes
726 3552 1157 3618 tabernaculum,
1184 3560 1292 3607 etc.
1325 3590 1339 3614 ,
1366 3564 1527 3620 usque
1548 3545 1617 3601 ad
1640 3552 1696 3601 et
1721 3559 1810 3614 pe-

222 3646 405 3704 ricula
435 3646 605 3702 maris
627 3660 695 3702 ac
722 3643 1027 3711 ﬂuminum,
1050 3650 1157 3698 etc.
1191 3640 1273 3715 (Il
1307 3636 1434 3695 Cor.
1462 3636 1562 3709 ιι).

301 3760 469 3816 Vens.
500 3756 953 3814 ll.-—Rec¢dite.
990 3755 1112 3831 (11).)
1139 3753 1407 3811 labentur
1424 3765 1555 3821 ergo
1602 3748 1814 3820 Moyses

223 3861 287 3910 et
313 3849 520 3917 Aaron,
549 3858 656 3906 etc.
693 3888 708 3915 ,
741 3864 903 3920 usque
928 3848 1001 3903 ad
1039 3854 1165 3902 sunt
1200 3844 1345 3901 enim
1368 3841 1569 3898 mortui
1622 3838 1713 3908 qui
1758 3838 1812 3894 in

222 3946 414 4019 ignem
437 3951 703 4001 aeternum
729 3942 1036 4008 mittuntur,
1066 3939 1175 3997 vivi
1216 3946 1395 3996 autem
1445 3934 1537 4008 qui
1592 3933 1814 3988 mittun-

224 4046 321 4093 tur
347 4035 417 4092 ad
450 4048 697 4109 regnum.
1690 4060 1733 4103 ,

301 4150 473 4210 Vens.
498 4151 670 4209 48.-
685 4150 751 4207 Et
778 4160 924 4208 stans
952 4150 1105 4205 inter.
1130 4147 1346 4222 (611811.)
1367 4147 1569 4215 Aaron,
1591 4154 1653 4203 ut
1677 4147 1812 4202 iram
1836 4142 1845 4149 ’

222 4245 327 4303 Dei
351 4244 612 4317 placaret,
647 4242 984 4299 thuribulum
1009 4242 1237 4317 sumpsit
1265 4248 1427 4315 atque
1466 4239 1609 4295 inter
1632 4239 1814 4295 viven—

222 4346 316 4394 tes
341 4345 400 4394 et
429 4343 670 4392 mortuos
698 4336 869 4400 stetit,
899 4335 1023 4406 quia
1068 4333 1369 4390 sacerdotis
1416 4340 1502 4388 est
1540 4331 1811 4403 negotium

224 4432 346 4489 Deo
372 4430 675 4487 orationem
702 4427 945 4497 fundere,
981 4436 1036 4485 et
1059 4443 1157 4499 pro
1188 4424 1354 4498 justis
1398 4441 1467 4482 ne
1503 4426 1701 4481 cadant
1761 4432 1808 4480 et

1988 3303 2353 3377 Turgentibus,
2378 3315 2483 3364 etc.
2513 3306 2717 3381 (0818.)
2759 3307 2874 3366 liae
2907 3322 3039 3366 vero
3075 3309 3306 3376 ratione,
3336 3318 3442 3365 etc.
3477 3351 3492 3373 ,

1914 3414 2077 3469 usque
2101 3399 2171 3453 ad
2224 3399 2319 3457 sed
2344 3401 2639 3457 secundum
2670 3400 3007 3472 Scriptorum
3051 3403 3107 3458 in
3150 3400 3296 3457 mille
3335 3416 3496 3472 gene-

1913 3490 2172 3649 raw:
2196 3619 2211 3643 ,
2238 3579 2327 3633 ubi
2347 3578 2564 3652 supra.)
2585 3579 2881 3636 Possumus
2897 3579 3063 3635 etiam
3089 3580 3169 3635 sic
3197 3578 3496 3651 intelligere

1915 3685 2122 3737 eorum,
2150 3679 2255 3726 etc.
2296 3711 2312 3736 ,
2345 3686 2510 3743 usque
2533 3671 2605 3726 ad
2646 3671 2740 3743 qui
2766 3678 2896 3728 sunt
2920 3671 3180 3735 charitas,
3220 3670 3494 3743 gaudium.

1914 3778 2019 3836 pax
2045 3773 2101 3819 et
2130 3771 2339 3819 czeterai
2366 3763 2594 3821 virtutes
2625 3758 2768 3837 (Gal.
2803 3764 2881 3835 ν).

2490 3873 2716 3932 CAPUT
2744 3873 2930 3931 XVIII.

1987 3968 2168 4045 (me,
2216 3972 2273 4026 in
2307 3969 2496 4036 Num.,
2532 3977 2664 4025 tom.
2710 3967 2798 4042 11.)
2831 3969 2996 4026 Vens.
3028 3969 3080 4023 1.
3108 3997 3176 4009 -
3203 3965 3281 4022 Tu
3319 3976 3369 4023 et
3402 3964 3499 4022 Fi-

1914 4064 1993 4131 lii,
2021 4072 2128 4120 etc.
2162 4061 2281 4118 Alia
2324 4061 2525 4130 littera,
2557 4072 2688 4127 etc.,
2717 4078 2881 4134 usque
2901 4061 2970 4116 ad
2996 4068 3053 4116 et
3072 4059 3346 4133 pertinere
3369 4057 3499 4114 dicit

1918 4156 1984 4210 ad
2020 4152 2374 4211 sacerdotem.

1985 4245 2163 4320 (Ome.
2195 4247 2335 4301 hom.
2362 4245 2429 4301 10
2452 4246 2509 4300 in
2540 4243 2732 4316 Num.)
2761 4243 2880 4299 Alia
2925 4243 3128 4309 littera,
3156 4248 3290 4306 ete.,
3333 4254 3497 4311 usque

1916 4338 1985 4395 ad
2014 4338 2390 4395 remissionem
2423 4345 2771 4408 peccatorum
2795 4333 3110 4408 signiﬁcari.

1991 4430 2113 4503 (11).)
2136 4428 2291 4487 Jcsus
2324 4430 2565 4501 pontifex
2598 4436 2801 4495 noster,
2833 4436 2960 4492 ete.,
2986 4442 3151 4499 usque
3176 4427 3246 4482 ad
3274 4426 3379 4483 scit
3399 4441 3497 4483 nos

222 4539 330 4597 pro
375 4522 750 4603 peccatoribus
778 4531 836 4577 ut
866 4530 1168 4595 resurgant,
1209 4520 1352 4575 unde
1384 4538 1397 4574 :
1428 4518 1595 4585 Intret
1644 4519 1813 4573 oralio
1843 4556 1896 4618 Β
1922 4523 2064 4579 1)8118
2088 4520 2309 4577 idoneos
2335 4534 2442 4576 non
2467 4535 2585 4576 esse
2606 4518 2888 4591 martyrio.

222 4634 368 4681 mea,
397 4616 529 4675 sicut
554 4616 823 4675 incensum
854 4616 909 4671 in
933 4623 1203 4689 conspectu
1236 4622 1325 4668 luo
1349 4611 1522 4687 (Psal.
1547 4612 1808 4685 Lxxxvn).

302 4708 479 4781 (1811).)
506 4706 690 4775 Aaron
721 4706 1053 4764 thuribulum
1077 4705 1349 4776 accipiens
1379 4704 1620 4760 occurrit
1656 4718 1815 4775 quas-

224 4799 452 4871 sationi,
484 4808 537 4855 et
564 4809 714 4859 stans
746 4799 796 4853 in
828 4798 1005 4853 medio
1052 4797 1297 4853 vivorum
1350 4804 1406 4851 et
1453 4802 1808 4861 mortuorum,

224 4892 487 4949 letbaiem
509 4891 719 4963 plagam
746 4890 959 4961 objecta
1008 4904 1107 4945 suo
1152 4887 1308 4958 quasi
1361 4886 1578 4957 quidam
1626 4901 1815 4942 murus

224 4983 491 5042 excludit.
520 4981 626 5038 Iste
659 4981 913 5037 sacerdos
937 4979 1187 5035 Christus
1233 4978 1326 5047 qui
1364 4977 1574 5031 ruinam
1618 4978 1812 5031 mortis

227 5079 283 5133 in
316 5074 521 5131 mundo
551 5073 814 5144 aspiciens
846 5070 1083 5128 occurrit
1112 5086 1144 5125 a
1167 5084 1378 5126 summo
1430 5066 1587 5133 cmio,
1634 5068 1809 5123 venit-

226 5183 335 5239 que
364 5166 554 5223 obvius
575 5166 730 5237 quasi
759 5166 908 5238 gigas
932 5164 999 5220 ad
1020 5163 1341 5221 currendam
1365 5162 1529 5227 viam,
1559 5161 1811 5232 stetitque

228 5263 375 5317 inter
402 5260 556 5314 vivos
591 5268 648 5315 et
674 5267 935 5323 mortuos,
978 5258 1106 5328 quia
1146 5267 1306 5312 natus
1333 5264 1389 5311 et
1414 5264 1659 5312 mortuus
1705 5262 1807 5319 est,

226 5354 416 5424 sicque
464 5351 795 5408 thuribulum
842 5351 1108 5421 passionis
1158 5349 1451 5419 accipiens,
1496 5348 1636 5403 etin
1681 5347 1811 5402 odo-

1991 4611 2115 4684 (ln.)
2164 4611 2522 4680 Qumrendum
2562 4620 2644 4667 est
2680 4612 2950 4682 quomodo
2999 4608 3165 4680 aliqui
3212 4611 3386 4669 sancti
3417 4609 3498 4665 di-

1914 4713 2128 4769 cantur,
2154 4712 2284 4771 ete.,
2328 4720 2490 4775 usque
2514 4704 2583 4758 ad
2618 4712 2836 4759 sanctus
2872 4702 3015 4759 enim
3046 4710 3146 4768 est,
3183 4701 3277 4773 qui
3305 4717 3497 4773 pecca-

1916 4804 2027 4861 tum
2060 4810 2214 4851 suum
2244 4810 2340 4875 per
2372 4794 2681 4866 pontiﬁcem
2714 4804 2887 4849 curat.
3272 4850 3284 4869 ,

1986 4888 2148 4942 Vsus.
2172 4887 2224 4941 7.
2247 4916 2317 4927 —
2344 4884 2421 4939 Tu
2467 4894 2642 4941 autem
2672 4894 2720 4939 et
2745 4884 2864 4955 ﬁlii.
2916 4884 3039 4955 (11).,
3064 4886 3206 4940 hom.
3238 4881 3349 4955 16.)
3377 4882 3493 4938 Alia

1912 4983 2114 5047 littera,
2135 4991 2264 5047 ete.,
2290 4998 2452 5052 usque
2466 4979 2534 5034 ad
2554 4994 2675 5051 quae
2698 4962 2743 5037 si
2772 4981 2908 5036 bene
2932 4978 3242 5039 excolamus
3258 4976 3492 5034 fructum

1917 5077 2040 5133 vita:
2066 5074 2287 5131 afferent
2314 5076 2485 5131 nobis.

1992 5165 2070 5221 Tu
2095 5176 2267 5221 autem
2301 5176 2348 5220 et
2376 5166 2476 5236 ﬁlii
2505 5166 2600 5221 tui.
2636 5165 2955 5238 Allegorice.
2994 5162 3355 5221 Perfectlores
3389 5165 3495 5220 sci—

1920 5260 2047 5315 licet
2086 5259 2138 5313 in
2189 5257 2447 5323 Ecclesia,
2480 5258 2652 5314 sancti
2685 5258 2956 5320 doctores.
3001 5271 3230 5328 quorum
3260 5254 3491 5312 olilciunt

1919 5360 2002 5407 est
2045 5358 2381 5409 sacramenta
2426 5348 2604 5404 divina
2651 5348 2900 5403 manibus
2942 5354 3302 5412 contrectare,
3364 5359 3491 5399 vasa

228 5458 347 5501 rem
379 5442 665 5500 suavitatis
710 5443 1065 5514 praetendens,
1116 5440 1395 5511 suspendit
1438 5439 1583 5511 ignis
1629 5438 1817 5494 aeterni
1922 5451 2131 5509 sancta,
2164 5441 2216 5497 id
2247 5449 2331 5496 est
2357 5438 2655 5513 Scripturte
2698 5439 2925 5511 mystica
2950 5436 3116 5494 verba
3143 5436 3408 5494 ventilare
3437 5444 3490 5488 ct

226 5537 550 5609 perniciem,
588 5544 644 5593 et
668 5537 939 5595 inimicam
982 5535 1202 5608 pertulit
1226 5542 1472 5601 mortem.

306 5629 373 5683 Et
402 5628 559 5701 plaga
575 5630 811 5685 cessavit.
840 5627 1042 5699 (01118.)
1077 5627 1194 5682 Alia
1222 5626 1428 5691 littera,
1451 5634 1558 5681 etc.
1589 5666 1605 5693 ,
1653 5639 1816 5696 usque

230 5721 303 5775 ad
338 5722 519 5778 luteus
561 5722 707 5778 enim
740 5729 798 5777 et
820 5728 1068 5777 terrenus
1110 5734 1300 5777 sensus
1346 5732 1451 5773 non
1502 5716 1647 5787 capit
1696 5730 1814 5786 my-

230 5815 395 5868 sieria

1931 5537 1990 5593 111
2045 5534 2376 5593 intellectum
2421 5535 2718 5608 perducere
2768 5532 2854 5607 (11
2898 5531 3025 5587 Par.
3070 5531 3237 5603 xxvi).
3284 5528 3489 5585 Caetera

1924 5641 2102 5685 autem
2137 5631 2293 5686 turba
2318 5630 2609 5685 meditetur
2630 5628 2915 5700 diligenter
2933 5640 3054 5699 quae
3078 5638 3272 5696 capere
3292 5630 3492 5693 potest,

1925 5733 1981 5778 et
2007 5738 2127 5793 qua:
2152 5724 2531 5793 magistrorum
2560 5722 2812 5777 discretio
2836 5720 3007 5791 jubet.

1998 5813 2057 5868 Si
2083 5815 2197 5885 quis
2237 5824 2496 5879 externus,
2527 5822 2632 5869 etc.
2677 5812 2792 5868 Non
2839 5814 2905 5867 de
2934 5812 3076 5867 tribu
3134 5809 3280 5867 Levi.
3331 5808 3493 5866 Ozias
