4006 6352
512 333 618 392 607

1004 335 1397 392 WALAFRIDI
1438 334 1682 392 STRABI
1722 335 1928 393 FULD.
1969 331 2141 391 MON.
2181 334 2330 392 OPP.
2373 337 2566 394 PARS‘
2592 338 2632 392 1.
2674 367 2744 380 -ο
2781 336 3238 395 THEOLOGICA.

3667 348 3774 405 4118

512 455 658 509 enim
683 454 748 510 dc
775 452 914 510 tribu
942 453 1102 521 Juda,
1129 455 1258 524 quia
1289 462 1570 525 usurpavit
1595 453 1981 519 sacerdotium,
2011 451 2085 508 le-
2113 454 2164 515 Α
2190 455 2354 510 storia
2397 457 2562 511 etiam
2592 463 2880 528 mysticum
2915 471 3131 513 sensum
3179 459 3504 530 introducat,
3537 465 3681 521 sicut
3720 470 3773 526 in

510 563 605 620 ΡΗ]
635 564 926 619 percussus
963 557 1065 604 651».

581 641 744 697 Vsus.
771 642 826 698 8.
854 671 928 682 -—
957 640 1189 695 Locutus
1220 650 1295 696 est
1315 641 1596 707 Dominus,
1653 648 1760 696 etc.
1804 639 1985 711 (ΒΑΒ.,
2033 641 2088 694 in

509 733 702 801 Num.,
734 744 864 790 tom.
886 733 976 805 11.)
1000 733 1122 789 Alia
1149 735 1350 799 littera,
1388 743 1517 800 etc.,
1545 750 1707 804 usque
1734 733 1803 787 ad
1834 734 1926 804 qui
1964 748 2086 788 cum

511 842 726 898 semper
773 827 1087 882 comedatur
1115 840 1326 896 semper
1357 833 1664 895 permanet,
1703 826 1809 880 imo
1837 834 2083 896 augetur.

583 915 968 971 Primitiarum.
1031 916 1295 971 Primitiae
1347 915 1608 971 litterales
1672 923 2085 980 consumuntur,

511 1009 820 1078 spirituales
852 1009 1245 1063 custodiuntur.
1297 1006 1510 1074 Quanto
1551 1007 1699 1062 enim
1726 1005 1952 1061 verbum
1995 1003 2086 1060 Dei

509 1100 740 1170 amplius
761 1099 1074 1170 sumpseris,
1110 1107 1260 1153 tanto
1287 1099 1602 1154 abundabit.

581 1190 774 1246 Omnia
805 1209 922 1263 qua:
951 1192 1349 1260 sanctiﬁcantur
1395 1209 1427 1246 a
1475 1191 1601 1260 ﬁliis
1657 1189 1847 1246 Israel.
1881 1189 2082 1262 (ORIG.,

507 1283 648 1337 hom.
680 1284 792 1356 11.)
824 1283 942 1338 Alia
973 1283 1172 1349 littera,
1201 1291 1331 1348 etc.,
1369 1291 1533 1353 usque
1555 1282 1624 1336 ad
1645 1297 1754 1337 non
1777 1283 2086 1339 sanctiﬁca-

508 1385 616 1440 tur,
639 1392 740 1431 nec
767 1376 908 1430 inter
939 1375 1208 1446 primitias
1235 1375 1512 1445 recipitur.

577 1469 779 1542 (Ome)
813 1469 1037 1526 Videtur
1077 1478 1255 1524 autem
1285 1470 1578 1524 secundum
1628 1468 1862 1524 litteram
1893 1483 2082 1539 prosc-

505 1561 642 1635 lytos
666 1561 970 1628 excludere,
995 1570 1125 1628 etc.,
1154 1577 1316 1632 usque
1343 1561 1411 1615 ad
1441 1561 1532 1629 qui
1561 1559 1770 1616 faciunt
1810 1552 1998 1626 patres
2028 1561 2082 1617 in

506 1653 800 1708 Ecclesium
834 1655 1079 1710 introire.

576 1746 697 1817 (11).)
731 1748 838 1803 Ter
876 1748 1039 1802 etiam
1077 1746 1130 1801 in
1179 1761 1323 1801 anno
1372 1759 1635 1815 apparere
1667 1746 1886 1817 jubetur
1919 1760 2080 1802 omne

510 1839 891 1904 masculinum,
925 1855 1030 1893 non
1065 1838 1384 1893 femininum
1414 1836 1611 1908 (Exod.
1651 1837 1828 1910 xxtu).

572 1929 614 1982 Α
637 1930 783 1999 ﬁliis,
826 1946 932 1986 non
966 1945 996 1984 a
1025 1929 1258 1984 ﬁliabus.
1293 1927 1410 1983 Non
1441 1929 1587 1984 enim
1622 1928 1796 1983 otiose
1827 1927 1954 1984 alibi
1983 1943 2080 1983 no—

503 2022 676 2078 minat
703 2039 824 2078 cum
857 2023 982 2078 ﬁliis
1008 2023 1175 2078 etiam
1210 2021 1365 2086 ﬁlias,
1393 2021 1522 2075 alibi
1553 2019 1786 2074 ﬁliarum
1815 2034 1921 2075 non
1953 2018 2082 2074 facit

502 2115 851 2170 mentionem.
885 2113 1014 2182 Quae
1065 2121 1242 2168 tamen
1295 2111 1601 2182 specialiter
1628 2127 1736 2166 non
1773 2111 1837 2166 ad
1867 2125 2076 2178 sexum,

499 2211 590 2265 sed
616 2211 684 2264 ad
709 2207 1089 2265 discretionem
1121 2207 1422 2262 animarum
1444 2204 1730 2261 referenda
1763 2212 1910 2259 sunt.

575 2303 698 2376 (11).)
725 2302 944 2357 Difﬁcile
980 2300 1224 2356 invenies
1265 2309 1500 2365 sanctos,
1545 2300 1742 2368 quibus
1778 2298 1920 2353 Deus
1965 2297 2081 2352 cxi-

499 2397 667 2451 mium
682 2394 918 2466 praebeat
944 2392 1313 2449 testimonium
1336 2392 1476 2447 filias
1499 2392 1771 2462 genuisse,
1801 2389 2077 2444 Abraham

498 2498 552 2543 ct
603 2488 752 2543 Isaac
788 2503 893 2543 non
945 2494 1247 2558 genuerunt
1276 2484 1434 2540 ﬁlias.
1481 2483 1640 2538 Solus
1693 2482 1859 2538 Jacob
1916 2497 2080 2535 unam

497 2580 664 2635 ﬁliam
693 2579 897 2649 genuit,
931 2587 984 2632 et
1013 2577 1128 2648 ipsa
1167 2576 1425 2630 fratribus
1464 2584 1517 2630 et
1546 2574 1862 2644 parentibus
1883 2587 2079 2642 cppro-

497 2670 678 2726 brium
713 2668 836 2734 fuit,
863 2678 917 2723 et
942 2669 1190 2723 vindictae
1218 2666 1456 2721 furorem
1508 2665 1770 2720 fratribus
1808 2663 2074 2718 incitavit.

575 2761 733 2816 Vens.
764 2762 816 2818 9.
839 2791 912 2802 -—
933 2758 1003 2814 Et
1031 2761 1128 2814 hoc
1151 2761 1215 2814 sit
1245 2759 1384 2813 vobis
1411 2775 1476 2813 ea:
1497 2759 1576 2813 Itis
1608 2774 1724 2828 qua:
1743 2756 2080 2825 sanctifican-

499 2863 587 2906 tur
621 2853 818 2907 sanctis
864 2853 928 2907 de
967 2851 1263 2921 sacriﬁciis,
1286 2861 1392 2905 etc.
1433 2849 1554 2922 (11).)
1599 2847 1832 2920 Spiritus
1859 2857 2079 2903 sanctus

500 2947 574 3000 ita
610 2957 830 3002 sanctus
863 2955 966 3012 est,
1005 2955 1138 3012 etc.,
1170 2963 1330 3017 usque
1356 2945 1424 3000 ad
1457 2944 1618 3000 tertio
1652 2951 1834 2998 autem
1857 2943 1978 2998 loco
2010 2959 2078 2998 ex

500 3039 603 3095 hoc
635 3038 812 3095 fructu
841 3039 1062 3110 diligere
1089 3037 1258 3092 debeo
1279 3037 1445 3091 etiam
1471 3035 1717 3090 inimicos
1744 3049 1912 3090 meos.

567 3131 690 3204 (11).,
742 3133 883 3186 hom.
916 3132 1027 3200 ll.)
1056 3130 1334 3186 Primitias
1362 3129 1604 3184 omnium
1650 3127 1866 3200 frugum
1892 3143 2075 3184 sacer-

502 3224 718 3280 dotibus
762 3223 851 3278 lex
880 3224 1100 3278 mandat
1127 3221 1334 3288 offerri,
1364 3231 1494 3287 etc.,
1529 3238 1692 3292 usque
1740 3221 1809 3275 ad
1835 3220 2078 3277 invenies

502 3317 642 3388 apud
676 3316 858 3373 Mosen
887 3316 1021 3388 legis
1053 3315 1208 3371 titulo
1249 3315 1471 3386 signari.

574 3409 696 3481 (11).)
725 3406 826 3464 Ubi
849 3422 978 3463 vero
1001 3407 1132 3463 dicit
1154 3421 1168 3461 :
1188 3405 1312 3462 Non
1336 3406 1557 3472 occides,
1583 3405 1709 3460 Non
1736 3405 2078 3474 adulterabis,

501 3511 555 3557 et
585 3500 914 3572 huiusmodi,
938 3500 1074 3571 legis
1098 3499 1313 3554 titulum
1344 3515 1450 3554 non
1480 3497 1762 3570 prtemisit.
1788 3499 1913 3554 llaec
1932 3499 2080 3554 enim

499 3594 756 3648 mandata
805 3600 948 3658 sunt,
979 3601 1034 3648 et
1059 3591 1182 3647 ideo
1211 3605 1320 3646 non
1361 3590 1746 3646 exinauiuntur
1783 3590 1924 3660 apud
1967 3591 2080 3645 dis-

499 3685 704 3756 cipulos
729 3684 1024 3756 Evangelii,
1052 3684 1145 3740 sed
1174 3682 1483 3753 implentur.
1536 3679 1654 3736 Non
1685 3683 1827 3738 enim
1864 3682 2083 3738 manda-

504 3788 637 3841 tum,
672 3778 765 3833 sed
795 3777 884 3831 lux
914 3777 1164 3833 umbram
1187 3776 1388 3831 habere
1423 3774 1730 3830 futurorum
1761 3773 1960 3830 dicitur
1984 3775 2082 3829 bo-

503 3886 694 3925 liOl‘Ulll

571 3961 699 4034 (11).)
745 3960 1046 4016 Notandum
1073 3974 1200 4014 vero
1236 3959 1379 4030 quod
1410 3959 1497 4014 lex
1544 3957 1829 4029 dupliciter
1858 3958 2077 4014 dicitur.

506 4053 847 4112 Generaliter
873 4053 1016 4109 enim
1060 4052 1240 4108 omnia
1271 4051 1405 4119 haec,
1437 4051 1770 4115 mandatum,
1815 4049 2082 4122 iustiﬁca-

507 4150 698 4215 tiones,
740 4154 1031 4220 praecepta,
1068 4143 1394 4209 testimonia,
1430 4142 1635 4214 judicia
1682 4141 1770 4196 lex
1805 4142 2076 4197 dicuntur.

508 4241 828 4312 Specialiter
875 4247 1054 4294 autem
1107 4236 1285 4307 aliqua
1332 4250 1456 4306 pars
1503 4249 1688 4290 eorum
1717 4249 1838 4304 quae
1883 4233 1938 4286 in
1965 4233 2082 4303 lege

505 4334 706 4404 scripta
732 4339 878 4400 sunt,
908 4339 966 4386 ut
996 4345 1157 4401 supra
1180 4329 1342 4384 dicta.
1373 4326 1713 4384 Generaliter
1732 4341 1866 4382 vero
1886 4324 1973 4380 lex
2010 4325 2080 4379 si-

503 4423 812 4495 gniﬁcatur,
841 4438 962 4480 cum
993 4420 1190 4477 dicitur
1222 4437 1234 4472 :
1270 4416 1394 4473 Non
1413 4419 1526 4474 veni
1556 4416 1752 4472 solvere
1780 4416 1962 4488 legem,
1989 4415 2082 4470 sed

2191 549 2447 616 praesenti
2477 547 2613 602 loco.

2259 637 2382 709 (11).)
2416 637 2558 694 Utile
2587 649 2673 696 est
2691 643 2838 697 enim
2860 645 3233 701 sacerdotibus
3259 646 3542 718 Evangelii
3575 649 3776 711 oﬂ’erre

2189 732 2476 801 primitias,
2507 743 2636 801 etc.,
2681 752 2842 808 usque
2881 739 2952 792 ad
2981 739 3257 810 discipulis
3299 751 3480 797 autem
3528 745 3773 802 dicitur:

2193 822 2296 889 Qui
2338 826 2588 880 irascitur
2612 827 2771 897 fratri
2799 846 2918 896 suo,
2953 847 3070 886 rcus
3095 833 3192 886 erit
3218 833 3421 902 judicio
3446 835 3666 905 (Matth.
3699 839 3772 909 v).

2260 915 2384 988 (11).)
2415 916 2664 975 Christus
2689 935 2788 976 nos
2807 922 3039 976 redemit
3073 923 3140 977 de
3161 924 3449 994 maledicto
3475 927 3633 999 legis,
3669 945 3774 986 non

2190 1007 2258 1064 de
2289 1010 2578 1067 maledicto
2600 1013 2842 1068 mandati
2862 1013 2946 1068 vel
2968 1014 3286 1082 testimonii,
3315 1019 3399 1071 vel
3416 1018 3773 1088 judiciorum,

2188 1115 2258 1155 ne
2284 1101 2492 1156 scilicet
2520 1101 2749 1172 subjecti
2798 1120 3041 1161 essemus
3069 1108 3473 1164 circumcisioni
3506 1113 3696 1168 carnis
3724 1123 3777 1168 et

2188 1191 2536 1247 sabbatorum
2585 1195 2976 1261 observationi,
3009 1205 3065 1251 et
3097 1199 3403 1268 huiusmodi
3449 1217 3571 1272 qua:
3598 1205 3778 1258 conti-

2188 1293 2386 1338 nentur
2408 1285 2460 1338 in
2503 1284 2638 1355 lege,
2672 1301 2778 1342 non
2809 1287 2864 1341 in
2909 1290 3178 1344 mandatis
3209 1289 3407 1361 (Galat.
3450 1295 3557 1361 111).
3581 1293 3777 1349 Abun-

2187 1373 2279 1428 dat
2308 1389 2437 1445 ergo
2479 1373 2692 1443 iustitia
2735 1387 2945 1444 nostra,
2994 1380 3113 1450 plus
3158 1396 3321 1450 quam
3370 1384 3682 1438 scribarum
3727 1395 3780 1441 et

2184 1462 2582 1521 Pharisaeorum
2625 1465 2840 1538 (Matth.
2869 1469 2957 1539 v);
3003 1481 3056 1524 et
3087 1471 3162 1525 illi
3206 1473 3272 1526 de
3309 1471 3577 1529 fructibus
3613 1484 3778 1532 teme

2187 1565 2405 1626 gustare
2428 1574 2532 1612 non
2562 1559 2782 1624 audent,
2823 1561 3136 1631 priusquam
3170 1565 3439 1634 primitias
3470 1570 3778 1624 sacerdoti-

2183 1649 2286 1704 bus
2310 1650 2560 1720 oﬁ‘erant,
2591 1663 2648 1708 et
2690 1654 2895 1711 Levitis
2925 1657 3162 1714 decimas
3212 1673 3462 1732 separent
3500 1682 3512 1716 :
3547 1679 3653 1735 ego
3687 1681 3780 1719 au-

2187 1747 2295 1795 tem
2330 1742 2463 1796 nihil
2491 1745 2686 1800 horum
2717 1746 2944 1812 faciens,
2978 1748 3241 1806 fructibus
3271 1761 3430 1808 terra:
3454 1754 3526 1809 ita
3554 1757 3775 1821 abutar,

2109 1823 2160 1884 B
2186 1841 2246 1886 ut
2267 1835 2516 1890 sacerdos
2545 1844 2601 1890 et
2631 1836 2817 1892 Levita
2849 1849 2902 1893 et
2931 1839 3028 1894 Dei
3065 1841 3233 1898 altare
3254 1859 3359 1898 non
3383 1847 3599 1901 sentiat.

2257 1923 2379 1994 (11).)
2412 1924 2605 1981 Petrus
2636 1942 2850 1998 quoque
2902 1939 2956 1984 et
2984 1930 3202 1998 Paulus,
3237 1941 3369 2001 etc.,
3423 1954 3588 2006 usque
3617 1940 3702 1992 ad
3727 1950 3778 1995 et

2185 2012 2514 2082 singularum
2548 2007 2911 2073 Ecclesiarum
2937 2020 3088 2091 eligit
3110 2032 3170 2078 et
3188 2023 3346 2080 offert
3365 2029 3664 2097 primitias.

2259 2103 2382 2176 (11).)
2414 2105 2670 2184 Quisquis
2695 2109 2862 2164 etiam
2890 2112 3097 2178 doctor,
3127 2118 3252 2186 quia
3283 2119 3462 2186 docet,
3503 2123 3778 2190 praedicat

2182 2204 2238 2251 et
2283 2197 2502 2254 instruit
2551 2203 2848 2270 auditores,
2881 2221 3072 2276 agrum
3124 2209 3379 2266 Ecclesiae
3405 2227 3532 2278 suae,
3577 2213 3632 2268 id
3670 2225 3775 2281 est,

2183 2291 2520 2346 credentium
2555 2295 2719 2351 corda
2769 2298 2983 2354 videtur
3031 2303 3298 2358 excolere.
3349 2303 3519 2360 Habet
3550 2323 3778 2377 quoque

2183 2379 2412 2436 cultura:
2440 2398 2550 2438 sua:
2575 2382 2834 2452 fructum,
2877 2396 2932 2442 et
2962 2388 3015 2443 in
3061 2389 3238 2446 fructu
3270 2393 3500 2448 electum
3526 2396 3776 2467 aliquem

2182 2479 2237 2526 et
2267 2475 2620 2544 praecipuum,
2689 2494 2851 2548 quem
2904 2483 3058 2550 quasi
3112 2487 3383 2555 primitias
3439 2487 3661 2556 oﬂ‘erat,
3727 2501 3782 2548 et

2184 2564 2349 2619 alium
2380 2583 2478 2636 pro
2526 2569 2920 2642 primogenitis,
2963 2574 3127 2629 alium
3180 2593 3279 2646 pro
3329 2580 3574 2636 decimis.

2256 2657 2378 2728 (11).)
2415 2658 2588 2716 Habet
2615 2661 2756 2718 forte
2785 2664 2978 2735 aliquis
3023 2671 3412 2740 primogenitos
3462 2681 3515 2728 et
3541 2674 3780 2732 inferio-

2183 2763 2291 2814 res,
2322 2765 2458 2818 quos
2484 2768 2661 2823 neque
2685 2770 2783 2825 pro
2809 2757 3084 2826 primitiis,
3115 2777 3289 2833 neque
3312 2780 3411 2834 pro
3429 2766 3778 2839 primogeni-

2183 2839 2275 2905 tis,
2303 2842 2396 2896 sed
2423 2859 2522 2914 pro
2545 2845 2772 2903 decimis
2801 2851 2973 2918 possit
3011 2851 3228 2909 offerre.

2248 2930 2413 2990 Vsus.
2441 2935 2503 2991 11.
2529 2968 2599 2978 -
2618 2940 2752 2994 lure
2779 2953 3048 3014 perpetua.
3094 2945 3372 3014 Quomodo
3399 2960 3574 3021 potest
3603 2962 3778 3008 teter-

2182 3038 2313 3079 num
2344 3041 2465 3082 esse
2491 3030 2634 3098 quod
2655 3032 2868 3088 visibile
2896 3037 3022 3090 est?
3049 3036 3181 3102 Qua:
3219 3042 3357 3094 enim
3377 3042 3619 3097 videntur
3647 3055 3779 3100 tem-

2181 3115 2387 3186 poralia
2411 3128 2532 3172 sunt
2557 3119 2610 3191 (Ι
2633 3119 2754 3176 Cor.
2789 3125 2864 3194 v),
2900 3125 3152 3194 primitiae
3179 3137 3361 3185 autem
3384 3147 3502 3202 quae
3525 3134 3778 3191 offerun-

2185 3212 2273 3258 tur
2291 3205 2495 3274 Aaron,
2526 3210 2767 3268 visibiles
2793 3223 2949 3280 sunt;
2983 3217 3448 3276 circumcisionem
3478 3239 3702 3295 quoque
3723 3236 3779 3283 et

2182 3311 2372 3367 azyma
2399 3308 2452 3354 et
2485 3303 2686 3371 pascha
2717 3304 2949 3373 visibile,
2987 3323 3213 3366 necesse
3246 3320 3330 3368 est
3357 3323 3623 3370 :eternum
3655 3333 3774 3374 non

2183 3403 2324 3456 esse,
2366 3392 2460 3446 sed
2507 3395 2820 3463 temporale.
2877 3397 3171 3459 Invisibilis
3219 3418 3349 3476 ergo
3399 3408 3784 3478 circumcisio,

2183 3495 2302 3550 qua:
2323 3482 2376 3536 in
2404 3483 2614 3540 occulto
2635 3494 2739 3552 est,
2775 3496 2981 3544 azterna
3002 3500 3103 3556 est,
3135 3502 3188 3548 et
3219 3510 3410 3566 azyma
3437 3499 3773 3557 sinceritatis

2183 3579 2237 3625 et
2267 3573 2513 3629 veritatis
2545 3573 2722 3644 (Rom.
2749 3576 2833 3650 11).
2873 3577 2965 3635 Sic
2986 3589 3041 3637 et
3063 3583 3178 3640 11ωο
3198 3587 3272 3650 ei,
3300 3589 3394 3656 qui
3424 3604 3532 3643 non
3557 3591 3616 3644 in
3645 3608 3768 3647 ma-

2183 3663 2406 3730 nifesto,
2445 3666 2538 3722 sed
2565 3668 2621 3722 in
2672 3671 2883 3726 occulto
2922 3671 3158 3743 Judaeus,
3185 3679 3278 3748 qui
3307 3681 3518 3750 spiritu,
3543 3699 3650 3738 non
3675 3685 3772 3739 lit-

2183 3762 2298 3809 tera
2327 3755 2499 3826 legem
2526 3761 2780 3825 custodit,
2823 3767 3118 3822 secundum
3151 3768 3464 3827 interiorem
3488 3773 3767 3831 hominem

2181 3846 2418 3920 legitima
2439 3858 2640 3906 acterna
2659 3853 2912 3910 dicuntur
2935 3857 3021 3929 (II
3051 3856 3174 3916 Cor.
3201 3862 3299 3935 tv).

2255 3940 2416 3996 Vsus.
2441 3943 2528 3997 l2.
2554 3972 2624 3983 —-
2645 3942 2864 4000 Omnem
2885 3948 3192 4018 medullam,
3213 3961 3318 4009 etc.
3344 3953 3547 4028 (011111.)
3573 3955 3769 4014 Osten-

2183 4030 2360 4124 dimps
2382 4035 2691 4090 mandatum
2716 4037 2781 4091 de
2802 4039 3058 4108 primitiis
3086 4042 3322 4116 frugum,
3348 4056 3478 4111 etc.,
3509 4065 3673 4116 usque
3694 4053 3764 4104 aa'

2184 4123 2325 4178 unde
2349 4139 2447 4194 per
2475 4125 2722 4198 angelum
2749 4129 2962 4186 videtur
3001 4133 3158 4205 quasi
3189 4137 3442 4207 primitia:
3471 4137 3583 4194 Deo
3612 4140 3763 4200 obla-

2187 4221 2289 4268 tus.

2251 4307 2499 4365 Christus
2523 4319 2604 4366 est
2636 4313 2890 4382 primitiae
2925 4317 3305 4387 primitiarum.
3336 4319 3623 4377 Cornelius
3653 4324 3765 4394 pri-

2185 4400 2349 4456 mitiae
2394 4403 2652 4473 gentium.
2710 4405 2815 4461 Alii
2870 4409 3124 4478 primitias
3179 4410 3570 4480 Ecclesiarum,
3623 4415 3761 4470 sicut

503 4515 785 4586 adimplere
809 4514 1021 4588 (Matth.
1050 4512 1127 4582 v).
1156 4511 1222 4566 Et
1243 4510 1370 4566 alibi
1396 4528 1408 4564 :
1438 4508 1721 4570 Plenitudo
1751 4508 1877 4580 legis
1905 4517 1978 4563 est
2001 4508 2080 4562 di-

2200 4496 2403 4564 ]uidam
2425 4497 2677 4567 primitize
2701 4498 2860 4565 Asize,
2889 4501 2978 4558 alii
3006 4503 3242 4560 Achaiae.

504 4604 654 4657 lectio
681 4601 857 4674 (Rom.
889 4600 1033 4672 xm).
1063 4599 1260 4656 Omnia
1301 4599 1444 4656 enim
1473 4614 1592 4669 quae
1628 4599 1683 4653 in
1713 4597 1833 4668 lege
1874 4598 2078 4668 scripta

505 4703 628 4750 sunt
653 4695 825 4766 legem
854 4692 1167 4747 nominavit.

579 4783 701 4855 (11).)
725 4782 864 4836 Alibi
885 4797 1098 4852 quoque
1125 4799 1137 4836 :
1166 4781 1337 4848 Iuste,
1368 4782 1563 4852 inquit,
1586 4791 1786 4837 sectare
1809 4783 1949 4854 quod
1969 4783 2083 4853 jus-

503 4885 614 4928 tum
658 4879 732 4927 est
779 4869 955 4942 (Deut.
989 4869 1121 4940 xvr).
1152 4871 1221 4925 Et
1248 4869 1376 4941 quid
1408 4887 1543 4941 opus
1573 4879 1658 4926 est
1705 4872 1869 4926 etiam
1908 4872 1964 4926 in
1993 4872 2080 4928 his

503 4962 811 5034 allegoriam
831 4975 1095 5030 quaerere,
1128 4976 1249 5015 cum
1274 4961 1501 5017 aediﬁcet
1529 4961 1748 5016 littera?

573 5055 696 5126 (11).)
716 5043 911 5123 Quaero
947 5067 1159 5124 quoque
1183 5053 1230 5108 si
1267 5053 1465 5122 aliqua,
1497 5060 1624 5116 etc.,
1654 5069 1818 5124 usque
1848 5055 1916 5108 ad
1939 5054 2080 5124 adje‘

505 5149 580 5202 cit
629 5158 808 5201 tamen
865 5144 1156 5218 Apostolus
1197 5161 1210 5197 :
1263 5142 1393 5198 Haec
1426 5151 1601 5197 autem
1644 5153 1765 5199 sunt
1803 5143 2084 5216 allegorica

636 5277 649 5290 .
688 5255 784 5291 1V).

636 5277 649 5290 .
711 5255 738 5289 V
769 5277 784 5291 .

506 5236 760 5382 (celauit:
780 5325 997 5392 oblatio,
1021 5333 1128 5380 etc.
1174 5325 1299 5396 (11).)
1328 5323 1426 5379 Est
1451 5332 1633 5380 autem
1663 5325 1926 5395 sapientis
1947 5327 2077 5381 scrh

504 5423 583 5476 ba:
628 5427 685 5474 et
729 5418 871 5474 docti
906 5417 972 5472 de
1000 5433 1168 5488 regno
1207 5417 1325 5483 Dei,
1353 5425 1412 5472 ut
1441 5418 1577 5472 sciat
1603 5417 1671 5473 de
1693 5418 1777 5474 his
1810 5420 2079 5475 thesauris

503 5508 746 5582 proferre
794 5523 931 5563 nova
960 5516 1015 5562 et
1042 5516 1248 5574 vetera,
1295 5515 1351 5562 et
1389 5508 1657 5577 quomodo
1684 5509 1901 5578 penitus
1928 5510 2076 5566 litte-

505 5619 620 5658 ram
653 5602 986 5657 occidentem
1012 5601 1232 5670 abjiciat
1259 5609 1314 5656 et
1335 5601 1582 5670 spiritum
1607 5602 1970 5658 vivificantem
1993 5618 2079 5658 re-

505 5694 684 5764 quirat
713 5693 926 5764 (Mattlt.
950 5709 1077 5757 aut;
1110 5691 1139 5745 1
1165 5691 1285 5747 Cor.
1320 5693 1424 5765 111),
1455 5703 1546 5747 aut
1573 5693 1857 5748 conﬁrmet
1891 5695 2077 5751 utilem

509 5795 564 5840 ct
590 5789 952 5844 necessariam
982 5788 1170 5843 litterae
1198 5788 1497 5844 doctrinam
1523 5830 1537 5854 ,
1581 5797 1673 5845 aut
1707 5798 1961 5845 manente
1988 5790 2072 5845 hi-

2254 4588 2456 4661 (Omc.)
2485 4589 2675 4646 Aderit
2695 4595 3066 4666 unusquisque
3085 4597 3418 4669 angelorum,
3441 4607 3572 4667 etc.,
3601 4617 3762 4672 usque

2183 4685 2251 4740 ad
2282 4701 2402 4758 qua:
2442 4702 2548 4742 non
2581 4689 2760 4759 angeli
2790 4690 2874 4744 vel
2897 4691 3176 4762 principis,
3207 4694 3301 4748 sed
3325 4692 3421 4747 Dei
3450 4695 3630 4763 portio
3656 4705 3755 4750 est.

2253 4778 2376 4851 (11).)
2407 4779 2652 4835 Olferunt
2679 4796 2806 4853 ergo
2833 4783 3008 4852 angeli
3037 4798 3105 4839 ex
3128 4784 3284 4840 nobis
3311 4785 3604 4855 primitias,
3629 4794 3752 4850 etc.,

2181 4885 2344 4942 usque
2377 4871 2445 4924 ad
2469 4879 2530 4926 ιιι
2551 4878 2796 4942 quaerant
2819 4888 2940 4940 ([1128
2965 4888 3180 4928 sursum
3210 4881 3356 4938 sunt,
3387 4888 3496 4928 non
3523 4889 3646 4945 qua:
3666 4890 3755 4930 SU—

2181 4975 2281 5030 per
2309 4969 2533 5016 terram.

2257 5075 2378 5150 (1b.)
2426 5074 2668 5131 Oﬁ‘erunt
2717 5073 2892 5144 angeli
2941 5073 3230 5144 primitias,
3283 5082 3412 5138 etc.,
3483 5091 3643 5144 usque
3686 5076 3748 5128 ad

2187 5168 2325 5224 alius
2349 5169 2602 5239 princeps
2633 5166 2930 5221 multorum
2963 5179 3084 5222 esse
3112 5165 3350 5237 ponitur,
3383 5165 3523 5220 alius
3563 5165 3744 5236 princi-

2185 5261 2333 5332 patui
2363 5258 2652 5328 subjectus.

2260 5371 2373 5442 (11).
2400 5371 2420 5442 )
2447 5369 2575 5442 Agri
2606 5369 2917 5442 angelorum
2944 5371 3108 5426 corda
3134 5380 3318 5427 nostra
3346 5381 3503 5435 sunt,
3531 5370 3742 5440 quisque

2185 5480 2374 5520 eorum
2409 5479 2476 5518 ex
2511 5478 2642 5535 agro
2670 5478 2830 5534 quem
2863 5463 2991 5518 colit
3024 5461 3182 5518 oﬁ‘ert
3205 5462 3475 5532 primitias
3504 5460 3734 5515 Domino.

2259 5579 2373 5650 (11).
2398 5578 2416 5648 )
2451 5578 2602 5634 Sicut
2627 5577 2874 5634 Christus
2905 5579 3020 5635 Rex
3073 5592 3258 5648 regum
3281 5617 3296 5642 ,
3323 5585 3456 5642 etc.,
3497 5591 3651 5646 usque
3678 5569 3735 5626 ad

2187 5670 2456 5727 sufﬁceret
2490 5671 2643 5725 nobis
2671 5670 2787 5724 haec
2819 5669 3010 5739 gratia.

2259 5763 2420 5820 Vsus.
2455 5763 2538 5817 15.
2561 5792 2628 5804 -—
2649 5759 2901 5816 Universa.
2923 5760 3154 5831 frugum.
3186 5759 3378 5830 (Auc.,
3403 5767 3586 5830 quast.
3611 5755 3732 5809 32in

3975 1901 3977 1986 l

3975 4511 3977 4614 Α

3975 5119 3977 5186 ι

3975 5209 3977 5316 1
