4006 6352
276 365 391 423 409

1321 351 1587 410 GLOSSA
1625 349 2021 407 0RDINARIA.
2061 382 2132 393 --
2170 351 2298 407 LIB.
2341 351 2508 410 NUM.

3435 359 3542 416 410

281 481 454 535 Num.
481 477 499 548 )
535 474 902 546 Primogenita
948 471 1129 527 omnia
1149 510 1163 534 ,
1214 477 1318 525 etc.
1347 508 1362 534 ,
1406 483 1567 538 usque
1614 467 1684 520 ad
1741 478 1860 535 quae
1886 465 1940 527 Α
1963 475 2289 532 mactamus,
2318 481 2442 522 cum
2465 482 2688 524 carnem
2715 484 2747 522 a
2772 468 2994 525 lascivia
3020 470 3311 541 voluptatis
3338 474 3544 529 exstin-

278 571 544 643 primitus
571 569 946 624 sumebantur.

363 665 524 720 Vens.
564 661 651 717 15.
674 691 744 700 —-
767 657 1034 730 Quidquid
1067 657 1316 727 primum.
1353 653 1592 726 (Οιιια.)
1634 651 1865 705 Possunt

279 758 426 815 forte
464 757 540 812 illi
573 753 916 827 primogeniti
952 752 1090 818 dici,
1119 749 1213 822 qui
1247 764 1372 804 cum
1408 746 1723 801 mulieribus
1757 758 1864 798 non

276 861 414 907 sunt
438 847 798 919 coinquinati,
829 845 914 900 vel
941 844 1104 899 etiam
1134 850 1436 912 martyres;
1466 836 1705 908 primitia
1735 848 1866 903 quo—

279 958 394 1013 que
425 941 680 997 Ecclesia:
709 944 932 1010 possunt
958 934 1065 990 dici
1099 933 1338 1004 virgines
1363 931 1564 1002 (Apoc.
1591 927 1657 982 M
1679 927 1698 998 )
1723 943 1739 992 ;
1771 927 1866 981 de-

278 1035 444 1091 cium
473 1047 631 1098 vero,
661 1031 752 1101 qui
778 1036 897 1098 post
927 1024 1233 1098 conjugium
1265 1022 1604 1079 continentes
1633 1026 1778 1073 sunt.

356 1124 542 1180 Omne.
570 1123 744 1198 (Rau.
769 1121 788 1194 )
817 1122 874 1176 1n
902 1129 1128 1188 utroque
1153 1123 1474 1172 testamento
1500 1111 1762 1169 ministris
1787 1109 1864 1165 al-

279 1219 419 1274 taris
445 1218 746 1274 oblationes
765 1222 821 1269 et
849 1215 1072 1270 decimae
1097 1212 1166 1266 ad
1196 1207 1502 1266 necessaria
1531 1207 1858 1270 tribuuntur,

283 1327 360 1366 ne
389 1310 620 1366 terrenis
650 1307 1078 1380 possessionibus
1109 1305 1342 1360 audeant
1372 1304 1581 1359 inhiare
1601 1343 1615 1367 ,
1649 1317 1750 1356 nec
1779 1301 1863 1355 lu-

276 1416 437 1456 crum
470 1401 538 1455 de
574 1398 876 1453 ministerio
911 1410 1150 1466 quaarere
1181 1409 1195 1449 :
1236 1395 1410 1460 unde,
1451 1390 1627 1447 Gratis
1661 1391 1862 1461 accepi-

277 1495 382 1549 stis
407 1535 422 1559 ,
460 1493 623 1564 gratis
656 1491 796 1546 date.
836 1489 1013 1545 Nolite
1050 1489 1313 1560 possidere
1347 1504 1538 1543 aurum
1576 1502 1737 1556 neque
1765 1502 1855 1540 ar-

274 1596 492 1656 gentum
513 1625 529 1651 ,
560 1601 722 1656 neque
749 1585 1020 1654 pecuniam
1051 1583 1070 1654 (
1098 1580 1288 1636 Matth.
1322 1598 1354 1634 ιι
1375 1581 1417 1652 ).

353 1676 578 1748 Mystice
605 1685 785 1731 autem
813 1676 1036 1731 decima
1061 1675 1456 1731 observantiam
1487 1672 1620 1744 legis
1648 1670 1855 1744 signiﬁ-

1965 555 2178 626 guimus
2207 574 2219 612 :
2253 572 2416 628 quam
2444 573 2566 614 cum
2594 558 2848 631 hyssOpo,
2880 559 3024 632 ligno
3052 561 3273 618 cedrino
3299 571 3356 618 et
3379 579 3544 623 cocco

1966 649 2274 718 offerimus;
2322 653 2448 722 quia
2488 668 2612 709 cum
2651 655 3018 710 maceratione
3052 657 3296 726 corporis
3338 658 3546 716 sacriﬁ-

1975 743 2119 798 cium
2149 742 2275 798 ﬁdei
2305 745 2421 814 spei
2451 753 2507 800 et
2542 745 2828 801 charitatis
2856 747 3156 803 adolemus.

2035 830 2201 888 Vens.
2230 833 2286 887 2.
2314 863 2384 873 -—
2412 833 2580 889 Nulla
2609 837 2676 890 sit
2709 838 2936 892 macula.
2972 837 3151 910 (Aura,
3181 851 3368 911 quwst.
3416 842 3542 916 55.)

1966 922 2096 980 Sine
2136 926 2288 980 vitio.
2341 925 2491 982 lianc
2541 929 2684 983 enim
2733 946 2953 987 carnem
3012 942 3221 988 eceterae
3252 935 3440 991 hostia:
3471 938 3543 993 si—

1965 1017 2325 1089 gniﬁcabant,
2367 1028 2511 1088 elc.,
2553 1039 2714 1094 usque
2752 1025 2821 1078 ad
2861 1040 2982 1096 qua:
3023 1042 3132 1083 non
3179 1027 3371 1084 habuit
3398 1029 3453 1086 in
3483 1044 3543 1088 se

1963 1111 2154 1166 vitium
2173 1111 2198 1165 ?

2039 1202 2152 1257 Nec
2203 1205 2506 1276 portaverit.
2563 1205 2750 1263 Omnis
2795 1222 2886 1279 qut
2935 1217 3155 1280 peccat,
3210 1225 3399 1280 servus
3458 1223 3542 1271 est

1961 1297 2168 1366 peccati
2201 1315 2214 1350 :
2248 1297 2372 1368 quia
2405 1313 2536 1371 ergo
2561 1298 2812 1357 Christus
2835 1318 3112 1374 nunquam
3149 1307 3428 1375 peccavit,
3460 1307 3541 1378 ju-

1963 1403 2088 1459 gum
2115 1404 2221 1444 non
2249 1392 2505 1460 portavit.

2072 1485 2251 1556 Anc.)
2282 1485 2401 1540 Alia
2439 1485 2641 1541 littera.
2686 1485 2757 1542 Et
2795 1506 2899 1544 non
2927 1499 3004 1546 est
3029 1509 3185 1563 super
3215 1509 3330 1548 eam
3359 1509 3540 1565 super-

1958 1575 2184 1644 positum
2208 1576 2400 1648 jugum
2419 1620 2434 1645 ,
2469 1588 2574 1634 etc.
2604 1578 2720 1635 Non
2751 1581 2896 1636 enim
2923 1582 3206 1656 subjugata
3233 1595 3317 1641 est
3342 1587 3541 1656 iniqui-

1961 1665 2104 1743 tati,
2123 1666 2210 1721 cui
2241 1666 2559 1739 subjugatos
2587 1670 2869 1727 inveniens
2909 1673 3187 1743 liberavit,
3229 1687 3282 1731 et
3324 1677 3538 1733 vincula

274 1735 437 1828 cant',
473 1769 560 1823 vel
597 1768 964 1823 sinceritatem
1003 1766 1331 1836 integritatis
1369 1735 1651 1830 ﬁdei,vvel
1689 1735 1860 1836 perfe-
1961 1735 2146 1813 eorlim
2191 1760 2412 1832 dirupit.
2462 1761 2657 1818 Unde:
2707 1764 2966 1836 Dirupisti
3010 1769 3218 1823 vincula
3257 1787 3405 1835 mea,
3447 1771 3540 1826 tibi

275 1862 516 1916 ctionem
561 1861 688 1916 boni
723 1860 934 1930 operis,
968 1876 1087 1930 qua:
1132 1860 1365 1915 maxime
1414 1857 1614 1913 habere
1661 1858 1859 1912 debent
1885 1838 1934 1898 Β
1961 1852 2271 1920 sacriﬁcabo
2315 1855 2540 1910 hostiam
2587 1856 2796 1925 laudis,
2839 1868 2944 1916 etc.
2998 1861 3172 1933 Super
3216 1863 3358 1920 illius
3393 1865 3537 1921 enim

272 1955 370 2025 qui
407 1955 709 2010 ministerio
739 1953 921 2010 divino
956 1969 1015 2009 sc
1053 1954 1330 2010 exhibent.
1367 1954 1422 2009 In
1459 1952 1680 2008 denario
1713 1953 1858 2008 enim
1960 1959 2179 2000 carnem
2213 1962 2319 2002 non
2351 1957 2434 2003 est
2461 1951 2696 2020 positum
2720 1953 2927 2025 jugum,
2960 1956 3052 2026 qui
3084 1966 3405 2026 potestatem
3434 1959 3536 2014 ha-

272 2062 510 2102 numero
543 2057 804 2102 creatura:
843 2054 899 2101 et
934 2046 1197 2102 creatoris
1229 2045 1466 2118 cognitio
1500 2045 1857 2114 comprehcn-

274 2137 445 2201 ditur,
486 2138 609 2208 quia
647 2137 987 2207 septenarius
1025 2137 1248 2206 respicit
1282 2137 1348 2192 ad
1377 2137 1668 2192 humanam
1701 2142 1859 2190 natu-

271 2246 413 2295 ram,
451 2233 618 2288 tribus
642 2231 848 2287 scilicet
868 2233 976 2286 vim
1009 2232 1202 2286 anima:
1227 2231 1664 2296 ostendentibus;
1693 2229 1851 2294 unde,

275 2321 478 2392 Diliges
513 2321 796 2375 Dominum
834 2321 1003 2376 Deum
1041 2332 1188 2375 tuum
1225 2339 1290 2376 ex
1328 2332 1434 2376 toto
1472 2322 1626 2376 corde
1655 2331 1776 2389 tuo,
1807 2329 1855 2376 et

268 2428 342 2466 ea:
376 2421 485 2465 tota
520 2412 695 2466 anima
731 2422 853 2475 tua,
887 2421 934 2466 et
965 2428 1029 2466 ea:
1057 2421 1165 2465 tota
1193 2413 1501 2482 fortitudine
1531 2421 1624 2466 tua
1655 2412 1674 2486 (
1699 2413 1853 2468 Deut.

270 2505 397 2576 vr).
457 2504 666 2574 Corpus
703 2513 882 2559 autem
919 2519 985 2559 ex
1022 2514 1253 2574 quatuor
1297 2513 1509 2558 constat
1554 2505 1852 2561 elementis.

271 2597 658 2670 Septenarium
705 2607 887 2653 autem
909 2639 923 2664 ,
976 2598 1021 2653 si
1071 2598 1308 2654 ternario
1343 2589 1575 2653 numero
1609 2599 1768 2653 fidem
1801 2607 1856 2655 et

269 2692 675 2746 confessionem
713 2691 996 2747 Trinitatis
1027 2691 1352 2762 csprimenti
1387 2691 1727 2762 adjunxeris,
1763 2693 1856 2749 de-

268 2785 488 2840 narium
519 2785 828 2856 complebis.

349 2875 514 2932 Vens.
559 2877 644 2932 l9.
670 2907 744 2918 —
773 2874 1000 2931 Pactum
1033 2875 1178 2930 salis.
1221 2874 1438 2948 (ΕΑΒ.)
1468 2875 1691 2931 Pactum
1729 2876 1855 2933 salis

267 2971 523 3026 nominat
560 2970 894 3025 oblationum
927 2969 1335 3024 universitatem
1358 3009 1372 3034 ,
1420 2984 1540 3039 qua:
1588 2968 1656 3023 ad
1699 2969 1856 3023 mini-

266 3066 498 3121 sterium
526 3063 610 3118 vel
639 3063 706 3118 ad
726 3060 817 3130 jus
847 3060 1184 3117 sacerdotum
1214 3061 1475 3132 pertinet,
1505 3059 1645 3115 unde
1673 3061 1726 3116 in
1755 3060 1856 3115 Le-

264 3160 436 3215 vitico
462 3177 475 3213 :
507 3157 772 3229 Quidquid
802 3155 1048 3212 obtuleris
1075 3154 1320 3224 sacriﬁcii
1344 3153 1454 3209 sale
1477 3153 1715 3218 condias,
1743 3161 1848 3209 etc.

266 3249 480 3322 (Leuit.
520 3250 624 3322 ιι).

345 3341 567 3413 Mystice
595 3341 901 3398 ostenditur
930 3341 1254 3412 sapientiam
1282 3354 1570 3395 convenire
1599 3339 1852 3394 sacerdo-

265 3433 417 3488 tibus
453 3441 508 3488 et
541 3433 985 3504 praadicatoribus
1028 3431 1226 3488 divina:
1271 3432 1438 3502 legis,
1479 3446 1585 3486 non
1630 3431 1853 3487 saecula-

268 3542 389 3581 rem
407 3567 422 3592 ,
452 3527 542 3582 sed
572 3526 924 3597 apostolicam
942 3567 955 3588 ,
986 3525 1054 3581 de
1081 3541 1186 3595 qua
1207 3524 1403 3579 Paulus
1431 3523 1562 3579 dicit
1587 3542 1600 3578 :
1631 3522 1850 3594 Sapien-

267 3619 400 3672 tiam
442 3616 706 3688 loquimur
745 3619 880 3672 inter
906 3618 1193 3688 perfectos,
1223 3617 1532 3688 sapientiam
1561 3634 1664 3670 non
1692 3617 1850 3688 hujus

268 3709 458 3764 steculi
492 3709 510 3782 (
539 3709 568 3764 I
596 3709 717 3766 Cor.
751 3711 852 3782 ιι).
890 3709 968 3766 De
1004 3726 1112 3781 qua
1160 3709 1416 3781 apostolis
1466 3709 1705 3764 dicitur:
1748 3706 1850 3764 Vos

269 3806 396 3859 estis
433 3805 514 3858 sal
549 3815 702 3859 terra:
743 3804 974 3876 (Matth.
1008 3821 1042 3859 γ
1064 3806 1104 3876 ).
1137 3803 1290 3860 Sicut
1319 3803 1464 3860 enim
1490 3803 1667 3866 omnis
1695 3804 1849 3860 cibus

269 3896 386 3951 sale
410 3896 678 3962 conditur,
716 3896 795 3951 sic
824 3897 1001 3951 omnis
1030 3911 1208 3951 sermo
1237 3894 1532 3965 apostolica
1561 3893 1845 3963 sapientia.

269 3987 455 4044 Aaron
502 4003 633 4060 ergo
657 3995 713 4042 et
743 3987 870 4044 ﬁliis
899 3988 1014 4058 ejus
1042 3998 1258 4059 pactum
1295 3995 1378 4044 est
1408 3988 1538 4043 salis
1565 3987 1848 4058 sempiter-

271 4100 437 4150 num,
465 4084 589 4155 quia
622 4099 728 4139 non
769 4083 941 4139 solum
982 4084 1248 4154 episcopis
1287 4082 1596 4138 necessaria
1639 4088 1722 4136 est
1764 4096 1849 4136 sa-

269 4165 472 4244 pientia
494 4214 508 4238 ,
540 4173 635 4228 sed
665 4174 826 4228 etiam
857 4173 1182 4244 presbyteris
1202 4214 1217 4239 ,
1250 4171 1492 4228 diaconis
1520 4179 1574 4226 et
1599 4169 1849 4227 omnibus
1901 4213 1904 4216 .

269 4265 554 4320 ordinibus
585 4284 596 4319 :
630 4274 685 4321 et
704 4267 807 4322 hoc
829 4281 1009 4321 coram
1035 4267 1164 4332 Deo,
1185 4266 1236 4321 id
1257 4277 1339 4322 est
1356 4307 1371 4332 ,
1396 4274 1455 4320 ut
1483 4281 1616 4335 pura
1645 4274 1700 4319 et
1721 4265 1850 4320 sim-

270 4357 394 4427 plex
425 4358 542 4413 sine
571 4359 831 4424 versutia,
861 4368 915 4414 et
946 4359 1150 4414 malitia
1179 4359 1289 4414 Deo
1317 4358 1546 4430 placeat.
1577 4355 1849 4429 Sapientia

267 4450 410 4506 enim
437 4450 595 4522 hujus
625 4451 807 4506 mundi
834 4451 1048 4505 inimica
1078 4461 1153 4506 est
1186 4451 1292 4506 Deo
1321 4450 1513 4523 (Rom.
1544 4466 1643 4506 vm
1663 4450 1702 4516 ).

859 4582 1087 4640 CAPUT
1125 4583 1265 4639 XIX.

345 4718 511 4776 Vens.
543 4717 1018 4790 l.--Locutusque
1041 4727 1114 4773 est
1140 4717 1417 4772 Dominus.
1445 4715 1634 4787 (Auc.,
1659 4725 1844 4787 quaest.

268 4817 339 4872 55
373 4819 426 4871 in
461 4815 670 4886 Num.)
699 4815 816 4870 Alia
846 4815 1058 4880 littera,
1092 4822 1221 4877 etc.,
1255 4829 1416 4884 usque
1443 4811 1512 4864 ad
1554 4819 1608 4866 et
1667 4809 1850 4864 obser—

270 4910 516 4964 vationes
545 4908 678 4979 legis
706 4908 1047 4979 profanabat.

344 5001 566 5074 (Βλιι.)
616 5001 718 5058 Per
769 5003 1068 5058 masculum
1115 5001 1410 5066 fortitudo,
1455 5015 1554 5070 per
1593 4999 1848 5054 feminam

270 5094 565 5150 inﬁrmitas
595 5095 968 5173 signiﬁcatur:
1003 5110 1100 5165 per
1137 5109 1355 5148 vaccam
1397 5107 1528 5163 ergo
1566 5091 1851 5146 inﬁrmitas

269 5187 569 5244 Dominica:
609 5189 1002 5244 incarnationis
1033 5187 1097 5243 ad
1127 5187 1451 5242 sacriﬁcium
1481 5193 1756 5254 assumpta
1789 5183 1851 5238 ﬁ-

271 5291 518 5351 guratur.
558 5280 802 5337 Mortuus
844 5291 916 5336 est
959 5282 1096 5337 enim
1139 5279 1377 5336 Christus
1413 5295 1477 5333 ea:
1511 5277 1848 5348 inﬁrmitate,

271 5376 364 5428 sed
395 5375 517 5429 vivit
547 5392 610 5430 ea:
642 5375 827 5430 virtute
851 5375 948 5429 Dei
979 5374 1081 5447 (II
1105 5373 1231 5429 Cor.
1256 5373 1352 5428 ult.

349 5466 581 5522 Vaccam
623 5467 798 5522 rufam
817 5509 831 5534 ,
875 5467 1094 5522 rultram
1125 5467 1331 5522 scilicet
1359 5466 1620 5538 sanguine
1650 5465 1856 5536 passio-

276 5560 392 5623 nis,
442 5560 625 5615 unde:
661 5560 890 5614 Dilectus
934 5577 1078 5613 meus
1129 5559 1384 5614 candidus
1435 5570 1482 5613 et
1531 5559 1853 5613 rubicundus

276 5649 456 5722 (Cant.
477 5651 565 5722 v):
593 5651 852 5707 candidus
877 5651 1082 5707 scilicet
1103 5666 1168 5706 ex
1190 5651 1491 5715 divinitate,
1519 5651 1852 5706 rubicundus

276 5757 345 5797 ex
375 5742 664 5813 sanguine,
696 5742 956 5798 candidus
987 5743 1149 5797 etiam
1179 5743 1564 5812 perjustitiam
1596 5743 1740 5796 vitm.

353 5831 596 5900 (ϐιαία,
632 5833 722 5890 lib.
755 5849 806 5887 vt
839 5831 1056 5899 Horat,
1089 5843 1218 5889 tom.
1255 5832 1338 5905 l.)
1388 5835 1620 5890 V'accatn
1671 5833 1848 5889 rufam

1875 4585 1929 4646 D

1959 2032 2077 2089 buit
2095 2037 2325 2106 ponendi
2347 2039 2580 2096 animam
2607 2057 2760 2098 suam
2778 2085 2793 2109 ,
2823 2055 2878 2100 et
2898 2045 3095 2100 iterum
3118 2047 3364 2102 sumendi
3393 2063 3532 2103 eam.

2030 2125 2194 2183 Vsus.
2225 2129 2277 2183 5.
2304 2160 2375 2168 -
2401 2129 2760 2204 Tradetisque.
2811 2135 2985 2191 Vacca
3033 2136 3101 2193 ad
3149 2137 3536 2194 immolandum

1960 2221 2228 2276 sacerdoti
2278 2223 2529 2291 traditur,
2583 2226 2709 2295 quia
2761 2227 3022 2284 Dominus
3069 2229 3384 2286 incarnatus
3433 2246 3536 2302 pro

1960 2317 2327 2389 redemptione
2375 2329 2562 2376 nostra
2609 2322 2935 2378 sacriﬁcium
2980 2324 3330 2396 semetipsum
3374 2325 3534 2394 fecit,

1958 2409 2120 2465 datus
2148 2410 2398 2466 manibus
2425 2410 2638 2467 Judaici
2670 2413 2873 2484 populi.

2029 2503 2208 2574 (Anc.
2233 2502 2252 2575 )
2282 2503 2401 2558 Alia
2429 2503 2630 2559 littera.
2665 2505 2734 2559 Et
2765 2506 2914 2561 dabis
2954 2523 3070 2561 eam
3110 2507 3179 2561 ad
3211 2507 3532 2565 Eleazarum

1957 2597 2306 2664 sacerdotem,
2339 2606 2445 2653 etc.
2475 2597 2585 2654 Cur
2613 2614 2719 2654 non
2754 2599 2821 2654 ad
2855 2601 3078 2656 Aaron?
3107 2601 3268 2658 Forte
3292 2603 3538 2676 praeﬁgu-

1957 2697 2134 2742 ratum
2163 2697 2277 2753 est,
2311 2703 2419 2743 non
2449 2690 2516 2743 ad
2544 2697 2755 2760 tempus
2793 2691 2936 2760 quod
2980 2699 3108 2746 tunc
3146 2701 3293 2758 erat,
3339 2694 3433 2749 sed
3468 2695 3535 2750 ad

1955 2788 2208 2850 posteros
2237 2780 2399 2852 hujus
2441 2781 2764 2850 sacerdotii,
2812 2782 3119 2854 passionem
3162 2783 3376 2841 Domini
3419 2801 3538 2857 per-

1957 2882 2238 2927 venturam
2249 2912 2262 2926 .

2030 2962 2135 3031 Qui
2163 2964 2380 3034 ejectum
2407 2976 2557 3021 extra
2583 2978 2778 3024 castra.
2808 2968 2945 3042 (Ιιι.)
2975 2969 3114 3037 Quia
3141 2978 3294 3026 extra
3323 2978 3536 3042 portam

1956 3072 2149 3128 passus
2195 3066 2279 3114 est
2324 3058 2605 3128 Christus,
2650 3070 2711 3116 ut
2753 3078 2854 3117 nos
2897 3078 2927 3117 a
2966 3064 3374 3120 conversatione
3401 3079 3537 3134 prac-

1957 3152 2130 3207 sentis
2158 3152 2281 3208 vita:
2311 3154 2464 3224 quasi
2495 3170 2526 3208 a
2557 3155 2778 3210 civitate
2807 3157 3061 3213 educeret
3092 3158 3111 3229 (
3137 3156 3270 3212 Heb.
3304 3173 3402 3212 xm
3423 3157 3463 3230 ).

2028 3243 2048 3314 (
2071 3243 2187 3314 In.)
2217 3243 2285 3298 Et
2311 3246 2534 3315 ejectum
2559 3262 2674 3300 eam
2702 3257 2849 3302 extra
2875 3257 3069 3303 castra.
3103 3247 3193 3303 Sic
3222 3248 3426 3319 ejectus
3455 3259 3538 3304 est

1954 3335 2216 3391 Dominus
2245 3353 2506 3408 passurus
2533 3347 2690 3394 extra
2719 3340 2996 3396 civitatem
3026 3341 3226 3413 (Joau.
3253 3357 3344 3397 xxx
3367 3342 3406 3414 ).

2027 3427 2184 3500 (ln.)
2218 3427 2288 3482 In
2327 3428 2502 3484 locum
2540 3431 2828 3498 mundum,
2873 3432 2998 3502 quia
3023 3449 3148 3488 non
3188 3432 3377 3489 habuit
3415 3449 3540 3489 cau-

1953 3534 2072 3574 sam
2099 3520 2300 3575 malam
2331 3539 2344 3575 :
2383 3521 2450 3575 Et
2477 3522 2713 3577 occident
2739 3540 2856 3578 eam
2879 3524 2936 3579 in
2961 3535 3239 3596 conspectu
3278 3527 3424 3598 ejus,
3457 3526 3536 3584 sic

1954 3613 2134 3668 occisa
2162 3622 2245 3668 est
2283 3629 2410 3668 caro
2440 3611 2644 3670 Christi
2674 3616 2729 3670 in
2758 3626 3051 3688 conspectu
3091 3633 3279 3675 eorum
3322 3619 3414 3691 qui
3457 3618 3537 3677 fu-

1954 3705 2061 3758 turi
2091 3713 2248 3759 erant
2277 3705 2330 3760 in
2360 3722 2500 3761 novo
2533 3715 2859 3764 testamento
2886 3710 3100 3766 Domini
3129 3713 3456 3768 sacerdotes.

2028 3795 2349 3852 Immolabit.
2379 3797 2577 3871 (lsm.)
2613 3800 2843 3856 Vaccam
2868 3803 3042 3857 rufam
3072 3803 3259 3876 (cujus
3287 3804 3423 3860 cinis
3451 3813 3534 3860 est

1951 3887 2186 3958 expiatio
2215 3887 2435 3960 populi)
2469 3890 2747 3946 immolare
2778 3909 2886 3948 non
2915 3894 3147 3964 poterit,
3177 3894 3282 3950 nisi
3310 3895 3402 3966 qui
3434 3904 3536 3950 ter-

1952 3994 2083 4034 rena
2123 3994 2286 4050 opera
2327 3995 2432 4036 non
2473 3980 2692 4048 fecerit,
2729 3981 3027 4054 jugumque
3067 3983 3245 4040 delicti
3284 4001 3392 4040 non
3425 3995 3534 4041 tra-

1952 4073 2122 4137 xerit,
2155 4080 2211 4128 et
2239 4071 2471 4129 vinculis
2501 4087 2848 4144 peccatorum
2881 4077 3077 4148 ligatus
3103 4094 3211 4133 non
3239 4077 3417 4134 fuerit.

2021 4163 2089 4220 In
2137 4176 2413 4236 conspectu
2457 4167 2707 4223 omnium.
2765 4168 2982 4242 (ΚΑΒ.)
3013 4170 3149 4238 Quia
3187 4169 3432 4226 Christus
3473 4172 3524 4227 in

1951 4267 2242 4329 conspectu
2255 4259 2494 4315 omnium
2513 4261 2668 4330 quasi
2688 4263 2988 4318 exstinctus
3009 4271 3093 4318 est
3121 4281 3134 4317 :
3160 4263 3212 4317 in
3235 4272 3527 4332 conspectu

1951 4350 2129 4407 Patris
2157 4353 2494 4419 immolatus,
2524 4355 2651 4425 quia
2680 4357 2823 4424 quod
2864 4363 2990 4411 ante
3029 4356 3215 4412 oculos
3253 4357 3530 4413 hominum

1950 4459 2110 4514 ptena
2128 4486 2142 4509 ,
2176 4446 2280 4500 hoc
2307 4454 2431 4500 ante
2456 4445 2642 4502 oculos
2669 4446 2848 4501 Patris
2879 4445 3204 4502 sacriﬁcium
3235 4447 3357 4504 fuit.

2024 4535 2187 4591 Vens.
2217 4535 2272 4590 4.
2298 4567 2369 4575 -
2397 4535 2465 4589 Ει
2510 4537 2710 4607 tingeus
2753 4537 2974 4608 digitum
3016 4539 3072 4593 in
3113 4541 3367 4612 sanguine
3392 4542 3526 4613 ejus.

1956 4628 2172 4700 (Avc.)
2214 4628 2332 4684 Alia
2371 4629 2572 4685 littera.
2608 4630 2678 4684 Et
2707 4631 2923 4700 accipiet
2953 4631 3184 4687 Eleazar
3218 4635 3529 4706 sanguinem

1953 4720 2098 4790 ejus,
2133 4729 2179 4775 et
2221 4732 2452 4792 aspergat
2481 4733 2664 4777 contra
2691 4723 2878 4794 faciem
2909 4727 3192 4781 testimonii
3219 4744 3251 4781 a
3279 4729 3532 4797 sanguine

1954 4811 2068 4882 ejus
2121 4813 2330 4883 septies.
2385 4813 2524 4882 Quia
2575 4813 2824 4872 Christus
2875 4819 3172 4874 secundum
3223 4818 3530 4892 Scripturas

1954 4907 2095 4965 fudit
2123 4910 2439 4980 sanguinem
2478 4911 2533 4966 in
2577 4912 2955 4969 remissionem
2998 4923 3375 4986 peccatorum,
3408 4915 3531 4970 ideo

1955 5010 2143 5056 contra
2176 5001 2366 5057 faciem
2397 5002 2731 5061 tabernaculi
2774 5006 3096 5074 testimonii,
3139 5007 3264 5076 quia
3295 5021 3401 5061 non
3431 5006 3532 5064 ali-

1956 5103 2037 5150 ter
2063 5093 2394 5151 declaratum
2425 5104 2540 5161 est,
2573 5113 2736 5168 quam
2779 5097 2956 5154 fuerat
2995 5099 3178 5154 divino
3221 5098 3529 5154 testimonio

1953 5187 2396 5255 praenuntiatum.
2429 5188 2497 5243 Et
2526 5189 2647 5245 ideo
2686 5192 2915 5260 septies,
2946 5190 3072 5262 quia
3119 5191 3234 5261 ipse
3271 5206 3530 5248 numerus

1957 5279 2026 5334 ad
2054 5281 2489 5336 emundationem
2519 5283 2753 5354 pertinet
2783 5285 3102 5355 spiritalem.

2031 5369 2330 5441 (RAB.)II1
2359 5373 2528 5444 digito
2571 5374 2828 5430 discretio
2866 5375 3201 5445 operationis
3239 5377 3526 5446 signatur:

1961 5464 2015 5519 in
2045 5467 2305 5536 sanguine
2331 5482 2508 5523 vaccae
2532 5469 2756 5540 digitum
2802 5471 3009 5540 tingere
3050 5479 3135 5526 est
3169 5471 3232 5524 'in
3274 5470 3530 5540 passione

1962 5558 2172 5614 Domini
2205 5570 2386 5614 nostra
2415 5576 2578 5630 opera
2607 5562 2946 5627 consecrari,
2976 5572 3034 5616 ut
3058 5561 3358 5631 passionem
3386 5561 3522 5632 ejus,

1959 5666 2119 5720 quam
2159 5654 2532 5723 cognoscimus
2552 5693 2567 5717 ,
2601 5653 2912 5708 imitemur:
2945 5651 3144 5707 Passus
3175 5661 3251 5706 est
3278 5653 3414 5706 enim
3442 5670 3530 5708 no-

1959 5741 2035 5796 bis
2079 5742 2370 5814 reliuquens
2399 5743 2718 5815 exemplum,
2755 5753 2810 5798 ut
2851 5761 3129 5815 sequamur
3166 5744 3379 5814 vestigia
3411 5745 3527 5816 ejus

1957 5835 2022 5907 (Ι
2053 5837 2196 5892 Petr.
2225 5838 2328 5902 ιι).

3965 4945 3969 5053 ¹

3965 5181 3967 5323 ι

3963 5459 3965 5589 ι
