4006 6352
464 376 566 434 Ml

963 369 1354 429 WALAFRIDI
1393 367 1640 425 STRABI
1678 366 1883 424 FULD.
1924 365 2092 453 M0131.
2135 364 2289 424 οΡρ.
2330 369 2512 427 PARS
2554 371 2592 426 Ι.
2634 403 2701 413 --
2735 371 3189 431 THEOLOGICA.

3618 375 3737 431 H2

540 493 697 568 (ln.)
726 493 952 551 Eleazar
979 491 1234 550 sacerdos
1276 489 1548 554 immutat,
1591 495 1648 544 et
1686 488 1742 544 in
1782 486 2042 559 sanguine
2069 490 2123 546 Α
2147 487 2362 544 defectu
2394 491 2743 547 mortalitatis
2773 492 2989 558 habuit,
3022 492 3181 563 quasi
3210 490 3369 548 ﬁmus
3398 492 3453 547 iu
3493 507 3560 549 eo
3589 495 3737 566 abji—

471 588 697 660 digitum
746 585 937 658 tingit,
988 584 1113 655 quia
1155 582 1308 655 plebs
1348 579 1529 636 Iudaea
1569 594 1636 635 ex
1687 577 2042 649 reprohorum

470 685 627 750 parte
663 673 1025 733 humilitatem
1055 671 1268 730 Domini
1298 685 1469 742 usque
1496 669 1564 726 ad
1591 669 1899 741 passionem
1926 680 2047 737 per-

472 779 659 839 secuta
688 777 793 826 est.
822 767 882 824 in
920 766 1110 824 electis
1156 779 1287 822 vero
1325 763 1695 835 operationem
1730 756 2049 816 humilitatis

473 863 591 936 ejus
616 861 827 918 imitata
858 874 863 879 '

549 958 795 1029 Asperget
837 961 1018 1009 contra
1060 951 1197 1022 fores
1239 948 1583 1008 tabernaculi.
1616 945 2048 1003 Tabernaculum

475 1064 800 1123 synagogam
851 1044 1141 1119 signiﬁcat.
1189 1044 1291 1111 Qui
1336 1058 1467 1114 ergo
1515 1041 1738 1097 tinxerit
1785 1040 2049 1112 digitum,

476 1149 669 1198 contra
708 1138 854 1194 fores
892 1135 1223 1193 tabernaculi
1265 1142 1551 1206 aspergat,
1585 1133 1640 1188 id
1666 1138 1779 1198 est,
1809 1129 2052 1202 quisquis

475 1228 743 1302 passionis
769 1227 887 1297 eju's
910 1227 1030 1284 vias
1059 1227 1320 1291 imitatur,
1353 1239 1637 1297 synagoga:
1675 1238 1783 1279 non
1812 1223 2051 1278 credenti

476 1329 532 1377 et
558 1320 831 1377 resistenti
858 1334 957 1391 per
981 1317 1225 1388 exempla
1254 1318 1394 1374 bona
1424 1322 1481 1372 et
1507 1314 1943 1385 praedicationem
1974 1329 2056 1370 re-

476 1421 618 1469 ctam
648 1414 859 1485 siguum
890 1412 1028 1468 bene
1054 1411 1270 1467 vivendi
1300 1411 1556 1485 prtebeat.

548 1505 708 1579 (lo.)
737 1506 1015 1578 Asperget,
1046 1505 1103 1561 id
1129 1513 1244 1572 est,
1274 1503 1549 1566 resistenti
1575 1502 1715 1574 plebi
1742 1518 1842 1574 per
1866 1503 2058 1574 praedi-

477 1598 747 1654 cationem
791 1604 1000 1655 rectam
1033 1606 1090 1656 et
1115 1613 1280 1671 opera
1302 1639 1317 1666 ,
1346 1597 1619 1670 passionis
1646 1595 1850 1654 Christi
1879 1612 2058 1654 exem-

473 1690 563 1763 pla
594 1691 938 1747 monstrabit.
1927 1734 1965 1768 ο

550 1780 757 1853 Septem
783 1781 1001 1837 vicibus.
1047 1780 1183 1850 Quia
1217 1790 1421 1854 septem
1468 1791 1595 1839 sunt
1637 1782 1778 1839 dona
1822 1780 2056 1854 Spiritus

2150 579 2398 636 ciendum
2446 579 2582 647 fuit;
2631 596 2750 651 quae
2788 582 2969 637 omnia
3010 582 3116 652 igni
3158 583 3449 639 cremanda
3480 593 3642 651 sunt,
3678 586 3737 641 id

2151 679 2268 740 est,
2294 671 2448 744 juxta
2474 673 2759 731 veritatem
2790 671 3026 744 Spiritus
3056 674 3229 743 sancti
3260 674 3635 747 intelligenda,
3672 685 3737 732 ut

2153 778 2273 834 quae
2313 765 2381 819 ab
2415 778 2482 821 eo
2519 765 2871 835 corporaliter
2894 772 3045 838 gesta
3071 774 3198 823 sunt
3222 783 3321 837 per
3347 769 3735 842 incorporeum

2154 854 2450 912 divinitatis
2478 854 2735 927 Spiritum
2767 856 3026 927 disposita
3057 858 3381 917 sentiantur.

2226 945 2390 1002 Vens.
2423 945 2476 1002 ϐ.
2504 977 2575 987 -
2602 945 2827 1018 Ligurian
2866 965 3069 1020 quoque
3109 950 3376 1009 cedrium
3403 993 3420 1019 ,
3462 961 3513 1011 at
3539 954 3737 1025 hysso-

2153 1057 2277 1113 pum
2295 1081 2310 1107 ,
2369 1056 2678 1114 caecumque
2705 1041 2782 1097 bis
2812 1043 3050 1101 tinctum.

2226 1131 2518 1203 (Αροιιιι.)
2541 1132 2617 1188 De
2637 1142 2809 1189 morte
2834 1135 2997 1206 igitur
3017 1149 3295 1191 sacrorum
3318 1136 3518 1195 cecinit
3536 1146 3698 1195 vates
3718 1157 3734 1193 :

2154 1224 2405 1296 Asperges
2434 1241 2545 1291 me,
2574 1224 2827 1292 Domine,
2859 1227 3082 1298 hyssopo
3106 1237 3154 1283 et
3184 1229 3499 1295 mandabat,
3529 1229 3741 1287 locabis

2154 1332 2257 1383 me,
2283 1325 2389 1373 etc.
2419 1316 2439 1391 (
2464 1315 2612 1373 Psal.
2643 1333 2674 1372 ι.
2696 1317 2716 1389 )
2736 1359 2752 1384 ,
2784 1326 2840 1373 et
2864 1319 2948 1373 cui
2979 1318 3302 1390 patefactum
3329 1330 3451 1379 erat
3478 1322 3587 1379 tale
3614 1339 3741 1393 my-

2156 1408 2380 1464 sterium
2407 1408 2764 1479 expiationis,
2794 1424 2915 1479 quae
2941 1424 3041 1481 per
3068 1411 3385 1482 sanguinem
3416 1410 3619 1468 Christi
3658 1413 3743 1469 fn-

2156 1507 2279 1555 tura
2318 1509 2468 1568 erat,
2509 1501 2834 1573 proposuit:
2880 1502 3091 1559 Incerta
3131 1513 3180 1559 et
3216 1505 3418 1561 occulta
3459 1507 3742 1577 sapientia:

2157 1602 2262 1649 tute
2287 1595 2636 1667 manifestasti
2666 1597 2815 1652 mihi.

2230 1686 2455 1759 (Βιιι.)
2497 1687 2704 1744 Codrus
2742 1689 2945 1760 lignum
2987 1689 3155 1746 altum
3184 1698 3238 1747 et
3266 1691 3595 1762 imputribiie
3626 1702 3740 1749 est.

2158 1779 2443 1853 Hyssopus
2471 1780 2639 1836 herba
2686 1781 2844 1837 valde
2888 1782 3143 1845 humilis,
3192 1798 3311 1852 qua:
3356 1792 3535 1840 tamen
3580 1782 3749 1840 inﬂa-

477 1848 684 1941 sancti,
715 1890 835 1946 qua:
863 1890 962 1945 per
999 1848 1201 1932 Christi
1243 1848 1559 1948 sanguinem
1601 1890 1765 1949 super
1800 1848 2054 1934 Ecclesia:
2082 1848 2131 1910 Β
2158 1848 2358 1931 tionem
2398 1883 2611 1930 amovet
2649 1873 2933 1946 pulmonis.
2977 1874 3083 1932 Per
3128 1848 3346 1933 cedrum
3375 1891 3501 1947 ergo
3530 1876 3742 1939 altam.

475 1967 703 2039 populos
742 1967 1140 2026 distribuuntur
1159 2010 1175 2037 ,
1203 1969 1262 2026 in
1288 1985 1398 2042 quo
1425 1971 1495 2027 ab
1521 1971 1671 2028 omni
1698 1971 1895 2029 delicto
1922 1988 2053 2044 pur-

475 2069 693 2134 gantur.

550 2154 569 2226 (
591 2153 788 2222 GREG.,
815 2153 912 2210 lib.
940 2170 996 2211 vr
1022 2153 1243 2222 Mor-aL,
1273 2169 1395 2226 cap.
1420 2155 1512 2211 27.
1536 2154 1556 2229 )
1585 2154 1791 2227 Septem
1820 2156 2017 2213 vicibus
2036 2199 2052 2225 ,

475 2252 581 2303 etc.
614 2246 673 2319 in
703 2246 1009 2318 septenario
1046 2246 1309 2320 perfectio
1349 2246 1689 2320 signiﬁcatur
1730 2245 1815 2303 vel
1859 2246 2057 2320 accipi-

479 2345 585 2402 tur,
619 2336 763 2394 unde
791 2347 846 2394 et
871 2346 1077 2410 septem
1112 2339 1305 2395 diebus
1343 2339 1657 2394 universum
1698 2346 1911 2410 tempus
1956 2339 2057 2394 im-

480 2426 677 2501 pletur,
721 2436 778 2484 et
804 2428 1040 2502 Spiritus
1067 2439 1292 2486 sanctus
1329 2428 1661 2501 septiformis
1682 2438 1930 2485 vocatur.
1958 2427 2059 2486 Se-

478 2526 621 2589 ptem
651 2534 782 2591 ergo
806 2516 1016 2576 vicibus
1044 2522 1098 2576 in
1128 2522 1393 2593 sanguine
1421 2522 1649 2595 digitum
1675 2522 1943 2593 iutingere
1971 2531 2058 2577 est

476 2609 719 2685 perfecta
749 2612 1063 2683 operatione
1091 2614 1412 2685 mysterium
1440 2613 1708 2685 passionis
1736 2614 1956 2669 imitari.
1988 2613 2058 2669 Et

476 2713 682 2774 septem
714 2705 922 2762 vicibus
945 2715 1135 2762 contra
1160 2719 1485 2781 synagogam
1512 2719 1803 2777 aspergere
1826 2713 1909 2761 est
1934 2719 2059 2776 per~

477 2791 619 2849 recta
648 2795 1036 2865 praedicatione
1061 2794 1369 2866 passionem
1399 2795 1707 2854 inﬁdelibus
1735 2796 2006 2851 nuntiare.

548 2888 714 2945 Vens.
763 2889 818 2945 5.
848 2918 917 2930 —-
945 2888 1322 2961 Comburetque
1352 2905 1469 2944 eum
1504 2890 1701 2944 cunctis
1741 2888 2055 2944 videntibus.

479 2977 594 3051 (lo.
617 2979 635 3050 )
662 2979 769 3036 Per
794 2980 990 3053 pellem
1012 2988 1071 3037 et
1094 2994 1314 3036 carnem
1337 2988 1393 3037 et
1415 2980 1729 3053 sanguinem
1753 2988 1808 3036 et
1834 2980 2018 3035 ﬁmum
2038 3023 2053 3046 ,

478 3070 745 3128 sacriﬁcia
774 3070 828 3127 in
853 3071 1025 3128 veteri
1056 3078 1384 3128 testamento
1411 3070 1594 3126 habita
1613 3112 1628 3138 ,
1670 3086 1791 3141 quae
1830 3069 2059 3126 inﬁrmk

2155 1958 2513 2041 perseverans
2542 1967 2964 2038 contemplatio;
2994 1982 3092 2036 per
3130 1968 3421 2039 hyssopum
3460 1969 3745 2027 mansueti

2155 2062 2335 2118 cordis
2366 2061 2645 2118 humilitas
2674 2062 2940 2133 signatur.
2969 2060 3072 2129 Qui
3102 2061 3249 2116 enim
3280 2062 3747 2133 contemplatione

2157 2154 2225 2210 ad
2270 2168 2503 2225 superna
2552 2154 2777 2219 tollitur,
2820 2169 2917 2224 per
2957 2152 3277 2210 humilitatis
3304 2154 3745 2224 cumpassioncm

2157 2245 2315 2301 debet
2340 2244 2771 2301 condescendere
2796 2244 3169 2310 inferioribus,
3198 2260 3299 2301 nec
3323 2260 3383 2301 se
3400 2261 3466 2301 ex
3490 2260 3557 2301 eo
3587 2247 3747 2316 quod

2157 2336 2321 2394 habet
2347 2337 2554 2407 erigat,
2583 2336 2677 2392 sed
2708 2336 2823 2400 his,
2857 2336 2948 2406 qui
2980 2336 3112 2392 illud
3142 2351 3249 2393 non
3275 2336 3504 2404 habent,
3534 2337 3749 2408 praedi-

2157 2428 2333 2486 cando
2361 2428 2597 2485 libenter
2624 2428 2920 2498 impendat.

2229 2523 2247 2589 (
2270 2519 2448 2593 Anc.)
2488 2519 2607 2575 Alia
2646 2520 2857 2585 littera,
2896 2527 3041 2588 etc.,
3074 2535 3243 2579 usoue
3275 2520 3347 2575 ad
3387 2527 3448 2577 ut
3488 2519 3749 2579 cumino

2158 2613 2229 2670 sit
2258 2612 2577 2668 abscondita
2605 2613 2715 2667 vita
2747 2622 2948 2668 nostra.

2228 2703 2448 2777 (Rm)
2491 2703 2677 2761 Potest
2723 2703 2945 2776 intelligi
2988 2716 3089 2774 per
3112 2703 3334 2761 cedrum
3380 2717 3530 2774 spes,
3580 2711 3744 2770 ete.,

2157 2812 2316 2867 usque
2359 2795 2430 2849 ad
2479 2795 2592 2851 sola
2622 2796 2677 2852 iu
2708 2797 2864 2852 nobis
2894 2796 3133 2852 cbaritas
3161 2796 3231 2855 ad
3266 2795 3514 2875 ultimum
3548 2795 3745 2857 multi-

2156 2886 2407 2958 plicatur.

2230 2979 2460 3053 (Ganc.,
2484 2979 2681 3037 Horat.
2705 2979 2803 3037 lib.
2830 2997 2884 3037 vt
2902 3022 2917 3047 ,
2945 2996 3067 3053 cap.
3094 2981 3215 3055 i7.)
3240 2980 3477 3041 Uittath
3497 2981 3551 3041 ill
3580 2979 3747 3043 llam-

2159 3088 2304 3129 mam
2330 3113 2345 3140 ,
2390 3089 2552 3145 usque
2587 3073 2658 3129 ad
2687 3081 2755 3140 ut,
2777 3074 2831 3129 in
2872 3074 2985 3145 ipsa
3018 3074 3191 3132 discat
3224 3089 3389 3146 opera
3428 3083 3573 3137 recte
3614 3090 3747 3146 qua:

370 3222 377 3227 ,
480 3172 648 3223 tatem
676 3163 889 3221 Domini
916 3164 1267 3232 nuntiabant,
1295 3163 1684 3237 signiﬁcantur.
1711 3163 1847 3232 Quia
1874 3165 2055 3221 omnia
2084 3214 2127 3237 η
2160 3161 2341 3218 faciat.

474 3214 1267 3327 signasgiiaaisii
1295 3214 1861 3327 ἷέἱὲὶὶἷιῖὶῖιὶέιῌιὶ
1880 3214 2056 3329 Et;
2082 3214 2129 3279 ο
2161 3214 2511 3327 Ἧῇέεορωη
2543 3253 2753 3328 (ιεω.)
2809 3254 3180 3326 Baptismum,
3210 3257 3337 3328 quia
3365 3258 3599 3331 hyssopo
3628 3258 3744 3317 tin-

473 3347 714 3404 exterius
740 3347 1061 3419 mysterium
1087 3355 1328 3404 stercora
1356 3355 1483 3403 sunt
1510 3354 1720 3413 vocata,
1753 3349 1897 3406 unde
1924 3349 2060 3405 Pau-

473 3436 558 3494 lus
583 3451 598 3492 :
630 3434 821 3494 Omnia
848 3438 1141 3494 arbitratur
1166 3446 1223 3492 ut
1253 3446 1487 3494 stercora
1514 3438 1535 3511 (
1559 3435 1756 3510 Philip.
1780 3438 1908 3511 ιιι),
1937 3454 2059 3510 qute

478 3529 709 3588 ﬂammas
749 3534 1060 3589 traduntur.
1099 3531 1360 3602 Quamvis
1396 3534 1541 3589 enim
1578 3534 1816 3605 primum
1857 3549 2057 3591 carna-

475 3622 601 3679 liter
638 3624 747 3679 siut
784 3624 1062 3691 exhibita,
1106 3625 1449 3697 postmodum
1490 3639 1592 3696 per
1630 3624 1895 3697 Spiritum
1927 3640 2057 3681 san-

476 3729 621 3776 ctum
653 3719 1023 3793 intelligentiae
1049 3719 1177 3793 igne
1203 3726 1520 3791 consumpta
1554 3727 1699 3777 sunt.

552 3811 756 3883 (Auc.)
786 3811 857 3866 Et
885 3814 1189 3868 cremabant
1214 3829 1329 3868 eam
1358 3813 1414 3867 in
1441 3820 1719 3883 conspectu
1747 3812 1880 3883 ejus.
1914 3810 2054 3868 Puto

479 3902 606 3975 quia
657 3903 923 3959 crematio
969 3902 1038 3958 ad
1082 3904 1297 3975 signum
1335 3903 1573 3975 pertinet
1615 3903 2054 3960 resurrectionis.

480 3996 682 4052 Natura
713 3995 859 4051 enim
903 4004 989 4052 est
1015 3994 1159 4067 ignis
1193 4004 1254 4051 ut
1292 3996 1346 4051 in
1386 4010 1620 4066 superna
1660 4004 1960 4062 moveatur,
2005 4004 2062 4052 et

480 4091 535 4146 in
563 4091 739 4162 ipsum
766 4094 1120 4146 convertatur
1146 4088 1290 4159 quod
1318 4096 1610 4144 crematur.
1642 4087 1776 4143 Nam
1804 4097 1858 4143 et
1884 4089 2059 4160 ipsum

479 4193 726 4237 cremare
756 4179 823 4234 de
849 4176 1040 4235 Graeco
1068 4177 1123 4232 in
1163 4175 1413 4232 Latinum
1453 4177 1674 4233 ductum
1712 4178 1936 4233 verbum
1977 4186 2062 4235 est

479 4288 509 4328 a
539 4272 916 4343 suspensione.
945 4269 1101 4339 Quod
1127 4284 1260 4327 vero
1287 4268 1527 4350 additum
1559 4278 1644 4325 est
1672 4270 1725 4325 in
1765 4280 2059 4341 conspectu

478 4364 626 4436 ejus,
672 4365 726 4421 id
756 4372 871 4432 est,
922 4364 977 4420 in
1024 4369 1319 4433 conspectu
1365 4362 1697 4429 sacerdotio,
1748 4358 2056 4433 significare

480 4460 711 4525 videtur,
742 4458 870 4530 quia
903 4456 1012 4514 illis
1049 4456 1302 4528 apparuit
1338 4453 1667 4511 resurrectio
1705 4452 1927 4520 Christi,
1962 4453 2057 4524 qui

479 4548 645 4605 futuri
673 4556 829 4605 erant
856 4546 1036 4619 regale
1066 4544 1450 4603 sacerdotium.

2157 3352 2246 3400 eto
2271 3345 2531 3417 sanguine
2560 3344 2684 3417 agni
2715 3345 3106 3416 mergebantur
3132 3346 3352 3420 (Exod.
3377 3363 3450 3409 ut
3477 3349 3515 3422 ).

2227 3454 2553 3528 Coccumque
2580 3456 2656 3512 bis
2679 3457 2917 3512 tinctum.
2951 3457 3066 3530 (la.
3094 3458 3114 3532 )
3142 3458 3352 3516 Coccus
3388 3459 3471 3521 bis
3501 3460 3737 3529 tinctus,

2158 3547 2384 3619 sanguis
2430 3546 2632 3604 Christi
2673 3564 2781 3620 quo
2830 3558 3010 3607 mente
3063 3558 3120 3607 et
3164 3566 3393 3624 corpore
3442 3553 3735 3611 abluitnur.

2159 3639 2283 3698 Haec
2312 3642 2415 3697 tria
2446 3651 2680 3714 purgant
2704 3650 2926 3714 peccata
2949 3684 2965 3710 ,
2995 3644 3218 3712 cedrus,
3252 3645 3308 3702 id
3335 3654 3421 3702 est
3445 3646 3580 3704 ﬁdes
3607 3662 3739 3703 cru-

2157 3736 2237 3791 cis
2267 3752 2282 3802 ;
2314 3735 2583 3808 hyssopus
2604 3776 2618 3802 ,
2648 3736 2953 3806 haptlsmus
2980 3737 3067 3795 vel
3104 3739 3427 3811 martyrium
3452 3757 3468 3808 ς
3507 3756 3734 3807 coccus,

2158 3826 2437 3898 sanguinis
2459 3826 2728 3883 Dominiei
2759 3837 3181 3887 sacramentum.

2230 3935 2447 4011 (itam)
2476 3937 2535 3993 in
2559 3952 2724 3995 cocco
2744 3938 2831 3994 bis
2855 3938 3026 3996 tincto
3051 3939 3224 3997 virtus
3249 3939 3533 3999 charitatis
3558 3942 3738 4012 expri-

2157 4031 2347 4098 mitur,
2377 4048 2495 4102 qua:
2523 4031 2738 4088 ﬂamma
2768 4033 2941 4089 sancti
2972 4034 3175 4090 amoris
3201 4049 3495 4102 succensa,
3527 4036 3737 4093 duobus

2158 4127 2442 4201 praeceptis
2470 4126 2714 4185 exhiberi
2738 4127 2984 4199 jubetur,
3016 4129 3302 4186 dilectione
3326 4130 3539 4187 scilicet
3562 4132 3657 4188 Dei
3682 4140 3736 4205 et

2158 4218 2409 4290 proximi.
2439 4217 2533 4275 Bis
2561 4220 2762 4276 tinctus
2786 4236 2918 4293 ergo
2943 4237 3140 4278 coccus
3164 4232 3248 4280 est
3272 4224 3513 4281 Charitas
3538 4225 3731 4297 duplici

2158 4320 2429 4385 praecepto
2456 4310 2687 4367 formata
2706 4353 2721 4378 ,
2748 4320 2808 4367 ut
2832 4310 2909 4368 sic
2933 4313 3186 4386 diligatur
3206 4314 3347 4370 Deus
3365 4331 3435 4372 ne
3456 4316 3736 4372 deseratur

2158 4403 2438 4472 proximus
2457 4446 2472 4471 ,
2499 4412 2551 4460 et
2575 4404 2653 4461 sic
2680 4406 2996 4476 proximus,
3030 4422 3098 4463 ne
3121 4415 3509 4464 contemnatur
3535 4408 3697 4465 Deus.

2231 4516 2507 4574 Sacerdos.
2536 4518 2700 4593 (ln.)
2745 4518 2947 4576 Omnes
2989 4520 3083 4592 qui
3128 4520 3183 4576 in
3223 4519 3441 4576 Christo
3466 4520 3733 4577 credimus

554 4588 871 4712 ἲέιέιὶῖέὶὶέ
884 4588 1514 4710 ζῗέῖηὲὶᾜζῑᾷ.“,ζω.
1550 4637 1670 4710 (in.
1694 4637 1714 4711 )
1740 4636 1894 4707 Quod
1924 4653 2054 4698 vero

2173 4611 2466 4667 sacerdotes
2490 4588 2711 4679 sumus,
2736 4614 2909 4668 unde:
2946 4588 3050 4667 v6.
3077 4621 3248 4668 autem
3281 4612 3405 4667 estis
3443 4630 3606 4684 genus
3635 4612 3733 4668 ele-

480 4732 767 4803 sequitur:
800 4729 950 4799 peltis
990 4731 1105 4801 ejus
1149 4740 1198 4785 et
1240 4746 1426 4786 carnes
1464 4739 1513 4785 et
1550 4730 1766 4801 sanguis
1791 4731 1905 4801 ejus
1935 4748 2052 4786 cum

479 4834 706 4880 stercore
750 4822 868 4894 ejus
913 4821 1325 4877 comburentes“
1364 4820 1423 4876 id
1458 4821 1763 4892 expositum
1803 4830 1888 4879 est
1920 4837 2055 4893 quo—

480 4914 645 4971 modo
671 4913 1023 4977 cremabitur,
1048 4919 1105 4966 et
1129 4909 1489 4984 signiﬁcatum
1531 4921 1618 4969 est
1656 4913 1797 4983 quod
1827 4928 1935 4969 non
1961 4929 2053 4969 so-

480 5008 589 5064 lum
619 5006 921 5064 substantia
949 5004 1196 5060 mortalis
1223 5004 1468 5076 corporis
1494 5002 1695 5060 Christi
1720 5046 1735 5071 ,
1762 5020 1883 5075 qua;
1911 5021 2059 5062 eom-

481 5099 868 5155 memoratione
889 5094 1048 5169 pellis
1069 5103 1126 5151 et
1150 5096 1397 5153 carnium
1424 5105 1479 5152 et
1505 5097 1786 5166 sanguinis
1808 5096 2056 5154 intimate

477 5199 595 5259 est,
625 5192 721 5247 sed
747 5191 914 5247 etiam
946 5187 1275 5249 contumelia
1302 5196 1360 5244 et
1395 5185 1627 5257 abjectio
1648 5188 1820 5260 plebis
1849 5204 1970 5258 quae
2000 5189 2057 5245 in

478 5291 718 5339 stercore
772 5280 1172 5354 signiﬁcaretur
1192 5320 1209 5346 ,
1256 5288 1671 5337 converteretur
1717 5281 1772 5335 in
1822 5280 2052 5354 gloriam

477 5388 639 5446 quam
669 5366 1060 5430 combustiouis
1087 5371 1298 5428 ﬂamma
1327 5370 1620 5444 signiﬁcat.

548 5462 771 5539 (Βιι.)
801 5463 906 5520 Per
949 5463 1149 5535 pellem
1198 5472 1255 5520 et
1299 5477 1522 5519 carnem
1568 5461 1807 5518 exterior
1850 5460 2053 5519 Christi

477 5556 721 5628 operatio
747 5554 1085 5628 signiﬁcatur
1112 5574 1127 5611 :
1156 5570 1253 5627 per
1278 5553 1601 5625 sanguinem
1642 5553 1856 5611 subtilis
1883 5562 1939 5611 et
1966 5554 2052 5613 in-

479 5656 630 5703 terna
669 5647 845 5703 virtus
872 5648 1159 5704 ‘exteriora
1188 5647 1330 5702 facta
1372 5645 1685 5709 viviﬁcans;
1734 5662 1833 5718 per
1863 5647 2050 5704 ﬁmum

480 5735 768 5803 lassitudo,
800 5737 952 5802 sitis,
981 5736 1225 5803 esuries,
1254 5745 1310 5793 et
1350 5736 1516 5792 timor
1553 5736 1776 5804 mortis,
1816 5746 1874 5793 et
1910 5753 2059 5808 qum-

483 5845 694 5903 cunque
731 5845 796 5886 ex
829 5831 1166 5886 humanitate
1206 5831 1317 5901 pati
1362 5829 1552 5885 voluit.
1596 5828 1873 5901 Quidquid
1910 5831 2057 5887 enim

2161 4715 2300 4763 ctum
2324 4745 2339 4774 ,
2390 4704 2561 4777 regale
2602 4705 2984 4769 sacerdotium,
3034 4714 3141 4761 etc.
3191 4703 3265 4777 (1
3289 4701 3437 4759 Petr.
3466 4704 3571 4775 ιι).
3612 4704 3731 4760 Alta

2159 4810 2292 4869 ergo
2333 4810 2452 4867 quae
2496 4810 2593 4867 per
2633 4795 3145 4867 contemplationem
3190 4794 3483 4863 sentimus,
3513 4804 3569 4853 et
3593 4794 3732 4867 quod

2160 4902 2226 4942 ex
2252 4886 2660 4943 mansuetudine
2682 4886 3001 4942 humilitatis
3021 4884 3245 4955 agimus,
3273 4884 3414 4954 quod
3434 4899 3535 4959 per
3558 4885 3731 4957 ignem

2163 4977 2446 5033 charitatis
2469 4976 2814 5043 exhibemus,
2831 4977 3100 5049 passionis
3122 4976 3323 5033 Christi
3347 4976 3611 5048 sanguine
3634 4976 3730 5031 tin-

2160 5084 2288 5141 gere
2333 5069 2618 5133 debemus,
2666 5077 2726 5123 ut
2768 5083 2928 5124 omne
2969 5067 3113 5140 quod
3157 5068 3213 5123 in
3260 5065 3415 5123 nobis
3443 5066 3728 5134 est,.illum

2162 5160 2404 5217 imitetur
2432 5175 2461 5215 a
2486 5174 2595 5231 quo
2616 5168 2731 5226 est,
2760 5160 2887 5231 quia
2912 5168 3064 5215 extra
3092 5159 3446 5216 imitationem
3469 5158 3728 5233 passionis

2161 5269 2268 5315 non
2294 5262 2404 5313 tam
2430 5254 2600 5311 virtus
2626 5269 2789 5329 quam
2814 5253 3004 5309 vitium
3029 5263 3133 5310 est.

2231 5367 2348 5440 (in.
2372 5365 2391 5437 )
2418 5366 2604 5421 Potest
2627 5365 2730 5422 iste
2753 5366 3004 5422 sacerdos
3019 5405 3036 5431 ,
3061 5363 3155 5438 qui
3175 5378 3352 5419 vacca:
3374 5377 3568 5419 carnes
3583 5403 3599 5429 ,
3626 5357 3727 5433 pcl-

2161 5459 2292 5525 lom,
2319 5459 2639 5531 sanguinem
2660 5498 2675 5524 ,
2702 5457 2999 5528 ﬁmumque
3037 5456 3337 5523 comburit,
3364 5455 3610 5513 ordinem
3633 5451 3725 5508 Ju-

2160 5553 2301 5610 daiei
2343 5551 2633 5609 sacerdotii
2678 5566 2802 5609 cum
2840 5549 2993 5623 plebe
3031 5549 3307 5625 supposita
3334 5547 3388 5603 in
3414 5561 3603 5605 necem
3629 5545 3723 5600 bo-

2162 5644 2294 5702 mini
2333 5643 2721 5701 consentientis
2766 5639 3103 5713 significare,
3141 5639 3284 5696 unde
3327 5638 3610 5709 sequitur:
3662 5635 3723 5690 Et

2159 5747 2282 5793 tunc
2305 5736 2510 5791 demum
2536 5734 2655 5790 lotis
2684 5734 2904 5790 vestibus
2928 5743 2977 5789 et
3004 5750 3219 5806 corpore
3242 5748 3359 5788 suo.

2234 5828 2378 5884 Vens
2416 5827 2470 5883 'l.
2498 5856 2563 5869 μα
2590 5826 2656 5883 ιιι
2704 5836 2827 5883 tunc
2869 5826 3078 5883 demum
3122 5824 3241 5881 lotis
3283 5823 3524 5881 restibus.
3572 5816 3720 5891 (in)
