4006 6352
234 362 350 421 413

1286 356 1550 415 GLOSSA
1589 353 1989 414 ΟΒΒΙΝΛΜΑ.
2028 384 2099 398 -
2138 356 2268 414 LIB.
2310 354 2483 414 Νωι.

3402 358 3513 417 414

234 482 433 537 Potest
458 474 717 548 intelligi,
742 482 876 541 etc.,
903 490 1069 547 usque
1109 474 1179 528 ad
1202 480 1350 529 recte
1369 514 1383 539 ,
1412 471 1632 544 Colliget
1655 480 1827 527 autem
1858 475 1904 534 Α
1935 472 2173 527 arbitrer
2195 486 2292 543 per
2312 472 2673 544 prophetam:
2707 470 2774 527 lu
2802 473 2968 528 tribus
2995 481 3043 528 ot
3063 482 3291 546 quatuor
3312 476 3510 545 iniqui-

235 575 445 628 εἰθισται
466 584 635 624 escere
660 570 738 622 sir
758 567 987 622 mundus
1003 607 1017 631 ,
1041 574 1147 622 etc.

314 665 501 741 (Aura)
538 660 769 720 Lavabit
795 661 1114 717 vestimenta
1139 673 1237 715 sua
1264 657 1540 723 sacerdos,
1577 664 1706 723 etc.,
1734 672 1826 710 us-

231 778 345 836 que
368 759 439 817 ad
484 755 870 815 resurrectionl
924 768 1048 810 eam
1107 752 1257 809 velut
1305 751 1621 808 cremationi
1676 764 1831 806 man—

234 852 457 910 dantes.

314 944 480 998 Vens.
507 939 562 997 8.
592 968 665 981 —
686 935 863 1010 Usque
883 935 953 992 ad
977 951 1261 1008 vesperam.
1287 933 1411 1007 (im)
1438 933 1517 989 Ad
1546 944 1829 1003 vesperam

235 1035 503 1093 sacerdos
530 1033 718 1099 intrat,
754 1033 881 1104 quia
906 1029 1139 1086 infidelis
1166 1030 1420 1102 populus,
1443 1028 1534 1099 qui
1561 1041 1732 1094 usque
1762 1026 1832 1081 ad

236 1144 546 1200 vesperam,
578 1126 633 1183 id
658 1134 761 1192 est,
793 1124 955 1179 linem
985 1123 1190 1188 mundi,
1229 1130 1383 1178 extra
1406 1121 1659 1176 maiidata
1682 1119 1825 1185 vitae,

233 1223 391 1280 velut
413 1229 567 1278 extra
601 1229 783 1276 castra
811 1218 1022 1290 positus
1047 1224 1151 1283 est,
1181 1214 1363 1285 pravis
1402 1213 1657 1285 operibus
1690 1224 1835 1267 com-

234 1315 568 1381 maculatos,
627 1327 767 1383 aqua
804 1309 1057 1382 baptismi
1106 1315 1163 1363 et
1206 1305 1525 1378 poenitentia
1581 1304 1723 1359 lotus
1762 1301 1832 1357 ad

236 1406 613 1479 cognitionem
650 1403 707 1459 in
749 1401 858 1457 ﬂne
911 1399 1099 1456 mundi
1145 1397 1299 1470 quasi
1348 1397 1404 1452 in
1439 1402 1619 1452 castra
1650 1396 1834 1450 rever-

236 1508 480 1644 ιιιξέιιε.
509 1586 564 1644 9.
593 1615 668 1629 —
689 1583 911 1657 Colliget
949 1590 1144 1638 autem.
1181 1578 1369 1651 (Auc.)
1392 1578 1460 1633 Et
1483 1576 1837 1649 eongregabit

232 1680 424 1746 homo,
451 1686 584 1745 etc.,
615 1693 781 1751 usque
805 1674 873 1730 ad
916 1674 1044 1744 quia
1080 1682 1234 1727 extra
1273 1669 1692 1725 celebrationem
1740 1666 1835 1725 Ju-

235 1774 410 1830 daicze
440 1770 849 1829 consuetudinis
882 1767 1225 1841 evangelicae
1253 1769 1426 1823 honor
1461 1765 1676 1821 claruit.

1931 563 2126 618 tatibus
2151 580 2256 619 non
2287 564 2621 620 adversabor.

2001 655 2166 711 Vsus.
2198 654 2287 710 12.
2335 685 2408 697 —-
2453 653 2517 711 Si
2558 654 2644 711 die
2685 657 2860 723 tertio,
2904 664 3011 712 etc.
3065 655 3189 731 tis.)
3224 655 3285 714 Si
3328 665 3515 718 autem

1929 748 2244 820 puﬁﬁcatus
2268 761 2377 803 non
2418 747 2581 805 luerit
2604 748 2693 806 die
2720 749 2899 816 tertio,
2925 756 3059 816 etc.,
3094 764 3261 821 usque
3295 749 3367 806 ad
3408 751 3506 807 ad-

1928 839 2055 907 huc,
2081 840 2137 895 id
2155 847 2261 905 est,
2290 839 2455 895 etiam
2482 848 2606 909 post
2634 848 2885 897 mortem.

1998 935 2163 990 Vnus.
2196 934 2282 989 lii.
2312 965 2385 975 —
2405 930 2616 989 Polluet
2638 932 3052 1000 tabernaculum,
3075 941 3340 1005 quantum
3366 933 3422 988 in
3452 948 3513 991 se

1928 1033 2033 1091 est,
2085 1024 2380 1081 secundum
2430 1023 2603 1078 illud:
2654 1023 2913 1095 Spiritum
2966 1022 3124 1079 nolito
3186 1024 3515 1094 exstinguere

1932 1113 1987 1189 (Ι
2021 1115 2199 1171 Thess.
2224 1114 2300 1188 v),
2331 1130 2454 1170 cum
2490 1102 2759 1187 exstingui
2792 1114 2881 1171 ille
2919 1130 3028 1170 non
3056 1115 3248 1186 possit.
3296 1113 3431 1170 Nam
3461 1114 3509 1170 si

1931 1224 1997 1263 es
2023 1208 2127 1264 hoc
2152 1205 2558 1263 tabernaculum
2581 1206 2915 1262 immundum
2948 1205 3150 1262 factum
3176 1203 3338 1261 vellet
3357 1204 3518 1261 intel-

1931 1298 2046 1372 ligi,
2080 1300 2327 1356 mundari
2346 1299 2585 1371 iuberet.

2003 1394 2163 1449 Vsus.
2197 1392 2284 1448 15.
2323 1422 2395 1433 -
2435 1389 2536 1446 Vas
2560 1390 2723 1463 quod,
2745 1399 2853 1447 etc.
2884 1390 3069 1465 (Rem)
3087 1391 3329 1462 Tegmen
3350 1404 3510 1463 cper-

1930 1487 2037 1546 ουκ
2058 1487 2141 1542 vel
2171 1486 2420 1557 iigatura,
2444 1495 2530 1541 est
2552 1499 2783 1541 censura
2798 1484 3111 1556 disciplinis,
3136 1500 3240 1555 qua
3260 1485 3509 1557 quisquis

1931 1592 2039 1634 non
2065 1578 2346 1650 premitur,
2370 1576 2525 1647 quasi
2552 1590 2646 1631 vas
2673 1574 3009 1630 immundum
3030 1574 3404 1645 pollntumque
3425 1588 3513 1629 re-

1931 1671 2208 1755 probatur.
2242 1668 2405 1737 Quasi
2430 1670 2574 1724 enim
2601 1682 2697 1723 vas
2726 1668 2843 1725 sine
2870 1666 3125 1739 operculo
3150 1667 3235 1722 vel
3275 1666 3507 1739 ligatura

1932 1762 2209 1834 polluitur,
2240 1761 2333 1831 qui
2362 1774 2461 1832 per
2483 1760 2720 1816 studium
2743 1759 3127 1816 ostentationis
3147 1766 3340 1830 patens
3362 1757 3509 1817 nullo

310 1863 533 1937 (Germ,
557 1863 652 1920 lib.
682 1878 736 1918 vr
762 1859 981 1928 HoraL,
1023 1876 1143 1931 cap.
1171 1857 1286 1930 Π.)
1319 1858 1550 1913 Vaccam
1577 1855 1833 1937 sacerdos
1857 1847 1907 1908 B
1931 1853 2199 1910 velamine
2224 1852 2613 1908 taciturnitatis
2639 1851 2901 1923 operitur.

234 1928 532 2022 comburit,
568 1954 781 2012 cineres
806 1953 892 2008 vir
918 1928 1152 2007 mundus
1181 1928 1407 2021 colligit,
1435 1949 1562 2019 quia
1601 1928 1832 2002 inﬁrmi-

235 2057 406 2106 tatem
438 2048 655 2104 Domini
711 2044 928 2102 Judaeus
972 2043 1255 2108 mactavit,
1296 2041 1512 2098 subtilia
1557 2041 1675 2111 ejus
1713 2055 1832 2111 my-

230 2141 404 2199 steria
431 2138 663 2196 Gentilis
688 2137 957 2209 intelligit.
1005 2135 1187 2192 Mundi
1229 2142 1353 2191 sunt
1386 2133 1480 2206 qui
1520 2133 1828 2206 passionem

232 2235 440 2292 Christi
469 2234 719 2306 gentibus
759 2230 1075 2305 praedicant.

306 2329 563 2401 Emmdet
589 2343 698 2383 eos.
746 2326 883 2395 Quia
919 2324 1150 2381 Gentilis
1179 2329 1523 2381 sacramenta
1561 2335 1685 2393 qum
1727 2336 1825 2393 ag-

231 2422 414 2489 novit,
435 2420 734 2494 praedicare
763 2434 872 2476 non
904 2426 1106 2486 cessat,
1133 2417 1226 2474 sed
1257 2417 1624 2473 nescientibus
1652 2414 1828 2470 maui-

232 2514 426 2572 festat.

306 2606 497 2681 (11η.)
538 2604 632 2663 Vir
660 2604 895 2661 mundus
916 2604 973 2660 in
998 2602 1119 2660 loco
1148 2600 1441 2674 purissimo
1473 2610 1654 2657 vacem
1676 2597 1824 2654 cine-

230 2720 326 2762 res
363 2704 559 2772 mndit,
588 2702 715 2760 dum
748 2698 974 2772 quilibet
995 2698 1185 2756 doetus
1203 2714 1271 2754 ex
1296 2695 1597 2770 gentilitate
1618 2706 1825 2749 assum~

228 2804 386 2868 ptus,
410 2795 611 2852 munda
634 2809 735 2867 per
762 2792 1122 2849 humilitatem
1149 2789 1429 2863 gentilium
1451 2785 1617 2843 corda
1644 2782 1824 2853 requi-

231 2886 331 2954 rit,
372 2894 429 2944 et
450 2886 708 2959 mysteria
741 2886 823 2941 eis
858 2883 1239 2955 Redemptoris
1270 2881 1489 2936 tradere
1531 2893 1639 2934 non
1675 2875 1821 2931 desi-

231 2980 355 3037 stit.
384 2978 541 3048 Quod
568 2992 692 3035 cum
731 2977 929 3050 agitur,
962 2975 1097 3032 ﬁdes
1130 2973 1371 3047 gentium
1408 2967 1817 3040 multiplicatur,

234 3072 424 3128 divina
470 3070 646 3126 virtus
699 3068 1027 3141 agnoscitur,
1087 3063 1367 3135 disciplina
1428 3066 1824 3133 praceptorum

234 3172 477 3219 tenetur.
520 3160 676 3219 Unde
722 3160 926 3226 subdit,
970 3166 1026 3214 ut
1074 3158 1178 3212 sint
1222 3152 1548 3211 multitudini
1589 3150 1826 3220 ﬁliorum

1998 1944 2164 2000 Vsus.
2197 1943 2289 1998 l6.
2319 1972 2392 1987 —-
2419 1941 2601 2015 (Auc.,
2643 1950 2830 2013 quast.
2870 1938 2986 2014 '54.)
3027 1938 3089 1995 Si
3115 1939 3231 2011 quis
3260 1939 3317 1994 in
3359 1954 3511 2010 agro.

1925 2036 2047 2092 Alia
2073 2035 2274 2101 littera,
2294 2043 2424 2101 etc.,
2447 2049 2610 2106 usque
2640 2034 2710 2088 ad
2744 2032 2797 2088 id
2814 2040 2901 2097 est
2924 2031 3149 2089 vulnere
3170 2037 3512 2102 peremptum

1928 2138 2021 2185 aut
2050 2136 2326 2184 mortuum
2363 2128 2485 2183 sine
2508 2127 2753 2182 vulnere.

1996 2222 2163 2283 Usus.
2178 2221 2264 2277 l9.
2281 2219 2582 2274 ——Laucbit
2597 2228 2645 2273 et
2666 2235 2741 2283 se,
2756 2225 2862 2274 etc.
2886 2215 3010 2290 (lo.)
3026 2216 3144 2272 Alia
3158 2215 3366 2282 littera,
3378 2221 3509 2279 etc.,

1924 2330 2089 2387 usque
2121 2314 2191 2369 ad
2220 2312 2496 2370 immunda
2520 2310 2628 2367 erit
2664 2324 2838 2381 usque
2858 2311 2928 2365 ad
2958 2322 3263 2381 vesperam.

2521 2442 2751 2501 CAPUT
2795 2441 2914 2503 XX.

1994 2586 2160 2651 Vsus.
2196 2628 2201 2633 .
2229 2580 2704 2654 .—Veusruatque
2730 2581 2855 2652 ﬁlii,
2877 2589 2985 2637 etc.
3016 2579 3205 2650 (Isim,
3228 2579 3286 2634 in
3309 2575 3505 2645 Nam,

1870 2690 1875 2695 '
1923 2690 2057 2737 tom.
2088 2679 2201 2752 ν.)
2249 2676 2548 2734 'l‘ricesima
2592 2676 2754 2732 tertia
2805 2674 3019 2735 mansio
3066 2680 3155 2731 est
3196 2672 3251 2728 in
3296 2671 3517 2729 deserto
3608 2736 3611 2741 _

1924 2771 2020 2829 Sin
2045 2788 2059 2826 :
2089 2772 2203 2827 haec
2224 2776 2309 2826 est
2327 2767 2520 2825 Gades.
2552 2765 2648 2823 Sin
2671 2775 2855 2823 autem
2878 2767 3271 2838 interpretatur
3297 2771 3507 2830 senem,

1921 2880 2021 2939 per
2062 2862 2445 2935 antiphrasin:
2479 2863 2621 2919 sicut
2666 2861 2867 2917 dicitur
2910 2860 3065 2917 lucus
3114 2872 3241 2915 eum
3281 2857 3508 2914 minime

1924 2957 2103 3017 luceat
2129 2972 2145 3023 ;
2172 2955 2256 3017 vel
2286 2953 2509 3020 bellum,
2540 2967 2665 3009 cum
2687 2952 2761 3009 sit
2794 2951 3097 3008 horridum.
3126 2949 3186 3005 in
3211 2948 3316 3005 hac
3349 2964 3507 3011 man-

1925 3051 2078 3107 sione
2110 3048 2279 3105 Maria
2328 3045 2560 3104 moritur
2614 3054 2670 3102 et
2714 3045 2998 3117 sepelitur,
3060 3058 3182 3121 qum
3238 3041 3512 3115 signiﬁcat

1923 3142 2264 3216 prophetiam
2290 3148 2584 3206 mortuam,
2629 3139 2771 3194 sicut
2809 3136 3023 3209 Moyses
3066 3145 3121 3192 et
3148 3135 3330 3190 Aaron
3377 3132 3515 3206 legis

230 3254 413 3311 Israel
454 3255 510 3310 in
550 3252 842 3309 custodiam
869 3265 886 3303 :
912 3219 1095 3305 'lsrael
1124 3245 1268 3302 enim
1323 3245 1712 3315 interpretatur
1736 3237 1822 3293 vir
1846 3219 1891 3283 C
1920 3251 1978 3301 et
1996 3237 2285 3296 sacerdotii
2328 3237 2514 3303 tinem,
2544 3235 2639 3306 qui
2684 3250 2790 3291 non
2832 3232 3014 3289 valent
3042 3233 3113 3289 ad
3144 3241 3347 3287 terram
3386 3245 3512 3301 pro-

232 3350 433 3405 videns
471 3348 674 3414 Deum;
707 3353 764 3402 et
786 3347 927 3402 bene
953 3355 1213 3398 conversa
1238 3336 1527 3394 Gentilitas
1546 3332 1711 3390 lsrael
1741 3330 1823 3387 di-

232 3445 407 3510 citur,
431 3456 555 3514 qum
586 3439 755 3495 Deum
775 3439 889 3511 jam
922 3436 1027 3492 iide
1052 3431 1464 3503 contemplatur.

310 3534 484 3591 Extra
513 3542 707 3588 castra.
742 3529 878 3599 Quia
906 3526 1082 3585 omnis
1107 3523 1396 3582 Gentilitas
1432 3528 1589 3577 ostra
1625 3518 1821 3589 legem,

229 3636 395 3685 extra
428 3625 776 3691 sacriﬁcium,
814 3629 969 3680 extra
1007 3632 1356 3693 synagogam.

314 3718 633 3774 Purissimo.
664 3714 802 3785 Quia
842 3712 1028 3786 pravis
1065 3725 1132 3767 ac
1170 3708 1389 3782 pollutis
1417 3704 1687 3762 mentibus
1714 3719 1823 3759 non

230 3823 368 3872 sunt
407 3820 616 3870 secreta
644 3809 939 3867 Dominicat
976 3803 1369 3863 incarnationis
1412 3798 1694 3865 tradenda,
1730 3797 1827 3854 sed

232 3908 326 3964 bis
352 3907 445 3979 qui
476 3907 543 3962 ad
570 3905 729 3961 ﬁdem
756 3903 1036 3959 venientes
1067 3915 1164 3956 cor
1192 3896 1607 3954 mundaverunt.

314 3998 650 4059 [altitudini
678 3996 910 4067 ﬁliorum
939 3993 1120 4068 (Auc.,
1150 3993 1240 4047 ubi
1266 3988 1475 4065 supra.)
1501 3988 1617 4044 Alia
1645 3988 1826 4043 littera

233 4099 374 4155 etc.,
399 4106 563 4171 usque
587 4088 655 4143 ad
676 4096 737 4143 ut
780 4086 995 4142 ablutus
1026 4086 1191 4140 etiam
1234 4084 1581 4139 extrinsecus
1614 4080 1828 4135 iuvaret

233 4176 640 4258 quodammodo
664 4180 990 4239 vestimenta
1033 4193 1151 4233 sua.

314 4278 383 4333 In
409 4276 721 4333 custodiam.
760 4274 898 4343 Quia
933 4272 1211 4329 subtiliora
1254 4277 1595 4327 sacramenta
1614 4244 1851 4325 mundis;

233 4371 539 4431 Gentilium
585 4369 841 4426 cordibus
885 4365 1081 4422 tradita
1127 4364 1182 4420 in
1228 4362 1431 4418 mentis
1474 4360 1829 4416 munitionem

239 4469 529 4520 vertuntur
571 4460 706 4529 Quia
731 4460 858 4516 dum
882 4465 1091 4513 secreta
1113 4462 1167 4511 et
1184 4453 1404 4510 subtilia
1420 4450 1753 4524 operationis
1768 4447 1833 4504 il-

237 4555 349 4611 lius
373 4568 473 4625 per
500 4551 856 4607 imitationem
896 4547 1245 4611 attendimus,
1282 4559 1380 4616 per
1422 4545 1525 4599 hoc
1550 4540 1830 4598 nobislm-

240 4644 569 4703 munditiam
621 4642 1004 4716 providemus,
1052 4647 1277 4711 propter
1321 4636 1717 4709 operationem,
1772 4635 1826 4687 in

238 4743 549 4803 custodiam
572 4749 813 4797 nostram
840 4738 971 4794 llant
991 4737 1224 4801 cineres,
1248 4741 1469 4805 prepter
1498 4731 1828 4802 baptismum

240 4852 379 4895 vero
403 4836 457 4891 in
478 4848 675 4906 aquam
708 4828 1051 4901 aspersionls.
1085 4826 1237 4881 Tunc
1266 4826 1476 4881 cineres
1508 4823 1561 4877 in
1588 4828 1829 4879 nostram

242 4930 553 4991 custodiam
591 4926 814 4999 provide
857 4919 1213 4986 custodimus,
1253 4932 1377 4972 cum
1416 4914 1831 4982 Redemptorem

242 5034 495 5084 nostrum
524 5038 623 5093 pro
648 5017 1024 5090 iniquitatibus
1047 5012 1250 5069 nostris
1275 5024 1494 5081 passum
1525 5004 1836 5062 considera-

246 5133 373 5177 mus
437 5114 683 5173 sollicite.
735 5108 1129 5181 Perpendimus
1184 5103 1329 5159 enim
1389 5099 1522 5171 quid
1569 5098 1835 5155 retribuat

248 5208 431 5273 bonis,
461 5206 552 5276 qui
586 5202 758 5259 voluit
784 5199 923 5256 mori
961 5213 1062 5271 pro
1100 5195 1278 5257 malis,
1307 5190 1437 5264 quid
1476 5190 1542 5245 ad
1563 5187 1833 5259 justitiam

249 5305 376 5362 ﬁdei
404 5300 620 5358 adducti
648 5298 766 5370 ejus
802 5292 986 5368 gratiae
1019 5291 1331 5354 debeamus,
1354 5285 1445 5358 qui
1474 5285 1527 5339 in
1554 5280 1838 5352 iniquitate

248 5397 417 5470 positi
441 5390 886 5450 intercessionem
913 5384 1105 5441 mortis
1127 5380 1246 5453 eius
1275 5378 1603 5449 accepimus.

323 5492 471 5549 Vens
500 5488 675 5544 l0.—
695 5480 971 5538 Habebunt
1001 5479 1116 5532 hoc.
1148 5474 1330 5547 (Acta,
1358 5478 1543 5543 (μίτρη.
1573 5464 1689 5535 53.)
1718 5463 1837 5518 Alia

250 5584 459 5647 littera,
487 5589 623 5645 etc.,
659 5591 820 5647 usque
845 5573 914 5628 ad
942 5569 1087 5641 quod
1111 5563 1383 5638 signiﬁcat
1406 5573 1655 5631 vespera.

326 5675 496 5734 Vsus.
526 5672 614 5727 ll.
636 5666 832 5734 -——Qui
868 5660 1089 5734 tetigerit
1113 5675 1195 5714 ea.
1229 5654 1413 5730 (Acc.)
1457 5652 1561 5719 Qui
1609 5647 1835 5720 tetigerit

254 5771 618 5832 morticinum,
648 5771 754 5821 etc.
796 5758 990 5829 incipit
1037 5754 1218 5811 dicere
1259 5748 1531 5822 quomodo
1573 5741 1836 5800 immundi

263 5863 397 5923 facti
414 5860 681 5923 homines,
722 5863 855 5920 etc.,
884 5864 1049 5922 usque
1071 5846 1140 5903 ad
1164 5843 1458 5902 secundum
1501 5840 1605 5896 hoc
1634 5836 1837 5893 dictum

1921 3334 2198 3392 missionis
2221 3331 2521 3404 pervenire,
2552 3342 2671 3399 ,nec
2696 3325 2953 3400 populum
2982 3326 3050 3383 de
3077 3324 3367 3384 solitudine
3406 3324 3511 3379 hu-

1916 3428 2007 3500 jus
2034 3426 2218 3482 mundi
2249 3425 2503 3490 educere,
2531 3421 2675 3493 quod
2714 3420 2845 3477 facit
2886 3418 3030 3475 solus
3076 3414 3257 3483 Iesus,
3312 3416 3367 3471 id
3400 3423 3509 3483 est,

1926 3518 2177 3577 Salvator
2201 3517 2296 3572 Dei
2325 3515 2485 3571 illius.

2002 3608 2303 3664 Psrcutisns
2326 3608 2492 3678 virga.
2516 3604 2697 3679 (Aum,
2727 3610 2915 3675 quast.
2946 3600 3062 3672 55.)
3088 3599 3225 3669 Quis
3267 3600 3336 3657 de
3359 3607 3513 3670 petra

1924 3715 2065 3772 aqua
2091 3700 2286 3756 educta
2310 3706 2415 3764 est,
2447 3706 2576 3762 etc.,
2610 3711 2774 3767 usque
2800 3695 2870 3749 ad
2897 3693 3006 3749 duo
3030 3692 3179 3749 enim
3212 3692 3357 3765 ligna
3386 3698 3516 3753 sunt

1927 3810 2163 3945 mgnas.
2188 3878 2515 3948 lin—Quia
2542 3896 2649 3939 non
2676 3879 2993 3935 credidistis.
3024 3876 3215 3951 (lsm.,
3241 3876 3297 3931 iu
3323 3872 3516 3945 Num.)

1929 3981 2026 4037 ilic
2051 3979 2264 4052 Moyses
2298 3976 2588 4035 Dominum
2615 3972 2860 4040 offendit,
2907 3983 3037 4040 etc.,
3068 3986 3232 4043 usque
3259 3967 3330 4022 ad
3362 3964 3521 4023 Chri-

1928 4082 2039 4130 stus
2073 4072 2172 4128 Dei
2201 4072 2365 4128 uirtus
2389 4078 2439 4126 et
2468 4068 2564 4125 Dei
2592 4068 2853 4141 sapientia
2887 4076 2982 4123 est.

1999 4168 2165 4223 Vsus.
2219 4164 2308 4221 l5.
2342 4194 2414 4207 ——
2459 4161 2590 4219 lituo
2633 4169 2711 4217 est
2750 4177 2889 4232 aqua
2922 4156 3374 4218 contradictionis,
3430 4150 3521 4207 ubi

1922 4259 2129 4333 jurgati
2181 4256 2316 4328 ﬁlii,
2357 4264 2461 4312 etc.
2495 4252 2679 4327 (Λεία.)
2709 4253 2863 4321 Quod
2894 4252 2960 4307 de
2995 4263 3136 4318 aqua
3173 4246 3264 4301 illa
3311 4244 3518 4299 dictum

1931 4359 2036 4418 est,
2060 4358 2192 4416 etc.,
2223 4364 2384 4421 usque
2406 4346 2475 4401 ad
2497 4342 2566 4402 de
2597 4344 2716 4415 ipso
2742 4342 2888 4399 enirn
2928 4339 3132 4399 dicitur
3159 4354 3173 4392 :
3212 4335 3279 4391 In
3306 4347 3517 4405 signum

1934 4445 2021 4500 cui
2045 4441 2457 4506 contradicat”,
2488 4446 2595 4494 etc.
2626 4434 2777 4508 (Luc.
2804 4433 2897 4504 tl).

2155 4573 2169 4588 .
2214 4532 2303 4588 22.
2335 4560 2413 4573 -—
2442 4529 2510 4584 In
2550 4535 2778 4582 montem
2824 4522 2964 4590 Hor,
2990 4523 3083 4594 qui
3107 4531 3184 4578 est
3217 4522 3275 4578 in
3300 4522 3514 4593 ﬁnibus.

1935 4626 2118 4700 (ΗΑΒ.)
2156 4624 2456 4680 Tricesima
2495 4626 2688 4691 quarta
2713 4616 2924 4672 mansio
2943 4623 3050 4681 est,
3080 4624 3215 4682 etc.,
3246 4630 3411 4687 usque
3448 4614 3520 4672 ad

1932 4719 1997 4774 ad
2026 4716 2337 4788 paradisum
2361 4726 2636 4771 ascensus.

2010 4830 2168 4887 Vsus.
2196 4827 2284 4885 50.
2316 4826 2499 4883 Ouinis
2539 4832 2713 4878 autem
2759 4818 3064 4877 multitudo.
3110 4819 3290 4894 (Βευ.)
3334 4821 3519 4877 Aaron

1932 4924 2223 4998 plangitur,
2250 4920 2407 4977 Jesus
2430 4933 2538 4974 non
2564 4915 2854 4991 plangitur,
2885 4914 3010 4987 quia
3042 4913 3098 4969 in
3146 4913 3261 4984 lege
3295 4913 3522 4968 descen-

1937 5035 2030 5075 sus
2072 5018 2138 5071 ad
2167 5014 2421 5079 inferum,
2452 5011 2510 5067 in
2553 5008 2847 5081 Evangelio
2885 5009 2952 5063 ad
2980 5008 3291 5078 paradisum
3333 5014 3515 5060 trans-

1936 5108 2205 5180 migratio.
2240 5104 2411 5160 Flevit
2435 5102 2664 5175 populus
2700 5099 2923 5172 triginta
2964 5098 3173 5162 diebus,
3219 5095 3346 5167 quia
3394 5104 3520 5152 ante

1936 5204 2107 5275 legem
2132 5208 2186 5254 ct
2207 5199 2306 5254 sub
2327 5198 2444 5269 lege
2471 5204 2527 5251 et
2559 5194 2661 5251 sub
2683 5193 2857 5265 gratia
2885 5204 3157 5263 synagoga
3188 5204 3294 5243 non
3320 5188 3517 5258 recipit

1935 5296 2214 5371 spiritualc
2240 5293 2515 5371 gaudium,
2555 5291 2649 5347 sed
2690 5303 2853 5360 super
2893 5284 3229 5343 occidentem
3278 5282 3518 5338 litteram

1938 5398 2134 5448 maesta
2168 5388 2451 5445 incumbit.

2541 5493 2770 5557 CAPUT
2810 5488 2953 5549 XXI.

2015 5643 2179 5700 Vsus.
2196 5642 2222 5696 ι
2234 5680 2246 5693 .
2266 5669 2337 5683 --
2351 5636 2505 5706 Quod
2522 5650 2640 5691 cum
2662 5629 2916 5687 audisset.
2945 5625 3168 5685 Andivit
3186 5621 3527 5681 Chananqu

1943 5741 2086 5812 quod
2137 5736 2375 5793 venisset
2420 5730 2585 5788 Israel
2637 5728 2690 5783 in
2738 5724 2917 5780 locum
2967 5718 3397 5812 exploratorum,
3437 5717 3527 5773 ubi

1944 5806 2213 5903 ιίιιοιιιιαιιι
2253 5822 2478 5882 οίῐεηιιιι
2503 5815 2751 5891 populus,
2779 5812 2937 5869 inivis
2962 5808 3237 5882 pretium,
3264 5818 3323 5866 ,ι
3350 5806 3528 5881 βαρύ.
