4006 6352
441 345 544 401 M5

929 331 1324 391 WALAFRIDI
1365 329 1612 386 STRABI
1648 324 1856 383 FULD.
1899 317 2064 377 MON.
2104 317 2256 374 OPP.
2295 313 2476 372 PARS
2511 313 2555 368 ι.
2598 340 2666 353 --
2701 304 3157 364 THEOLOGICA.

3601 303 3712 359 H6

440 473 567 516 vum
612 455 767 512 duxit
799 449 981 507 Israel.
1028 449 1374 517 Rursumque
1423 440 1706 502 in.eodem
1750 441 1870 496 loco
1918 453 2021 508 pu-
2049 434 2104 496 Α
2125 431 2415 502 principes,
2443 436 2499 482 et
2525 427 2720 517 horum
2747 419 3110 517 sublimiores,
3133 430 3269 517 quos
3291 413 3585 517 appellavit
3623 429 3716 468 re-

442 559 657 625 gnatur,
703 561 772 603 ex
795 553 924 600 voto
968 542 1142 598 victor
1172 541 1428 604 vincitur,
1473 536 1601 592 victi
1652 539 1930 606 superant.
1967 528 2052 584 ln'

443 657 550 714 quo
572 658 574 660 ·
597 637 934 710 intelligitur,
974 641 1036 688 ut
1081 647 1204 688 cum
1235 647 1336 687 nos
1388 630 1483 685 Dei
1512 628 1713 685 auxilio
1742 626 2031 683 destitutos

447 732 741 791 invaserint
767 730 953 784 hostes
987 735 1044 782 et
1071 723 1484 796 captivaverint,
1506 735 1616 776 non
1647 721 2028 796 desperemus;

446 808 629 899 potest
650 823 796 879 enim
823 819 941 875 ﬁeri
971 826 1031 873 ut
1061 817 1342 872 vincamus
1378 813 1468 868 ubi
1493 812 1624 868 victi
1653 825 1859 867 sumus.
2019 795 2027 805 ’

519 917 686 972 Vens.
720 910 1184 967 5.—Anathema.
1216 905 1397 978 (Auc.,
1428 911 1614 974 quaest.
1642 901 1713 955 40
1749 901 1803 954 in
1842 895 2033 969 Num.)

450 1009 570 1066 Alia
600 1008 779 1062 littera
810 1012 918 1060 etc.
941 1043 956 1070 ,
985 1015 1147 1072 usque
1177 997 1246 1053 ad
1291 996 1435 1052 idem
1465 1003 1548 1050 est
1589 991 1734 1064 quod
1771 990 2032 1054 devoveo,

457 1098 718 1154 detestor.

525 1186 691 1242 Vens.
720 1180 1106 1252 4.-—Profecti
1153 1189 1295 1246 sunt,
1337 1186 1441 1234 etc.
1473 1177 1750 1250 (Hnmon.,
1780 1174 1933 1244 epist.
1968 1171 2038 1225 ad

456 1275 782 1347 Fabiolam.)
808 1265 1104 1330 Tricesima
1131 1271 1319 1342 quinta
1341 1269 1573 1332 mansio,
1603 1275 1734 1331 etc.,
1776 1279 1937 1334 usque
1969 1260 2038 1317 ad

455 1383 551 1426 ore
577 1375 761 1422 autem
789 1363 1058 1420 confessio
1087 1361 1154 1416 ad
1180 1360 1408 1416 salutem
1432 1357 1610 1428 (Rom.
1651 1356 1732 1426 x).

451 1506 454 1507 ν
533 1462 693 1517 Vsus.
716 1455 977 1515 8.—Fac
1001 1464 1286 1526 serpentem
1310 1452 1463 1524 (lsm.
1495 1452 1550 1505 in
1579 1449 1773 1514 Num.,
1799 1457 1933 1505 tom.
1952 1444 2040 1520 V.)

459 1553 674 1610 Mersus
722 1557 1032 1622 serpentum
1062 1547 1297 1604 exaltato
1325 1555 1380 1601 et
1423 1546 1672 1616 inspecto
1711 1557 1863 1598 aeneo
1921 1556 2042 1597 ser-

460 1654 624 1718 pente
648 1643 998 1708 sanabantur,
1030 1650 1160 1706 etc.,
1203 1639 1364 1710 us‘que
1397 1638 1466 1691 ad
1497 1637 1631 1692 vivit
1659 1650 1756 1707 per
1784 1633 2046 1718 Divinita-

463 1747 572 1795 tem
599 1737 758 1809 quasi
789 1749 989 1791 aeneus.
1909 1715 1914 1718 ’

2133 537 2244 593 ges.
2270 519 2393 576 Ideo
2418 519 2473 574 in
2501 516 2718 590 hymnis
2745 514 2954 570 canitur
2981 512 3096 567 Deo
3124 508 3266 580 apud
3291 507 3438 562 hunc
3464 513 3714 577 puteum,

2132 622 2187 670 et
2209 613 2472 682 scriptum
2503 617 2589 666 est
2612 608 2868 679 quoniam
2888 606 2976 661 hic
2994 615 3078 661 est
3103 611 3298 674 puteus
3318 615 3481 673 super
3501 616 3611 671 quo
3631 601 3714 656 lo-

2133 715 2290 763 cutus
2311 712 2396 759 est
2420 702 2681 758 Dominus
2702 698 2870 771 Moysi
2899 717 2912 752 :
2937 694 3208 767 Congrega
3225 691 3476 765 populum
3501 701 3548 746 et
3579 692 3717 745 dabo

2132 803 2179 856 ei
2201 815 2393 872 aquam
2421 797 2484 852 de
2514 804 2688 868 puteo.

2205 892 2473 962 Congrega
2513 887 2760 959 populum
2800 899 2848 939 et
2891 883 3046 938 dabo.
3093 880 3208 947 Lex
3253 885 3519 936 convocat
3561 886 3614 932 te
3651 877 3722 931 ad

2134 994 2383 1058 puteum,
2411 982 2708 1046 Christum,
2739 979 2946 1036 scilicet
2974 975 3071 1033 Dei
3103 974 3323 1040 Filium,
3353 973 3574 1044 propria
3601 973 3724 1043 qui-

2141 1080 2262 1135 dem
2287 1075 2592 1134 substantia
2630 1075 3036 1137 subsistentem,
3060 1085 3168 1125 uno
3192 1078 3376 1124 tamen
3404 1083 3532 1124 cum
3558 1067 3724 1121 Patre

2139 1179 2196 1227 et
2225 1170 2429 1240 Spiritu
2464 1167 2690 1224 Deitatis
2721 1165 2866 1221 fonte
2891 1163 3243 1218 nominatum.
3289 1161 3373 1218 Ad
3411 1161 3557 1216 hunc
3595 1174 3728 1229 ergo

2140 1269 2378 1333 puteum,
2425 1259 2480 1314 id
2516 1265 2601 1314 est
2643 1257 2711 1312 ad
2764 1253 2967 1311 Christi
3011 1253 3173 1308 tidem
3214 1259 3478 1308 convocat
3519 1260 3574 1305 te
3617 1250 3724 1304 lex.

2144 1352 2271 1407 Inde
2292 1351 2407 1422 ipse
2427 1350 2592 1407 dicit:
2620 1349 2744 1419 quia
2769 1346 2976 1417 Moyses
3001 1345 3066 1400 de
3089 1361 3169 1398 me
3189 1343 3396 1413 scripsit
3419 1341 3604 1412 (Joan.
3631 1343 3726 1412 Iv).

2147 1442 2316 1498 Vocat
2368 1449 2550 1496 autem
2598 1447 2660 1494 ut
2705 1439 2954 1494 bibamus
3003 1450 3191 1506 aquas,
3237 1443 3291 1490 et
3343 1441 3632 1488 cantemus
3683 1433 3732 1486 ei

2147 1537 2416 1596 canticum
2443 1576 2458 1603 ,
2491 1535 2545 1590 id
2574 1542 2677 1599 est,
2707 1532 2860 1587 corde
2886 1531 3160 1586 credamus
3187 1527 3256 1582 ad
3275 1527 3540 1597 justitiam
3570 1533 3618 1577 ct
3649 1540 3734 1576 ore.

2149 1630 2494 1698 conﬁteamur
2513 1626 2582 1681 ad
2603 1624 2826 1681 salutem
2851 1621 3030 1695 (Rom.
3060 1619 3140 1694 κ).

2222 1719 2388 1775 Vens.
2422 1719 2509 1773 17.
2534 1714 2886 1770 -Αεεεηάαι
2923 1722 3128 1783 puteus.
3166 1708 3372 1783 (0316.)
3404 1708 3621 1764 lnitiate
3664 1705 3738 1761 illi

535 1797 700 1888 Veiis.
733 1825 1245 1898 lO.—Profectique
1291 1825 1392 1894 ﬁlii
1442 1824 1615 1880 Israel
1666 1820 2048 1886 castrametati,
2078 1798 2128 1858 Β
2155 1822 2398 1886 puteum,
2429 1811 2485 1866 id
2509 1817 2594 1866 est
2619 1807 2832 1865 initium
2860 1805 3098 1860 omnium
3124 1802 3306 1872 ponite
3333 1809 3581 1871 puteum,
3611 1797 3738 1866 quia

466 1932 574 1980 etc.
626 1921 926 1977 Tricesima
967 1917 1195 1989 septima
1241 1913 1452 1972 mansio
1488 1922 1571 1971 est
1600 1915 1655 1970 in
1687 1911 1890 1971 Oboth.
1937 1926 2058 1982 quae

468 2016 701 2074 vertitur
728 2015 784 2070 in
814 2011 1111 2093 magosvel
1140 2011 1424 2083 pythones.
1459 2010 1595 2078 Quia
1616 2017 1740 2080 post
1765 2005 2058 2079 imaginem

466 2107 592 2174 Dei,
615 2121 735 2178 quae
762 2105 816 2160 in
845 2103 1022 2160 cordis
1049 2101 1258 2158 ratione
1278 2107 1629 2165 monstratur,
1643 2107 1700 2154 et
1721 2097 2058 2155 confessione

471 2199 646 2266 ﬁdei,
703 2213 821 2269 quae
869 2211 965 2252 ore
1013 2193 1286 2265 profertur
1311 2234 1324 2259 ,
1389 2200 1722 2263 consurgunt
1781 2197 2060 2260 serpentes

469 2298 524 2346 et
548 2287 806 2345 maleficae
843 2297 1021 2355 artes;
1052 2301 1152 2342 nos
1177 2291 1357 2340 autem
1384 2283 1531 2338 omni
1561 2281 1807 2338 custodia
1834 2295 2055 2336 servan-

473 2391 557 2438 tes
598 2395 696 2436 cor
751 2387 1018 2444 nostrum,
1067 2376 1384 2432 obturemus
1431 2387 1611 2440 aures,
1665 2387 1735 2427 ne
1778 2371 2061 2428 audiamus

473 2490 634 2532 voces
665 2472 1056 2529 incantantium
1080 2478 1136 2524 et
1161 2469 1408 2524 carmina
1435 2467 1761 2522 sirenarum.
1783 2495 1786 2504 -

546 2570 711 2626 Vens.
738 2567 823 2621 H.
841 2562 1073 2618 —Unde
1099 2563 1310 2633 egressi.
1338 2561 1615 2633 (lituum,
1642 2559 1732 2613 ubi
1764 2555 1969 2630 supra.)
2004 2555 2064 2613 In

476 2659 771 2722 Jeabarim,
813 2663 940 2721 etc.,
985 2671 1148 2724 usque
1183 2653 1251 2707 ad
1303 2653 1408 2706 hoc
1459 2659 1641 2706 autem
1689 2653 1879 2706 eerum
1933 2662 2062 2719 pro-

479 2753 601 2826 prie
628 2760 711 2808 est
749 2750 842 2821 qui
867 2747 996 2805 solis
1020 2746 1244 2818 iustitiae
1273 2752 1452 2800 ortum
1483 2743 1850 2800 considerant.

556 2846 721 2901 Vens.
761 2841 934 2898 12.-—
961 2838 1218 2894 Venerunt
1267 2837 1336 2891 ad
1379 2845 1656 2892 torrentem
1700 2834 1910 2901 Zareth,
1961 2841 2066 2891 etc.

484 2934 665 3009 (ΚΑΒ.)
692 2932 990 2990 Tricesima
1017 2945 1157 2986 nona
1183 2929 1392 2985 mansio
1411 2927 1588 2982 fuitin
1615 2927 1913 2999 Dibongad,
1935 2935 2068 2994 etc.,

483 3043 646 3098 usque
709 3025 778 3080 ad
837 3025 946 3104 sed
986 3023 1316 3094 propositam
1368 3021 1523 3076 nobis
1587 3020 1932 3076 solitudinem
1994 3019 2064 3074 ti-

489 3135 752 3176 meamus.

2160 1910 2274 1980 ipse
2313 1919 2397 1962 est
2431 1903 2755 1976 principium
2779 1907 2833 1956 et
2857 1896 3249 1970 primogenitus
3275 1893 3452 1950 omnis
3479 1899 3744 1947 creaturae

2163 2001 2344 2074 (Apoc.
2371 1997 2476 2070 m).

2233 2091 2330 2148 Vel
2372 2091 2474 2156 sic,
2517 2095 2577 2144 ut
2603 2087 2768 2143 verba
2803 2085 3104 2155 dirigantur
3123 2097 3190 2138 ex
3220 2096 3455 2152 persona
3476 2079 3653 2151 Moysi
3679 2079 3744 2132 ad

2159 2182 2416 2262 populum
2451 2199 2464 2234 :
2503 2179 2648 2242 Date,
2667 2177 2883 2234 initium
2903 2175 3053 2232 cordi
3083 2182 3285 2239 vestro,
3304 2182 3381 2228 .ut
3416 2173 3644 2242 incipiat
3666 2171 3746 2224 iu-

2163 2283 2406 2353 telligere
2433 2274 2563 2345 quid
2608 2273 2680 2328 sit
2715 2280 2930 2342 puteus,
2979 2270 3045 2325 de
3090 2284 3196 2338 quo
3247 2267 3558 2338 spirituales
3596 2281 3748 2336 aqua:

2162 2377 2474 2432 haurienda”:
2501 2375 2660 2434 sunt,
2704 2373 2759 2422 et
2781 2363 3106 2421 reﬁciendus
3147 2373 3233 2417 est
3264 2359 3494 2432 populus
3524 2358 3750 2414 creden-

2165 2469 2318 2524 tium.
2342 2467 2557 2522 lnitiate
2583 2474 2716 2536 ergo
2737 2457 2812 2525 ei,
2843 2457 2899 2512 id
2927 2463 3012 2511 est
3029 2453 3239 2520 lsraeli,
3257 2453 3412 2524 hunc
3427 2462 3677 2523 puteum,
3695 2461 3753 2505 ut

2166 2575 2385 2617 sensum
2425 2558 2710 2631 mysticum
2755 2551 2802 2612 si
2831 2548 2952 2619 quis
2989 2564 3058 2603 ex
3090 2547 3254 2603 corde
3284 2546 3452 2612 videt,
3491 2544 3662 2599 Deum
3689 2544 3755 2599 de

2164 2651 2446 2724 profundis
2486 2650 2657 2720 possit
2699 2647 2936 2703 haurire.
2979 2638 3064 2698 Ad
3091 2639 3236 2694 hunc
3272 2645 3490 2722 puteum
3519 2635 3754 2707 Moyses,

2169 2745 2222 2802 id
2243 2751 2328 2801 est
2349 2743 2436 2800 lex
2457 2749 2772 2823 congregat,
2802 2741 2869 2795 ad
2894 2754 3053 2811 quem
3090 2731 3306 2787 Videtur
3335 2729 3534 2800 aliquis
3561 2742 3756 2823 per—vc—

2168 2836 2307 2903 nire,
2346 2835 2440 2891 sed
2475 2817 2588 2889 nisi
2609 2847 2708 2904 per
2735 2831 2954 2903 Moysen
2993 2833 3353 2902 congregetur
3387 2835 3496 2876 non
3521 2827 3606 2877 est
3645 2817 3759 2878 Deo

2173 2941 2444 3002 acceptus.
2486 2929 2724 2985 Marcion
2749 2928 2962 2984 videtur
2993 2926 3097 2983 sibi
3118 2925 3356 2991 venisse,
3384 2932 3438 2979 et
3466 2923 3754 2988 Basilides,

2173 3033 2228 3079 et
2256 3020 2568 3076 Valentinus
2605 3033 2620 3072 :
2663 3018 2757 3074 sed
2784 3018 2907 3088 quia
2943 3033 3051 3072 non
3086 3023 3354 3071 venerunt
3388 3030 3486 3086 per
3512 3013 3754 3085 Moysen,

2175 3131 2279 3172 nec
2303 3121 2629 3184 acceperunt
2656 3111 2826 3183 legem
2851 3119 2904 3166 et
2933 3110 3238 3181 prophetas,
3267 3125 3373 3164 non
3391 3117 3618 3180 possunt
3643 3108 3758 3161 lau-

560 3168 839 3268 vei-Qu.
864 3207 1020 3264 —-1n
1050 3209 1181 3264 libro
1207 3207 1479 3264 bellorum.
1514 3206 1695 3280 (Auc.,
1729 3215 1918 3278 quast.
1951 3204 2068 3278 42.)
2097 3168 2143 3232 Ο
2548 3203 2614 3258 de
2641 3168 2879 3257 fontibus
2906 3168 3090 3254 Israel.
3128 3168 3245 3254 Non
3274 3168 3500 3254 veni-unt
3531 3215 3660 3270 ergo
3691 3201 3758 3253 ad

489 3304 607 3361 Non
648 3304 784 3360 dixit
817 3304 873 3358 in
907 3317 1016 3374 quo
1055 3302 1196 3358 libro
1231 3303 1492 3372 scriptum
1518 3301 1604 3363 sit,
1639 3309 1768 3366 etc.,
1805 3317 1967 3372 usque
2001 3299 2070 3355 ad

495 3396 824 3454 scriberetur
851 3393 905 3448 in
930 3393 1111 3464 aliquo
1135 3407 1321 3448 eorum
1347 3391 1486 3446 libro
1509 3391 1708 3447 bellum
1733 3390 1964 3446 Domini.

563 3487 725 3543 Vens.
742 3483 990 3541 l6.-—E:c
1001 3501 1059 3539 eo
1073 3484 1207 3550 loco,
1221 3492 1326 3539 etc.
1347 3482 1553 3556 (Orum,
1570 3483 1710 3537 hom.
1729 3483 1798 3537 12
1811 3483 1866 3537 in
1884 3481 2072 3554 Num.)

498 3579 638 3648 Quid
677 3587 760 3635 est
803 3579 949 3648 quod
987 3591 1313 3646 magnopere
1350 3576 1595 3647 praecipit
1624 3575 1906 3640 Dominus,
1941 3581 2071 3640 etc.,

497 3690 660 3746 usque
700 3673 768 3726 ad
803 3673 929 3741 quia
969 3685 1074 3725 una
1107 3679 1191 3726 est
1230 3669 1535 3726 substantia
1573 3679 1630 3725 et
1665 3677 1859 3725 natura
1898 3668 2077 3724 Trini-

497 3766 645 3822 tatis.

571 3857 698 3928 (ln.,
737 3854 894 3926 ibid.)
927 3854 1163 3910 Possunt
1185 3860 1242 3909 et
1266 3852 1343 3908 illi
1365 3853 1516 3922 putei
1541 3851 1732 3914 videri,
1757 3860 1886 3918 etc.,
1917 3869 2081 3923 usque

503 3949 572 4003 ad
600 3958 655 4003 et
677 3956 878 4003 terram
907 3947 1156 4011 removit,
1187 3961 1350 4016 quam
1375 3945 1674 4016 iniecerant
1692 3945 1970 4002 Philistaei.

573 4035 874 4094 Notandum
919 4045 1097 4092 autem
1150 4036 1298 4106 quia,
1350 4035 1479 4092 dum
1523 4036 1732 4092 viveret
1781 4036 2081 4103 Abraham,

504 4145 611 4186 non
643 4137 769 4186 sunt
806 4129 923 4185 ausi
961 4128 1220 4184 Pliilistaai
1259 4127 1467 4199 replere
1503 4137 1696 4199 puteos
1731 4136 1825 4184 aut
1865 4129 2087 4198 injicere

504 4231 724 4288 terram,
753 4223 847 4278 sed
879 4237 944 4277 eo
978 4229 1192 4277 mortuo
1230 4220 1578 4276 invaluerunt
1612 4231 1668 4276 et
1695 4221 1933 4278 insidiati
1963 4231 2090 4280 sunt

501 4317 678 4390 puteis
709 4313 860 4386 ejus,
890 4314 984 4370 sed
1013 4321 1338 4384 reparantur
1361 4327 1459 4383 per
1494 4313 1690 4376 Isaac...
1703 4314 1846 4371 Puer
1873 4331 2090 4386 quoque

503 4409 734 4464 Abrahae
763 4409 828 4462 ad
851 4415 1040 4478 puteos
1073 4407 1279 4462 invenit
1316 4405 1644 4474 Rebeccam,
1669 4422 1789 4478 qua:
1816 4407 2088 4480 interpre-

2173 3307 2394 3372 puteum
2426 3297 2588 3364 tales,
2615 3311 2766 3367 quem
2803 3294 3044 3364 {oderunt
3081 3294 3340 3364 principes
3376 3291 3531 3365 (Gen.
3569 3293 3681 3364 xrv)
3708 3302 3760 3348 et

2175 3391 2510 3448 excuderunt
2535 3403 2708 3460 reges.
2745 3387 2838 3442 Est
2867 3395 3048 3441 autem
3076 3386 3232 3442 vallis
3255 3386 3397 3442 salsa
3419 3388 3474 3442 in
3503 3404 3609 3458 qua
3633 3397 3757 3442 sunt

2176 3489 2326 3561 putei
2359 3485 2639 3543 bituminis
2670 3504 2682 3538 :
2711 3484 2888 3539 omnis
2921 3491 3100 3538 autem
3130 3483 3355 3540 haeresis
3373 3491 3429 3539 et
3447 3497 3608 3539 omne
3638 3499 3760 3553 pec-

2177 3591 2358 3638 catum
2387 3581 2442 3634 in
2468 3577 2607 3634 valle
2633 3585 2739 3642 est,
2778 3586 2833 3632 et
2861 3575 2917 3631 in
2938 3576 3078 3630 valle
3109 3576 3270 3632 salsa.
3299 3574 3587 3634 Peccatum
3617 3580 3756 3633 enim

2179 3689 2288 3728 non
2313 3670 2558 3727 ascendit
2585 3684 2826 3734 sursum,
2854 3668 2948 3724 sed
2971 3683 3183 3738 semper
3204 3669 3274 3723 ad
3293 3669 3402 3724 ima
3427 3679 3482 3724 et
3505 3667 3756 3726 inferiora

2181 3764 2474 3821 descendit.
2511 3761 2611 3817 Est
2641 3775 2770 3831 ergo
2797 3760 2850 3814 in
2885 3758 3026 3814 valle
3052 3758 3280 3829 positus,
3321 3758 3495 3815 salsus
3523 3768 3578 3814 et
3611 3775 3756 3814 ama-

2181 3871 2275 3912 rus
2298 3855 2474 3912 omnis
2501 3853 2788 3910 hiereticus
2821 3867 3008 3908 sensus
3025 3892 3040 3918 ,
3064 3859 3119 3906 et
3144 3851 3321 3906 omnis
3345 3853 3556 3922 peccati
3584 3860 3755 3908 actus.

2183 3948 2322 4017 Quid
2354 3947 2502 4003 enim
2535 3944 2714 4011 dulce,
2754 3944 2883 4014 quid
2920 3961 3084 3999 suave
3111 3953 3289 4015 potest
3326 3945 3530 4002 habere
3570 3961 3759 4018 pecca-

2186 4040 2334 4098 tum?
2365 4038 2423 4094 Si
2456 4046 2633 4093 autem
2668 4037 2885 4092 veneris
2917 4037 2983 4092 ad
3020 4037 3330 4093 haereticam
3363 4038 3684 4094 sententiam
3709 4047 3761 4093 et

2187 4132 2603 4188 amaritudinem
2639 4129 2868 4200 peccati,
2904 4128 3102 4184 venisti
3131 4129 3198 4185 ad
3235 4139 3430 4200 puteos
3466 4131 3754 4193 bituminis,

2186 4224 2331 4296 quod
2371 4230 2454 4278 est
2491 4235 2616 4276 esca
2649 4229 2704 4275 et
2742 4219 3129 4274 nutrimentum
3167 4220 3307 4292 ignis
3371 4219 3429 4275 Si
3467 4221 3760 4291 gustaveris

2192 4330 2389 4386 aquam
2414 4315 2482 4370 de
2501 4313 2586 4368 his
2609 4312 2807 4384 puteis,
2835 4311 2882 4367 si
2905 4312 3218 4367 lwereticum
3240 4327 3460 4373 sensum
3482 4320 3539 4366 et
3559 4312 3760 4382 peccati

2191 4409 2604 4468 amaritudinem
2649 4406 2940 4476 receperis,
2983 4405 3221 4462 fomenta
3249 4406 3394 4477 ignis
3419 4415 3476 4460 et
3509 4407 3760 4478 gebenna:

505 4509 651 4556 tatur
685 4497 951 4591 Patientia
977 4516 992 4552 :
1022 4499 1138 4554 haec
1177 4496 1405 4591 ellicitur
1432 4515 1572 4591 uror
1607 4499 1789 4591 Isaac,
1819 4501 1914 4557 sed
1948 4501 2088 4573 apud
2114 4529 2168 4591 Ι)
2193 4505 2441 4563 incendia
2465 4504 2520 4559 in
2550 4512 2602 4557 te
2625 4501 2976 4572 praeparabis.
3006 4499 3227 4555 Talibus
3254 4499 3454 4555 dicitur
3487 4520 3499 4553 :
3537 4499 3761 4554 Incedile

505 4598 698 4662 puteos
737 4589 892 4660 (Gen.
941 4605 1102 4667 xxiv,
1141 4590 1325 4662 nix);
1359 4590 1608 4646 similiter
1648 4589 1816 4648 Jacob
1853 4607 1978 4646 cum
2018 4592 2084 4648 ad
2115 4589 2140 4591 ί
2188 4604 2243 4657 in
2263 4597 2458 4652 lumine
2479 4593 2614 4664 ignis
2643 4592 2816 4656 vestri,
2841 4599 2946 4647 etc.
2972 4589 3109 4663 (Isa.
3140 4589 3217 4664 ι.)

510 4680 949 4750 Mesopotamiam
990 4680 1140 4735 venit
1177 4681 1382 4736 habens
1424 4690 1756 4752 praeceptum
1795 4683 1988 4754 patris,
2018 4700 2087 4738 ne

511 4775 871 4844 alienigenam
903 4772 1126 4829 duceret
1166 4788 1425 4841 uxorem,
1467 4775 1610 4845 apud
1651 4783 1846 4845 puteos
1885 4775 2090 4832 invenit

511 4869 747 4935 Rachel;
780 4877 835 4924 et
859 4869 1071 4940 Moyses
1093 4867 1391 4939 Sephoram
1419 4867 1618 4939 (Exod.
1652 4868 1736 4938 ιι).
1770 4867 1828 4922 Si
1854 4883 1984 4940 ergo
2005 4869 2089 4922 in-

511 4963 764 5019 tellexisti
791 4977 912 5033 qua;
939 4969 994 5018 et
1012 4962 1199 5032 quales
1220 4963 1331 5018 sint
1351 4967 1661 5017 sanctorum
1685 4975 1904 5026 uxores,
1934 4961 1978 5017 si
2005 4961 2089 5017 vis

511 5057 823 5128 patientiam
857 5056 910 5110 in
948 5055 1255 5126 coniugium
1291 5066 1535 5118 sumere,
1565 5051 1652 5105 vel
1681 5050 2002 5123 sapientiam
2038 5061 2095 5110 et

515 5148 649 5204 alias
673 5148 840 5203 animi
859 5147 1119 5213 virtutes,
1151 5155 1207 5203 et
1236 5147 1417 5203 dicere
1446 5143 1591 5215 quod
1616 5145 1683 5200 de
1717 5144 1983 5216 sapientia
2015 5146 2096 5202 di-

516 5249 663 5296 ctum
702 5247 786 5295 est
823 5257 838 5292 :
881 5237 1035 5295 Hanc
1070 5238 1285 5310 quaesivi
1322 5235 1451 5292 mihi
1476 5234 1662 5290 ducere
1687 5252 1904 5292 uxorem
1937 5235 2091 5308 (Sap.

515 5330 636 5402 vni)
654 5372 670 5398 ,
702 5339 821 5387 esto
852 5333 1068 5388 assidue
1093 5331 1238 5388 circa
1268 5336 1461 5402 puteos
1481 5328 1637 5394 istos,
1669 5336 1724 5384 et
1755 5329 1830 5386 ibt
1858 5330 2095 5400 reperies

518 5424 825 5494 huiusmodi
847 5427 1148 5498 coniugem,
1173 5424 1298 5495 quia
1318 5423 1458 5494 apud
1481 5424 1710 5479 viventis
1725 5424 1871 5480 verbi
1893 5423 2094 5480 ﬂuenta

519 5525 724 5572 certum
765 5525 848 5573 est
873 5517 1120 5572 habitare
1149 5515 1396 5570 virtutes.
1433 5512 1574 5568 Sunt
1606 5529 1734 5586 ergo
1766 5515 1919 5569 multi
1951 5515 2096 5586 putei

521 5609 664 5664 intra
689 5609 959 5676 animam,
989 5618 1046 5666 et
1077 5608 1166 5664 alii
1191 5607 1408 5678 plurimi
1438 5607 1494 5662 in
1525 5607 1748 5679 singulis
1789 5607 2098 5679 Scriptura-

522 5715 641 5756 rum
665 5702 1006 5758 sermonibus
1030 5709 1085 5756 et
1113 5699 1358 5756 sensibus
1393 5718 1406 5753 :
1431 5707 1514 5754 est
1540 5706 1720 5756 tamen
1755 5699 1844 5754 hic
1859 5701 2098 5754 eminen-

527 5791 633 5847 tior
669 5810 822 5864 quem
873 5793 1141 5864 foderunt,
1191 5807 1298 5850 non
1344 5792 1648 5864 quicunque
1697 5793 1962 5859 homines,
2004 5794 2100 5848 sed

2261 4691 2426 4747 Vens.
2447 4689 2532 4744 l6.
2550 4721 2622 4730 -——
2636 4687 2904 4745 Foderunt
2929 4688 3078 4743 illum
3102 4688 3360 4759 principes
3380 4698 3426 4744 et
3449 4690 3757 4743 excuderunt

2191 4803 2352 4857 reges.
2367 4783 2647 4853 Principes
2661 4797 2790 4855 ergo
2801 4782 3073 4848 foderunt,
3092 4795 3244 4852 reges
3255 4783 3615 4847 excuderunt,
3629 4780 3760 4851 quod

2193 4877 2261 4933 ab
2285 4875 2614 4939 excudendo,
2640 4890 2745 4930 non
2761 4875 3057 4930 excidenda
3071 4875 3271 4930 dictum
3285 4883 3387 4930 est.
3405 4874 3614 4930 Excudi
3627 4875 3759 4930 enim

2193 4967 2422 5031 dicitur,
2455 4966 2598 5038 quod
2626 4966 2680 5020 in
2705 4981 2836 5021 saxo
2872 4965 3098 5021 creditur
3129 4966 3214 5022 vel
3243 4965 3528 5021 formatur.
3560 4965 3758 5020 Princi-

2194 5074 2290 5130 pes
2320 5072 2450 5129 ergo
2491 5067 2745 5127 tanquam
2785 5056 3067 5113 inferiores
3105 5055 3376 5124 foderunt,
3407 5057 3461 5112 id
3502 5067 3588 5114 est
3619 5055 3762 5127 quasi

2195 5154 2437 5208 interrae
2477 5151 2751 5206 mollitiem
2794 5151 3130 5208 altitudinem
3169 5155 3460 5220 quamdam
3504 5153 3762 5208 demerse-

2195 5251 2324 5299 runt
2355 5260 2368 5295 :
2401 5243 2455 5298 hi
2497 5257 2629 5298 vero
2671 5256 2808 5313 quos
2840 5257 2996 5313 reges
3024 5243 3274 5314 appellat,
3311 5244 3470 5314 quasi
3497 5243 3759 5304 fortiores.

2194 5352 2303 5391 non
2331 5335 2504 5390 solum
2545 5334 2705 5390 terra:
2737 5333 3060 5406 profundum
3080 5377 3094 5402 ,
3126 5336 3220 5390 sed
3251 5336 3366 5391 saxi
3401 5336 3658 5392 duritiam
3683 5352 3764 5407 pe-

2204 5437 2440 5494 netrant,
2496 5437 2556 5483 ut
2600 5429 2913 5500 perveniant
2972 5431 3038 5485 ad
3079 5429 3458 5500 profundiorcs
3489 5448 3686 5502 aquas,
3717 5439 3764 5484 et

2204 5521 2348 5593 ipsas
2369 5522 2547 5594 abyssi
2575 5536 2740 5576 venas
2758 5531 3187 5591 perscrutentur,
3213 5523 3659 5595 scientesiudicia
3680 5522 3763 5577 Dei

2204 5628 2324 5668 esse
2347 5613 2598 5684 abyssum
2623 5613 2868 5667 multam.
2899 5612 2964 5667 lli
2991 5621 3117 5668 sunt
3140 5612 3385 5682 apostoli,
3417 5629 3646 5683 quorum
3674 5613 3762 5666 ali-

2206 5704 2327 5773 quis
2349 5703 2477 5758 dicit
2504 5721 2516 5756 :
2559 5703 2724 5758 Nobis
2749 5713 2922 5760 autent
2962 5704 3200 5759 reuelauit
3229 5705 3370 5760 Dens
3399 5721 3492 5774 per
3523 5705 3762 5774 Spiritum

2207 5811 2390 5860 suum;
2422 5793 2648 5865 Spiritus
2681 5795 2818 5851 enim
2852 5796 3027 5851 omnia
3059 5807 3326 5853 scrutatur
3357 5797 3514 5852 etiam
3547 5795 3650 5850 alta
3679 5792 3762 5846 Dei

3959 1821 3961 1866 l

3959 1883 3961 1902 l

3959 1947 3961 1984 l

3959 2141 3961 2160 ι

3959 4233 3961 4262 |
