4006 6352
482 416 588 476 41³9

974 410 1369 469 WALAFRIDI
1409 400 1656 467 STRABI
1686 402 1890 465 FULD.
1932 398 2103 462 ΜΘΝ.
2138 402 2293 462 OPP.
2334 398 2515 459 PARS
2542 394 2587 457 ι.
2629 428 2696 441 -—
2736 398 3192 457 THEOLOGICA.

3620 396 3733 456 420

550 527 716 584 Vm.
744 523 839 579 87;
876 552 947 564 —
974 518 1183 577 Idcirco
1220 522 1432 576 dicitur.
1464 517 1668 590 (0am,
1710 517 1800 573 ubi
1836 517 2040 588 supra.)
2067 521 2120 581 Α
2144 517 2415 589 quomodo
2438 516 2765 589 loquendum
2805 515 2880 571 sit
2917 530 3041 571 cum
3071 514 3290 581 talibus,
3319 526 3445 569 cunt
3473 512 3737 585 loquatur

475 618 596 674 Alia
623 617 824 682 littora,
860 624 1002 682 αα,
1032 626 1197 686 usque
1220 614 1294 669 ad
1322 624 1431 669 non
1456 610 1917 678 Amorrhacorum,
1953 610 2049 667 sed

478 711 712 769 illion
738 702 927 766 lsrael.

547 800 714 857 Vens.
740 799 918 855 ἢθη-ι
947 795 1038 853 Vae
1064 794 1179 865 nu,
1207 796 1386 853 loco.
1414 794 1597 868 (llam)
1625 794 1859 852 Obaritos
1880 791 2051 848 inter-

474 901 757 967 pretatur,
786 898 940 967 εαξη
986 902 1153 962 usque
1193 889 1263 944 ad
1296 896 1485 946 contra
1518 896 1656 960 quas
1684 886 1888 944 dicer
1919 902 1933 941 :
1965 885 2050 942 Ne

472 956 657 1041 Emam
682 956 872 1039 an.
904 956 1111 1038 mis
1147 980 1449 1052 conﬁtentes
1481 956 1575 1036 ιιιὶε
1614 977 1788 1053 (Paul.
1830 978 2044 1052 ιιιιη).

545 1077 713 1133 Vsus.
764 1074 857 1131 δί.
885 1102 956 1118 --
997 1073 1192 1141 laser,
1232 1072 1288 1130 id
1326 1081 1413 1131 est
1438 1073 1809 1129 fortitudinem
1836 1080 2044 1127 eorum.

472 1167 793 1225 Fortissima
830 1165 1039 1222 scilicet
1075 1166 1453 1223 hereticorum
1483 1164 1734 1236 dOgmata
1768 1163 2046 1220 dialectica

470 1270 592 1317 arte
624 1262 951 1317 eonstmcta.
988 1257 1059 1313 Et
1087 1258 1443 1330 possederunt.
1472 1252 1556 1314 Ab
1592 1266 1781 1314 errore
1821 1266 2049 1314 conver-

470 1352 635 1409 tendo
670 1358 729 1407 et
769 1358 1039 1421 praecepta
1078 1346 1289 1406 nomini
1322 1350 1587 1418 docendo,
1624 1354 1687 1405 ut
1722 1350 1790 1407 de
1833 1352 2043 1406 eorum.

468 1446 807 1503 correctione
824 1453 881 1501 et
896 1444 1145 1518 proiectu
1170 1443 1452 1501 emiestem
1480 1444 1582 1501 sibi
1602 1444 1837 1516 patriam
1862 1443 2046 1516 acqui-

468 1545 671 1595 ment.

537 1629 705 1687 Vens.
733 1630 823 1687 ss.
854 1656 926 1672 -
958 1630 1041 1703 ος
1059 1640 1152 1687 ηπ
1185 1631 1384 1687 Busan.
1413 1629 1616 1704 (οιιιιι.)
1642 1628 1723 1686 Ad
1750 1629 1831 1702 οε
1858 1636 2042 1702 regem

465 1718 663 1785 Basan,
689 1728 819 1785 etc.,
846 1734 1010 1791 usque
1029 1720 1098 1775 ad
1118 1721 1176 1777 in
1205 1720 1355 1777 nullo
1381 1720 1527 1777 enim
1553 1726 1731 1792 putest
1757 1718 2040 1778 honestum

462 1827 587 1869 esse
610 1812 754 1883 quod
784 1820 940 1884 turpe
972 1819 1077 1870 est.

1040 1928 1268 2006 CA'P'UT
1306 1930 1471 2004 XXu'.

537 2083 705 2140 Vsus.
746 2084 802 2140 2.
844 2112 916 2127 —-
958 2080 1153 2139 Vident
1195 2092 1392 2139 autem.
1442 2081 1602 2155 (nec.
1632 2123 1646 2149 ,
1696 2088 1883 2154 quiest.
1926 2080 2043 2156 46.)

468 2176 622 2246 Quod
644 2176 778 2233 dicit
804 2174 1107 2248 Scriptura,
1128 2182 1238 2232 etc.
1264 2200 1281 2243 ς
1317 2188 1427 2232 non
1464 2184 1596 2231 vero
1620 2184 1727 2230 una
1746 2180 1880 2246 gens
1898 2180 2042 2240 erat;

464 2268 561 2326 sed
589 2267 944 2325 ducvicinn.

540 2380 700 2440 Vens.
728 2381 784 2439 5.
805 2411 880 2424 —
904 2376 1053 2437 Misit
1090 2386 1213 2453 ergo
1255 2378 1466 2437 nuntios
1510 2380 1581 2435 ad
1623 2376 1850 2436 Balaam
1875 2372 2045 2451 filiani

424 2534 431 2543 ,
466 2472 621 2529 Beor.
653 2470 859 2541 (Omna,
888 2466 1048 2526 Hom.
1078 2462 1191 2542 i3.)
1240 2464 1447 2525 Bellum
1484 2466 1580 2525 tibi
1618 2470 1903 2537 imminet,
1950 2482 2046 2525 rex

462 2562 647 2631 Baiae,
669 2572 802 2628 etc.,
823 2570 989 2634 usque
1012 2558 1084 2615 ad
1108 2550 1278 2615 miltit
1300 2566 1433 2632 erga
1456 2570 1552 2615 rex
1578 2550 1648 2615 ad
1672 2562 1796 2616 cuni
1821 2560 2041 2618 dicens:

473 2654 608 2711 Veni
633 2666 793 2720 nunc,
819 2661 870 2708 et
894 2644 1123 2707 maledic
1144 2650 1275 2706 mihi
1297 2648 1549 2723 populum
1576 2648 1736 2718 hunc,
1762 2659 1868 2709 etc.

540 2743 700 2802 Vsus.
733 2743 785 2799 6.
813 2772 884 2784 —
911 2739 974 2798 Si
992 2750 1101 2814 quo
1128 2739 1285 2797 modo
1311 2742 1526 2813 passim.
1559 2738 1788 2798 Videtur
1824 2754 1935 2799 non
1978 2742 2043 2800 ‘et

460 2839 676 2911 integro
702 2835 974 2893 conlidere
1009 2833 1067 2890 in
1110 2832 1328 2890 Balaam
1353 2832 1500 2889 fama
1524 2836 1785 2891 virtutum
1827 2844 1947 2908 quae
1990 2836 2045 2892 in

465 2931 665 3004 populo
689 2928 788 2985 Dei
812 2926 969 2985 facta
990 2932 1121 2984 sunt
1144 2925 1489 2998 perterritus.

541 3016 681 3080 Novi
726 3022 864 3077 enim
890 3020 1030 3092 quod
1058 3018 1356 3076 benedictus
1384 3018 1470 3075 sit.
1496 3016 1707 3093 (01ης.)
1734 3012 1853 3076 Non
1876 3012 2046 3077 tsi-edo
2075 3048 2083 3057 -

464 3130 588 3174 eum
625 3113 765 3171 scire
800 3102 947 3184 Quod
970 3112 1384 3185 quibuscuuque
1410 3104 1778 3171 benedixiSset
1800 3110 2040 3181 Balaam,

462 3206 732 3266 benedicti
762 3210 964 3272 essent,
994 3202 1092 3262 sed
1120 3202 1376 3261 adulandi
1403 3206 1581 3278 gratia
1607 3205 1724 3262 htec
1752 3202 1954 3273 dicere,
1986 3214 2044 3262 ut

2070 3248 2118 3315 Ο

2148 611 2312 668 etiam
2341 624 2463 667 eum
2489 610 2737 683 reprobis
2770 626 2785 665 :
2820 607 2916 680 qui
2942 615 2999 665 et
3024 622 3149 665 cum
3175 620 3275 681 per
3304 607 3525 678 angelos
3553 607 3736 680 loqui-

2146 712 2261 772 tur,
2290 704 2405 776 ipse
2429 703 2688 775 loquitur.

2221 796 2426 870 (0316.,
2458 794 2618 850 Hom.
2650 794 2764 868 i3.)
2798 794 2953 851 Venit
2978 793 3142 863 Deus,
3170 802 3220 850 et
3245 796 3321 850 ait
3349 796 3417 849 ad
3444 808 3590 862 eum,
3620 804 3731 854 etc.

2147 887 2338 947 Potest
2365 884 2564 957 pidici:
2596 886 2749 959 Licet
2781 887 2999 944 invocet
3022 885 3240 943 Balaam
3273 886 3568 956 daemones,
3595 897 3729 956 etc.,

2147 992 2312 1053 usque
2346 980 2417 1036 ad
2452 987 2508 1036 et
2549 980 2617 1036 ad
2659 990 2869 1051 magnae
2906 978 3033 1036 ildei
3074 986 3453 1052 argumentum
3498 990 3731 1051 parvum

2146 1088 2375 1148 puerum
2401 1075 2556 1147 quasi
2580 1088 2835 1159 magunum
2863 1086 3045 1147 regem
3072 1072 3315 1131 venerati
3345 1076 3493 1131 sunt.

2220 1166 2386 1223 Vens.
2418 1165 2505 1223 16.
2529 1196 2602 1208 -
2628 1165 2720 1222 Sic
2765 1164 2891 1220 dicit
2938 1164 3101 1221 Baim
3150 1165 3296 1237 ﬁlias
3345 1163 3569 1237 Sephor,
3621 1174 3730 1223 etc.

2147 1257 2309 1314 Baiae
2348 1256 2591 1314 excluslo
2631 1254 2719 1313 vel
2762 1257 3081 1313 devoratio:
3135 1258 3192 1312 in
3239 1272 3346 1328 quo
3392 1252 3737 1331 signiﬁcatur

2148 1348 2338 1405 mundi
2363 1347 2527 1419 hujus
2548 1348 2732 1421 aliqua
2761 1350 3039 1406 contraria
3074 1356 3346 1423 potestas,
3390 1366 3513 1421 qua:
3538 1352 3734 1408 exclu-

2146 1443 2277 1498 dere
2316 1449 2373 1498 et
2413 1442 2676 1499 devorare
2716 1444 2869 1514 cupit
2907 1441 3163 1500 lsraelem
3208 1442 3580 1515 spiritualem,
3636 1458 3737 1501 nec

2147 1535 2323 1591 utitur
2347 1534 2613 1592 ministris
2641 1534 2745 1591 nisi
2772 1534 3120 1608 pontiﬁcibus
3147 1544 3202 1593 et
3227 1536 3423 1593 scribis
3452 1545 3510 1593 et
3532 1537 3735 1592 Phari—

2146 1626 2291 1682 saeis.
2348 1626 2494 1697 ipsos
2523 1626 2748 1693 invitat,
2787 1629 3093 1684 mercedem
3121 1628 3429 1699 promittit;
3482 1626 3557 1684 illi
3600 1642 3737 1685 vero

2146 1718 2290 1774 sicut
2323 1717 2543 1773 Balaam
2581 1728 2778 1775 cuncta
2813 1719 3072 1776 simulant
3104 1735 3164 1777 se
3202 1720 3270 1775 ad
3306 1716 3596 1777 Dominum
3646 1736 3733 1778 re-

2147 1808 2325 1883 ferre,
2382 1820 2440 1869 et
2483 1811 2600 1869 zelo
2646 1812 2743 1871 Dei
2788 1826 2969 1887 agere.
3022 1814 3221 1872 Dicunt
3250 1815 3441 1872 enim:
3481 1812 3737 1872 Scrutare

2069 1878 2120 1948 Β
2147 1878 2445 1974 Scripturas
2468 1912 2519 1957 et
2540 1903 2655 1959 cide
2680 1905 2805 1976 quia
2824 1878 3076 1977 propheta
3099 1918 3131 1960 a
3154 1902 3379 1962 Galilaza
3407 1924 3515 1962 non
3538 1908 3731 1979 surgit.

2145 1993 2248 2048 Bt:
2282 1991 2397 2049 Nds
2425 1993 2587 2067 legem
2618 1994 2899 2064 habetnus,
2949 2004 2996 2052 ei
3042 1997 3329 2053 secundum
3375 1996 3540 2069 legem
3584 1998 3735 2055 debet

2144 2088 2301 2156 mori,
2331 2089 2455 2162 quia
2481 2086 2684 2146 Filium
2709 2088 2807 2147 Dei
2832 2094 2886 2147 te
2911 2090 3035 2163 fecit
3059 2090 3241 2165 (Joan.
3263 2106 3360 2157 vn,
3389 2090 3531 2165 itx).

2217 2176 2383 2238 Vens.
2418 2180 2506 2237 i8.
2545 2212 2618 2224 —
2656 2181 2715 2239 Si
2763 2183 2965 2238 dederit
3011 2182 3143 2239 mihi
3186 2178 3375 2250 Baiae,
3405 2189 3513 2239 etc.
3547 2182 3733 2255 (Ave,

2142 2280 2333 2346 quiest.
2355 2272 2472 2349 48.)
2522 2274 2679 2343 Quod
2700 2276 2779 2332 ait
2802 2274 2990 2334 Balam
3019 2274 3215 2334 iterum
3243 2276 3312 2333 ad
3338 2293 3397 2335 se
3424 2278 3609 2335 missis
3638 2279 3735 2335 bo-

2144 2362 2515 2423 noralloribus
2544 2366 2771 2434 nuntiis,
2793 2376 2923 2435 etc.,
2948 2385 3111 2441 usque
3132 2370 3201 2424 ad
3227 2364 3368 2425 unde
3390 2366 3571 2425 Secuti
3595 2370 3731 2425 viam

2142 2453 2370 2512 Balaam
2392 2456 2495 2527 ﬁlii
2516 2455 2673 2522 Beor,
2702 2459 2793 2531 qui
2820 2459 3107 2515 mercedem
3134 2460 3429 2532 iniquitatis
3452 2460 3639 2516 dilexit

2216 2548 2382 2606 Vens.
2408 2548 2503 2604 20.
2528 2580 2602 2592 —
2634 2547 2788 2605 Venit
2826 2556 2948 2622 ergo
2977 2548 3140 2606 Deis.
3201 2550 3459 2607 Molestus
3495 2560 3585 2607 est
3621 2550 3735 2608 Deo

2144 2636 2385 2705 Balaam,
2410 2650 2466 2696 et
2487 2652 2655 2712 prope
2682 2646 2969 2713 extorquet
2994 2642 3236 2713 permitti
3260 2642 3387 2709 sibi,
3412 2648 3473 2697 ut
3496 2650 3587 2698 eat
3611 2658 3733 2697 ma-

2145 2731 2378 2788 ledicere
2404 2730 2531 2787 iiiiis
2562 2724 2760 2800 lsrael',
2804 2741 2861 2790 et
2892 2733 3109 2790 invocet
3145 2730 3420 2791 daemones
3459 2732 3530 2791 ad
3566 2746 3732 2806 quem

2140 2824 2254 2897 jam
2281 2832 2506 2881 venerat
2530 2823 2690 2882 Deus.

2215 2915 2423 2989 (Ontc.,
2471 2914 2631 2971 Hom.
2673 2912 2789 2989 13.)
2840 2908 3063 2975 Diiilcile
3109 2920 3194 2975 est
3242 2906 3298 2974 in
3350 2917 3735 2991 explanatione

2104 2995 2117 3013 “
2146 3008 2405 3075 historiae,
2436 3017 2566 3076 δια,
2598 3016 2762 3082 usque
2791 3010 2860 3066 ad
2889 3012 3015 3082 quia
3044 3013 3185 3084 apud
3212 3010 3383 3069 Deum
3406 3010 3586 3071 otiosa
3624 3024 3733 3071 non

2146 3109 2272 3159 sunt
2300 3108 2403 3158 nec
2430 3102 2696 3158 malorum
2722 3118 2828 3160 nec
2852 3103 3118 3161 bonorum
3142 3104 3327 3176 opera.

2220 3190 2279 3249 Si
2307 3208 2510 3250 uocare.
2541 3192 2725 3268 (ΗΑΒ.)
2756 3190 2979 3252 Balaam
3008 3196 3222 3255 divinus
3249 3202 3386 3268 eral,
3406 3200 3539 3268 etc,
3572 3216 3733 3273 usque

467 3307 639 3355 artem
667 3295 785 3367 eius
810 3294 1078 3352 extollens
1103 3296 1494 3368 promptiorem
1533 3296 1638 3353 sibi
1663 3294 1887 3354 faceret,
1939 3292 2044 3355 Ατδ
2071 3285 2118 3315 υ
2148 3285 2219 3341 ad
2246 3298 2353 3343 non
2380 3292 2495 3341 tam
2521 3286 2687 3344 corde
2712 3294 2769 3345 et
2795 3302 2980 3358 sensu,
3010 3298 3173 3361 quam
3200 3303 3298 3349 ore
3321 3300 3376 3350 et
3401 3302 3673 3351 sermone.

464 3392 608 3451 enim
635 3391 849 3463 magica
878 3390 1055 3446 nescit
1079 3386 1437 3455 benedicere,
1482 3402 1588 3447 nec
1630 3388 1902 3447 dtemones
1943 3391 2046 3447 scit

464 3482 788 3540 benedicere
814 3481 983 3549 lsaac,
1015 3488 1072 3537 et
1098 3478 1283 3545 iacob,
1311 3487 1369 3537 et
1390 3482 1581 3538 omnes
1609 3480 1821 3538 sancti:
1855 3482 2046 3554 impio-

464 3592 589 3634 rum
612 3576 793 3632 nullus
812 3572 1137 3631 benedicere
1160 3574 1333 3630 novit.

409 3660 419 3670 ’
535 3668 699 3725 Vsus.
725 3667 781 3722 7.
801 3653 875 3708 -ἒ-
901 3665 1251 3721 Divinniionis
1277 3665 1521 3738 pretium.
1553 3662 1660 3722 Alii
1684 3683 1700 3720 :
1730 3662 2046 3723 Divitiacum

463 3763 523 3816 in
546 3760 771 3827 art-ibus,
801 3770 936 3830 quas
960 3759 1246 3815 curiositas
1275 3756 1511 3815 humana
1540 3761 1864 3832 composuit.
1906 3758 2049 3816 Sunt

466 3851 715 3923 quaedam
741 3862 863 3921 quae
888 3847 1173 3919 Scﬁptura
1198 3849 1505 3906 divinatula
1534 3851 1854 3908 nominavit.
1900 3850 2044 3907 Genv

468 3943 582 4000 tilis
607 3948 787 3998 autem
817 3941 1152 3999 consuetudo
1177 3941 1266 3998 vel
1294 3942 1534 4015 tripodas
1559 3944 1646 4001 vel
1674 3946 1935 4013 cortinas,
1962 3944 2044 4000 vel

466 4030 775 4105 huiusmodi
817 4031 1096 4089 vocabulis
1137 4032 1407 4104 appellat,
1459 4046 1582 4106 quae
1626 4036 1781 4107 quasi
1828 4034 1895 4090 ad
1940 4034 2046 4091 hoc

466 4132 804 4192 consecrata,
832 4124 1037 4180 moveri
1064 4124 1134 4182 ab
1162 4124 1243 4181 eis
1271 4134 1327 4182 et
1352 4126 1681 4183 contrectari
1710 4124 1903 4183 solent.
1937 4124 2046 4186 Sed

467 4216 644 4273 divina
672 4213 954 4287 Scriptura
990 4214 1180 4286 prod
1206 4215 1499 4272 vernaculo
1528 4230 1779 4273 sermone
1803 4219 2047 4275 nominat

464 4310 522 4365 in
568 4308 878 4380 prophetis,
926 4308 1071 4379 quod
1113 4308 1338 4365 tradunt
1365 4320 1486 4365 esse
1513 4308 1885 4367 indumentum
1915 4328 2044 4384 pro-

463 4401 805 4475 pltetantium
844 4399 898 4473 (Ι
942 4399 1072 4474 Reg.
1121 4400 1272 4474 xxx).
1326 4401 1486 4457 Aliud
1532 4411 1711 4458 tamen
1760 4404 1814 4459 in
1862 4405 2045 4463 divina

467 4494 749 4566 Scriptura
776 4493 1084 4566 prophetia,
1112 4494 1259 4550 aliud
1286 4494 1564 4551 divinatio.
1593 4496 1685 4553 Ait
1708 4499 1888 4554 enim:
1919 4498 2046 4556 Non

464 4587 563 4641 erit
608 4584 887 4657 auguratio
928 4585 987 4640 in
1022 4583 1213 4653 δοκοῦ,
1262 4600 1424 4657 neque
1466 4586 1722 4645 divinatio
1765 4591 1823 4645 in
1848 4589 2039 4647 Israel.

464 4678 764 4736 Abdicatur
786 4686 918 4751 ergo
942 4679 1160 4750 penitus
1186 4678 1468 4748 divinatio,
1496 4696 1660 4753 opere
1685 4683 1830 4739 enim
1857 4692 1914 4740 et
1941 4685 2044 4740 mi-

465 4770 696 4828 nisterio
720 4770 1025 4826 daemonum
1050 4770 1323 4842 impletur.
1362 4771 1531 4846 igitur
1558 4775 1778 4831 Balaam
1806 4778 2045 4849 acceptis

466 4861 818 4929 divinacuiis,
844 4878 984 4941 cum
1026 4863 1267 4920 solerent
1306 4864 1373 4921 ad
1416 4879 1476 4922 se
1519 4868 1790 4924 daemones
1821 4868 2041 4936 venire,

465 4951 682 5025 fugatos
705 4950 853 5008 videt
890 4961 948 5009 et
985 4953 1154 5010 Deum
1196 4954 1426 5012 adesse:
1468 4962 1632 5025 quem
1660 4954 1785 5013 ideo
1812 4956 1945 5014 dicit
1985 4972 2045 5014 se

467 5044 824 5116 interrogare,
854 5046 981 5117 quia
1008 5055 1296 5103 consuetos
1322 5048 1425 5104 sibi
1452 5056 1716 5119 apparere
1745 5062 1853 5108 non
1876 5052 2040 5110 videt.

466 5135 630 5191 Venit
648 5150 783 5209 ergo
811 5136 954 5195 Deus
984 5136 1053 5196 ad
1095 5139 1346 5206 Balaam,
1394 5152 1501 5195 non
1542 5139 1671 5211 quia
1710 5140 1786 5198 sit
1823 5142 2037 5215 dignus,

468 5228 566 5285 sed
594 5235 655 5283 ut
682 5227 937 5303 fugentur
960 5231 1034 5288 illi
1068 5232 1161 5304 qui
1189 5234 1257 5289 ad
1284 5232 1711 5288 maledicendum
1740 5242 1798 5291 et
1820 5232 2044 5293 malefa-

465 5319 718 5377 ciendum
741 5323 930 5380 adesse
951 5318 1377 5382 consueverant:
1401 5323 1529 5382 hinc
1550 5325 1697 5381 enim
1724 5326 2045 5397 providebat

465 5411 611 5471 Dens
626 5415 830 5487 populo
854 5428 971 5474 suo.

536 5504 702 5563 Vnus.
731 5506 870 5565 8.-
895 5506 1047 5564 Venit
1074 5508 1236 5573 Dm,
1262 5508 1371 5565 etc.
1401 5507 1519 5567 Non
1542 5509 1745 5567 dicitur
1770 5521 1955 5570 utrum
1980 5514 2037 5572 in

469 5597 676 5655 somnis
702 5597 807 5656 hoc
834 5599 1035 5657 factum
1062 5600 1163 5669 sit,
1200 5603 1448 5674 quamvis
1475 5616 1574 5676 per
1600 5614 1812 5663 noctem
1838 5604 2039 5667 factum

468 5678 589 5746 esse
610 5699 845 5748 constet.
874 5691 1068 5749 Postea
1090 5694 1236 5750 enim
1257 5694 1390 5752 dicit
1408 5694 1685 5768 Scriptura
1705 5717 1717 5753 :
1738 5696 2041 5774 Exsurgens

467 5777 693 5837 Balaam
719 5798 894 5849 mane,
922 5790 1029 5841 etc.

546 5870 713 5926 Nemo
741 5872 1017 5942 glorietur,
1051 5879 1093 5932 si
1125 5880 1224 5935 sibi
1255 5880 1396 5937 Deus
1420 5881 1675 5953 loquitur.
1714 5883 1873 5941 Novit
1897 5887 2040 5942 enim

2216 3375 2426 3450 (Οιιιιι.)
2460 3376 2521 3434 Si
2546 3376 2734 3435 videas
2759 3382 3091 3438 contrariam
3116 3390 3464 3453 putesmteln,
3485 3390 3615 3453 etc.,
3642 3402 3731 3442 as-

2144 3480 2246 3540 que
2270 3468 2339 3522 ad
2362 3466 2571 3524 scilicet
2598 3484 2667 3525 ea
2691 3471 2941 3542 gentibus
2967 3474 3268 3531 credentes.

2216 3557 2379 3613 Vnus.
2413 3556 2503 3613 22.
2525 3590 2595 3600 -—
2624 3557 2880 3634 Stetitque
2907 3564 3123 3635 angelus
3152 3562 3381 3621 Domini.
3414 3560 3517 3635 Qui
3543 3554 3731 3624 aderat

2146 3649 2354 3705 scilicet
2388 3649 2517 3708 ﬁliis
2553 3650 2751 3719 lsrael,
2793 3653 2860 3709 de
2898 3668 3005 3725 quo
3042 3656 3304 3729 scriptum
3345 3664 3469 3715 est:
3500 3654 3727 3733 Angelus

2146 3757 2291 3796 meus
2316 3742 2411 3797 ibit
2439 3754 2607 3799 tecum
2636 3743 2833 3814 (Exod.
2861 3749 3056 3821 xxx").

2218 3833 2383 3891 Vens.
2413 3834 2505 3890 23.
2528 3863 2601 3876 -——
2626 3836 2856 3893 Cernetis
2885 3840 3039 3895 asina
3067 3840 3311 3912 angelum
3336 3852 3580 3900 stantem.
3618 3845 3727 3901 Ma-

2146 3946 2245 4004 gus
2273 3933 2545 3990 daemones
2584 3935 2771 4003 videt,
2818 3937 2971 3993 asina
3017 3938 3265 4012 angelum
3316 3956 3423 3997 non
3473 3942 3617 4013 quod
3657 3942 3730 3998 sit

2148 4027 2306 4098 digna
2355 4027 2565 4095 videre,
2618 4029 2759 4085 sicut
2806 4046 2907 4087 nec
2950 4030 3135 4102 loqui,
3188 4030 3283 4089 sed
3323 4030 3383 4088 ill
3419 4033 3727 4090 coniutetur

2147 4118 2398 4186 Balaam,
2442 4120 2586 4178 unde
2626 4130 2835 4179 mutum
2875 4122 3077 4180 animal
3107 4124 3286 4198 arguit
3315 4129 3594 4199 pr0phetze
3632 4127 3725 4183 de-

2146 4213 2428 4269 mentiam.

2218 4303 2436 4377 (Cum,
2472 4304 2648 4377 Past.,
2678 4316 2819 4382 part.
2855 4328 2937 4380 ιιι,
2969 4310 3113 4370 adm.
3149 4300 3261 4393 l3.)
3289 4306 3508 4375 Balaam
3538 4336 3723 4392 perve-

2147 4396 2267 4453 nire
2308 4398 2375 4454 ad
2419 4398 2755 4472 propositum
2786 4404 2991 4473 tendit,
3019 4416 3147 4475 etc.,
3188 4427 3350 4482 usque
3389 4412 3460 4467 ad
3498 4413 3622 4485 quia
3660 4412 3723 4467 ad

2147 4488 2581 4549 maledicendum
2630 4508 2863 4562 uergens
2909 4508 3118 4568 vocem,
3151 4517 3257 4557 non
3287 4512 3549 4573 mentem,
3604 4520 3720 4560 mn-

2148 4582 2301 4637 tavit.

2218 4676 2385 4733 Vens.
2412 4676 2506 4733 25.
2535 4708 2606 4719 —-
2634 4671 2854 4737 Parieti.
2884 4680 2940 4741 id
2962 4692 3065 4754 'est,
3088 4686 3341 4745 maceriae
3365 4686 3509 4745 illius
3532 4676 3720 4755 vinea},

2147 4770 2205 4826 in
2230 4786 2336 4843 qua
2363 4787 2466 4828 non
2492 4782 2613 4829 erat
2641 4773 2883 4846 angelus,
2913 4782 3169 4850 quoniam
3198 4781 3268 4838 ab
3295 4782 3399 4838 alia
3420 4792 3581 4856 parte
3607 4791 3717 4839 erat

2148 4862 2204 4918 in
2231 4864 2397 4921 sulcis
2416 4867 2721 4937 vinearum,
2742 4870 2896 4943 juxta
2930 4873 3302 4948 Septuaginta.

2217 4954 2384 5014 Vsus.
2428 4958 2518 5016 26.
2544 4992 2615 5002 —
2637 4958 2720 5017 Ad
2766 4964 2957 5021 locum.
2989 4966 3106 5025 Non
3127 4968 3238 5039 jam
3270 4968 3325 5026 in
3355 4970 3522 5028 sulcis
3544 4972 3719 5031 vinea-

2148 5063 2288 5116 rum,
2317 5051 2412 5107 sed
2440 5052 2581 5109 inter
2619 5054 2766 5126 ipsas
2791 5059 3077 5123 macerias,
3102 5061 3156 5116 id
3181 5070 3265 5118 est
3293 5058 3345 5119 in
3373 5056 3461 5119 via
3489 5062 3715 5129 obstitit,

2084 5214 2087 5219 ι
2144 5147 2205 5196 ιιι
2230 5154 2338 5197 non
2364 5148 2546 5214 posset
2572 5144 2641 5202 ad
2679 5144 2957 5206 desieram
2981 5156 3159 5224 neque
3184 5154 3251 5210 ad
3277 5155 3555 5213 sinistram
3588 5158 3683 5214 ire.

2215 5232 2381 5291 Vitas.
2430 5236 2890 5297 27.—Concidtt
2938 5244 3056 5312 sub,
3088 5244 3194 5302 elc.
3245 5240 3382 5317 Quia
3427 5266 3570 5306 cassa
3619 5266 3717 5305 non

2144 5326 2243 5383 ivit
2270 5326 2437 5395 retro,
2482 5330 2538 5387 in
2588 5338 2797 5401 partem
2842 5336 2950 5392 bon
2994 5328 3303 5407 declinavit,
3336 5336 3463 5414 quia
3510 5360 3616 5400 non
3655 5338 3717 5397 al)

2145 5422 2315 5482 altera
2343 5436 2499 5498 parte
2524 5428 2855 5491 terrebatur.
2879 5430 2973 5491 sed
3002 5434 3057 5491 in
3094 5426 3271 5494 media
3297 5434 3386 5495 via
3413 5436 3470 5495 in
3497 5450 3717 5515 angusto

2144 5524 2264 5574 erat
2288 5518 2526 5591 angelus.

2218 5602 2382 5668 Vsus.
2432 5612 2523 5670 28.
2569 5646 2640 5655 —
2681 5614 3013 5693 Aperuitque.
3044 5604 3119 5678 Ut
3153 5634 3412 5695 arguatur
3457 5643 3558 5700 per
3604 5642 3716 5684 eam

2148 5703 2390 5772 Balaam,
2437 5715 2493 5761 et
2526 5716 2691 5765 mutae
2735 5714 2956 5782 pecudis
3000 5717 3221 5776 vocibus
3265 5719 3591 5789 coniutetur,
3629 5722 3714 5793 qui

2150 5796 2363 5854 divinus
2391 5799 2671 5858 videbatur
2691 5814 2745 5861 et
2774 5807 3007 5877 sapiens.

2224 5886 2291 5943 Et
2330 5889 2503 5947 locuta
2533 5904 2628 5949 est.
2663 5894 2835 5969 (lsm).
2863 5897 3028 5958 Asina
3052 5904 3137 5961 cui
3169 5896 3385 5966 Balaam
3423 5914 3598 5979 sedet,
3626 5929 3713 5967 an‘
