4006 6352
282 426 390 487 481

1323 434 1592 496 GLOSSA
1624 434 2023 495 ORDINARIA.
2063 467 2134 479 —
2170 438 2300 495 LIB.
2341 437 2507 499 Νυιι.

3431 444 3542 502 422

280 539 469 611 gelum
508 541 658 597 videt
683 582 698 609 ,
740 551 797 599 et
836 543 1100 615 loquitur;
1137 548 1192 604 id
1237 557 1323 606 est
1358 550 1523 606 bruta
1557 550 1862 617 Gentilitas,
1889 554 1943 615 Α
1966 549 2171 619 patitur
2198 551 2289 608 illa
2311 568 2432 626 quas
2458 554 2516 610 in
2538 551 2777 612 sectmdo
2802 552 2943 611 libro
2980 553 3188 626 Regum
3230 565 3360 614 sunt
3402 562 3541 618 scri-

281 646 451 702 quam
473 633 745 703 quondam
770 635 1010 704 Balaam,
1035 639 1089 695 id
1110 650 1217 708 est,
1245 644 1501 700 seductor
1523 644 1862 711 idololatrias,

234 752 245 761 ο
278 724 445 795 quasi
468 725 688 782 brutum
717 728 918 785 animal
956 737 1012 786 et
1033 730 1178 788 nulla
1220 735 1431 791 ratione
1462 736 1724 803 renitens,
1757 748 1868 806 quo

278 813 453 871 voluit
486 830 679 872 errore
726 819 1058 889 substravit;
1120 824 1217 881 sed
1270 825 1373 881 ista
1434 827 1683 899 angelum
1730 827 1867 882 vidit

276 920 449 976 quem
494 907 661 966 homo
684 909 874 967 videre
914 928 1024 971 non
1048 918 1246 987 potuit,
1270 924 1329 974 et
1356 920 1511 986 vidit,
1540 929 1599 976 et
1645 921 1860 989 detulit,

276 1006 337 1053 et
362 998 545 1056 locuta
572 1009 689 1069 est;
738 1011 799 1058 ut
825 1016 1243 1077 agnosceremus
1268 1010 1370 1067 sub
1409 1012 1642 1069 adventu
1679 1014 1862 1086 magni

276 1092 482 1163 angeli,
502 1092 652 1151 illam
672 1097 931 1168 gentilem
952 1098 1163 1171 plebem
1188 1112 1395 1171 mutata
1427 1105 1627 1165 duritie
1656 1108 1862 1165 stolidi-

278 1184 522 1255 talisque
548 1195 743 1244 natura
769 1170 967 1248 solutis
980 1192 1094 1250 Deo
1122 1170 1321 1267 lingtﬂs
1342 1197 1666 1256 locuturum.

352 1273 533 1347 (Oete.
578 1277 719 1334 bene.
752 1280 863 1355 14).
889 1281 1057 1340 Asina
1079 1286 1169 1343 cui
1202 1286 1425 1344 Butam
1448 1290 1694 1360 sedebat,
1722 1300 1856 1362 etc.,

274 1380 444 1437 usque
471 1366 541 1420 ad
568 1368 740 1438 major
764 1381 948 1429 autem
998 1374 1082 1431 bis
1122 1375 1385 1445 ubaritas,
1416 1394 1538 1451 quae
1568 1381 1685 1438 sola
1712 1394 1857 1441 nun.

274 1470 446 1525 quam
472 1458 641 1517 cadit.

350 1564 517 1626 Virus.
561 1570 650 1627 29.
681 1600 753 1613 —
783 1570 1088 1646 Respondit.
1138 1574 1409 1636 Nimirum
1450 1590 1600 1639 tanta
1641 1584 1853 1656 cupidi-

272 1664 387 1716 tate
405 1660 600 1732 plenus
628 1658 923 1735 ἴθι-θώων,
951 1670 1012 1723 ut
1034 1680 1136 1726 nec
1162 1670 1299 1728 tanti
1327 1672 1557 1731 monstri
1590 1675 1854 1734 miraculo

270 1760 612 1821 terreretur,
659 1763 715 1812 et
761 1759 1101 1828 responderit
1140 1762 1293 1833 quasi
1340 1762 1408 1821 ad
1456 1762 1729 1823 hominem
1773 1766 1854 1824 lo-

268 1856 479 1912 quens;
514 1856 637 1902 cum
666 1845 808 1905 Deus
822 1860 930 1907 non
956 1850 1122 1908 asina:
1146 1855 1400 1921 animam,
1436 1855 1489 1912 in
1532 1858 1850 1917 rationalem

270 1944 524 1993 naturam
570 1936 858 2008 vertisset;
908 1936 1002 1998 sed
1035 1945 1177 2015 quod
1219 1944 1295 2001 illi
1337 1947 1617 2020 placuerat
1658 1958 1725 2007 ex
1758 1951 1849 2008 illa

267 2041 470 2085 sonare
494 2028 708 2087 fecisset
732 2028 801 2088 ad
824 2031 971 2090 illius
988 2038 1264 2094 vesaniam
1291 2040 1687 2112 cohibendum;
1718 2042 1851 2101 illud

265 2117 413 2175 forte
438 2114 820 2195 prmﬁgilrtllls:
844 2122 985 2191 Quin
1007 2126 1167 2183 stulta
1191 2128 1374 2185 mundi
1414 2128 1563 2204 elegit
1594 2128 1756 2203 Deus,
1791 2140 1851 2190 ut

263 2212 611 2282 confunderet
642 2216 919 2287 sapientes,
942 2230 1040 2289 pro
1064 2218 1332 2291 spirituall
1355 2220 1409 2277 et
1432 2234 1563 2279 vero
1590 2222 1776 2281 Israel.

341 2324 510 2384 Vnus.
553 2324 643 2386 58.
680 2326 915 2387 -—Ecce
960 2333 1184 2389 adsum:
1232 2334 1488 2409 Nunquid
1518 2328 1667 2394 aliud
1708 2338 1850 2414 loqui

260 2430 450 2491 potero
495 2422 597 2477 nisi
647 2424 787 2494 quod
822 2424 985 2494 Deus,
1035 2435 1142 2483 etc.
1188 2426 1392 2500 (0mm,
1418 2420 1558 2486 hom.
1604 2430 1718 2499 15.)
1747 2432 1852 2489 Ba-

262 2510 417 2567 laam
447 2513 503 2568 in
544 2508 840 2587 Scripturis
868 2512 1011 2574 nunc
1050 2518 1452 2591 vituperabilis,
1494 2539 1636 2580 nunc
1665 2516 1850 2581 lauda-

261 2602 397 2659 bilis
435 2604 669 2678 ponitur,
703 2618 840 2676 etc.,
869 2627 1031 2683 usque
1055 2611 1124 2667 ad
1148 2609 1389 2682 Balaam,
1419 2612 1751 2673 illuminatus
1780 2600 1848 2674 ab

264 2690 363 2749 illo
406 2692 659 2756 Lucifero
704 2692 771 2755 de
807 2716 915 2771 quo
981 2702 1210 2758 dicitur:
1260 2702 1329 2759 Et
1357 2706 1615 2777 quomodo
1663 2708 1847 2765 cecidit

260 2784 486 2859 Lucifer
502 2791 590 2862 qui
610 2808 762 2848 mane
789 2784 1094 2849 oriebatur?
1119 2792 1252 2868 (Isa.
1286 2798 1421 2871 xw.)

823 2907 1054 2965 CAPUT
1091 2909 1277 2970 XXIII.

338 2998 504 3058 Vm.
542 3000 596 3056 7.
620 3033 692 3045 —
734 3001 886 3072 Veni,
928 3006 1130 3077 inquit,
1154 3018 1206 3063 et
1248 3010 1470 3067 maledic
1497 3015 1626 3070 mihi
1652 3014 1840 3073 Iacob.

263 3089 463 3159 (Otus.
494 3092 635 3148 hom.
670 3093 785 3168 15.)
811 3095 871 3151 ln
892 3095 1103 3155 Latinis
1129 3103 1488 3171 sermonibus,
1519 3114 1649 3172 etc.,
1680 3125 1843 3180 usque

260 3182 340 3236 ad
374 3181 603 3254 ideoque
631 3185 765 3242 dicit
790 3188 1014 3244 verbum
1042 3189 1139 3247 Dei
1164 3193 1401 3262 positum
1428 3197 1483 3251 in
1506 3214 1599 3253 ore
1626 3199 1764 3269 ejus.

338 3272 507 3329 Vens.
528 3272 582 3329 8.
613 3305 682 3315 —
712 3275 986 3345 Quomodo
1014 3279 1345 3340 maledicam.
1396 3283 1520 3359 (11).)
1553 3288 1671 3344 Alia
1699 3289 1843 3348 litte-
1867 3273 1915 3339 ο

246 3363 345 3431 'ra,
372 3375 506 3433 etc.,
546 3382 708 3441 usque
756 3370 827 3425 ad
853 3378 908 3427 et
933 3374 1317 3443 pronuntiandi
1358 3380 1658 3437 auctoritas
1696 3382 1843 3452 peri-

259 3465 469 3512 matur.
1665 3501 1668 3504 ~

216 3588 223 3595 ·
333 3569 436 3643 συί
472 3588 576 3628 non
615 3572 949 3632 malediceret
988 3575 1151 3635 Deus.
1199 3579 1301 3649 Qui
1330 3588 1543 3637 tantum
1582 3586 1838 3644 meritum

253 3661 515 3732 designat
537 3662 655 3733 eius
676 3664 766 3720 cui
792 3665 1151 3735 maledicitur,
1173 3678 1230 3725 et
1254 3674 1577 3729 sententiam
1612 3678 1834 3746 promit,

249 3768 424 3826 quem
453 3770 560 3813 non
578 3757 810 3829 qualitas
832 3762 1062 3831 peccati,
1084 3777 1185 3819 nec
1207 3762 1345 3820 fallit
1364 3764 1588 3823 allectus
1609 3783 1841 3839 peccan-

251 3850 366 3905 tis:
398 3850 560 3906 ltomo
597 3859 783 3909 autem
824 3860 1077 3910 neutrum
1101 3857 1270 3923 novit,
1296 3865 1355 3914 et
1395 3874 1538 3930 saepe
1577 3858 1838 3919 conviciis

250 3950 355 3997 aut
386 3940 596 4011 injuriis
624 3954 942 4014 provocatus
967 3947 1257 4004 maledicit.
1286 3949 1409 4006 Ideo
1434 3951 1569 4007 dicit
1605 3955 1837 4023 Aposto-

248 4034 377 4091 lus:
433 4033 731 4091 Benedicite
773 4047 822 4092 et
850 4038 1011 4095 nolite
1049 4038 1363 4097 maledicere
1390 4041 1567 4115 (Rom.
1612 4045 1735 4116 ut),
1778 4053 1838 4101 ut

249 4126 600 4183 conviciandi
634 4127 822 4183 vitium
849 4136 1145 4185 resecetur.

328 4219 496 4277 Vsus.
524 4220 578 4277 9.
606 4251 679 4262 —
699 4220 780 4277 De
808 4223 1048 4292 cummis,
1074 4233 1180 4281 etc.
1222 4225 1408 4293 Quasi,
1440 4227 1559 4284 ideo
1596 4244 1705 4285 non
1742 4229 1837 4286 de-

246 4311 349 4367 bet
381 4310 647 4379 maledici,
674 4314 817 4384 quia’
842 4314 949 4369 alta
981 4323 1035 4370 et
1061 4316 1298 4373 caelestis
1332 4316 1452 4386 ejus
1488 4320 1618 4375 vita.
1667 4320 1837 4379 Nemo

249 4402 511 4473 '“telligit
552 4419 694 4468 eam.
720 4405 824 4461 nisi
867 4405 935 4461 ad
958 4405 1284 4463 eminentem
1312 4409 1611 4466 scientiam
1640 4425 1836 4469 ascen-

247 4498 419 4553 derit.

1967 650 2080 713 pta.

2036 732 2200 792 Vsus.
2240 737 2326 792 i0.
2374 764 2446 781 -ι
2492 739 2758 796 Moriatur
2795 742 2973 797 animo
3015 755 3151 799 uisu.
3200 743 3326 818 (im)
3369 746 3446 802 De
3479 764 3538 805 se

1963 826 2290 896 prophetam
2312 828 2526 886 videtur
2562 848 2576 886 :
2612 832 2708 888 sed
2740 833 3034 891 secundum
3076 835 3313 892 litteram
3342 853 3444 894 nec
3483 840 3537 895 in

1962 917 2203 988 Balaam,
2230 937 2331 979 nec
2356 924 2411 979 in
2458 924 2551 982 illo
2587 926 2753 983 lsrael
2779 927 2984 986 factum
3012 941 3112 997 est,
3154 948 3255 989 nec
3282 932 3403 990 ﬁeri
3446 950 3539 1006 po-

1963 1010 2083 1075 tuit,
2116 1026 2218 1069 nec
2238 1014 2384 1070 enim
2410 1015 2553 1073 intra
2579 1017 2743 1088 ipsos,
2774 1021 2869 1077 sed
2893 1021 2961 1078 ab
2980 1022 3119 1094 iptis
3145 1033 3393 1083 mortuus
3426 1037 3532 1084 est.

2034 1101 2161 1177 (ιιι.)
2190 1104 2452 1164 Moriatur
2491 1110 2671 1166 anima
2714 1128 2837 1169 mea
2876 1126 3052 1173 morte
3082 1116 3375 1187 iustorum,
3403 1129 3534 1188 etc.,

1892 1240 1897 1247 .
1958 1206 2122 1284 usque
2163 1196 2233 1284 ad
2256 1211 2275 1249 :
2296 1198 2388 1253 sed
2432 1198 2563 1269 ﬁdes
2608 1217 2725 1274 qua
2770 1221 2865 1276 per
2910 1207 3243 1266 dilectionem
3289 1222 3537 1284 operatur

1958 1276 2106 1350 (Gal.
2151 1282 2228 1356 v).

2027 1371 2251 1463 (Gesta,
2292 1376 2386 1433 lib.
2435 1396 2609 1439 nam
2658 1383 2888 1455 NonL,
2934 1404 3056 1460 cap.
3106 1391 3223 1463 τι.)
3270 1391 3541 1451 Μοήαιιιν

1954 1460 2134 1519 anima
2158 1481 2275 1522 mea
2308 1479 2476 1526 morte
2492 1472 2764 1543 justorunt
2782 1514 2800 1543 ,
2828 1488 2880 1533 et
2919 1479 3052 1548 ﬁant
3417 1498 3535 1541 mea

1953 1553 2160 1622 borum,
2173 1566 2279 1614 etc.
2302 1559 2448 1617 Multi
2464 1562 2607 1620 intra
2621 1565 2939 1639 Ecclesium,
2955 1580 3086 1639 etc.,
3100 1591 3266 1641 usque
3278 1576 3350 1631 ad
3367 1578 3532 1643 unde,

1961 1643 2150 1741 fultus
2190 1650 2304 1721 ejus
2352 1670 2457 1710 non
2482 1666 2608 1712 sunt
2644 1658 2871 1732 amplius
2899 1662 2958 1718 in
2990 1663 3199 1722 diuersa
3240 1669 3435 1723 ltitia“
3476 1668 3532 1741 (1

1949 1733 2077 1808 Reg.
2108 1738 2169 1812 ι).

2125 1833 2260 1903 ﬁant
2283 1840 2563 1897 novissima
2582 1859 2699 1899 utea
2724 1845 2935 1915 borum,
2959 1856 3066 1904 etc.
3096 1848 3303 1924 (0816.)
3326 1851 3442 1909 Hoc
3475 1853 3534 1910 in

1952 1919 2146 1993 Magis,
2170 1927 2262 1995 qui
2287 1927 2354 1983 de
2376 1928 2599 1987 Oriente
2636 1934 2797 2005 primi
2825 1949 3093 1996 venerunt
3110 1919 3350 1999 adorare
3378 1942 3534 1999 Chri-

1952 2026 2096 2110 stum
2128 2020 2344 2092 (Matth.
2370 2025 2458 2094 ιι),
2487 2036 2668 2099 potest
2704 2031 2949 2104 intelligi,
2973 2038 3067 2106 qui
3106 2038 3175 2094 de
3208 2053 3408 2110 genere
3431 2039 3535 2096 Ba-

1951 2105 2093 2163 laam
2122 2121 2281 2171 erant
2319 2130 2419 2186 per
2452 2118 2672 2189 generis
2703 2105 3124 2193 successionem,
3154 2105 3341 2200 etvper
3364 2131 3532 2186 disci-

1950 2202 2111 2273 plinae
2126 2206 2494 2263 traditionem.
2513 2210 2738 2270 Constat
2754 2216 2902 2271 enim
2914 2231 3011 2274 eos
3021 2220 3305 2290 agnovisse
3320 2221 3531 2279 stellam

1951 2310 2115 2367 quam
2140 2299 2466 2367 praedixerat
2493 2302 2712 2361 Balaam
2738 2308 2793 2362 in
2820 2307 2987 2367 lsrael
3013 2312 3277 2369 oriturum

2021 2388 2188 2445 Vsus.
2223 2391 2310 2446 11.
2333 2393 2561 2462 —Quid
2586 2400 2825 2456 esthoc?
2848 2401 3013 2460 Baiae
3037 2413 3228 2462 contra
3252 2420 3408 2479 spem
3435 2408 3531 2466 be-

1949 2479 2286 2540 nedictiones
2334 2500 2434 2556 pro
2481 2487 2950 2552 maledictionibus
2992 2496 3220 2554 audiens
3240 2532 3258 2565 ,
3284 2507 3349 2555 et
3385 2499 3531 2557 ultra

1949 2588 2054 2631 non
2082 2576 2283 2645 ferens,
2308 2582 2685 2651 prophetautis
2716 2587 2880 2643 verba
2908 2588 3216 2659 interrupit.

2021 2665 2143 2740 (lo.)
2181 2668 2299 2726 Non
2343 2672 2459 2729 vult
2506 2689 2725 2733 amarus
2770 2693 2867 2735 rex
2915 2679 3389 2752 benedictionem,
3432 2686 3531 2742 sed

1946 2759 2236 2819 maledicta
2257 2766 2455 2835 quaerit
2486 2783 2501 2820 :
2536 2775 2623 2824 est
2640 2768 2789 2825 enim
2815 2770 2883 2826 de
2903 2772 3229 2845 cognatione
3263 2775 3409 2834 illius
3440 2777 3530 2834 cui

1945 2849 2149 2907 dicitur
2174 2870 2187 2906 :
2214 2853 2528 2914 Maledictus
2552 2870 2610 2915 tu
2637 2861 2703 2916 ab
2728 2863 2968 2919 omnibus
2992 2864 3169 2922 bestiis
3194 2876 3353 2925 terra
3368 2865 3527 2941 (Ges.
3612 2940 3617 2945 Α

1944 2957 2006 3000 ιιι
2022 2942 2062 3014 ).
2952 2982 2959 2987 -

2012 3032 2162 3091 Dixti
2203 3055 2322 3111 ergo
2351 3038 2538 3099 Balac.
2578 3022 2741 3103 i’utat
2775 3044 2901 3104 e'unt
2939 3053 3289 3121 perterritum
3316 3057 3530 3115 .sraelis

1943 3127 2310 3200 multitudine,
2340 3143 2396 3189 et
2437 3134 2560 3193 ideo
2597 3154 2705 3197 non
2732 3155 2925 3196 ausum
2958 3142 3302 3214 maledicere,
3333 3157 3389 3204 et
3410 3164 3529 3225 mu-

1948 3221 2207 3277 tationem
2239 3222 2342 3281 loci
2370 3224 2473 3283 sibi
2503 3231 2777 3301 prodesse.

2017 3310 2184 3369 Vsus.
2236 3306 2322 3372 15.
2349 3348 2423 3361 -
2455 3316 2642 3378 Videre
2675 3341 2780 3381 non
2814 3328 3004 3399 possis.
3048 3329 3282 3388 Demens
3316 3336 3529 3404 putavit

1943 3402 2298 3465 lsraeliticam
2329 3412 2565 3483 gratiam
2597 3415 2703 3472 loci
2737 3417 3037 3488 abjectione
3064 3423 3249 3494 celari,
3280 3402 3528 3487 nesciens

1942 3495 2070 3564 quia
2112 3504 2217 3552 non
2251 3506 2417 3571 patest
2452 3502 2702 3562 abscondi
2744 3508 2927 3569 ciuitas
2965 3531 3125 3583 supra
3158 3516 3386 3575 montem
3421 3528 3525 3589 po-

1942 3588 2066 3642 sita.

2014 3681 2177 3738 Vsns.
2210 3680 2301 3741 li.
2331 3716 2400 3728 --
2431 3682 2764 3761 Αῖάίβεαυὶι.
2796 3693 2905 3753 Res
2945 3696 3189 3770 profanis
3238 3704 3523 3762 sacriﬁciis

1940 3776 2222 3846 agebatur,
2254 3787 2311 3835 et
2344 3781 2602 3840 divinatio
2631 3794 2747 3844 arte
2782 3792 2989 3864 magica
3018 3797 3378 3865 quzcrebatur.
3413 3796 3522 3856 Vo-

1939 3863 2058 3922 lens
2101 3878 2281 3927 tamen
2318 3866 2461 3930 Deus
2505 3876 2784 3934 abundare
2826 3863 3055 3953 gratiam
3096 3884 3184 3943 ubi
3229 3884 3523 3947 abundavit

1943 3956 2196 4015 delictum
2229 3962 2403 4034 (Rom.
2439 3966 2518 4037 v),
2546 3970 2738 4026 adesse
2773 3973 3115 4045 dignabatur,
3163 3996 3271 4037 non
3318 3982 3524 4038 sacriﬁ-

1940 4049 2069 4118 ciis,
2116 4053 2209 4108 sed
2252 4054 2306 4110 in
2346 4070 2633 4115 occursum
2678 4062 2933 4121 venienti.
2972 4058 3040 4123 Et
3070 4068 3141 4127 ibi
3175 4066 3269 4128 da't
3298 4072 3520 4131 Verbum

1940 4155 2096 4197 suum
2121 4155 2175 4198 et
2202 4149 2485 4217 mysteria,
2511 4160 2564 4206 et
2590 4150 2770 4208 futura
2804 4158 3139 4227 pronuntiat,
3172 4156 3263 4216 ubi
3288 4158 3521 4221 maxime

1939 4233 2075 4290 ﬁdes
2100 4244 2155 4291 et
2189 4238 2476 4297 admiratio
2510 4241 2806 4301 Gentilium
2835 4250 3032 4318 pendet
3061 4269 3074 4304 :
3107 4250 3165 4306 iit
3198 4254 3288 4322 qui
3321 4257 3522 4311 nostris

1939 4323 2131 4381 nolunt
2160 4330 2383 4389 credere
2412 4330 2706 4404 prophetis,
2741 4338 2967 4394 credant
2992 4332 3188 4407 divinis
3209 4344 3342 4401 Suis.

2009 4419 2176 4475 Vens.
2207 4422 2295 4477 15.
2317 4453 2388 4463 -
2419 4423 2513 4480 Sta
2542 4427 2627 4481 hic
2642 4428 2821 4498 juxta.
2848 4429 2929 4485 Ad
2959 4431 3331 4490 holocaustum
3363 4454 3518 4495 suum

1938 4510 2119 4566 stabat
2144 4512 2196 4567 in
2226 4513 2525 4571 idololatria
2547 4533 2643 4573 sua
2662 4520 2893 4589 positus,
2921 4518 3044 4578 ideo
3067 4526 3237 4597 magis
3259 4529 3514 4587 cadebat:

327 4607 534 4681 (0316.)
579 4608 697 4665 Alia
734 4610 931 4679 littera,
974 4620 1104 4680 etc.,
1130 4630 1293 4687 usque
1333 4618 1403 4671 ad
1443 4628 1834 4692 consurgentes
1861 4665 1915 4692 n
1938 4616 2162 4675 surgere
2181 4620 2312 4676 θῖέο
2340 4607 2571 4674 ﬁdem":
2603 4610 2697 4680 qui
2727 4613 2900 4684 "138is
2926 4615 3217 4685 θεείῧθτθῐν
3245 4635 3368 4676 cum
3396 4622 3516 4679 ίάο-

244 4714 380 4757 cum
407 4700 626 4759 Christo
652 4706 999 4761 exercuerim
1025 4720 1186 4777 super
1211 4716 1436 4765 terram.

338 4790 490 4861 Vide,
520 4803 625 4851 etc.
669 4796 836 4853 Actus
862 4794 1050 4867 Iacob,
1075 4800 1130 4855 id
1168 4810 1254 4858 est
1277 4805 1603 4873 activornm,
1650 4807 1835 4863 viden-

243 4900 343 4944 tur
373 4904 390 4943 :
419 4892 805 4964 contemplatio
830 4891 1019 4960 lsrael,
1053 4895 1106 4951 id
1133 4905 1219 4953 est
1246 4900 1793 4971 contemplativorum
1814 4943 1830 4970 ,

244 4990 467 5036 tantum
527 4984 864 5058 intelligitur.
918 4986 1058 5055 Vel,
1108 4990 1161 5045 in
1204 4990 1384 5048 futura
1435 4997 1834 5055 resurrectione

241 5073 441 5140 Iacob,
472 5076 760 5145 videbitur,
794 5079 849 5135 id
869 5088 953 5136 est
976 5094 1172 5152 corpus
1214 5082 1380 5142 Israel
1409 5086 1745 5159 intelligitur,
1774 5090 1832 5148 id

239 5177 352 5233 est,
388 5171 784 5242 resurgentium
813 5173 992 5228 anima
1022 5182 1079 5229 et
1113 5176 1353 5246 spiritus.

326 5257 563 5331 Populus
604 5261 767 5317 solus.
816 5263 952 5330 Quia
996 5279 1102 5319 non
1149 5274 1235 5320 est
1276 5267 1570 5337 permistus
1614 5271 1831 5327 autem

241 5354 582 5420 hominibus;
614 5366 715 5409 nec
738 5356 882 5411 inter
902 5364 1135 5412 exteras
1158 5368 1348 5429 gentes
1374 5368 1679 5431 reputatus,
1711 5374 1831 5418 cer-

242 5446 322 5500 tis
360 5443 677 5502 nobilitatus
714 5447 1026 5519 privilegiis,
1057 5450 1526 5508 observationibus
1548 5462 1606 5509 et
1646 5453 1828 5526 legiti-

241 5537 355 5594 mis
380 5537 514 5602 suis,
542 5536 687 5593 sicut
706 5534 883 5593 tribus
902 5537 1033 5595 lteri
1056 5555 1166 5595 non
1190 5550 1276 5597 est
1304 5543 1562 5613 permista
1590 5544 1823 5599 caeteris.

324 5627 563 5701 Populus
605 5631 747 5687 salus
797 5632 1071 5699 habitabit,
1118 5642 1224 5689 etc.
1268 5634 1474 5709 (ORIG.)
1518 5635 1830 5707 Spiritualis

239 5722 417 5779 Iacob
441 5732 498 5778 et
518 5720 705 5791 Israel,
726 5732 858 5791 etc.,
886 5740 1052 5796 usque
1076 5726 1147 5780 ad
1175 5727 1319 5783 inter
1345 5735 1534 5797 gentes
1574 5727 1717 5784 ultra
1744 5742 1831 5784 re-

240 5813 550 5886 potabitur.

320 5903 453 5971 Quis
482 5922 777 5962 numerare.
806 5906 926 5979 (ιιι.)
956 5907 1076 5963 Alia
1113 5907 1311 5977 littera,
1342 5917 1472 5976 etc.,
1501 5925 1661 5981 usque
1688 5909 1755 5962 ad
1776 5916 1853 5989 et,

1857 4665 1916 4729 Β
1935 4665 2148 4751 Ιοιθῖιίιι
2181 4665 2330 4754 stare
2349 4665 2645 4757 videretur:

2008 4789 2133 4845 Non
2170 4801 2245 4846 est
2274 4791 2415 4878 Deus
2445 4796 2597 4866 quasi
2641 4797 2816 4864 homo,
2858 4810 2916 4854 ut
2960 4802 3264 4860 incutiat".
3313 4806 3514 4878 (0310.,

1934 4881 2076 4937 hom.
2108 4881 2220 4954 l6.)
2246 4872 2365 4940 Alia
2393 4885 2594 4954 littera,
2625 4897 2758 4955 etc.,
2783 4904 2945 4963 usque
2964 4894 3035 4948 ad
3061 4910 3129 4951 ne
3151 4872 3429 4966 perveniat
3448 4872 3514 4953 ad

1934 4987 2059 5029 eum
2086 4974 2326 5032 vindicta
2356 4978 2620 5035 malorum
2642 4995 2885 5037 suorum.

2007 5071 2175 5127 Vsus.
2215 5073 2303 5129 l9.
2330 5074 2571 5131 —Dia:it
2600 5092 2747 5148 ergo,
2789 5087 2896 5135 etc.
2930 5079 3135 5153 (Οιιισ.)
3161 5082 3280 5138 Alia
3310 5083 3511 5153 littera,

1937 5171 2071 5229 etc.,
2104 5180 2265 5234 usque
2306 5166 2376 5220 ad
2423 5165 2538 5223 haec
2581 5182 2713 5225 vero
2744 5185 2776 5224 a
2812 5169 3227 5242 perfectioribus
3252 5180 3513 5232 secretius

1938 5253 2267 5309 advertenda
2294 5255 2454 5311 sunt?

1988 5348 2173 5408 .Vsss.
2196 5350 2288 5406 21.
2316 5382 2389 5392 —
2417 5350 2544 5407 Non
2563 5362 2637 5408 est
2672 5353 2873 5421 idolum
2893 5355 2950 5410 in
2970 5353 3160 5411 Iacob.
3182 5356 3305 5413 Alia
3336 5366 3513 5414 trans-

1937 5443 2069 5501 latio
2102 5461 2115 5497 :
2150 5444 2275 5499 Non
2300 5446 2397 5500 erit
2427 5444 2577 5501 labor
2602 5447 2660 5501 in
2688 5446 2874 5513 Iacob,
2904 5464 3066 5519 neque
3086 5448 3344 5505 videbitur
3360 5450 3514 5506 dolor

1935 5536 1990 5591 in
2015 5533 2209 5603 Israel,
2231 5537 2287 5592 in
2316 5535 2499 5593 futuro
2528 5537 2739 5595 scilicet
2762 5537 2979 5596 seculo.

2004 5626 2210 5701 (Οιιια.)
2246 5628 2373 5684 Non
2416 5630 2517 5685 erit
2544 5629 2695 5685 labor
2729 5630 2786 5684 in
2822 5629 3012 5697 Iacob,
3057 5644 3218 5702 neque
3253 5631 3511 5687 videbitur

1932 5719 2085 5775 dolor
2112 5721 2167 5776 in
2195 5719 2388 5787 Israel,
2417 5730 2524 5776 etc.
2557 5718 2645 5793 (ΙΙ
2672 5718 2798 5775 Cor.
2825 5720 2922 5794 χι).
2956 5721 3172 5778 Fatum
3194 5722 3319 5780 vita:
3338 5731 3511 5782 status

1934 5810 2307 5879 denuntiatur,
2355 5822 2485 5877 etc.,
2540 5830 2702 5883 usque
2742 5813 2811 5868 ad
2849 5823 2901 5871 et
2949 5814 3242 5887 prophetas
3288 5817 3511 5875 audiant

1936 5906 2071 5962 illos.
