4006 6352
530 419 637 473 4Ξὸ

992 417 1385 496 WALAFRIDI
1422 416 1669 475 STRABI
1704 417 1910 475 FULD.
1953 417 2126 477 MON.
2167 418 2321 477 OPP.
2363 419 2542 478 PARS
2579 421 2619 478 l.
2663 453 2730 464 --
2771 421 3226 481 THEOLOGICA.

3685 429 3781 483 ηι

596 532 854 587 Dominus
871 530 1035 601 Deus,
1057 515 1162 590 etc.
1194 534 1396 608 (0mc.)
1418 536 1537 591 Alia
1557 536 1758 602 littera,
1781 545 1916 604 etc.,
1939 553 2102 607 usque
2128 538 2178 600 Α
2206 537 2414 594 velatos
2458 539 2644 596 oculos
2690 540 2809 610 ejus
2856 556 2976 598 esse
2997 582 3013 609 ,
3059 542 3186 614 quia
3212 539 3389 612 potuit
3416 539 3604 598 videre
3645 546 3782 615 quod

528 622 597 676 ad
627 620 742 695 (qui
776 623 1010 681 luctatus
1035 633 1119 681 est
1145 635 1201 683 et
1231 627 1379 696 vicit)
1406 628 1653 699 accipiet.

598 717 669 771 Et
691 716 908 789 clangor
933 718 1162 775 victoria!
1200 721 1334 790 regis
1357 721 1412 775 in
1437 721 1550 776 illo.
1573 720 1883 777 Admonitio
1906 721 2103 792 pradi-

525 809 774 876 cationis,
795 825 901 881 qua
926 811 980 867 in
1008 811 1166 868 nobis
1194 826 1312 880 rex,
1337 813 1394 869 id
1423 821 1509 869 est
1534 813 1804 882 Christus,
1829 815 2100 871 diabolum

525 904 842 976 triumphat.

594 1002 755 1059 Vas.
783 1003 874 1058 22.
894 1033 964 1044 --
983 1002 1126 1058 Deus
1171 1002 1350 1058 eduxit
1401 1019 1540 1058 eum.
1571 1003 1694 1076 (In.)
1728 1003 1849 1059 Alia
1893 1003 2094 1068 littera,

524 1115 684 1171 usque
721 1099 790 1153 ad
841 1099 1248 1154 transformabit
1281 1115 1480 1172 corpus
1525 1101 1854 1157 humilitatis
1896 1109 2099 1157 nostrae

521 1191 799 1247 conforme
819 1191 1030 1262 corpori
1056 1190 1240 1262 gloriae
1268 1207 1397 1247 sua}.

589 1280 756 1352 Cujus
800 1282 1073 1352 fortitudo.
1123 1281 1324 1354 Cujus?
1361 1283 1585 1341 Christi.
1626 1285 1794 1356 Cujus
1838 1287 2096 1358 quidquid

517 1380 622 1437 est,
651 1387 815 1426 unum
860 1388 1028 1428 cornu
1074 1382 1190 1440 est,
1231 1374 1285 1428 id
1329 1385 1416 1430 est
1462 1392 1628 1432 unum
1657 1393 1906 1446 regnum,
1941 1379 2096 1449 cujus

517 1461 685 1531 gloria
709 1471 792 1517 est
825 1463 1119 1534 spiritualis
1144 1464 1328 1521 Israel.
1354 1467 1474 1536 Ipse
1498 1469 1642 1524 enim
1667 1469 1744 1524 ait
1769 1487 1783 1526 :
1815 1468 1995 1535 Pater,
2026 1470 2095 1525 da

515 1553 618 1609 illis
647 1566 702 1609 ut
738 1556 872 1610 sicut
889 1574 981 1628 ego
1003 1567 1051 1612 et
1077 1567 1133 1612 tu
1153 1575 1317 1614 unum
1343 1577 1548 1630 sumus,
1578 1562 1654 1617 ita
1684 1563 1740 1618 in
1764 1564 1909 1618 nobis
1931 1580 2094 1618 unum

511 1647 616 1700 sint
651 1647 833 1718 (Joan.
867 1648 1024 1722 xvn).

582 1743 748 1798 Vsus.
781 1744 873 1799 2'5.
905 1777 975 1786 —
1003 1746 1126 1801 Non
1155 1757 1231 1803 est
1270 1751 1552 1822 augurium
1585 1753 1642 1806 in
1670 1753 1854 1808 Iacob.
1888 1753 2090 1825 (0mm,

511 1836 650 1890 hom.
689 1837 757 1891 16
783 1838 837 1892 in
867 1837 1056 1909 Num.)
1090 1840 1210 1895 Alia
1246 1842 1446 1910 littera,
1477 1856 1606 1912 etc.,
1638 1863 1799 1918 usque
1821 1847 1890 1901 ad
1917 1864 2092 1918 neque

510 1927 770 1984 divinatio
794 1929 848 1984 in
872 1930 1061 1986 Israel.
1091 1933 1348 2004 Sequitur
1377 1955 1390 1991 :

581 2021 650 2077 In
681 2034 906 2096 tempore
939 2025 1142 2079 dicetur
1178 2025 1365 2094 Iacob,
1389 2039 1437 2084 et
1469 2029 1662 2086 Israeli
1688 2035 1828 2104 quod
1856 2036 2091 2106 perficiet

510 2115 650 2172 Deus
671 2133 690 2171 :
718 2118 770 2172 id
807 2126 891 2174 est
928 2134 1051 2174 cum
1087 2130 1324 2190 oportet,
1348 2138 1470 2178 cum
1497 2126 1732 2197 expedit,
1765 2137 1896 2195 etc.,
1929 2147 2091 2201 usque

509 2207 578 2262 ad
617 2225 742 2280 quae
775 2209 984 2281 Moyses
1030 2211 1140 2283 (his
1183 2214 1347 2271 credo
1383 2217 1450 2272 de
1493 2219 1693 2291 causis)
1741 2223 1956 2277 vocavit
1991 2223 2090 2277 im—

508 2301 730 2356 munda.

576 2391 644 2447 In
670 2392 860 2449 Israel.
892 2395 993 2463 Qui
1025 2413 1124 2469 per
1163 2400 1287 2458 ﬁdei
1321 2404 1616 2473 puritatem
1659 2415 1714 2462 et
1765 2410 2085 2466 munditiam

505 2483 702 2538 mentis
739 2485 889 2542 videt
933 2488 1100 2545 Deum
1123 2533 1138 2556 ,
1172 2509 1272 2548 nec
1306 2495 1482 2564 ipsum
1529 2497 1747 2554 Balaam
1795 2503 2082 2572 reciperet,

507 2574 601 2629 sed
631 2575 857 2632 verbum
883 2580 1026 2648 quod
1055 2581 1224 2638 Deum
1252 2587 1432 2654 posuit
1466 2588 1519 2643 in
1560 2604 1656 2645 ore
1683 2589 1800 2658 ejus
1829 2609 2085 2664 respuere

507 2677 614 2718 non
645 2666 825 2721 audet.
859 2667 975 2723 Nisi
1001 2671 1146 2726 enim
1175 2675 1397 2730 verbum
1426 2692 1456 2732 a
1487 2678 1598 2735 Deo
1625 2690 1787 2743 esset,
1820 2699 1927 2738 non
1955 2684 2085 2740 illud

504 2753 709 2812 famulo
735 2773 832 2814 suo
858 2759 1029 2832 Moysi
1065 2765 1254 2834 procul
1280 2768 1512 2837 absenti,
1543 2787 1666 2827 cum
1703 2772 1922 2830 Balaam
1968 2775 2084 2832 haec

501 2847 727 2917 diceret,
757 2852 1068 2910 revelasset.

573 2961 738 3018 Vens.
767 2963 858 3019 24.
883 2997 953 3007 —
977 2967 1114 3023 Ecce
1149 2972 1392 3042 populus,
1435 2983 1541 3034 etc.
1575 2977 1679 3032 Alii
1717 2995 1733 3033 :
1768 2979 1906 3035 Ecce
1946 2981 2081 3038 sicut

499 3054 704 3110 catulus
731 3055 895 3112 leonis
934 3070 1194 3132 exsurget,
1227 3071 1276 3118 et
1310 3066 1444 3120 sicut
1471 3067 1549 3121 leo
1578 3069 1880 3124 exsultabit.
1916 3072 2078 3129 Catu-

496 3143 582 3200 lus
610 3145 753 3202 enim
781 3157 885 3216 est,
916 3165 1037 3205 cum
1071 3168 1244 3223 nuper
1268 3157 1432 3226 geniti
1463 3158 1700 3216 infantes
1728 3164 2077 3222 rationabiles

497 3238 614 3340 sine
643 3239 766 3349 dolo
805 3241 890 3298 lac
930 3243 1202 3313 accipiunt
1234 3263 1246 3298 :
1277 3247 1361 3304 leo
1399 3259 1578 3306 autem
1619 3255 1918 3323 exsultans,
1953 3274 2074 3313 cum
2104 3281 2148 3345 ς
2180 3311 2250 3349 nu

496 3329 584 3383 vir
603 3330 874 3400 perfectus
903 3333 1124 3404 deponit
1149 3350 1268 3405 quae
1299 3349 1457 3394 erant
1477 3343 1708 3411 parvuli.

567 3443 770 3518 (ORIG.)
798 3445 918 3502 Alia
950 3446 1151 3515 littera,
1175 3458 1304 3517 etc.,
1337 3467 1498 3523 usque
1518 3456 1588 3509 ad
1613 3456 1762 3513 dedit
1790 3459 1846 3516 in
1871 3475 1930 3517 se
1949 3477 2070 3520 cre-

488 3540 743 3598 dentibus
769 3557 967 3600 nomen
995 3544 1189 3613 leonis,
1215 3554 1269 3602 et
1292 3549 1457 3604 catuli
1482 3550 1672 3608 leonis.

558 3633 826 3705 Erigetur.
869 3637 1197 3709 Erigendum
1239 3640 1372 3697 dicit
1400 3643 1655 3714 populum
1697 3647 1972 3722 futurum,
2003 3656 2072 3713 de

487 3740 553 3782 eo
587 3727 732 3782 enim
763 3744 883 3799 qum
907 3731 1146 3796 videbat,
1171 3733 1414 3804 dixisset,
1448 3750 1664 3798 erectus
1685 3753 1787 3801 est.

561 3815 686 3908 Non
719 3820 1011 3876 accubabit.
1042 3820 1245 3898 (Οιιιε.)
1271 3827 1391 3884 Alia
1419 3830 1624 3901 littera,
1649 3845 1777 3906 etc.,
1808 3854 1970 3908 usque
1998 3841 2068 3895 ad

487 3913 621 3961 etut
646 3907 732 3964 leo
750 3910 1050 3967 exsultans.

561 3995 794 4092 Cumque
821 4001 1073 4058 duxisset.
1101 4005 1302 4081 (01ης.)
1325 4011 1392 4068 Ει
1413 4019 1707 4089 assumpsit
1724 4021 1904 4091 Balac,
1932 4031 2060 4092 etc.,

485 4102 647 4159 usque
668 4090 736 4144 ad
765 4101 822 4147 et
840 4093 1055 4150 deserta
1081 4108 1206 4154 sunt
1232 4102 1342 4159 Deo
1365 4109 1597 4178 negotia.

551 4179 788 4279 rEdi/ica
812 4185 939 4279 mibi
960 4187 1063 4244 hic.
1081 4188 1203 4263 (In.)
1219 4191 1349 4260 Qua:
1369 4201 1679 4258 sacriﬁcant
1701 4215 1910 4276 gentes,
1928 4219 2060 4279 etc.,

482 4285 642 4342 usque
667 4275 737 4328 ad
764 4276 857 4346 qui
883 4277 1044 4335 ﬁdem
1076 4279 1279 4339 Christi
1308 4302 1416 4344 non
1448 4275 1737 4364 recipiunt.

1059 4445 1286 4506 CAPUT
1325 4449 1516 4507 XXIV.

552 4594 716 4650 Vens.
771 4597 822 4652 l.
851 4628 920 4638 ——
957 4597 1212 4674 Cumque,
1255 4613 1362 4662 etc.
1417 4607 1619 4683 (Οιιια.)
1670 4612 1804 4670 Cum
1849 4617 2054 4674 nullum

481 4686 806 4755 daemonum,
833 4699 964 4760 etc.,
995 4712 1156 4780 usque
1185 4698 1254 4752 ad
1297 4708 1353 4756 et
1393 4699 1830 4780 unumquemque
1873 4712 1928 4767 in
1968 4729 2058 4769 or-

478 4779 602 4836 dine
627 4796 724 4836 suo
745 4773 1156 4845 resurrectionis
1184 4789 1410 4861 gloriam
1434 4773 1776 4869 adepturum.

550 4871 898 4946 Nequaquam
920 4878 1067 4934 abiit.
1095 4880 1151 4936 Id
1173 4892 1255 4938 est
1279 4902 1384 4941 non
1414 4888 1591 4942 stultis
1620 4889 1887 4957 sensibus,
1917 4893 2058 4949 sicut

475 4965 683 5022 solebat
709 4969 763 5023 in
794 4971 978 5027 multis
1008 4974 1332 5034 animalibus
1360 4991 1417 5034 et
1445 4980 1761 5048 pecudibus,
1793 4981 1887 5038 Dei
1916 5000 2050 5040 eon-

475 5055 736 5113 siderabit
758 5061 1089 5119 voluntatem
1127 5083 1140 5118 :
1175 5069 1268 5122 sed
1307 5079 1563 5140 agnoscet
1606 5073 1732 5141 quia
1767 5089 1944 5144 neque
1985 5077 2053 5133 de

473 5149 646 5205 bobus
674 5168 800 5208 cura
833 5165 918 5211 est
944 5156 1077 5223 Deo,
1106 5175 1284 5230 neque
1309 5161 1376 5216 de
1394 5163 1606 5230 ovibus,
1637 5181 1812 5237 neque
1841 5169 1907 5224 de
1933 5170 2052 5224 avi-

471 5238 606 5307 bus,
641 5243 870 5318 aliisque
919 5250 1240 5307 animalibus
1275 5251 1329 5322 (I
1353 5253 1473 5309 Cor.
1512 5273 1596 5323 1x;
1633 5257 1784 5314 Rom.
1818 5260 1931 5332 xv),
1958 5263 2052 5318 sed

473 5349 594 5404 quae
631 5335 697 5390 de
737 5337 817 5393 eis
855 5340 1056 5411 scripta
1094 5351 1238 5410 sunt,
1270 5355 1491 5416 propter
1512 5348 1758 5407 homines
1788 5352 2052 5424 intelliget

471 5425 693 5495 scripta.

545 5516 707 5577 Vens.
738 5523 793 5578 2.
822 5555 893 5564 —
924 5523 1168 5580 Irruente
1207 5529 1262 5580 in
1303 5546 1380 5584 se.
1433 5532 1613 5603 (Auc.,
1662 5547 1844 5606 qua’sl.
1887 5538 1946 5592 5i
1995 5541 2038 5591 ir

475 5608 661 5683 Num.)
699 5613 766 5668 Et
801 5615 974 5685 factus
998 5626 1070 5671 est
1103 5619 1318 5687 spiritus
1361 5621 1458 5676 Dei
1493 5642 1648 5695 super
1683 5627 1854 5694 illum,
1889 5629 1940 5682 id
1967 5638 2050 5684 est

473 5717 634 5772 super
664 5704 903 5772 Balaam,
933 5717 1064 5775 etc.,
1086 5727 1247 5781 usque
1270 5714 1338 5767 ad
1368 5724 1423 5770 et
1449 5717 1616 5772 multa
1648 5719 1863 5774 similia.

541 5798 705 5853 Vens.
734 5800 785 5854 5.
811 5831 879 5840 --
906 5801 1050 5856 Dixit
1085 5801 1328 5860 Balaam.
1354 5808 1557 5879 (0310.,
1589 5813 1729 5866 haut.
1762 5811 1872 5885 l7.)
1899 5813 2046 5869 Dixit

469 5886 694 5943 Balaam
723 5891 862 5947 filius
886 5892 1038 5960 Beor,
1075 5904 1203 5962 etc.,
1237 5915 1399 5964 usque
1440 5903 1508 5956 ad
1548 5912 1602 5959 et
1650 5905 1770 5962 ideo
1797 5906 1929 5962 dicit
1960 5922 2044 5962 rc-

2204 629 2359 684 vidit.

2273 723 2440 794 Cujus
2469 724 2743 780 obturatus
2761 765 2776 790 ,
2797 732 2902 780 etc.
2933 723 3120 796 (ΗΑΒ.)
3145 723 3281 792 Quia
3311 725 3367 781 in
3395 724 3604 782 somnis
3641 725 3778 783 clau-

2202 815 2280 872 sis
2309 816 2591 887 corporeis
2632 816 2804 872 oculis
2841 815 3084 888 angelico
3122 815 3425 871 ministerio
3463 817 3582 872 haec
3631 818 3776 873 vidit.

2201 908 2398 965 Oculos
2433 923 2564 964 vero
2607 907 2804 962 mentis
2843 907 3045 978 partim
3091 907 3255 962 habet
3299 915 3550 977 apertos,
3586 907 3777 978 partim

2199 1002 2434 1066 clausos,
2463 1002 2554 1070 qui
2585 1000 2848 1072 mysteria
2878 999 3060 1053 futura
3096 1000 3360 1070 agnoscit.
3403 1000 3496 1054 sed
3540 1015 3778 1056 errorem

2198 1109 2304 1150 non
2335 1093 2576 1165 corrigit.
2605 1092 2696 1148 Sic
2726 1092 2891 1162 iniqui
2923 1092 3066 1146 aliud
3090 1092 3340 1158 scientia,
3372 1091 3516 1148 aliud
3541 1093 3777 1150 moribus

2198 1195 2364 1259 agunt
2391 1204 2403 1240 :
2431 1187 2578 1242 aliud
2596 1201 2714 1251 ore,
2743 1169 2890 1240 aliud
2919 1201 3082 1255 opere
3108 1185 3418 1241 OStendunt.

2267 1279 2430 1334 Vens.
2463 1277 2517 1333 5.
2549 1309 2616 1318 -—
2639 1277 2812 1344 Quam
2841 1277 3083 1348 pulchra.
3115 1276 3317 1348 (Ontc.,
3346 1278 3490 1331 hom.
3522 1276 3639 1350 l7.)
3669 1275 3778 1332 Alia

2195 1371 2396 1437 littera,
2430 1380 2560 1436 etc.,
2588 1387 2751 1442 usque
2781 1371 2849 1425 ad
2879 1378 2939 1424 ut
2967 1383 3190 1425 nemora
3220 1368 3552 1434 umbrautia,
3591 1377 3658 1422 ut
3685 1385 3774 1438 pa-

2195 1461 2364 1516 radisi
2397 1476 2560 1531 super
2583 1460 2827 1525 ﬁumina,
2857 1470 2961 1515 etc.

2263 1552 2429 1607 Vens.
2463 1551 2516 1606 6.
2543 1583 2613 1592 —
2634 1549 2703 1605 Ut
2724 1551 2884 1605 valles
2908 1567 3215 1606 nemorosae.
3248 1548 3455 1622 (01ης.)
3483 1550 3617 1618 Alii,
3649 1561 3774 1616 etc.,

2195 1661 2354 1716 usque
2384 1644 2454 1698 ad
2483 1653 2538 1699 et
2565 1643 2619 1699 in
2646 1643 2891 1699 doctrina
2927 1658 3116 1700 eorum
3144 1643 3300 1712 quasi
3330 1643 3654 1698 incedentes
3689 1657 3776 1712 per

2193 1751 2360 1808 opaca
2390 1751 2671 1791 nemorum
2708 1735 3066 1790 delectantur.

2267 1825 2331 1880 Ut
2352 1827 2491 1880 horti
2503 1827 2662 1897 juxta
2685 1827 2870 1896 ﬂuvios
2893 1827 3100 1897 irrigui.
3129 1824 3252 1897 (In.)
3275 1825 3394 1880 Alia
3418 1825 3623 1892 littera,
3648 1836 3772 1894 etc.,

2117 1901 2167 1962 Β
2195 1936 2358 1990 usque
2382 1919 2451 1972 ad
2481 1919 2536 1973 in
2567 1917 2914 1972 tabernaculo
2949 1917 3146 1972 merito
3175 1917 3373 1972 dicitur
3400 1917 3676 1972 habitare.

2263 2009 2438 2064 Cedri.
2473 2010 2566 2063 Dei
2596 2009 2824 2073 scilicet,
2867 2023 2987 2078 quae
3030 2007 3330 2078 suscipiunt
3369 2007 3625 2078 palmites
3654 2009 3773 2063 vitis

2191 2103 2258 2157 de
2301 2098 2539 2172 Egypto
2584 2100 2858 2155 translatae
2883 2116 2897 2154 :
2923 2099 2977 2154 in
3004 2101 3201 2169 quibus
3229 2100 3639 2170 requiescitille
3661 2101 3770 2154 fru-

2190 2201 2328 2258 ctus,
2362 2193 2514 2264 cujus
2542 2193 2733 2246 umbra
2769 2192 2981 2263 operuit
3009 2202 3238 2248 montes.

2261 2283 2463 2356 (Οιιιε.)
2499 2282 2617 2336 Alia
2643 2282 2844 2347 littera,
2869 2292 3001 2349 etc.,
3027 2299 3189 2354 usque
3214 2284 3283 2338 ad
3319 2292 3376 2340 et
3417 2285 3770 2340 novissimum

2189 2375 2468 2430 inimicum
2501 2375 2746 2429 destruat
2773 2382 3022 2430 mortem.

2261 2469 2425 2524 Vens.
2457 2467 2510 2522 8.
2537 2497 2609 2508 —-—
2631 2465 2830 2521 Eduxit
2865 2465 3016 2520 illum
3045 2466 3128 2521 de.
3163 2467 3306 2523 Deus
3333 2469 3522 2524 eduxit
3557 2487 3686 2526 eum
3710 2488 3768 2526 ει

2186 2559 2417 2630 ᾹΞεγριο
2459 2570 2581 2630 post
2623 2565 2854 2612 mortem
2895 2557 3100 2613 scilicet
3150 2557 3412 2626 Herodis,
3463 2562 3647 2617 unde:
3692 2561 3770 2616 Ex

2185 2651 2418 2722 {Egypto
2443 2651 2620 2705 vocavi
2651 2647 2855 2703 Filium
2882 2647 3055 2721 (Osee.
3086 2650 3186 2723 ιι).
3224 2652 3380 2718 Quod
3404 2669 3474 2708 ex
3513 2655 3618 2709 hoc
3652 2654 3769 2709 loco

2183 2741 2398 2798 videtur
2444 2750 2779 2813 assumptum
2821 2751 2878 2798 et
2911 2742 3204 2815 Evangelio
3245 2745 3511 2801 insertum
3565 2748 3652 2802 vel
3708 2747 3768 2803 de

2183 2833 2322 2890 Osee
2347 2836 2631 2906 propheta.

2252 2927 2382 2983 Post
2433 2937 2661 2984 mortem
2703 2927 2930 2985 Herodis
2957 2970 2972 2995 ,
3021 2929 3138 2996 vel,
3193 2931 3260 2986 de
3308 2933 3530 3001 saeculo,
3585 2935 3766 2991 eduxit

2181 3018 2330 3074 illum
2360 3018 2520 3073 Pater
2551 3020 2619 3074 ad
2659 3020 3028 3091 semetipsum,
3055 3031 3115 3076 ut
3139 3023 3284 3078 viam
3310 3023 3519 3083 faceret
3556 3028 3640 3084 eis
3679 3031 3762 3100 qui

2181 3112 2247 3166 de
2276 3112 2378 3166 hoc
2405 3113 2603 3168 mundo
2625 3114 2902 3168 ascensuri
2927 3123 3084 3168 erant
3104 3116 3171 3171 ad
3198 3117 3386 3172 Deum.

2251 3201 2416 3273 Cujus
2445 3203 2701 3273 fortitudo
2726 3204 2944 3270 similis,
2985 3214 3092 3262 etc.
3138 3207 3332 3264 Omnia
3372 3212 3517 3267 enim
3568 3215 3756 3273 daemo-

2257 3311 2309 3349 Ill
2333 3311 2495 3366 regna
2520 3295 2798 3366 dejiciens,
2830 3313 2997 3351 unum
3015 3314 3171 3353 suum
3201 3317 3426 3372 regnum
3460 3309 3614 3374 quasi
3639 3323 3766 3378 vere

2177 3387 2452 3442 unicornis
2486 3387 2732 3444 fundavit
2777 3389 2833 3444 in
2870 3389 3041 3461 gloria
3077 3410 3090 3446 :
3137 3407 3308 3448 cornu
3343 3396 3490 3451 enim
3536 3411 3757 3470 regnum

2176 3479 2462 3552 signiﬁcat.

2245 3576 2583 3633 Devorabunt
2613 3588 2809 3650 gentes,
2853 3587 2958 3635 etc.
2986 3579 3197 3652 (Orum,
3240 3583 3330 3636 ubi
3371 3585 3579 3658 supra.)
3628 3585 3756 3644 Ede:

2171 3683 2346 3744 gentes
2384 3673 2720 3728 inimicorum
2757 3689 3002 3739 suorum,
3046 3685 3095 3728 et
3135 3677 3505 3732 crassitudines
3544 3678 3754 3734 illorum

2173 3761 2510 3829 medullabit,
2558 3774 2663 3820 etc.
2698 3763 2902 3820 Gentes
2931 3761 3160 3833 scilicet,
3194 3776 3334 3834 etc.,
3366 3784 3531 3840 usque
3559 3772 3629 3824 ad
3662 3773 3753 3842 qui

2163 3855 2522 3928 intelligibilis
2539 3866 2595 3914 et
2621 3866 2843 3914 sanctus
2864 3867 2970 3926 est,
2996 3868 3052 3914 et
3078 3875 3218 3916 unus
3237 3869 3293 3917 et
3321 3861 3608 3934 multiplex
3623 3864 3754 3920 dici-

2170 3957 2260 4003 tur
2277 3958 2332 4004 et
2355 3949 2590 4006 subtilis.
3061 3961 3066 3966 '

2237 4047 2308 4102 Et
2328 4048 2668 4118 perforabant
2687 4051 2912 4121 sagittis.
2946 4051 3088 4107 LXX
3112 4069 3125 4107 :
3152 4053 3220 4107 Et
3243 4055 3442 4125 jaculis
3468 4055 3576 4111 suis
3597 4057 3748 4126 sagit-

2165 4138 2348 4193 tabunt
2377 4140 2668 4195 inimicum.
2692 4140 2942 4198 Christus
2973 4144 3120 4198 enim
3149 4144 3329 4201 verbis
3351 4147 3462 4201 suis
3486 4147 3617 4202 vicit
3636 4148 3747 4202 dia-

2163 4232 2348 4288 bolum
2391 4232 2603 4304 (Mattli.
2641 4234 2738 4308 iv),
2771 4243 2827 4290 et
2852 4251 3043 4292 omnes
3069 4239 3506 4295 contradicentes
3532 4250 3743 4311 superat

2165 4332 2220 4380 et
2245 4326 2536 4398 confringit
2565 4346 2577 4381 :
2603 4329 2780 4385 omnis
2801 4329 2948 4385 enim
2980 4331 3070 4401 qui
3097 4343 3312 4402 peccat,
3346 4333 3602 4389 inimicus
3631 4331 3740 4402 ejus

2163 4425 2267 4483 est,
2310 4416 2435 4472 dum
2483 4428 2706 4490 peccat;
2735 4421 2780 4476 si
2813 4430 2991 4478 autem
3020 4423 3202 4480 verbis
3225 4425 3319 4480 Dei
3349 4425 3595 4482 conﬁxus
3627 4442 3739 4498 pec-

2162 4515 2282 4562 cata
2304 4523 2402 4563 sua
2425 4524 2725 4580 agnoscens
2753 4524 3174 4585 compungatur,
3197 4525 3255 4571 et
3275 4517 3345 4572 ad
3369 4517 3737 4587 paenitentiam

2162 4611 2474 4664 conversus,
2497 4598 2694 4668 jaculis
2716 4602 2833 4672 ejus
2866 4605 3111 4660 conﬁxus
3135 4606 3352 4662 dicitur.

2236 4688 2401 4744 Vsus.
2436 4690 2488 4746 9.
2513 4722 2580 4732 —
2605 4692 2881 4750 Accubans
2919 4696 3161 4752 dormivit
3207 4707 3262 4751 ut
3292 4698 3393 4763 leo,
3425 4707 3533 4754 etc.
3569 4700 3628 4756 Si
3657 4717 3736 4755 in;

2166 4781 2420 4838 tellexisti
2459 4794 2718 4855 quantam
2773 4787 3014 4857 requiem
3054 4789 3250 4854 habeat
3295 4790 3399 4846 iter
3440 4793 3732 4862 sapientiae,

2161 4883 2422 4945 quantum
2451 4877 2653 4948 gratiae,
2681 4887 3048 4950 quantumque
3083 4880 3378 4938 dulcedinis
3399 4923 3416 4949 ,
3458 4883 3569 4939 noli
3593 4885 3734 4940 dissi-

2161 4967 2391 5034 mulare,
2438 4969 2546 5024 noli
2585 4970 2878 5042 negligere,
2925 4973 3217 5044 aggredere
3252 4975 3376 5040 iter,
3431 4991 3538 5032 nec
3573 4976 3734 5032 eremi

2162 5059 2506 5115 solitudinem
2531 5064 2945 5131 perhorrescas;
2995 5065 3258 5121 habitanti
3293 5067 3438 5122 enim
3467 5069 3525 5123 in
3558 5069 3732 5140 hujus-

2159 5154 2307 5209 modi
2331 5156 2689 5212 tabernaculis
2707 5158 2946 5214 occurrit
2972 5173 3169 5212 manna
3215 5159 3453 5226 caeleste,
3500 5169 3558 5216 et
3579 5174 3731 5230 augeo

2158 5247 2332 5304 lorum
2349 5265 2542 5320 panem
2563 5249 2913 5306 manducabis
2940 5249 3135 5321 (Exod.
3163 5250 3296 5323 xvi).
3326 5251 3726 5323 Incipetantum

2160 5346 2293 5412 cito,
2324 5347 2377 5401 in
2399 5347 2733 5404 consortium
2761 5356 2911 5403 tuum
2938 5346 3376 5418 venientangeli,
3407 5361 3547 5418 quos
3579 5344 3729 5415 signi-

2159 5438 2324 5496 ﬁcant
2348 5440 2513 5496 cedri.

2232 5533 2404 5600 Quam
2435 5534 2689 5588 suscitare
2713 5533 2889 5588 nullus
2923 5532 3167 5602 audebit;
3199 5533 3317 5588 Lxx
3344 5551 3357 5588 :
3402 5531 3535 5600 Quis
3571 5531 3725 5588 susci—

2158 5628 2286 5684 tabit
2320 5629 2487 5684 eum?
2528 5627 2682 5683 Nunc
2706 5629 2854 5684 enim
2881 5643 2914 5682 a
2950 5626 3114 5683 Patre
3155 5626 3449 5683 suscitatus
3488 5625 3717 5680 dicitur.

2157 5738 2302 5781 nunc
2341 5724 2455 5794 ipse
2493 5723 2748 5794 templum
2791 5720 3032 5792 corporis
3063 5737 3147 5776 sui
3189 5719 3454 5776 suscitare
3493 5733 3552 5774 se
3600 5714 3720 5772 dicit

2118 5781 2140 5791 ς
2151 5815 2335 5887 (Joan.
2353 5781 2436 5886 it),
2454 5817 2573 5870 ideo
2587 5781 2740 5885 quasi
2755 5781 3126 5886 percbntantis
3141 5811 3474 5883 signiﬁcatur
3487 5809 3712 5865 allectus.

2222 5905 2327 5972 Qui
2362 5907 2697 5962 benedixerit.
2729 5905 2829 5973 Qui
2871 5904 3219 5972 benedicunt,
3262 5903 3482 5962 Christo
3509 5898 3713 5960 benedi-
