4006 6352
231 410 345 467 425

1271 397 1538 458 GLOSSA
1575 395 1972 455 0RDINARIA.
2008 425 2079 441 --
2111 396 2240 455 LIB.
2280 397 2451 459 NUM.

3377 396 3485 454 426

229 513 368 562 cunt
421 502 475 559 in
523 501 958 560 communionem
997 506 1237 572 paternae
1279 497 1674 554 benedictionis
1720 512 1807 552 as—
1835 496 2043 559 Atium
2086 497 2373 563 introierit,
2423 506 2547 553 tunc
2571 496 2880 562 ostendent,
2911 506 3039 552 tunc
3079 495 3485 562 beatificabunt,

228 597 454 668 sumpti.
483 595 585 664 Qui
611 603 790 651 autem
815 593 1146 650 maledicunt
1175 589 1444 646 maledicti
1465 598 1608 646 sunt.
1637 588 1805 644 Judmi

227 691 326 761 qui
359 687 756 744 maledixerunt
791 684 1030 748 Christo,
1074 681 1496 754 lacrymabiliter
1533 679 1806 736 maledicti

225 789 380 838 sunt.
412 779 550 846 Quid
577 778 722 833 enim
751 783 935 846 posset
953 773 1059 830 illis
1081 773 1300 829 evenire
1354 772 1447 842 qui
1482 770 1809 826 maledicunt
1837 821 1841 834 ,

225 869 533 940 sapientiae,
562 876 619 922 et
640 865 857 922 veritati
883 872 940 919 et
958 863 1104 929 vitae,
1133 863 1238 918 nisi
1269 870 1330 916 ut
1353 864 1419 918 ab
1445 862 1530 916 his
1560 859 1809 916 omnibus

225 961 449 1017 exsules
464 958 730 1029 iaceant?
789 956 916 1011 Haec
974 954 1118 1008 enim
1179 953 1364 1008 omnia
1419 951 1666 1008 Christus
1725 959 1809 1007 est

229 1050 416 1121 (loan.
446 1050 524 1112 9).

305 1139 414 1206 Qui
440 1139 766 1195 maledixerit
795 1137 909 1204 tibi,
951 1137 1008 1192 in
1047 1135 1411 1191 maledictione
1448 1133 1808 1206 reputabitur:

232 1233 516 1304 Iratusque
543 1230 709 1286 Balac
738 1241 941 1284 contra.
981 1226 1185 1300 (ORIG.)
1220 1227 1332 1297 Ego
1365 1233 1496 1296 puto
1530 1223 1673 1295 quod
1703 1239 1812 1278 non

230 1322 410 1377 solum
462 1319 733 1376 maledicit
772 1317 1021 1384 Christo,
1064 1318 1157 1386 qui
1207 1331 1512 1371 sermonem
1553 1315 1812 1371 adversus

228 1426 358 1465 eum
381 1410 589 1480 profert
618 1408 995 1474 maledictum;
1046 1408 1139 1463 sed
1164 1407 1325 1462 etiam
1355 1407 1448 1477 qui
1471 1405 1572 1460 sub
1597 1405 1813 1461 nomine

229 1501 529 1558 Christiani
563 1500 705 1556 male
728 1501 838 1573 agit
867 1500 1097 1571 turpiter
1119 1499 1271 1563 vivit,
1293 1505 1348 1552 et
1371 1497 1674 1552 inhonestis
1693 1510 1812 1550 ver-

228 1594 320 1649 bis
348 1603 443 1648 aut
459 1591 617 1648 factis
651 1607 848 1648 nomen
887 1595 1004 1660 ejus
1048 1591 1177 1646 facit
1223 1590 1608 1659 blasphemari.
1658 1588 1816 1643 Sicut

228 1699 344 1738 non
364 1683 538 1740 solum
559 1681 732 1738 Deum
755 1682 1041 1747 benedicit,
1069 1682 1160 1750 qui
1183 1679 1522 1736 sermonibus
1545 1677 1696 1744 solis,
1721 1678 1816 1734 sed

227 1783 288 1832 et
312 1775 408 1846 qui
436 1774 678 1840 actibus,
711 1774 823 1829 vita
851 1782 908 1830 et
930 1773 1172 1829 moribus
1203 1772 1334 1827 facit
1359 1785 1555 1826 nomen
1589 1771 1686 1825 Dei
1722 1771 1816 1826 be-

229 1868 434 1923 nedici.

305 1958 473 2012 Vsus.
499 1957 587 2013 11.
613 1987 684 1998 -
705 1956 959 2012 Dominus
978 1954 1199 2028 priuauit
1228 1964 1278 2009 te
1309 1954 1504 2008 honore
1537 1951 1810 2023 disposito.

227 2046 484 2104 Ostendit
524 2047 784 2104 Dominus
825 2047 952 2117 quia
988 2047 1153 2102 etiam
1195 2045 1355 2101 Baiae
1394 2043 1661 2099 intellexit
1705 2056 1814 2097 non

216 2140 343 2209 jam
381 2141 682 2196 damonum
723 2139 1031 2195 ministerio
1074 2138 1250 2209 decipi
1292 2137 1512 2192 Balaam
1531 2177 1547 2204 ,
1583 2135 1678 2192 sed
1719 2133 1817 2190 Dei

226 2231 434 2286 virtute
457 2231 524 2286 ad
563 2229 786 2285 meliora
813 2228 1112 2285 transferri.

303 2319 474 2377 Vens.
497 2319 586 2376 13.
613 2348 683 2360 -
709 2318 835 2374 Non
870 2329 1053 2391 potero
1085 2319 1354 2390 prazterire
1385 2333 1675 2373 sermonem
1708 2316 1818 2371 Do-

223 2413 364 2467 mini
395 2411 492 2466 Dei
519 2412 640 2479 mei,
670 2419 728 2465 ut
747 2409 825 2464 vel
851 2411 991 2465 boni.
1039 2409 1229 2466 Sciens
1270 2409 1492 2465 Balaam
1536 2408 1681 2480 quod
1707 2422 1817 2462 non

223 2504 339 2560 sibi
367 2518 466 2574 per
493 2502 772 2559 ministros
807 2501 997 2556 solitos
1031 2515 1289 2572 responsa
1324 2498 1692 2563 deferrentur,
1723 2498 1819 2553 sed

226 2595 304 2650 ab
332 2609 402 2650 eo
429 2595 521 2664 qui
562 2595 730 2650 habet
754 2593 994 2650 omnium
1029 2599 1354 2662 potestatem
1371 2631 1386 2657 ,
1427 2596 1580 2644 recte
1605 2588 1821 2643 videtur

223 2692 567 2758 protestatus
617 2698 676 2739 se
698 2697 806 2739 non
837 2697 998 2752 posse
1027 2681 1306 2751 praeterire
1334 2679 1556 2736 verbum
1579 2677 1818 2746 Domini,

223 2775 320 2830 vel
364 2773 610 2845 proferre
640 2773 842 2846 aliquid
877 2773 1003 2829 boni
1037 2772 1122 2827 vel
1158 2771 1286 2827 mali
1317 2787 1384 2828 ex
1425 2786 1521 2828 ore
1548 2787 1668 2829 suo.
1716 2771 1821 2840 Qui

225 2867 384 2924 enim
418 2867 677 2937 loquitur,
707 2881 816 2922 non
843 2873 1021 2937 potest
1061 2865 1342 2922 sacrificiis
1373 2865 1458 2920 vel
1493 2867 1816 2922 muneribus

224 2959 555 3030 pet-mutari,
582 2959 722 3028 apud
743 2973 904 3029 quem
930 2973 1037 3013 non
1061 2966 1147 3014 est
1179 2959 1584 3024 transmutatio,
1611 2967 1666 3013 et
1699 2959 1821 3013 ideo

227 3061 346 3103 non
369 3055 552 3119 potest
572 3048 824 3104 sacerdos
851 3047 1103 3102 mercede
1143 3047 1372 3113 mutari,
1405 3047 1497 3104 ubi
1529 3048 1672 3102 Deus
1697 3062 1817 3101 mu-

227 3141 463 3197 neribus
501 3155 609 3196 non
638 3149 902 3197 movetur.
929 3139 1276 3196 Discessurus
1301 3149 1482 3196 tamen
1516 3139 1702 3195 Balam
1728 3138 1818 3195 in-

225 3232 371 3303 cipit
424 3233 628 3288 iterum
685 3232 1028 3302 prophetare.
1080 3231 1148 3286 Et
1189 3230 1367 3286 dicit:
1422 3229 1710 3285 Consilium
1753 3231 1818 3285 do
1845 3198 1890 3263 Ο

225 3325 351 3389 tibi,
397 3331 504 3380 etc.

304 3413 475 3471 Vsus.
508 3415 598 3471 ib.
622 3413 850 3470 —Dabo
883 3415 976 3470 tibi
1007 3413 1283 3470 consilium
1309 3412 1510 3488 (0316.,
1535 3417 1676 3472 hom.
1706 3415 1820 3487 18.)

235 3507 402 3574 Veni,
431 3507 707 3562 consilium
737 3507 805 3562 do
841 3507 962 3572 tibi,
991 3517 1096 3563 etc.
1115 3547 1130 3572 ,
1154 3523 1315 3578 usque
1347 3507 1416 3560 ad
1447 3515 1700 3576 tanquam
1729 3508 1823 3576 qui

228 3614 371 3656 vere
391 3600 580 3656 videns
606 3601 678 3656 sit
700 3609 756 3656 et
778 3615 908 3658 vere
940 3601 1191 3656 audierit.

310 3695 480 3751 Vsus.
532 3693 621 3749 15.
659 3723 732 3734 ——
767 3693 916 3748 Dixit
953 3693 1198 3766 Balaam.
1234 3693 1378 3766 (ln.)
1417 3693 1638 3749 Balaam
1680 3695 1822 3763 ﬁlius

227 3788 416 3854 Beor,
456 3794 600 3855 etc.,
643 3803 805 3857 usque
855 3785 924 3841 ad
970 3801 1090 3856 qua:
1107 3763 1252 3855 .pro‘
1282 3763 1513 3842 utilitate
1566 3801 1823 3842 concessa

231 3888 390 3936 sunt.

311 3969 534 4042 (Cum,
572 3967 666 4024 lib.
701 3983 771 4023 xv
799 3965 1018 4033 Horal.,
1049 3981 1171 4037 cap.
1201 3967 1318 4036 22.)
1343 3965 1486 4022 Dixit
1507 3968 1658 4022 homo
1675 3969 1824 4039 cujus

233 4061 518 4116 obturatas
543 4068 616 4114 est
647 4057 845 4114 oculus.
879 4057 1064 4114 Nescit
1094 4058 1290 4128 impius
1334 4058 1475 4112 mala
1513 4073 1634 4128 quae
1671 4057 1824 4126 facit,

234 4157 351 4212 nisi
391 4169 516 4211 cum
538 4169 636 4224 pro
671 4155 752 4211 eis
770 4154 949 4226 puniri
992 4154 1235 4222 coeperit.
1276 4151 1572 4208 Consilium
1609 4150 1825 4208 Balaam

231 4255 438 4305 contra
473 4245 744 4302 lsraelitas
787 4245 1046 4316 praebuit,
1089 4245 1186 4301 sed
1228 4253 1351 4316 post
1385 4245 1442 4299 in
1491 4259 1648 4315 poma
1692 4244 1829 4299 vidit

231 4340 371 4412 quid
394 4339 547 4410 prius
567 4353 631 4394 ex
657 4338 811 4409 culpa
831 4337 1181 4394 commiserit.
1211 4336 1378 4392 Electi
1403 4345 1583 4391 autem
1613 4337 1739 4406 quia
1759 4351 1830 4392 ne

232 4443 477 4501 peccare
505 4429 760 4494 debeant,
792 4427 1091 4498 praevident
1123 4444 1136 4478 :
1188 4426 1332 4481 oculi
1364 4441 1553 4482 eorum
1582 4435 1706 4481 ante
1731 4442 1826 4482 ca-

1909 589 2068 643 modo
2090 586 2476 658 blasphemant.
2508 589 2612 643 Sed
2635 599 2844 658 tempus
2867 604 2974 658 quo
2996 589 3110 643 haec
3131 587 3308 642 futura
3337 595 3484 652 sunt,

1908 681 2065 751 longe
2091 690 2175 736 est
2197 690 2252 736 et
2275 683 2328 736 in
2354 681 2462 737 fine
2482 682 2682 737 saeculi.
2711 683 2836 738 Ideo
2862 683 2964 736 ait:
2997 679 3282 738 Ostendam
3308 678 3410 746 illi,
3433 679 3488 734 id

1908 780 1992 826 est
2015 771 2230 842 populo,
2261 773 2354 842 qui
2385 780 2513 828 tunc
2534 773 2859 839 salvabitur,
2885 775 2976 828 sed
3011 790 3114 828 non
3143 771 3317 827 modo.

1982 862 2106 918 Non
2135 864 2310 930 modo,
2361 879 2484 920 cum
2516 866 2618 920 ista
2645 865 2834 936 loquor
2871 881 2886 918 :
2924 865 3059 932 Quia
3091 865 3180 920 ubi
3204 863 3340 919 venit
3373 860 3486 933 ple-

1909 953 2092 1008 nitudo
2120 955 2364 1024 temporis
2389 957 2530 1009 misit
2563 955 2704 1011 Deus
2738 955 2939 1010 Filium
2960 973 3113 1013 suum
3143 954 3287 1026 (Gal.
3316 953 3414 1026 tv).

1983 1043 2195 1100 Orietur
2220 1045 2372 1100 stella
2393 1063 2457 1101 ea:
2485 1047 2670 1101 Jacob.
2700 1045 2900 1119 (Οιιιρ.)
2923 1049 2998 1103 De
3021 1049 3122 1102 hac
3150 1046 3324 1112 stella,
3353 1053 3485 1108 etc.,

1911 1152 2073 1208 usque
2123 1137 2193 1192 ad
2236 1146 2296 1192 ut
2343 1148 2633 1210 utrumque
2671 1141 2947 1196 evidenter
2981 1140 3359 1211 pr0phetatum
3401 1153 3490 1207 ap-

1909 1236 2119 1298 pareat.

1983 1319 2054 1374 Et
2073 1323 2323 1392 percutiet
2347 1321 2525 1389 duces,
2557 1323 2882 1394 principatus
2911 1332 2957 1378 et
2983 1331 3261 1394 potestates
3283 1321 3490 1391 aﬁigens

1913 1411 2056 1464 cruci
2091 1411 2228 1482 (Col.
2271 1412 2355 1485 ιι).
2383 1413 2558 1468 Aliter
2590 1429 2699 1470 non
2739 1423 2918 1484 potest
2958 1415 3168 1470 salvare
3204 1413 3487 1476 Moabitas,
3535 1463 3558 1478 ,

1913 1503 2015 1556 nisi
2037 1502 2186 1573 prius
2212 1512 2479 1560 vastasset
2504 1506 2670 1561 duces
2691 1507 3005 1576 impietatis.

1999 1589 2332 1665 Vastabitque
2377 1611 2574 1649 omnes.
2621 1595 2825 1664 (Οκιε.)
2852 1598 2921 1651 Et
2949 1602 3271 1671 prtcdabitur
3317 1621 3492 1660 omnes

1915 1680 2052 1750 ﬁlios
2084 1680 2231 1737 Seth.
2260 1682 2364 1738 Iste
2389 1693 2474 1739 est
2500 1683 2630 1740 Seth
2663 1687 2806 1742 ﬁlius
2833 1688 3002 1744 Adam
3023 1732 3037 1757 ,
3062 1702 3168 1748 etc.
3191 1735 3206 1760 ,
3237 1713 3397 1767 usque
3425 1715 3492 1751 aa

1916 1770 1982 1826 de
2009 1779 2181 1826 morte
2205 1775 2479 1828 revocavit
2507 1776 2574 1830 ad
2603 1776 2792 1832 vitam.

1836 1852 1887 1914 B
1987 1860 2057 1916 Et
2082 1863 2180 1916 erit
2209 1863 2450 1919 Iduma’a
2495 1868 2752 1936 possessio
2783 1868 2914 1938 ejus.
2951 1871 3071 1941 (ln.)
3099 1872 3166 1926 Et
3192 1875 3287 1928 erit
3325 1875 3494 1930 Edoni
3527 1863 3536 1876 ⁸

1913 1953 2190 2009 hwrcditas
2219 1957 2286 2021 ei,
2313 1956 2460 2012 Esau
2482 1960 2724 2014 inimicus
2754 1961 2890 2031 ejus,
2921 1972 3027 2018 etc.
3050 1964 3216 2020 Edom
3252 1965 3391 2021 idem
3413 1978 3498 2023 cst

1915 2045 2007 2115 qui
2037 2046 2202 2112 Esau,
2245 2055 2373 2114 etc.,
2421 2067 2582 2121 usque
2627 2052 2697 2105 ad
2733 2068 2829 2123 per
2877 2054 3238 2112 obedientiam
3277 2059 3498 2128 spiritus

1917 2151 2140 2194 consors
2168 2139 2361 2195 futura:
2384 2141 2714 2200 haereditatis
2752 2146 2966 2201 existet.

1989 2229 2151 2284 Vsus.
2205 2231 2294 2286 18.
2338 2261 2407 2271 -—
2448 2230 2622 2286 Israel
2667 2250 2783 2288 vero
2822 2235 3030 2304 fortiter
3070 2247 3209 2308 aget.
3243 2239 3390 2309 (ld.)
3431 2240 3498 2295 Et

1917 2318 2090 2374 Israel
2117 2320 2240 2389 fecit
2269 2322 2324 2376 in
2350 2323 2558 2377 virtute.
2585 2323 2720 2390 Quia
2748 2325 2958 2381 scilicet
2985 2335 3112 2383 tunc
3134 2329 3302 2384 Edoni
3321 2371 3334 2396 ,
3365 2341 3494 2397 etc.,

1918 2427 2081 2482 usque
2110 2411 2180 2465 ad
2224 2413 2313 2482 qui
2358 2422 2540 2483 potest
2579 2415 2820 2470 animam
2865 2426 2920 2472 et
2949 2434 3145 2490 corpus
3178 2423 3404 2492 perdere
3443 2425 3497 2479 in

1919 2503 2246 2573 gehennam.
3113 2580 3116 2582 γ

1991 2590 2059 2644 Ει
2081 2592 2268 2662 perdat
2292 2593 2538 2666 reliquias
2570 2597 2811 2653 civitatis.
2843 2599 2964 2672 (ln.)
2993 2601 3187 2658 Perdet
3211 2604 3496 2662 liberatum

1920 2683 1988 2738 de
2009 2685 2247 2751 civitate,
2273 2694 2402 2753 etc.,
2435 2704 2595 2759 usque
2621 2690 2690 2744 ad
2712 2692 2798 2746 cui
2825 2693 2870 2747 si
2901 2695 3303 2763 cetumorimur,
3331 2699 3494 2756 ctiam

1921 2777 2268 2833 convivemus
2290 2777 2376 2850 (II
2403 2779 2536 2834 Tim.
2565 2779 2647 2853 ιι).

1999 2871 2158 2926 Vsus.
2186 2871 2278 2926 20.
2305 2903 2377 2913 —
2401 2873 2751 2946 Principium.
2789 2875 2904 2932 Non
2937 2878 3039 2936 hoc
3068 2879 3135 2934 ad
3165 2881 3498 2938 historialem

1919 2961 2141 3018 Amalec
2162 2961 2354 3018 referri
2375 2972 2590 3032 potest:
2624 2981 2732 3022 non
2773 2967 2918 3022 enim
2953 2971 3160 3038 primus
3199 2981 3318 3026 erat
3360 2975 3501 3028 anti-

1921 3052 2154 3122 quitate;
2186 3054 2280 3108 sed
2314 3055 2381 3108 ad
2406 3055 2727 3124 spiritalem,
2753 3057 2846 3126 qui
2877 3059 3196 3116 declinando
3223 3065 3448 3132 populos
3468 3081 3500 3117 a

1922 3142 2032 3198 Deo
2068 3150 2123 3198 et
2169 3142 2417 3198 faciendo
2463 3145 2689 3215 gentiles
2715 3161 2781 3200 ex
2810 3147 2902 3202 Dei
2937 3149 3252 3217 cultoribus,
3280 3153 3500 3209 Amalec

1924 3234 2252 3291 nominatur.
2286 3235 2353 3290 Et
2380 3236 2594 3291 initium
2619 3238 2857 3308 gentium
2881 3239 3096 3306 dicitur,
3129 3245 3254 3312 quia
3289 3246 3500 3302 initium

1924 3325 2090 3394 dedit,
2122 3333 2184 3382 ut
2226 3327 2474 3382 homines
2511 3327 2704 3384 tierent
2738 3330 2964 3401 gentiles
2990 3335 3246 3389 mutando
3273 3335 3498 3404 gloriam

1924 3415 2348 3486 incorruptibilis
2373 3417 2466 3472 Dei
2497 3419 2550 3472 in
2575 3418 2976 3478 similitudinem
3021 3423 3271 3494 imaginis
3310 3441 3500 3482 corru-

1923 3505 2128 3576 ptibilis
2157 3507 2391 3562 hominis
2420 3525 2432 3560 :
2468 3517 2526 3561 ut
2544 3509 2691 3564 enim
2712 3509 2767 3564 in
2791 3511 2986 3580 populo
3013 3511 3108 3568 Dei
3137 3513 3385 3572 Christus
3417 3529 3504 3572 est

1924 3597 2158 3662 initium,
2189 3598 2342 3653 sicin
2364 3599 2559 3668 populo
2599 3599 2691 3669 qui
2721 3600 2954 3655 declinat
2984 3617 3014 3657 a
3038 3602 3169 3670 Deo,
3204 3616 3261 3659 et
3289 3608 3504 3678 gentilis

1924 3687 2152 3743 edicitur
2173 3688 2412 3743 Amalec.

1997 3780 2201 3852 (0310.)
2233 3781 2450 3836 Initium
2481 3783 2719 3855 gentium
2739 3785 2980 3854 Amalec,
3004 3796 3136 3854 etc.,
3160 3807 3322 3861 usque
3347 3793 3416 3846 ad
3449 3802 3504 3847 et

1925 3872 2103 3926 omnis
2129 3881 2273 3928 secta
2297 3887 2417 3944 quae
2444 3890 2475 3928 a
2496 3875 2607 3930 Deo
2629 3878 2881 3948 populum
2905 3881 3157 3948 declinat,
3183 3893 3499 3953 exponatur.

1999 3962 2162 4017 Vsus.
2197 3963 2288 4021 21.
2317 3995 2385 4004 -
2435 3963 2574 4019 Vidit
2603 3983 2823 4038 quoque,
2847 3977 2952 4028 etc.
2979 3970 3102 4041 (ln.)
3145 3972 3261 4027 Alia
3291 3973 3468 4028 littera
3489 4016 3502 4038 ,

1927 4061 2056 4121 etc.,
2085 4070 2245 4124 usque
2275 4055 2343 4108 ad
2363 4064 2416 4110 et
2437 4057 2644 4113 discant
2672 4075 2779 4114 non
2802 4061 3195 4132 blasphemare.

1999 4145 2118 4200 Non
2142 4147 2354 4202 videtur
2378 4148 2613 4204 Cinmum
2642 4152 2794 4207 valde
2825 4155 3162 4223 culpabiliter
3186 4157 3466 4212 nominare
3488 4198 3501 4218 .

1930 4244 2016 4299 cui
2044 4245 2181 4300 dixit
2206 4245 2334 4301 Saul
2359 4266 2371 4300 :
2401 4247 2618 4302 Discede
2651 4250 2715 4302 de
2744 4251 2913 4304 medio
2933 4251 3154 4304 ’Amalec
3186 4263 3233 4306 el
3256 4269 3358 4306 non
3383 4270 3502 4322 per-

1931 4336 2122 4391 cutiam
2144 4346 2212 4402 te,
2229 4339 2351 4407 quia
2366 4337 2531 4406 fecisti
2548 4340 2960 4394 misericordiam
2976 4340 3167 4406 Israel,
3183 4349 3288 4396 etc.
3307 4342 3360 4411 (Ι
3376 4343 3505 4413 Reg.

1931 4429 2046 4500 xv.)
2079 4426 2246 4498 Hujus
2291 4431 2570 4484 robustum
2609 4439 2693 4496 est
2738 4431 3136 4495 habitaculum,
3175 4432 3219 4485 si
3256 4443 3422 4501 ponat
3453 4435 3506 4488 in

234 4537 367 4577 sum
388 4527 598 4591 patent.
625 4517 847 4588 Iniquus
878 4533 1007 4574 vero
1035 4526 1158 4588 post
1192 4532 1374 4576 casum
1416 4518 1603 4572 oculos
1631 4518 1834 4588 aperit,
1861 4554 1916 4615 Β
1942 4530 2116 4589 petra,
2145 4537 2263 4591 quae
2284 4530 2369 4576 est
2387 4523 2654 4587 Christus,
2685 4523 2868 4577 nidum
2901 4539 3076 4577 suum.

237 4614 374 4686 quia
405 4619 530 4682 post
551 4609 761 4680 culpam
783 4607 895 4679 jam
923 4610 977 4664 in
997 4623 1157 4680 paena
1178 4609 1460 4679 conspicit,
1478 4609 1604 4678 quia
1632 4609 1832 4663 malum

238 4704 436 4761 debuit
463 4703 634 4758 vitare
657 4702 800 4773 quod
833 4701 982 4758 fecit.
1028 4735 1039 4744 -

319 4796 515 4869 (Vsus.
561 4793 648 4851 16.
694 4824 764 4834 —
812 4793 915 4860 Qui
959 4793 1152 4848 cadens
1191 4800 1397 4862 apertos
1446 4793 1597 4847 habet
1635 4791 1830 4847 oculos.

243 4890 410 4960 Saepe
426 4887 600 4943 malus
613 4896 815 4942 aeterna
835 4885 1040 4955 judicia
1061 4885 1379 4946 admiratur,
1395 4884 1834 4954 prtedicationem

242 4982 494 5040 caelestis
533 4982 721 5052 patria:
764 4996 885 5037 cum
923 4979 1096 5043 audit,
1127 4977 1332 5048 diligit,
1357 4986 1412 5032 et
1445 4992 1610 5048 opera
1641 4977 1834 5031 divinae

244 5071 624 5144 dispositionis
657 5071 1009 5141 obstupescit.
1039 5067 1233 5124 Iacens
1257 5082 1386 5139 ergo
1419 5067 1679 5122 miracula
1713 5083 1840 5122 con-

244 5163 481 5230 siderat,
517 5163 644 5233 quia
675 5163 769 5218 Dei
801 5163 1096 5234 potentiam
1134 5161 1353 5217 sciendo
1375 5170 1588 5230 pensat,
1629 5158 1722 5216 sed
1764 5160 1839 5215 vi-

244 5257 433 5314 vendo
461 5271 568 5311 non
587 5264 751 5311 amat.

330 5349 496 5404 Vsus.
528 5348 616 5403 17.
629 5377 702 5388 —-
721 5346 914 5402 Videbo
929 5363 1068 5414 eum,
1081 5347 1172 5403 sed
1188 5363 1290 5403 non
1301 5347 1473 5403 modo.
1490 5347 1608 5403 Alia
1624 5345 1800 5403 littera
1821 5365 1834 5400 :

248 5440 549 5499 Ostendam
572 5441 641 5506 ei,
673 5449 722 5493 et
749 5456 853 5494 non
879 5442 1056 5495 modo.
1088 5440 1409 5509 Beatiﬁcabo
1443 5450 1492 5495 et
1523 5457 1628 5495 non
1653 5456 1841 5510 appro-

248 5533 500 5604 pinquat.
523 5530 648 5587 Haec
678 5533 744 5586 ad
785 5531 903 5587 illos
939 5548 1168 5602 quorum
1195 5547 1484 5604 personam
1519 5533 1659 5603 gerit
1701 5531 1842 5586 refe-

253 5631 472 5678 runtur.
535 5621 674 5690 Quia
725 5623 974 5678 doctores
1018 5623 1149 5692 legis
1191 5631 1246 5678 et
1299 5623 1489 5678 scriba:
1551 5622 1842 5680 ostendunt

253 5713 538 5769 Christum
573 5712 629 5767 in
672 5712 788 5784 lege
808 5721 862 5768 et
905 5713 1183 5784 prophetis
1209 5713 1566 5783 promissum,
1614 5719 1708 5768 sed
1734 5726 1843 5766 non

2011 4613 2194 4685 (ΗΑΒ.)
2221 4614 2461 4680 Ciuazus,
2489 4625 2618 4679 etc.,
2653 4632 2812 4686 usque
2837 4615 2906 4669 ad
2939 4623 2992 4670 et
3019 4631 3178 4670 omne
3205 4618 3347 4688 quod
3373 4633 3510 4688 prae-

1938 4705 2068 4760 terit
2099 4706 2277 4760 cordis
2307 4705 2486 4760 volatu
2512 4707 2916 4761 transcendunt.

2012 4794 2172 4850 Vens.
2201 4794 2291 4850 22.
2311 4826 2383 4835 —
2404 4795 2633 4850 Electus.
2661 4796 2825 4852 Electi
2848 4794 2915 4852 de
2936 4813 3160 4855 numero
3182 4801 3506 4870 sapientum,

1940 4887 2182 4942 veritatis
2224 4886 2570 4956 inquisitores
2614 4886 2724 4939 vita
2762 4887 2946 4942 vivunt
2989 4897 3281 4958 perpetua;
3324 4891 3506 4945 unde:

1941 4979 2204 5034 elucidant
2226 4997 2336 5046 me,
2363 4981 2518 5034 vitam
2541 4989 2786 5034 cateruam
2807 4980 3065 5034 habebunt
3103 4981 3293 5052 (Eccli.
3336 4985 3506 5053 xxiv).

2014 5075 2199 5128 Assur.
2247 5071 2499 5127 Diabolus
2541 5072 2783 5138 scilicet,
2825 5071 2910 5127 cui
2950 5072 3186 5128 hairetici
3229 5074 3513 5129 traduntur

1944 5163 2210 5235 dirigendi
2246 5172 2300 5218 et
2320 5163 2646 5233 corrigendi.

2016 5253 2180 5309 Vsus.
2202 5253 2292 5308 25.
2316 5283 2384 5292 -
2405 5249 2694 5306 Parabola.
2720 5251 2875 5323 Saepe
2907 5250 3220 5322 parabolice
3253 5251 3398 5322 loqui
3429 5253 3510 5308 di-

1944 5345 2107 5410 citur,
2133 5360 2200 5399 ne
2227 5345 2354 5414 quid
2384 5344 2439 5398 in
2465 5345 2549 5399 his
2579 5360 2682 5399 non
2723 5345 2878 5414 quasi
2912 5343 3224 5414 parabolam
3247 5384 3263 5410 ,
3304 5345 3396 5401 sed
3428 5361 3514 5401 se-

1945 5436 2176 5491 cundum
2205 5435 2438 5491 litteram
2469 5435 2817 5506 accipiamus.

2016 5525 2165 5592 Quis.
2199 5526 2330 5580 Tam
2353 5526 2513 5591 felix,
2543 5527 2634 5596 qui
2667 5527 2781 5581 haec
2815 5526 3025 5592 videat,
3051 5526 3284 5594 sentiat,
3312 5525 3512 5582 intelli-

1944 5625 2065 5689 gat,
2091 5625 2144 5672 et
2167 5619 2382 5683 credat,
2407 5617 2548 5688 quod
2581 5617 2694 5672 htec
2719 5617 2789 5670 ita
2823 5615 3011 5671 fecerit
3033 5618 3193 5672 Deus.

2019 5707 2241 5774 Quando
2267 5709 2388 5762 ista.
2418 5708 2551 5762 Cum
2579 5707 2788 5761 scilicet
2812 5708 3010 5761 orietur
3037 5706 3186 5760 stella
3224 5724 3287 5761 ca:
3313 5705 3476 5760 Iacob
3494 5747 3510 5771 ,

255 5805 456 5869 modo;
485 5804 538 5861 id
577 5815 661 5862 est
689 5806 904 5876 quando
935 5807 1109 5870 venit,
1138 5806 1230 5862 sed
1257 5822 1380 5861 cum
1411 5805 1688 5876 plenitudo
1723 5819 1846 5873 gen-
1947 5811 2121 5872 surqet
2154 5803 2307 5856 homo
2343 5817 2406 5855 ea:
2434 5799 2604 5853 Israel
2625 5839 2639 5866 ,
2669 5809 2715 5852 et
2745 5800 2928 5853 delebit
2970 5801 3178 5854 Amalec
3200 5841 3214 5866 ,
3257 5810 3304 5854 et
3343 5815 3516 5856 semen

668 5901 935 5961 Parnon.
973 5900 1198 5962 CXIII.

3012 5891 3079 5951 Ili
