  <div class='ocr_page' id='page_1' title='image "/cluster/home/n/w/nwhite01/storage/ocr_20150623/113/hvd.32044018909572/219.png"; bbox 0 0 4006 6352; ppageno 0'>
   <div class='ocr_carea' id='block_1_1' title="bbox 550 400 678 481">
    <p class='ocr_par' dir='ltr' id='par_1_1' title="bbox 550 400 678 481">
     <span class='ocr_line' id='line_1_1' title="bbox 550 400 678 481; baseline 0 0"><span class='ocrx_word' id='word_1_1' title='bbox 550 400 678 481; x_wconf 66' lang='grc' dir='ltr'><strong>ιη’</strong></span> 
     </span>
    </p>
   </div>
   <div class='ocr_carea' id='block_1_2' title="bbox 1057 424 3290 491">
    <p class='ocr_par' dir='ltr' id='par_1_2' title="bbox 1057 424 3290 491">
     <span class='ocr_line' id='line_1_2' title="bbox 1057 424 3290 491; baseline 0.001 -7"><span class='ocrx_word' id='word_1_2' title='bbox 1057 424 1459 486; x_wconf 76' lang='lat' dir='ltr'><strong>WALAFRIDI</strong></span> <span class='ocrx_word' id='word_1_3' title='bbox 1495 427 1746 487; x_wconf 79' lang='lat' dir='ltr'><strong>STRABI</strong></span> <span class='ocrx_word' id='word_1_4' title='bbox 1779 424 1989 489; x_wconf 80' lang='lat' dir='ltr'><strong>FULD.</strong></span> <span class='ocrx_word' id='word_1_5' title='bbox 2030 428 2198 489; x_wconf 83' lang='lat' dir='ltr'><strong>MON.</strong></span> <span class='ocrx_word' id='word_1_6' title='bbox 2238 429 2389 491; x_wconf 88' lang='lat' dir='ltr'><strong>OPP.</strong></span> <span class='ocrx_word' id='word_1_7' title='bbox 2427 431 2610 489; x_wconf 81' lang='lat' dir='ltr'><strong>PARS</strong></span> <span class='ocrx_word' id='word_1_8' title='bbox 2647 431 2690 488; x_wconf 92' lang='grc'><strong>1.</strong></span> <span class='ocrx_word' id='word_1_9' title='bbox 2730 461 2799 473; x_wconf 90' lang='grc'><strong>-</strong></span> <span class='ocrx_word' id='word_1_10' title='bbox 2831 427 3290 488; x_wconf 80' lang='lat' dir='ltr'><strong>THEOLOGICA.</strong></span> 
     </span>
    </p>
   </div>
   <div class='ocr_carea' id='block_1_3' title="bbox 3724 424 3827 489">
    <p class='ocr_par' dir='ltr' id='par_1_3' title="bbox 3724 424 3827 489">
     <span class='ocr_line' id='line_1_3' title="bbox 3724 424 3827 489; baseline 0.039 -4"><span class='ocrx_word' id='word_1_11' title='bbox 3724 424 3827 489; x_wconf 61' lang='grc' dir='ltr'><strong>ΕΒ</strong></span> 
     </span>
    </p>
   </div>
   <div class='ocr_carea' id='block_1_4' title="bbox 549 534 3827 621">
    <p class='ocr_par' dir='ltr' id='par_1_4' title="bbox 549 534 3827 621">
     <span class='ocr_line' id='line_1_4' title="bbox 549 534 3827 621; baseline 0.004 -29"><span class='ocrx_word' id='word_1_12' title='bbox 549 534 757 610; x_wconf 79' lang='lat' dir='ltr'><strong>peribit.</strong></span> <span class='ocrx_word' id='word_1_13' title='bbox 779 534 841 594; x_wconf 81' lang='lat' dir='ltr'><strong>Id</strong></span> <span class='ocrx_word' id='word_1_14' title='bbox 865 542 983 606; x_wconf 88' lang='lat' dir='ltr'><strong>est,</strong></span> <span class='ocrx_word' id='word_1_15' title='bbox 1013 552 1138 595; x_wconf 90' lang='lat' dir='ltr'><strong>cum</strong></span> <span class='ocrx_word' id='word_1_16' title='bbox 1162 539 1346 611; x_wconf 85' lang='lat' dir='ltr'><strong>veniet</strong></span> <span class='ocrx_word' id='word_1_17' title='bbox 1366 540 1615 600; x_wconf 82' lang='lat' dir='ltr'><strong>Christus</strong></span> <span class='ocrx_word' id='word_1_18' title='bbox 1642 552 1699 600; x_wconf 90' lang='lat' dir='ltr'><strong>et</strong></span> <span class='ocrx_word' id='word_1_19' title='bbox 1722 543 1927 601; x_wconf 89' lang='lat' dir='ltr'><strong>cultum</strong></span> <span class='ocrx_word' id='word_1_20' title='bbox 1958 544 2130 603; x_wconf 92' lang='lat' dir='ltr'><strong>idolo-</strong></span> <span class='ocrx_word' id='word_1_21' title='bbox 2159 548 2212 611; x_wconf 79' lang='grc' dir='ltr'>Α</span> <span class='ocrx_word' id='word_1_22' title='bbox 2235 556 2461 618; x_wconf 86' lang='lat' dir='ltr'><strong>peccata</strong></span> <span class='ocrx_word' id='word_1_23' title='bbox 2488 560 2609 619; x_wconf 68' lang='lat' dir='ltr'><strong>qua:</strong></span> <span class='ocrx_word' id='word_1_24' title='bbox 2632 546 3053 614; x_wconf 87' lang='lat' dir='ltr'><strong>committimus,</strong></span> <span class='ocrx_word' id='word_1_25' title='bbox 3082 556 3219 615; x_wconf 87' lang='lat' dir='ltr'><strong>etc.,</strong></span> <span class='ocrx_word' id='word_1_26' title='bbox 3241 563 3405 621; x_wconf 79' lang='lat' dir='ltr'><strong>usque</strong></span> <span class='ocrx_word' id='word_1_27' title='bbox 3433 547 3504 604; x_wconf 87' lang='lat' dir='ltr'><strong>ad</strong></span> <span class='ocrx_word' id='word_1_28' title='bbox 3522 546 3827 618; x_wconf 63' lang='lat' dir='ltr'><strong>pradicas</strong></span> 
     </span>
    </p>
   </div>
   <div class='ocr_carea' id='block_1_5' title="bbox 545 630 2029 707">
    <p class='ocr_par' dir='ltr' id='par_1_5' title="bbox 545 630 2029 707">
     <span class='ocr_line' id='line_1_5' title="bbox 545 630 2029 707; baseline 0.005 -21"><span class='ocrx_word' id='word_1_29' title='bbox 545 646 670 687; x_wconf 91' lang='lat' dir='ltr'><strong>rum</strong></span> <span class='ocrx_word' id='word_1_30' title='bbox 693 630 967 699; x_wconf 77' lang='lat' dir='ltr'><strong>destruet,</strong></span> <span class='ocrx_word' id='word_1_31' title='bbox 991 641 1047 687; x_wconf 89' lang='lat' dir='ltr'><strong>et</strong></span> <span class='ocrx_word' id='word_1_32' title='bbox 1073 631 1378 690; x_wconf 72' lang='lat' dir='ltr'><strong>daemonum</strong></span> <span class='ocrx_word' id='word_1_33' title='bbox 1407 643 1734 706; x_wconf 85' lang='lat' dir='ltr'><strong>potestatem</strong></span> <span class='ocrx_word' id='word_1_34' title='bbox 1759 636 2029 707; x_wconf 88' lang='lat' dir='ltr'><strong>subjiciet.</strong></span> 
     </span>
    </p>
   </div>
   <div class='ocr_carea' id='block_1_6' title="bbox 608 739 2130 823">
    <p class='ocr_par' dir='ltr' id='par_1_6' title="bbox 608 739 2130 823">
     <span class='ocr_line' id='line_1_6' title="bbox 608 739 2130 823; baseline 0.008 -27"><span class='ocrx_word' id='word_1_35' title='bbox 608 739 775 799; x_wconf 77' lang='lat' dir='ltr'><strong>Vens.</strong></span> <span class='ocrx_word' id='word_1_36' title='bbox 821 741 917 798; x_wconf 73' lang='grc'><strong>24.</strong></span> <span class='ocrx_word' id='word_1_37' title='bbox 942 772 1014 784; x_wconf 92' lang='grc'><strong><em>-</em></strong></span> <span class='ocrx_word' id='word_1_38' title='bbox 1043 741 1281 801; x_wconf 77' lang='grc' dir='ltr'><strong>νσηὶεηε.</strong></span> <span class='ocrx_word' id='word_1_39' title='bbox 1338 744 1561 809; x_wconf 75' lang='lat' dir='ltr'><strong>Videtur</strong></span> <span class='ocrx_word' id='word_1_40' title='bbox 1617 748 1927 820; x_wconf 74' lang='lat' dir='ltr'><strong>signiﬁcare</strong></span> <span class='ocrx_word' id='word_1_41' title='bbox 1982 753 2130 823; x_wconf 86' lang='lat' dir='ltr'><strong>quod</strong></span> 
     </span>
    </p>
   </div>
   <div class='ocr_carea' id='block_1_7' title="bbox 536 830 2125 917">
    <p class='ocr_par' dir='ltr' id='par_1_7' title="bbox 536 830 2125 917">
     <span class='ocr_line' id='line_1_7' title="bbox 536 830 2125 917; baseline 0.008 -29"><span class='ocrx_word' id='word_1_42' title='bbox 536 830 694 903; x_wconf 77' lang='lat' dir='ltr'><strong>juxta</strong></span> <span class='ocrx_word' id='word_1_43' title='bbox 719 834 1151 891; x_wconf 76' lang='lat' dir='ltr'><strong>incarnationem</strong></span> <span class='ocrx_word' id='word_1_44' title='bbox 1176 836 1391 894; x_wconf 89' lang='lat' dir='ltr'><strong>Domini</strong></span> <span class='ocrx_word' id='word_1_45' title='bbox 1421 839 1644 896; x_wconf 84' lang='lat' dir='ltr'><strong>veniant</strong></span> <span class='ocrx_word' id='word_1_46' title='bbox 1671 839 1926 909; x_wconf 81' lang='lat' dir='ltr'><strong>Romani,</strong></span> <span class='ocrx_word' id='word_1_47' title='bbox 1956 843 2125 917; x_wconf 83' lang='lat' dir='ltr'><strong>Assy-</strong></span> 
     </span>
    </p>
   </div>
   <div class='ocr_carea' id='block_1_8' title="bbox 541 924 2130 1004">
    <p class='ocr_par' dir='ltr' id='par_1_8' title="bbox 541 924 2130 1004">
     <span class='ocr_line' id='line_1_8' title="bbox 541 924 2130 1004; baseline 0.007 -24"><span class='ocrx_word' id='word_1_48' title='bbox 541 926 653 982; x_wconf 88' lang='lat' dir='ltr'><strong>rios</strong></span> <span class='ocrx_word' id='word_1_49' title='bbox 670 966 685 993; x_wconf 92' lang='lat'><strong>,</strong></span> <span class='ocrx_word' id='word_1_50' title='bbox 732 924 995 985; x_wconf 65' lang='lat' dir='ltr'><strong>Hebraeos</strong></span> <span class='ocrx_word' id='word_1_51' title='bbox 1038 935 1095 984; x_wconf 89' lang='lat' dir='ltr'><strong>et</strong></span> <span class='ocrx_word' id='word_1_52' title='bbox 1126 943 1315 986; x_wconf 90' lang='lat' dir='ltr'><strong>omnes</strong></span> <span class='ocrx_word' id='word_1_53' title='bbox 1353 931 1647 989; x_wconf 79' lang='lat' dir='ltr'><strong>oriontales</strong></span> <span class='ocrx_word' id='word_1_54' title='bbox 1684 934 2025 1004; x_wconf 86' lang='lat' dir='ltr'><strong>superaturi,</strong></span> <span class='ocrx_word' id='word_1_55' title='bbox 2073 941 2130 991; x_wconf 80' lang='lat' dir='ltr'><strong>et</strong></span> 
     </span>
    </p>
   </div>
   <div class='ocr_carea' id='block_1_9' title="bbox 543 1017 2126 1091">
    <p class='ocr_par' dir='ltr' id='par_1_9' title="bbox 543 1017 2126 1091">
     <span class='ocr_line' id='line_1_9' title="bbox 543 1017 2126 1091; baseline 0.005 -19"><span class='ocrx_word' id='word_1_56' title='bbox 543 1017 761 1073; x_wconf 88' lang='lat' dir='ltr'><strong>tandem</strong></span> <span class='ocrx_word' id='word_1_57' title='bbox 805 1032 1033 1090; x_wconf 76' lang='lat' dir='ltr'><strong>regnum</strong></span> <span class='ocrx_word' id='word_1_58' title='bbox 1076 1020 1377 1091; x_wconf 76' lang='lat' dir='ltr'><strong>perdituri,</strong></span> <span class='ocrx_word' id='word_1_59' title='bbox 1409 1024 1707 1079; x_wconf 87' lang='lat' dir='ltr'><strong>secundum</strong></span> <span class='ocrx_word' id='word_1_60' title='bbox 1744 1032 1980 1083; x_wconf 83' lang='lat' dir='ltr'><strong>statuam</strong></span> <span class='ocrx_word' id='word_1_61' title='bbox 2019 1026 2126 1082; x_wconf 92' lang='lat' dir='ltr'><strong>Da-</strong></span> 
     </span>
    </p>
   </div>
   <div class='ocr_carea' id='block_1_10' title="bbox 543 1106 2129 1184">
    <p class='ocr_par' dir='ltr' id='par_1_10' title="bbox 543 1106 2129 1184">
     <span class='ocr_line' id='line_1_10' title="bbox 543 1106 2129 1184; baseline 0.008 -21"><span class='ocrx_word' id='word_1_62' title='bbox 543 1106 705 1165; x_wconf 90' lang='lat' dir='ltr'><strong>nielis</strong></span> <span class='ocrx_word' id='word_1_63' title='bbox 731 1106 918 1182; x_wconf 66' lang='lat' dir='ltr'><strong>(Dom,</strong></span> <span class='ocrx_word' id='word_1_64' title='bbox 953 1109 1048 1184; x_wconf 86' lang='grc'><strong>11);</strong></span> <span class='ocrx_word' id='word_1_65' title='bbox 1081 1111 1167 1168; x_wconf 89' lang='lat' dir='ltr'><strong>vel</strong></span> <span class='ocrx_word' id='word_1_66' title='bbox 1192 1112 1336 1184; x_wconf 91' lang='lat' dir='ltr'><strong>quod</strong></span> <span class='ocrx_word' id='word_1_67' title='bbox 1367 1114 1422 1169; x_wconf 92' lang='lat' dir='ltr'><strong>in</strong></span> <span class='ocrx_word' id='word_1_68' title='bbox 1455 1114 1686 1173; x_wconf 83' lang='lat' dir='ltr'><strong>adventu</strong></span> <span class='ocrx_word' id='word_1_69' title='bbox 1716 1114 1920 1177; x_wconf 76' lang='lat' dir='ltr'><strong>Christi</strong></span> <span class='ocrx_word' id='word_1_70' title='bbox 1942 1117 1999 1173; x_wconf 90' lang='lat' dir='ltr'><strong>in</strong></span> <span class='ocrx_word' id='word_1_71' title='bbox 2020 1116 2129 1175; x_wconf 88' lang='lat' dir='ltr'><strong>ﬁne</strong></span> 
     </span>
    </p>
   </div>
   <div class='ocr_carea' id='block_1_11' title="bbox 543 1202 2129 1280">
    <p class='ocr_par' dir='ltr' id='par_1_11' title="bbox 543 1202 2129 1280">
     <span class='ocr_line' id='line_1_11' title="bbox 543 1202 2129 1280; baseline 0.009 -26"><span class='ocrx_word' id='word_1_72' title='bbox 543 1206 846 1271; x_wconf 83' lang='lat' dir='ltr'><strong>temporum</strong></span> <span class='ocrx_word' id='word_1_73' title='bbox 865 1242 879 1267; x_wconf 90' lang='lat'><strong>,</strong></span> <span class='ocrx_word' id='word_1_74' title='bbox 909 1202 1053 1273; x_wconf 93' lang='lat' dir='ltr'><strong>quod</strong></span> <span class='ocrx_word' id='word_1_75' title='bbox 1079 1218 1212 1274; x_wconf 86' lang='lat' dir='ltr'><strong>pars</strong></span> <span class='ocrx_word' id='word_1_76' title='bbox 1240 1204 1592 1264; x_wconf 83' lang='lat' dir='ltr'><strong>occidentalis</strong></span> <span class='ocrx_word' id='word_1_77' title='bbox 1619 1208 1922 1280; x_wconf 74' lang='lat' dir='ltr'><strong>signiﬁcat,</strong></span> <span class='ocrx_word' id='word_1_78' title='bbox 1942 1211 2129 1269; x_wconf 80' lang='lat' dir='ltr'><strong>omnia</strong></span> 
     </span>
    </p>
   </div>
   <div class='ocr_carea' id='block_1_12' title="bbox 542 1291 2125 1368">
    <p class='ocr_par' dir='ltr' id='par_1_12' title="bbox 542 1291 2125 1368">
     <span class='ocr_line' id='line_1_12' title="bbox 542 1291 2125 1368; baseline 0.008 -24"><span class='ocrx_word' id='word_1_79' title='bbox 542 1304 709 1361; x_wconf 78' lang='lat' dir='ltr'><strong>regna</strong></span> <span class='ocrx_word' id='word_1_80' title='bbox 736 1291 920 1347; x_wconf 90' lang='lat' dir='ltr'><strong>mundi</strong></span> <span class='ocrx_word' id='word_1_81' title='bbox 946 1292 1125 1363; x_wconf 79' lang='lat' dir='ltr'><strong>gladio</strong></span> <span class='ocrx_word' id='word_1_82' title='bbox 1151 1293 1378 1365; x_wconf 87' lang='lat' dir='ltr'><strong>spiritus</strong></span> <span class='ocrx_word' id='word_1_83' title='bbox 1396 1336 1413 1363; x_wconf 91' lang='lat'><strong>,</strong></span> <span class='ocrx_word' id='word_1_84' title='bbox 1456 1297 1512 1353; x_wconf 91' lang='lat' dir='ltr'><strong>id</strong></span> <span class='ocrx_word' id='word_1_85' title='bbox 1550 1308 1667 1368; x_wconf 89' lang='lat' dir='ltr'><strong>est,</strong></span> <span class='ocrx_word' id='word_1_86' title='bbox 1694 1302 1865 1357; x_wconf 83' lang='lat' dir='ltr'><strong>verbo</strong></span> <span class='ocrx_word' id='word_1_87' title='bbox 1895 1301 1992 1359; x_wconf 89' lang='lat' dir='ltr'><strong>Dei</strong></span> <span class='ocrx_word' id='word_1_88' title='bbox 2030 1318 2125 1358; x_wconf 87' lang='lat' dir='ltr'><strong>su-</strong></span> 
     </span>
    </p>
   </div>
   <div class='ocr_carea' id='block_1_13' title="bbox 539 1385 2128 1464">
    <p class='ocr_par' dir='ltr' id='par_1_13' title="bbox 539 1385 2128 1464">
     <span class='ocr_line' id='line_1_13' title="bbox 539 1385 2128 1464; baseline 0.011 -30"><span class='ocrx_word' id='word_1_89' title='bbox 539 1389 815 1452; x_wconf 84' lang='lat' dir='ltr'><strong>perentur,</strong></span> <span class='ocrx_word' id='word_1_90' title='bbox 840 1391 897 1439; x_wconf 91' lang='lat' dir='ltr'><strong>et</strong></span> <span class='ocrx_word' id='word_1_91' title='bbox 925 1385 980 1440; x_wconf 91' lang='lat' dir='ltr'><strong>in</strong></span> <span class='ocrx_word' id='word_1_92' title='bbox 1009 1393 1249 1457; x_wconf 88' lang='lat' dir='ltr'><strong>tempore</strong></span> <span class='ocrx_word' id='word_1_93' title='bbox 1270 1387 1593 1446; x_wconf 84' lang='lat' dir='ltr'><strong>Antichristi</strong></span> <span class='ocrx_word' id='word_1_94' title='bbox 1618 1400 1797 1451; x_wconf 81' lang='lat' dir='ltr'><strong>cesset</strong></span> <span class='ocrx_word' id='word_1_95' title='bbox 1814 1394 2128 1464; x_wconf 66' lang='lat' dir='ltr'><strong>pratdicatio</strong></span> 
     </span>
    </p>
   </div>
   <div class='ocr_carea' id='block_1_14' title="bbox 464 1473 837 1547">
    <p class='ocr_par' dir='ltr' id='par_1_14' title="bbox 464 1473 837 1547">
     <span class='ocr_line' id='line_1_14' title="bbox 464 1473 837 1547; baseline 0.005 -17"><span class='ocrx_word' id='word_1_96' title='bbox 464 1473 492 1491; x_wconf 82' lang='lat'><strong><em>“</em></strong></span> <span class='ocrx_word' id='word_1_97' title='bbox 538 1474 837 1547; x_wconf 76' lang='lat' dir='ltr'><strong>Evangelii.</strong></span> 
     </span>
    </p>
   </div>
   <div class='ocr_carea' id='block_1_15' title="bbox 607 1588 2126 1670">
    <p class='ocr_par' dir='ltr' id='par_1_15' title="bbox 607 1588 2126 1670">
     <span class='ocr_line' id='line_1_15' title="bbox 607 1588 2126 1670; baseline 0.006 -21"><span class='ocrx_word' id='word_1_98' title='bbox 607 1588 814 1662; x_wconf 79' lang='grc'><strong>(01110.)</strong></span> <span class='ocrx_word' id='word_1_99' title='bbox 856 1590 979 1647; x_wconf 84' lang='lat' dir='ltr'><strong>Alia</strong></span> <span class='ocrx_word' id='word_1_100' title='bbox 1021 1591 1238 1662; x_wconf 82' lang='lat' dir='ltr'><strong>littera,</strong></span> <span class='ocrx_word' id='word_1_101' title='bbox 1261 1602 1395 1661; x_wconf 85' lang='lat' dir='ltr'><strong>etc.,</strong></span> <span class='ocrx_word' id='word_1_102' title='bbox 1421 1612 1584 1668; x_wconf 70' lang='lat' dir='ltr'><strong>usque</strong></span> <span class='ocrx_word' id='word_1_103' title='bbox 1620 1596 1691 1651; x_wconf 84' lang='lat' dir='ltr'><strong>ad</strong></span> <span class='ocrx_word' id='word_1_104' title='bbox 1731 1598 1781 1655; x_wconf 86' lang='lat' dir='ltr'><strong>ei</strong></span> <span class='ocrx_word' id='word_1_105' title='bbox 1820 1612 1987 1670; x_wconf 83' lang='lat' dir='ltr'><strong>super</strong></span> <span class='ocrx_word' id='word_1_106' title='bbox 2008 1616 2126 1658; x_wconf 85' lang='lat' dir='ltr'><strong>om-</strong></span> 
     </span>
    </p>
   </div>
   <div class='ocr_carea' id='block_1_16' title="bbox 464 1684 1204 1743">
    <p class='ocr_par' dir='ltr' id='par_1_16' title="bbox 464 1684 1204 1743">
     <span class='ocr_line' id='line_1_16' title="bbox 464 1684 1204 1743; baseline 0.007 -5"><span class='ocrx_word' id='word_1_107' title='bbox 464 1692 471 1707; x_wconf 90' lang='lat'>&#39;</span> <span class='ocrx_word' id='word_1_108' title='bbox 536 1698 662 1740; x_wconf 87' lang='lat' dir='ltr'><strong>nem</strong></span> <span class='ocrx_word' id='word_1_109' title='bbox 684 1684 943 1741; x_wconf 86' lang='lat' dir='ltr'><strong>virtutem</strong></span> <span class='ocrx_word' id='word_1_110' title='bbox 978 1685 1204 1743; x_wconf 87' lang='lat' dir='ltr'><strong>inimici.</strong></span> 
     </span>
    </p>
   </div>
   <div class='ocr_carea' id='block_1_17' title="bbox 609 1800 2125 1882">
    <p class='ocr_par' dir='ltr' id='par_1_17' title="bbox 609 1800 2125 1882">
     <span class='ocr_line' id='line_1_17' title="bbox 609 1800 2125 1882; baseline 0.008 -26"><span class='ocrx_word' id='word_1_111' title='bbox 609 1800 887 1858; x_wconf 65' lang='lat' dir='ltr'><strong>Hebraea.</strong></span> <span class='ocrx_word' id='word_1_112' title='bbox 931 1802 1194 1861; x_wconf 82' lang='lat' dir='ltr'><strong>Hebraeus</strong></span> <span class='ocrx_word' id='word_1_113' title='bbox 1231 1813 1316 1861; x_wconf 89' lang='lat' dir='ltr'><strong>est</strong></span> <span class='ocrx_word' id='word_1_114' title='bbox 1354 1807 1447 1877; x_wconf 89' lang='lat' dir='ltr'><strong>qui</strong></span> <span class='ocrx_word' id='word_1_115' title='bbox 1476 1806 1545 1863; x_wconf 90' lang='lat' dir='ltr'><strong>de</strong></span> <span class='ocrx_word' id='word_1_116' title='bbox 1572 1805 1809 1882; x_wconf 66' lang='lat' dir='ltr'><strong>Egypto</strong></span> <span class='ocrx_word' id='word_1_117' title='bbox 1830 1810 2031 1867; x_wconf 83' lang='lat' dir='ltr'><strong>transit</strong></span> <span class='ocrx_word' id='word_1_118' title='bbox 2055 1811 2125 1868; x_wconf 90' lang='lat' dir='ltr'><strong>ad</strong></span> 
     </span>
    </p>
   </div>
   <div class='ocr_carea' id='block_1_18' title="bbox 2235 638 3532 711">
    <p class='ocr_par' dir='ltr' id='par_1_18' title="bbox 2235 638 3532 711">
     <span class='ocr_line' id='line_1_18' title="bbox 2235 638 3532 711; baseline -0.002 -16"><span class='ocrx_word' id='word_1_119' title='bbox 2235 639 2366 709; x_wconf 86' lang='lat' dir='ltr'><strong>quia</strong></span> <span class='ocrx_word' id='word_1_120' title='bbox 2387 639 2604 697; x_wconf 88' lang='lat' dir='ltr'><strong>vincula</strong></span> <span class='ocrx_word' id='word_1_121' title='bbox 2631 648 2689 696; x_wconf 89' lang='lat' dir='ltr'><strong>et</strong></span> <span class='ocrx_word' id='word_1_122' title='bbox 2708 653 2962 695; x_wconf 86' lang='lat' dir='ltr'><strong>carceres</strong></span> <span class='ocrx_word' id='word_1_123' title='bbox 2991 647 3250 695; x_wconf 87' lang='lat' dir='ltr'><strong>maneant</strong></span> <span class='ocrx_word' id='word_1_124' title='bbox 3278 653 3406 695; x_wconf 90' lang='lat' dir='ltr'><strong>eum</strong></span> <span class='ocrx_word' id='word_1_125' title='bbox 3435 638 3532 711; x_wconf 85' lang='lat' dir='ltr'><strong>ibi.</strong></span> 
     </span>
    </p>
   </div>
   <div class='ocr_carea' id='block_1_19' title="bbox 2305 728 3827 806">
    <p class='ocr_par' dir='ltr' id='par_1_19' title="bbox 2305 728 3827 806">
     <span class='ocr_line' id='line_1_19' title="bbox 2305 728 3827 806; baseline -0.003 -15"><span class='ocrx_word' id='word_1_126' title='bbox 2305 731 2510 806; x_wconf 68' lang='grc'><strong>(011111.)</strong></span> <span class='ocrx_word' id='word_1_127' title='bbox 2540 732 2815 790; x_wconf 84' lang='lat' dir='ltr'><strong>Fortassis</strong></span> <span class='ocrx_word' id='word_1_128' title='bbox 2839 730 3153 789; x_wconf 82' lang='lat' dir='ltr'><strong>referuntur</strong></span> <span class='ocrx_word' id='word_1_129' title='bbox 3185 732 3305 788; x_wconf 73' lang='lat' dir='ltr'><strong>inec</strong></span> <span class='ocrx_word' id='word_1_130' title='bbox 3329 731 3401 787; x_wconf 89' lang='lat' dir='ltr'><strong>ad</strong></span> <span class='ocrx_word' id='word_1_131' title='bbox 3428 728 3677 804; x_wconf 72' lang='lat' dir='ltr'><strong>angelos,</strong></span> <span class='ocrx_word' id='word_1_132' title='bbox 3697 738 3827 799; x_wconf 80' lang='lat' dir='ltr'><strong>etc.,</strong></span> 
     </span>
    </p>
   </div>
   <div class='ocr_carea' id='block_1_20' title="bbox 2232 823 3724 897">
    <p class='ocr_par' dir='ltr' id='par_1_20' title="bbox 2232 823 3724 897">
     <span class='ocr_line' id='line_1_20' title="bbox 2232 823 3724 897; baseline -0.002 -18"><span class='ocrx_word' id='word_1_133' title='bbox 2232 840 2395 897; x_wconf 71' lang='lat' dir='ltr'><strong>usque</strong></span> <span class='ocrx_word' id='word_1_134' title='bbox 2417 824 2487 880; x_wconf 89' lang='lat' dir='ltr'><strong>ad</strong></span> <span class='ocrx_word' id='word_1_135' title='bbox 2515 825 2771 879; x_wconf 79' lang='lat' dir='ltr'><strong>rationem</strong></span> <span class='ocrx_word' id='word_1_136' title='bbox 2794 823 3055 879; x_wconf 73' lang='lat' dir='ltr'><strong>reddituri</strong></span> <span class='ocrx_word' id='word_1_137' title='bbox 3081 839 3178 897; x_wconf 83' lang='lat' dir='ltr'><strong>pro</strong></span> <span class='ocrx_word' id='word_1_138' title='bbox 3212 823 3490 879; x_wconf 67' lang='lat' dir='ltr'><strong>animabus</strong></span> <span class='ocrx_word' id='word_1_139' title='bbox 3515 824 3724 878; x_wconf 70' lang='lat' dir='ltr'><strong>uestris.</strong></span> 
     </span>
    </p>
   </div>
   <div class='ocr_carea' id='block_1_21' title="bbox 2307 915 3825 989">
    <p class='ocr_par' dir='ltr' id='par_1_21' title="bbox 2307 915 3825 989">
     <span class='ocr_line' id='line_1_21' title="bbox 2307 915 3825 989; baseline 0.001 -17"><span class='ocrx_word' id='word_1_140' title='bbox 2307 915 2442 989; x_wconf 79' lang='grc'><strong>(111.)</strong></span> <span class='ocrx_word' id='word_1_141' title='bbox 2469 915 2707 988; x_wconf 87' lang='lat' dir='ltr'><strong>Populus</strong></span> <span class='ocrx_word' id='word_1_142' title='bbox 2736 923 2963 988; x_wconf 85' lang='lat' dir='ltr'><strong>peccat,</strong></span> <span class='ocrx_word' id='word_1_143' title='bbox 2996 924 3143 983; x_wconf 84' lang='lat' dir='ltr'><strong>etc.,</strong></span> <span class='ocrx_word' id='word_1_144' title='bbox 3186 932 3351 987; x_wconf 60' lang='lat' dir='ltr'><strong>usque</strong></span> <span class='ocrx_word' id='word_1_145' title='bbox 3378 916 3449 971; x_wconf 86' lang='lat' dir='ltr'><strong>ad</strong></span> <span class='ocrx_word' id='word_1_146' title='bbox 3500 924 3631 973; x_wconf 88' lang='lat' dir='ltr'><strong>ante</strong></span> <span class='ocrx_word' id='word_1_147' title='bbox 3667 931 3825 987; x_wconf 68' lang='lat' dir='ltr'><strong>qum</strong></span> 
     </span>
    </p>
   </div>
   <div class='ocr_carea' id='block_1_22' title="bbox 2233 1005 3393 1078">
    <p class='ocr_par' dir='ltr' id='par_1_22' title="bbox 2233 1005 3393 1078">
     <span class='ocr_line' id='line_1_22' title="bbox 2233 1005 3393 1078; baseline -0.002 -15"><span class='ocrx_word' id='word_1_148' title='bbox 2233 1008 2370 1064; x_wconf 89' lang='lat' dir='ltr'><strong>nihil</strong></span> <span class='ocrx_word' id='word_1_149' title='bbox 2404 1016 2584 1078; x_wconf 88' lang='lat' dir='ltr'><strong>potest</strong></span> <span class='ocrx_word' id='word_1_150' title='bbox 2603 1007 2862 1064; x_wconf 87' lang='lat' dir='ltr'><strong>abscondi</strong></span> <span class='ocrx_word' id='word_1_151' title='bbox 2881 1047 2896 1073; x_wconf 91' lang='lat'><strong>,</strong></span> <span class='ocrx_word' id='word_1_152' title='bbox 2928 1005 3062 1062; x_wconf 88' lang='lat' dir='ltr'><strong>nihil</strong></span> <span class='ocrx_word' id='word_1_153' title='bbox 3087 1007 3393 1063; x_wconf 85' lang='lat' dir='ltr'><strong>obscurari.</strong></span> 
     </span>
    </p>
   </div>
   <div class='ocr_carea' id='block_1_23' title="bbox 2216 1098 3825 1172">
    <p class='ocr_par' dir='ltr' id='par_1_23' title="bbox 2216 1098 3825 1172">
     <span class='ocr_line' id='line_1_23' title="bbox 2216 1098 3825 1172; baseline 0.008 -25"><span class='ocrx_word' id='word_1_154' title='bbox 2216 1142 2223 1147; x_wconf 92' lang='lat'><strong>.</strong></span> <span class='ocrx_word' id='word_1_155' title='bbox 2305 1098 2491 1172; x_wconf 79' lang='lat' dir='ltr'><strong>(Auc.,</strong></span> <span class='ocrx_word' id='word_1_156' title='bbox 2516 1112 2702 1171; x_wconf 75' lang='lat' dir='ltr'><strong>quteu.</strong></span> <span class='ocrx_word' id='word_1_157' title='bbox 2736 1099 2887 1155; x_wconf 71' lang='lat'><strong>5251:</strong></span> <span class='ocrx_word' id='word_1_158' title='bbox 2910 1098 3103 1170; x_wconf 79' lang='lat' dir='ltr'><strong>Num.)</strong></span> <span class='ocrx_word' id='word_1_159' title='bbox 3130 1099 3199 1155; x_wconf 78' lang='lat' dir='ltr'><strong>Et</strong></span> <span class='ocrx_word' id='word_1_160' title='bbox 3226 1098 3363 1155; x_wconf 79' lang='lat' dir='ltr'><strong>dixit</strong></span> <span class='ocrx_word' id='word_1_161' title='bbox 3387 1098 3677 1165; x_wconf 75' lang='lat' dir='ltr'><strong>Dominus,</strong></span> <span class='ocrx_word' id='word_1_162' title='bbox 3697 1108 3825 1170; x_wconf 80' lang='lat' dir='ltr'><strong>etc.,</strong></span> 
     </span>
    </p>
   </div>
   <div class='ocr_carea' id='block_1_24' title="bbox 2232 1189 3778 1270">
    <p class='ocr_par' dir='ltr' id='par_1_24' title="bbox 2232 1189 3778 1270">
     <span class='ocr_line' id='line_1_24' title="bbox 2232 1189 3778 1270; baseline -0.001 -23"><span class='ocrx_word' id='word_1_163' title='bbox 2232 1209 2396 1265; x_wconf 72' lang='lat' dir='ltr'><strong>usque</strong></span> <span class='ocrx_word' id='word_1_164' title='bbox 2424 1192 2495 1247; x_wconf 87' lang='lat' dir='ltr'><strong>ad</strong></span> <span class='ocrx_word' id='word_1_165' title='bbox 2524 1191 2872 1264; x_wconf 87' lang='lat' dir='ltr'><strong>prudentium</strong></span> <span class='ocrx_word' id='word_1_166' title='bbox 2902 1189 3029 1246; x_wconf 85' lang='lat' dir='ltr'><strong>ﬁdei</strong></span> <span class='ocrx_word' id='word_1_167' title='bbox 3058 1191 3191 1247; x_wconf 85' lang='lat' dir='ltr'><strong>satis</strong></span> <span class='ocrx_word' id='word_1_168' title='bbox 3210 1191 3493 1270; x_wconf 70' lang='lat' dir='ltr'><strong>evidenter</strong></span> <span class='ocrx_word' id='word_1_169' title='bbox 3513 1192 3778 1249; x_wconf 85' lang='lat' dir='ltr'><strong>ostendit.</strong></span> 
     </span>
    </p>
   </div>
   <div class='ocr_carea' id='block_1_25' title="bbox 2304 1281 3823 1356">
    <p class='ocr_par' dir='ltr' id='par_1_25' title="bbox 2304 1281 3823 1356">
     <span class='ocr_line' id='line_1_25' title="bbox 2304 1281 3823 1356; baseline 0.001 -16"><span class='ocrx_word' id='word_1_170' title='bbox 2304 1286 2468 1342; x_wconf 73' lang='lat' dir='ltr'><strong>Vens.</strong></span> <span class='ocrx_word' id='word_1_171' title='bbox 2500 1285 2551 1340; x_wconf 88' lang='lat'><strong>7.</strong></span> <span class='ocrx_word' id='word_1_172' title='bbox 2577 1316 2646 1327; x_wconf 90' lang='lat'><strong>——</strong></span> <span class='ocrx_word' id='word_1_173' title='bbox 2666 1283 2820 1351; x_wconf 81' lang='lat' dir='ltr'><strong>Quod</strong></span> <span class='ocrx_word' id='word_1_174' title='bbox 2854 1300 3007 1349; x_wconf 77' lang='lat' dir='ltr'><strong>cum,</strong></span> <span class='ocrx_word' id='word_1_175' title='bbox 3027 1292 3133 1339; x_wconf 87' lang='lat' dir='ltr'><strong>etc.</strong></span> <span class='ocrx_word' id='word_1_176' title='bbox 3173 1281 3378 1356; x_wconf 74' lang='grc'><strong>(01110.)</strong></span> <span class='ocrx_word' id='word_1_177' title='bbox 3411 1283 3541 1341; x_wconf 69' lang='lat' dir='ltr'><strong>llaec</strong></span> <span class='ocrx_word' id='word_1_178' title='bbox 3586 1282 3823 1341; x_wconf 62' lang='lat' dir='ltr'><strong>aediﬁca-</strong></span> 
     </span>
    </p>
   </div>
   <div class='ocr_carea' id='block_1_26' title="bbox 2230 1374 3827 1448">
    <p class='ocr_par' dir='ltr' id='par_1_26' title="bbox 2230 1374 3827 1448">
     <span class='ocr_line' id='line_1_26' title="bbox 2230 1374 3827 1448; baseline -0.001 -15"><span class='ocrx_word' id='word_1_179' title='bbox 2230 1385 2426 1433; x_wconf 87' lang='lat' dir='ltr'><strong>verunt</strong></span> <span class='ocrx_word' id='word_1_180' title='bbox 2443 1377 2685 1448; x_wconf 84' lang='lat' dir='ltr'><strong>priorem</strong></span> <span class='ocrx_word' id='word_1_181' title='bbox 2712 1374 2969 1447; x_wconf 87' lang='lat' dir='ltr'><strong>populum</strong></span> <span class='ocrx_word' id='word_1_182' title='bbox 2986 1415 3002 1441; x_wconf 90' lang='lat'><strong>,</strong></span> <span class='ocrx_word' id='word_1_183' title='bbox 3029 1382 3160 1441; x_wconf 89' lang='lat' dir='ltr'><strong>etc.,</strong></span> <span class='ocrx_word' id='word_1_184' title='bbox 3188 1392 3350 1446; x_wconf 77' lang='lat' dir='ltr'><strong>usque</strong></span> <span class='ocrx_word' id='word_1_185' title='bbox 3375 1376 3447 1431; x_wconf 83' lang='lat' dir='ltr'><strong>ad</strong></span> <span class='ocrx_word' id='word_1_186' title='bbox 3470 1384 3527 1431; x_wconf 86' lang='lat' dir='ltr'><strong>et</strong></span> <span class='ocrx_word' id='word_1_187' title='bbox 3560 1376 3827 1447; x_wconf 76' lang='lat' dir='ltr'><strong>propitius</strong></span> 
     </span>
    </p>
   </div>
   <div class='ocr_carea' id='block_1_27' title="bbox 2228 1465 3820 1537">
    <p class='ocr_par' dir='ltr' id='par_1_27' title="bbox 2228 1465 3820 1537">
     <span class='ocr_line' id='line_1_27' title="bbox 2228 1465 3820 1537; baseline 0.001 -14"><span class='ocrx_word' id='word_1_188' title='bbox 2228 1467 2388 1524; x_wconf 82' lang='lat' dir='ltr'><strong>nobis</strong></span> <span class='ocrx_word' id='word_1_189' title='bbox 2414 1467 2511 1523; x_wconf 86' lang='lat' dir='ltr'><strong>ﬁat</strong></span> <span class='ocrx_word' id='word_1_190' title='bbox 2540 1468 2682 1523; x_wconf 88' lang='lat' dir='ltr'><strong>Deus</strong></span> <span class='ocrx_word' id='word_1_191' title='bbox 2721 1481 2821 1537; x_wconf 89' lang='lat' dir='ltr'><strong>per</strong></span> <span class='ocrx_word' id='word_1_192' title='bbox 2850 1480 3040 1523; x_wconf 87' lang='lat' dir='ltr'><strong>verum</strong></span> <span class='ocrx_word' id='word_1_193' title='bbox 3079 1465 3339 1521; x_wconf 82' lang='lat' dir='ltr'><strong>Phiaeem</strong></span> <span class='ocrx_word' id='word_1_194' title='bbox 3381 1466 3681 1525; x_wconf 81' lang='lat' dir='ltr'><strong>Dominum</strong></span> <span class='ocrx_word' id='word_1_195' title='bbox 3728 1482 3820 1524; x_wconf 91' lang='lat' dir='ltr'><strong>no-</strong></span> 
     </span>
    </p>
   </div>
   <div class='ocr_carea' id='block_1_28' title="bbox 2224 1557 2942 1616">
    <p class='ocr_par' dir='ltr' id='par_1_28' title="bbox 2224 1557 2942 1616">
     <span class='ocr_line' id='line_1_28' title="bbox 2224 1557 2942 1616; baseline -0.007 -1"><span class='ocrx_word' id='word_1_196' title='bbox 2224 1566 2403 1616; x_wconf 87' lang='lat' dir='ltr'><strong>strum</strong></span> <span class='ocrx_word' id='word_1_197' title='bbox 2436 1557 2621 1615; x_wconf 83' lang='lat' dir='ltr'><strong>Jesum</strong></span> <span class='ocrx_word' id='word_1_198' title='bbox 2640 1557 2942 1615; x_wconf 79' lang='lat' dir='ltr'><strong>Christum.</strong></span> 
     </span>
    </p>
   </div>
   <div class='ocr_carea' id='block_1_29' title="bbox 2218 1647 3822 1725">
    <p class='ocr_par' dir='ltr' id='par_1_29' title="bbox 2218 1647 3822 1725">
     <span class='ocr_line' id='line_1_29' title="bbox 2218 1647 3822 1725; baseline -0.001 -16"><span class='ocrx_word' id='word_1_199' title='bbox 2218 1710 2223 1715; x_wconf 90' lang='lat'><strong><em>_</em></strong></span> <span class='ocrx_word' id='word_1_200' title='bbox 2296 1652 2517 1725; x_wconf 75' lang='lat' dir='ltr'><strong>Arrepto</strong></span> <span class='ocrx_word' id='word_1_201' title='bbox 2542 1651 2784 1723; x_wconf 73' lang='lat' dir='ltr'><strong>pugione.</strong></span> <span class='ocrx_word' id='word_1_202' title='bbox 2812 1647 3101 1721; x_wconf 77' lang='lat' dir='ltr'><strong>Signiﬁcat</strong></span> <span class='ocrx_word' id='word_1_203' title='bbox 3120 1663 3221 1720; x_wconf 83' lang='lat' dir='ltr'><strong>per</strong></span> <span class='ocrx_word' id='word_1_204' title='bbox 3242 1663 3467 1708; x_wconf 78' lang='lat' dir='ltr'><strong>crucem</strong></span> <span class='ocrx_word' id='word_1_205' title='bbox 3485 1649 3705 1707; x_wconf 73' lang='lat' dir='ltr'><strong>ChriSti</strong></span> <span class='ocrx_word' id='word_1_206' title='bbox 3726 1665 3822 1707; x_wconf 85' lang='lat' dir='ltr'><strong>non</strong></span> 
     </span>
    </p>
   </div>
   <div class='ocr_carea' id='block_1_30' title="bbox 2222 1742 3823 1808">
    <p class='ocr_par' dir='ltr' id='par_1_30' title="bbox 2222 1742 3823 1808">
     <span class='ocr_line' id='line_1_30' title="bbox 2222 1742 3823 1808; baseline -0.001 -7"><span class='ocrx_word' id='word_1_207' title='bbox 2222 1744 2404 1802; x_wconf 88' lang='lat' dir='ltr'><strong>solum</strong></span> <span class='ocrx_word' id='word_1_208' title='bbox 2434 1743 2832 1808; x_wconf 83' lang='lat' dir='ltr'><strong>idololatriam,</strong></span> <span class='ocrx_word' id='word_1_209' title='bbox 2872 1742 2978 1798; x_wconf 88' lang='lat' dir='ltr'><strong>sed</strong></span> <span class='ocrx_word' id='word_1_210' title='bbox 3014 1750 3073 1799; x_wconf 90' lang='lat' dir='ltr'><strong>et</strong></span> <span class='ocrx_word' id='word_1_211' title='bbox 3096 1757 3319 1801; x_wconf 88' lang='lat' dir='ltr'><strong>omnem</strong></span> <span class='ocrx_word' id='word_1_212' title='bbox 3359 1744 3546 1801; x_wconf 75' lang='lat' dir='ltr'><strong>carnis</strong></span> <span class='ocrx_word' id='word_1_213' title='bbox 3570 1742 3823 1800; x_wconf 60' lang='lat' dir='ltr'><strong>adactum</strong></span> 
     </span>
    </p>
   </div>
   <div class='ocr_carea' id='block_1_31' title="bbox 2225 1836 3763 1909">
    <p class='ocr_par' dir='ltr' id='par_1_31' title="bbox 2225 1836 3763 1909">
     <span class='ocr_line' id='line_1_31' title="bbox 2225 1836 3763 1909; baseline 0.001 -16"><span class='ocrx_word' id='word_1_214' title='bbox 2225 1837 2315 1893; x_wconf 89' lang='lat' dir='ltr'><strong>vel</strong></span> <span class='ocrx_word' id='word_1_215' title='bbox 2338 1837 2838 1909; x_wconf 88' lang='lat' dir='ltr'><strong>concupiscentiam</strong></span> <span class='ocrx_word' id='word_1_216' title='bbox 2876 1836 3096 1907; x_wconf 79' lang='lat' dir='ltr'><strong>perimi.</strong></span> <span class='ocrx_word' id='word_1_217' title='bbox 3137 1845 3196 1892; x_wconf 89' lang='lat' dir='ltr'><strong>et</strong></span> <span class='ocrx_word' id='word_1_218' title='bbox 3218 1838 3297 1893; x_wconf 91' lang='lat' dir='ltr'><strong>sic</strong></span> <span class='ocrx_word' id='word_1_219' title='bbox 3322 1838 3493 1893; x_wconf 91' lang='lat' dir='ltr'><strong>Deum</strong></span> <span class='ocrx_word' id='word_1_220' title='bbox 3529 1838 3763 1909; x_wconf 80' lang='lat' dir='ltr'><strong>placari.</strong></span> 
     </span>
    </p>
   </div>
   <div class='ocr_carea' id='block_1_32' title="bbox 534 1894 2113 2003">
    <p class='ocr_par' dir='ltr' id='par_1_32' title="bbox 534 1894 2113 1968">
     <span class='ocr_line' id='line_1_32' title="bbox 534 1894 2113 1968; baseline 0.008 -20"><span class='ocrx_word' id='word_1_221' title='bbox 534 1900 737 1949; x_wconf 85' lang='lat' dir='ltr'><strong>terram</strong></span> <span class='ocrx_word' id='word_1_222' title='bbox 756 1895 1157 1966; x_wconf 86' lang='lat' dir='ltr'><strong>promissionis,</strong></span> <span class='ocrx_word' id='word_1_223' title='bbox 1185 1894 1253 1951; x_wconf 91' lang='lat' dir='ltr'><strong>de</strong></span> <span class='ocrx_word' id='word_1_224' title='bbox 1274 1897 1517 1954; x_wconf 88' lang='lat' dir='ltr'><strong>tenebris</strong></span> <span class='ocrx_word' id='word_1_225' title='bbox 1539 1898 1606 1953; x_wconf 92' lang='lat' dir='ltr'><strong>ad</strong></span> <span class='ocrx_word' id='word_1_226' title='bbox 1636 1898 1836 1968; x_wconf 87' lang='lat' dir='ltr'><strong>lucem,</strong></span> <span class='ocrx_word' id='word_1_227' title='bbox 1861 1900 1928 1956; x_wconf 93' lang='lat' dir='ltr'><strong>de</strong></span> <span class='ocrx_word' id='word_1_228' title='bbox 1949 1911 2113 1960; x_wconf 68' lang='lat' dir='ltr'><strong>morte</strong></span> 
     </span>
    </p>
   </div>
   <div class='ocr_carea' id='block_1_33' title="bbox 2232 1894 3822 2003">
    <p class='ocr_par' dir='ltr' id='par_1_33' title="bbox 2300 1894 3822 2003">
     <span class='ocr_line' id='line_1_33' title="bbox 2300 1894 3822 2003; baseline 0.001 -16"><span class='ocrx_word' id='word_1_229' title='bbox 2300 1932 2470 1989; x_wconf 75' lang='lat' dir='ltr'><strong>Vm.</strong></span> <span class='ocrx_word' id='word_1_230' title='bbox 2491 1894 2545 1988; x_wconf 66' lang='grc' dir='ltr'><strong>εἰ.</strong></span> <span class='ocrx_word' id='word_1_231' title='bbox 2568 1961 2642 1972; x_wconf 91' lang='grc'><strong><em>-</em></strong></span> <span class='ocrx_word' id='word_1_232' title='bbox 2664 1930 2841 1986; x_wconf 77' lang='lat' dir='ltr'><strong>Occisi</strong></span> <span class='ocrx_word' id='word_1_233' title='bbox 2863 1894 2985 1986; x_wconf 64' lang='grc' dir='ltr'><strong>ἱππί</strong></span> <span class='ocrx_word' id='word_1_234' title='bbox 3006 1894 3191 2002; x_wconf 39' lang='lat' dir='ltr'><strong>nam:</strong></span> <span class='ocrx_word' id='word_1_235' title='bbox 3210 1941 3441 2003; x_wconf 75' lang='lat' dir='ltr'><strong>quatuor</strong></span> <span class='ocrx_word' id='word_1_236' title='bbox 3466 1894 3667 1987; x_wconf 65' lang='grc' dir='ltr'><strong>πνέω..</strong></span> <span class='ocrx_word' id='word_1_237' title='bbox 3698 1932 3822 2000; x_wconf 73' lang='lat' dir='ltr'><strong>Qui:</strong></span> 
     </span>
    </p>
   </div>
   <div class='ocr_carea' id='block_1_34' title="bbox 533 1985 2123 2062">
    <p class='ocr_par' dir='ltr' id='par_1_34' title="bbox 533 1985 2123 2062">
     <span class='ocr_line' id='line_1_34' title="bbox 533 1985 2123 2062; baseline 0.004 -21"><span class='ocrx_word' id='word_1_238' title='bbox 533 1986 603 2041; x_wconf 86' lang='lat' dir='ltr'><strong>ad</strong></span> <span class='ocrx_word' id='word_1_239' title='bbox 630 1985 798 2042; x_wconf 90' lang='lat' dir='ltr'><strong>vitam</strong></span> <span class='ocrx_word' id='word_1_240' title='bbox 837 2004 851 2041; x_wconf 87' lang='lat'><strong>:</strong></span> <span class='ocrx_word' id='word_1_241' title='bbox 880 1986 975 2043; x_wconf 87' lang='lat' dir='ltr'><strong>sed</strong></span> <span class='ocrx_word' id='word_1_242' title='bbox 998 2001 1105 2042; x_wconf 94' lang='lat' dir='ltr'><strong>non</strong></span> <span class='ocrx_word' id='word_1_243' title='bbox 1131 1987 1251 2043; x_wconf 85' lang='lat' dir='ltr'><strong>sine</strong></span> <span class='ocrx_word' id='word_1_244' title='bbox 1272 2002 1471 2060; x_wconf 81' lang='lat' dir='ltr'><strong>magno</strong></span> <span class='ocrx_word' id='word_1_245' title='bbox 1497 1990 1793 2047; x_wconf 86' lang='lat' dir='ltr'><strong>certamine</strong></span> <span class='ocrx_word' id='word_1_246' title='bbox 1817 2000 1998 2062; x_wconf 89' lang='lat' dir='ltr'><strong>potest</strong></span> <span class='ocrx_word' id='word_1_247' title='bbox 2024 1995 2123 2048; x_wconf 91' lang='lat' dir='ltr'><strong>ob-</strong></span> 
     </span>
    </p>
   </div>
   <div class='ocr_carea' id='block_1_35' title="bbox 532 2077 2121 2153">
    <p class='ocr_par' dir='ltr' id='par_1_35' title="bbox 532 2077 2121 2153">
     <span class='ocr_line' id='line_1_35' title="bbox 532 2077 2121 2153; baseline 0.004 -19"><span class='ocrx_word' id='word_1_248' title='bbox 532 2079 737 2145; x_wconf 86' lang='lat' dir='ltr'><strong>tinere;</strong></span> <span class='ocrx_word' id='word_1_249' title='bbox 770 2077 1114 2153; x_wconf 74' lang='grc' dir='ltr'><strong>111111ςί101·εο</strong></span> <span class='ocrx_word' id='word_1_250' title='bbox 1141 2088 1201 2137; x_wconf 91' lang='lat' dir='ltr'><strong>et</strong></span> <span class='ocrx_word' id='word_1_251' title='bbox 1227 2079 1503 2153; x_wconf 66' lang='lat' dir='ltr'><strong>afﬂigitur,</strong></span> <span class='ocrx_word' id='word_1_252' title='bbox 1544 2082 1706 2139; x_wconf 83' lang='lat' dir='ltr'><strong>caedit</strong></span> <span class='ocrx_word' id='word_1_253' title='bbox 1745 2084 2121 2141; x_wconf 89' lang='lat' dir='ltr'><strong>adversarium</strong></span> 
     </span>
    </p>
   </div>
   <div class='ocr_carea' id='block_1_36' title="bbox 529 2170 2117 2247">
    <p class='ocr_par' dir='ltr' id='par_1_36' title="bbox 529 2170 2117 2247">
     <span class='ocr_line' id='line_1_36' title="bbox 529 2170 2117 2247; baseline 0.005 -21"><span class='ocrx_word' id='word_1_254' title='bbox 529 2178 587 2227; x_wconf 91' lang='lat' dir='ltr'><strong>et</strong></span> <span class='ocrx_word' id='word_1_255' title='bbox 604 2170 849 2226; x_wconf 64' lang='lat' dir='ltr'><strong>caaditur.</strong></span> <span class='ocrx_word' id='word_1_256' title='bbox 881 2170 1140 2244; x_wconf 79' lang='lat' dir='ltr'><strong>Aliiigunt</strong></span> <span class='ocrx_word' id='word_1_257' title='bbox 1165 2187 1296 2245; x_wconf 79' lang='lat' dir='ltr'><strong>ergo</strong></span> <span class='ocrx_word' id='word_1_258' title='bbox 1324 2172 1533 2247; x_wconf 80' lang='lat' dir='ltr'><strong>Assyrii</strong></span> <span class='ocrx_word' id='word_1_259' title='bbox 1564 2175 1857 2243; x_wconf 63' lang='lat' dir='ltr'><strong>Hebraeos,</strong></span> <span class='ocrx_word' id='word_1_260' title='bbox 1902 2176 1959 2232; x_wconf 90' lang='lat' dir='ltr'><strong>id</strong></span> <span class='ocrx_word' id='word_1_261' title='bbox 2001 2186 2117 2246; x_wconf 91' lang='lat' dir='ltr'><strong>est,</strong></span> 
     </span>
    </p>
   </div>
   <div class='ocr_carea' id='block_1_37' title="bbox 526 2259 1656 2335">
    <p class='ocr_par' dir='ltr' id='par_1_37' title="bbox 526 2259 1656 2335">
     <span class='ocr_line' id='line_1_37' title="bbox 526 2259 1656 2335; baseline 0.004 -20"><span class='ocrx_word' id='word_1_262' title='bbox 526 2260 785 2333; x_wconf 80' lang='lat' dir='ltr'><strong>populum</strong></span> <span class='ocrx_word' id='word_1_263' title='bbox 809 2260 941 2329; x_wconf 89' lang='lat' dir='ltr'><strong>Dei,</strong></span> <span class='ocrx_word' id='word_1_264' title='bbox 960 2261 1106 2318; x_wconf 86' lang='lat' dir='ltr'><strong>sicut</strong></span> <span class='ocrx_word' id='word_1_265' title='bbox 1129 2259 1441 2335; x_wconf 73' lang='lat' dir='ltr'><strong>adﬁguntur</strong></span> <span class='ocrx_word' id='word_1_266' title='bbox 1462 2263 1533 2319; x_wconf 87' lang='lat' dir='ltr'><strong>ab</strong></span> <span class='ocrx_word' id='word_1_267' title='bbox 1555 2265 1656 2321; x_wconf 88' lang='lat' dir='ltr'><strong>eis.</strong></span> 
     </span>
    </p>
   </div>
   <div class='ocr_carea' id='block_1_38' title="bbox 597 2373 2114 2452">
    <p class='ocr_par' dir='ltr' id='par_1_38' title="bbox 597 2373 2114 2452">
     <span class='ocr_line' id='line_1_38' title="bbox 597 2373 2114 2452; baseline 0.006 -23"><span class='ocrx_word' id='word_1_268' title='bbox 597 2373 777 2430; x_wconf 83' lang='lat' dir='ltr'><strong>Etiam</strong></span> <span class='ocrx_word' id='word_1_269' title='bbox 801 2376 901 2447; x_wconf 72' lang='lat' dir='ltr'><strong>ipsi</strong></span> <span class='ocrx_word' id='word_1_270' title='bbox 928 2375 1189 2447; x_wconf 82' lang='lat' dir='ltr'><strong>peribunt.</strong></span> <span class='ocrx_word' id='word_1_271' title='bbox 1221 2375 1359 2450; x_wconf 86' lang='lat' dir='ltr'><strong>(ln.)</strong></span> <span class='ocrx_word' id='word_1_272' title='bbox 1390 2376 1459 2433; x_wconf 85' lang='lat' dir='ltr'><strong>Et</strong></span> <span class='ocrx_word' id='word_1_273' title='bbox 1491 2377 1591 2450; x_wconf 77' lang='lat' dir='ltr'><strong>ipsi</strong></span> <span class='ocrx_word' id='word_1_274' title='bbox 1627 2382 1827 2450; x_wconf 84' lang='lat' dir='ltr'><strong>pariter</strong></span> <span class='ocrx_word' id='word_1_275' title='bbox 1853 2381 2114 2452; x_wconf 81' lang='lat' dir='ltr'><strong>peribunt.</strong></span> 
     </span>
    </p>
   </div>
   <div class='ocr_carea' id='block_1_39' title="bbox 525 2464 2118 2545">
    <p class='ocr_par' dir='ltr' id='par_1_39' title="bbox 525 2464 2118 2545">
     <span class='ocr_line' id='line_1_39' title="bbox 525 2464 2118 2545; baseline 0.005 -24"><span class='ocrx_word' id='word_1_276' title='bbox 525 2464 645 2522; x_wconf 83' lang='lat' dir='ltr'><strong>Non</strong></span> <span class='ocrx_word' id='word_1_277' title='bbox 667 2480 791 2522; x_wconf 90' lang='lat' dir='ltr'><strong>cum</strong></span> <span class='ocrx_word' id='word_1_278' title='bbox 828 2465 1072 2523; x_wconf 67' lang='lat' dir='ltr'><strong>Hebraeis</strong></span> <span class='ocrx_word' id='word_1_279' title='bbox 1111 2468 1350 2534; x_wconf 88' lang='lat' dir='ltr'><strong>scilicet,</strong></span> <span class='ocrx_word' id='word_1_280' title='bbox 1384 2470 1481 2525; x_wconf 91' lang='lat' dir='ltr'><strong>sed</strong></span> <span class='ocrx_word' id='word_1_281' title='bbox 1514 2471 1746 2541; x_wconf 88' lang='lat' dir='ltr'><strong>pariter,</strong></span> <span class='ocrx_word' id='word_1_282' title='bbox 1785 2480 1916 2539; x_wconf 88' lang='lat' dir='ltr'><strong>etc.,</strong></span> <span class='ocrx_word' id='word_1_283' title='bbox 1955 2490 2118 2545; x_wconf 78' lang='lat' dir='ltr'><strong>usque</strong></span> 
     </span>
    </p>
   </div>
   <div class='ocr_carea' id='block_1_40' title="bbox 528 2557 1863 2649">
    <p class='ocr_par' dir='ltr' id='par_1_40' title="bbox 528 2557 1863 2649">
     <span class='ocr_line' id='line_1_40' title="bbox 528 2557 1863 2649; baseline 0.004 -37"><span class='ocrx_word' id='word_1_284' title='bbox 528 2557 599 2612; x_wconf 85' lang='lat' dir='ltr'><strong>ad</strong></span> <span class='ocrx_word' id='word_1_285' title='bbox 625 2572 763 2628; x_wconf 89' lang='lat' dir='ltr'><strong>quos</strong></span> <span class='ocrx_word' id='word_1_286' title='bbox 780 2557 1027 2630; x_wconf 90' lang='lat' dir='ltr'><strong>deceptio</strong></span> <span class='ocrx_word' id='word_1_287' title='bbox 1048 2558 1250 2649; x_wconf 86' lang='lat' dir='ltr'><strong>diaboli</strong></span> <span class='ocrx_word' id='word_1_288' title='bbox 1275 2559 1500 2617; x_wconf 84' lang='lat' dir='ltr'><strong>deduxit</strong></span> <span class='ocrx_word' id='word_1_289' title='bbox 1524 2562 1580 2617; x_wconf 90' lang='lat' dir='ltr'><strong>in</strong></span> <span class='ocrx_word' id='word_1_290' title='bbox 1609 2570 1863 2619; x_wconf 81' lang='lat' dir='ltr'><strong>mortem.</strong></span> 
     </span>
    </p>
   </div>
   <div class='ocr_carea' id='block_1_41' title="bbox 598 2670 2117 2750">
    <p class='ocr_par' dir='ltr' id='par_1_41' title="bbox 598 2670 2117 2750">
     <span class='ocr_line' id='line_1_41' title="bbox 598 2670 2117 2750; baseline 0.005 -21"><span class='ocrx_word' id='word_1_291' title='bbox 598 2670 759 2729; x_wconf 70' lang='lat' dir='ltr'><strong>Vens.</strong></span> <span class='ocrx_word' id='word_1_292' title='bbox 788 2672 970 2736; x_wconf 71' lang='lat'><strong>25.—</strong></span> <span class='ocrx_word' id='word_1_293' title='bbox 990 2672 1359 2746; x_wconf 72' lang='lat' dir='ltr'><strong>Sun&#39;exitque.</strong></span> <span class='ocrx_word' id='word_1_294' title='bbox 1386 2675 1509 2749; x_wconf 80' lang='grc'><strong>(111..</strong></span> <span class='ocrx_word' id='word_1_295' title='bbox 1538 2677 1681 2732; x_wconf 82' lang='grc'><strong>110111.</strong></span> <span class='ocrx_word' id='word_1_296' title='bbox 1717 2678 1832 2750; x_wconf 66' lang='lat'><strong>20.)</strong></span> <span class='ocrx_word' id='word_1_297' title='bbox 1854 2678 1991 2748; x_wconf 85' lang='lat' dir='ltr'><strong>Quia</strong></span> <span class='ocrx_word' id='word_1_298' title='bbox 2013 2679 2117 2735; x_wconf 86' lang='lat' dir='ltr'><strong>Ba-</strong></span> 
     </span>
    </p>
   </div>
   <div class='ocr_carea' id='block_1_42' title="bbox 522 2766 2117 2842">
    <p class='ocr_par' dir='ltr' id='par_1_42' title="bbox 522 2766 2117 2842">
     <span class='ocr_line' id='line_1_42' title="bbox 522 2766 2117 2842; baseline 0.004 -20"><span class='ocrx_word' id='word_1_299' title='bbox 522 2766 665 2822; x_wconf 90' lang='lat' dir='ltr'><strong>laam</strong></span> <span class='ocrx_word' id='word_1_300' title='bbox 689 2766 782 2822; x_wconf 90' lang='lat' dir='ltr'><strong>Dei</strong></span> <span class='ocrx_word' id='word_1_301' title='bbox 808 2767 1006 2822; x_wconf 84' lang='lat' dir='ltr'><strong>virtute</strong></span> <span class='ocrx_word' id='word_1_302' title='bbox 1026 2768 1374 2833; x_wconf 86' lang='lat' dir='ltr'><strong>constrictus,</strong></span> <span class='ocrx_word' id='word_1_303' title='bbox 1403 2777 1542 2837; x_wconf 84' lang='lat' dir='ltr'><strong>etc.,</strong></span> <span class='ocrx_word' id='word_1_304' title='bbox 1564 2784 1727 2842; x_wconf 76' lang='lat' dir='ltr'><strong>usqu</strong></span> <span class='ocrx_word' id='word_1_305' title='bbox 1760 2772 1831 2827; x_wconf 82' lang='lat' dir='ltr'><strong>od</strong></span> <span class='ocrx_word' id='word_1_306' title='bbox 1852 2786 1950 2828; x_wconf 74' lang='lat' dir='ltr'><strong>rex</strong></span> <span class='ocrx_word' id='word_1_307' title='bbox 1979 2787 2117 2829; x_wconf 85' lang='lat' dir='ltr'><strong>vero</strong></span> 
     </span>
    </p>
   </div>
   <div class='ocr_carea' id='block_1_43' title="bbox 521 2859 1465 2935">
    <p class='ocr_par' dir='ltr' id='par_1_43' title="bbox 521 2859 1465 2935">
     <span class='ocr_line' id='line_1_43' title="bbox 521 2859 1465 2935; baseline 0.002 -19"><span class='ocrx_word' id='word_1_308' title='bbox 521 2859 689 2917; x_wconf 83' lang='lat' dir='ltr'><strong>Baiae</strong></span> <span class='ocrx_word' id='word_1_309' title='bbox 716 2860 976 2917; x_wconf 92' lang='lat' dir='ltr'><strong>continuo</strong></span> <span class='ocrx_word' id='word_1_310' title='bbox 1008 2861 1238 2919; x_wconf 86' lang='lat' dir='ltr'><strong>consilio</strong></span> <span class='ocrx_word' id='word_1_311' title='bbox 1258 2863 1465 2935; x_wconf 85' lang='lat' dir='ltr'><strong>paruit.</strong></span> 
     </span>
    </p>
   </div>
   <div class='ocr_carea' id='block_1_44' title="bbox 1096 3018 1533 3081">
    <p class='ocr_par' dir='ltr' id='par_1_44' title="bbox 1096 3018 1533 3081">
     <span class='ocr_line' id='line_1_44' title="bbox 1096 3018 1533 3081; baseline 0.014 -6"><span class='ocrx_word' id='word_1_312' title='bbox 1096 3018 1323 3077; x_wconf 79' lang='lat' dir='ltr'><strong>CAPUT</strong></span> <span class='ocrx_word' id='word_1_313' title='bbox 1369 3019 1533 3081; x_wconf 77' lang='lat' dir='ltr'><strong>XXV.</strong></span> 
     </span>
    </p>
   </div>
   <div class='ocr_carea' id='block_1_45' title="bbox 595 3153 2111 3230">
    <p class='ocr_par' dir='ltr' id='par_1_45' title="bbox 595 3153 2111 3230">
     <span class='ocr_line' id='line_1_45' title="bbox 595 3153 2111 3230; baseline 0.003 -20"><span class='ocrx_word' id='word_1_314' title='bbox 595 3155 761 3211; x_wconf 80' lang='lat' dir='ltr'><strong>Vens.</strong></span> <span class='ocrx_word' id='word_1_315' title='bbox 788 3155 841 3210; x_wconf 80' lang='grc'><strong>1.</strong></span> <span class='ocrx_word' id='word_1_316' title='bbox 865 3184 935 3196; x_wconf 89' lang='grc'><strong><em>-</em></strong></span> <span class='ocrx_word' id='word_1_317' title='bbox 954 3153 1248 3222; x_wconf 69' lang='lat' dir='ltr'><strong>(trahatur,</strong></span> <span class='ocrx_word' id='word_1_318' title='bbox 1274 3163 1408 3221; x_wconf 87' lang='lat' dir='ltr'><strong>etc.,</strong></span> <span class='ocrx_word' id='word_1_319' title='bbox 1448 3156 1505 3210; x_wconf 81' lang='lat' dir='ltr'><strong>in</strong></span> <span class='ocrx_word' id='word_1_320' title='bbox 1548 3153 1733 3211; x_wconf 85' lang='lat' dir='ltr'><strong>Setim.</strong></span> <span class='ocrx_word' id='word_1_321' title='bbox 1776 3155 2111 3230; x_wconf 82' lang='lat' dir='ltr'><strong>interpreta-</strong></span> 
     </span>
    </p>
   </div>
   <div class='ocr_carea' id='block_1_46' title="bbox 521 3245 2112 3311">
    <p class='ocr_par' dir='ltr' id='par_1_46' title="bbox 521 3245 2112 3311">
     <span class='ocr_line' id='line_1_46' title="bbox 521 3245 2112 3311; baseline 0.002 -8"><span class='ocrx_word' id='word_1_322' title='bbox 521 3245 670 3303; x_wconf 85' lang='lat' dir='ltr'><strong>tione</strong></span> <span class='ocrx_word' id='word_1_323' title='bbox 691 3245 1085 3301; x_wconf 82' lang='lat' dir='ltr'><strong>Hebraicormn</strong></span> <span class='ocrx_word' id='word_1_324' title='bbox 1108 3246 1410 3311; x_wconf 81' lang='lat' dir='ltr'><strong>nominum,</strong></span> <span class='ocrx_word' id='word_1_325' title='bbox 1432 3255 1583 3308; x_wconf 65' lang='lat' dir='ltr'><strong>cum</strong></span> <span class='ocrx_word' id='word_1_326' title='bbox 1600 3246 1782 3304; x_wconf 89' lang='lat' dir='ltr'><strong>Sittim</strong></span> <span class='ocrx_word' id='word_1_327' title='bbox 1807 3249 2112 3307; x_wconf 86' lang='lat' dir='ltr'><strong>invenimus</strong></span> 
     </span>
    </p>
   </div>
   <div class='ocr_carea' id='block_1_47' title="bbox 520 3337 2112 3410">
    <p class='ocr_par' dir='ltr' id='par_1_47' title="bbox 520 3337 2112 3410">
     <span class='ocr_line' id='line_1_47' title="bbox 520 3337 2112 3410; baseline 0.001 -13"><span class='ocrx_word' id='word_1_328' title='bbox 520 3340 579 3397; x_wconf 89' lang='lat' dir='ltr'><strong>in</strong></span> <span class='ocrx_word' id='word_1_329' title='bbox 617 3339 802 3410; x_wconf 71' lang='lat' dir='ltr'><strong>lingua</strong></span> <span class='ocrx_word' id='word_1_330' title='bbox 864 3346 1049 3393; x_wconf 86' lang='lat' dir='ltr'><strong>nostra</strong></span> <span class='ocrx_word' id='word_1_331' title='bbox 1108 3337 1521 3407; x_wconf 84' lang='lat' dir='ltr'><strong>responsionem</strong></span> <span class='ocrx_word' id='word_1_332' title='bbox 1588 3339 1677 3393; x_wconf 90' lang='lat' dir='ltr'><strong>vel</strong></span> <span class='ocrx_word' id='word_1_333' title='bbox 1726 3339 2112 3405; x_wconf 82' lang='lat' dir='ltr'><strong>refutationem</strong></span> 
     </span>
    </p>
   </div>
   <div class='ocr_carea' id='block_1_48' title="bbox 518 3430 2118 3506">
    <p class='ocr_par' dir='ltr' id='par_1_48' title="bbox 518 3430 2118 3506">
     <span class='ocr_line' id='line_1_48' title="bbox 518 3430 2118 3506; baseline 0.003 -18"><span class='ocrx_word' id='word_1_334' title='bbox 518 3431 648 3488; x_wconf 73' lang='lat' dir='ltr'><strong>dici.</strong></span> <span class='ocrx_word' id='word_1_335' title='bbox 670 3430 946 3503; x_wconf 78' lang='lat' dir='ltr'><strong>Applicuit</strong></span> <span class='ocrx_word' id='word_1_336' title='bbox 969 3446 1101 3503; x_wconf 80' lang='lat' dir='ltr'><strong>ergo</strong></span> <span class='ocrx_word' id='word_1_337' title='bbox 1124 3432 1289 3489; x_wconf 83' lang='lat' dir='ltr'><strong>Israel</strong></span> <span class='ocrx_word' id='word_1_338' title='bbox 1315 3434 1383 3490; x_wconf 89' lang='lat' dir='ltr'><strong>ad</strong></span> <span class='ocrx_word' id='word_1_339' title='bbox 1412 3435 1824 3506; x_wconf 87' lang='lat' dir='ltr'><strong>responsionem</strong></span> <span class='ocrx_word' id='word_1_340' title='bbox 1852 3436 1939 3492; x_wconf 87' lang='lat' dir='ltr'><strong>vel</strong></span> <span class='ocrx_word' id='word_1_341' title='bbox 1966 3436 2118 3493; x_wconf 82' lang='lat' dir='ltr'><strong>refu-</strong></span> 
     </span>
    </p>
   </div>
   <div class='ocr_carea' id='block_1_49' title="bbox 521 3525 1431 3599">
    <p class='ocr_par' dir='ltr' id='par_1_49' title="bbox 521 3525 1431 3599">
     <span class='ocr_line' id='line_1_49' title="bbox 521 3525 1431 3599; baseline 0.001 -18"><span class='ocrx_word' id='word_1_342' title='bbox 521 3525 785 3582; x_wconf 78' lang='lat' dir='ltr'><strong>tationem</strong></span> <span class='ocrx_word' id='word_1_343' title='bbox 804 3566 820 3591; x_wconf 89' lang='lat'><strong>,</strong></span> <span class='ocrx_word' id='word_1_344' title='bbox 846 3540 958 3582; x_wconf 87' lang='lat' dir='ltr'><strong>non</strong></span> <span class='ocrx_word' id='word_1_345' title='bbox 984 3526 1124 3583; x_wconf 84' lang='lat' dir='ltr'><strong>bene</strong></span> <span class='ocrx_word' id='word_1_346' title='bbox 1152 3526 1431 3599; x_wconf 81' lang='lat' dir='ltr'><strong>applicuit.</strong></span> 
     </span>
    </p>
   </div>
   <div class='ocr_carea' id='block_1_50' title="bbox 594 3618 2116 3695">
    <p class='ocr_par' dir='ltr' id='par_1_50' title="bbox 594 3618 2116 3695">
     <span class='ocr_line' id='line_1_50' title="bbox 594 3618 2116 3695; baseline 0.003 -18"><span class='ocrx_word' id='word_1_347' title='bbox 594 3618 800 3694; x_wconf 77' lang='lat' dir='ltr'><strong>(0nrc.,</strong></span> <span class='ocrx_word' id='word_1_348' title='bbox 835 3620 977 3676; x_wconf 77' lang='lat' dir='ltr'><strong>hom.</strong></span> <span class='ocrx_word' id='word_1_349' title='bbox 1009 3621 1081 3676; x_wconf 71' lang='lat'><strong>20</strong></span> <span class='ocrx_word' id='word_1_350' title='bbox 1116 3622 1175 3678; x_wconf 84' lang='lat' dir='ltr'><strong>in</strong></span> <span class='ocrx_word' id='word_1_351' title='bbox 1212 3620 1406 3695; x_wconf 88' lang='lat' dir='ltr'><strong>Num.)</strong></span> <span class='ocrx_word' id='word_1_352' title='bbox 1427 3621 1549 3693; x_wconf 88' lang='lat' dir='ltr'><strong>Ipsa</strong></span> <span class='ocrx_word' id='word_1_353' title='bbox 1570 3621 1798 3679; x_wconf 88' lang='lat' dir='ltr'><strong>historia</strong></span> <span class='ocrx_word' id='word_1_354' title='bbox 1823 3636 1922 3681; x_wconf 88' lang='lat' dir='ltr'><strong>nos</strong></span> <span class='ocrx_word' id='word_1_355' title='bbox 1946 3624 2116 3681; x_wconf 84' lang='lat' dir='ltr'><strong>aedifi-</strong></span> 
     </span>
    </p>
   </div>
   <div class='ocr_carea' id='block_1_51' title="bbox 518 3714 2111 3786">
    <p class='ocr_par' dir='ltr' id='par_1_51' title="bbox 518 3714 2111 3786">
     <span class='ocr_line' id='line_1_51' title="bbox 518 3714 2111 3786; baseline 0.002 -16"><span class='ocrx_word' id='word_1_356' title='bbox 518 3720 640 3779; x_wconf 87' lang='lat' dir='ltr'><strong>cat,</strong></span> <span class='ocrx_word' id='word_1_357' title='bbox 677 3720 809 3780; x_wconf 90' lang='lat' dir='ltr'><strong>etc.,</strong></span> <span class='ocrx_word' id='word_1_358' title='bbox 857 3730 1022 3786; x_wconf 76' lang='lat' dir='ltr'><strong>usque</strong></span> <span class='ocrx_word' id='word_1_359' title='bbox 1069 3715 1140 3769; x_wconf 89' lang='lat' dir='ltr'><strong>ad</strong></span> <span class='ocrx_word' id='word_1_360' title='bbox 1190 3715 1475 3771; x_wconf 90' lang='lat' dir='ltr'><strong>mendacio</strong></span> <span class='ocrx_word' id='word_1_361' title='bbox 1517 3723 1575 3771; x_wconf 91' lang='lat' dir='ltr'><strong>et</strong></span> <span class='ocrx_word' id='word_1_362' title='bbox 1615 3714 1869 3772; x_wconf 87' lang='lat' dir='ltr'><strong>omnibus</strong></span> <span class='ocrx_word' id='word_1_363' title='bbox 1922 3716 2111 3785; x_wconf 90' lang='lat' dir='ltr'><strong>malis,</strong></span> 
     </span>
    </p>
   </div>
   <div class='ocr_carea' id='block_1_52' title="bbox 517 3806 1794 3892">
    <p class='ocr_par' dir='ltr' id='par_1_52' title="bbox 517 3806 1794 3892">
     <span class='ocr_line' id='line_1_52' title="bbox 517 3806 1794 3892; baseline 0.002 -29"><span class='ocrx_word' id='word_1_364' title='bbox 517 3821 644 3863; x_wconf 91' lang='lat' dir='ltr'><strong>cum</strong></span> <span class='ocrx_word' id='word_1_365' title='bbox 666 3806 866 3877; x_wconf 82' lang='lat' dir='ltr'><strong>quibus</strong></span> <span class='ocrx_word' id='word_1_366' title='bbox 886 3820 1058 3862; x_wconf 87' lang='lat' dir='ltr'><strong>unum</strong></span> <span class='ocrx_word' id='word_1_367' title='bbox 1080 3820 1284 3880; x_wconf 86' lang='lat' dir='ltr'><strong>corpus</strong></span> <span class='ocrx_word' id='word_1_368' title='bbox 1314 3806 1568 3865; x_wconf 70' lang='lat' dir='ltr'><strong>edicitur.</strong></span> <span class='ocrx_word' id='word_1_369' title='bbox 1775 3877 1794 3892; x_wconf 34' lang='grc' dir='ltr'>δ</span> 
     </span>
    </p>
   </div>
   <div class='ocr_carea' id='block_1_53' title="bbox 590 3896 2111 3975">
    <p class='ocr_par' dir='ltr' id='par_1_53' title="bbox 590 3896 2111 3975">
     <span class='ocr_line' id='line_1_53' title="bbox 590 3896 2111 3975; baseline 0.004 -21"><span class='ocrx_word' id='word_1_370' title='bbox 590 3896 757 3954; x_wconf 71' lang='lat' dir='ltr'><strong>Vens.</strong></span> <span class='ocrx_word' id='word_1_371' title='bbox 780 3898 836 3954; x_wconf 69' lang='grc'><strong>2.</strong></span> <span class='ocrx_word' id='word_1_372' title='bbox 857 3928 931 3941; x_wconf 91' lang='lat'><strong>--</strong></span> <span class='ocrx_word' id='word_1_373' title='bbox 948 3896 1315 3955; x_wconf 83' lang='lat' dir='ltr'><strong>Comederunt.</strong></span> <span class='ocrx_word' id='word_1_374' title='bbox 1361 3899 1560 3969; x_wconf 91' lang='lat' dir='ltr'><strong>Quasi,</strong></span> <span class='ocrx_word' id='word_1_375' title='bbox 1594 3898 1761 3958; x_wconf 86' lang='lat' dir='ltr'><strong>etiam</strong></span> <span class='ocrx_word' id='word_1_376' title='bbox 1786 3902 1855 3959; x_wconf 87' lang='lat' dir='ltr'><strong>de</strong></span> <span class='ocrx_word' id='word_1_377' title='bbox 1881 3903 1969 3960; x_wconf 90' lang='lat' dir='ltr'><strong>his</strong></span> <span class='ocrx_word' id='word_1_378' title='bbox 1991 3919 2111 3975; x_wconf 66' lang='lat' dir='ltr'><strong>quae</strong></span> 
     </span>
    </p>
   </div>
   <div class='ocr_carea' id='block_1_54' title="bbox 516 3990 2108 4066">
    <p class='ocr_par' dir='ltr' id='par_1_54' title="bbox 516 3990 2108 4066">
     <span class='ocr_line' id='line_1_54' title="bbox 516 3990 2108 4066; baseline 0.006 -19"><span class='ocrx_word' id='word_1_379' title='bbox 516 3990 797 4047; x_wconf 80' lang='lat' dir='ltr'><strong>immolata</strong></span> <span class='ocrx_word' id='word_1_380' title='bbox 836 3998 964 4047; x_wconf 89' lang='lat' dir='ltr'><strong>sunt</strong></span> <span class='ocrx_word' id='word_1_381' title='bbox 1006 3992 1163 4048; x_wconf 89' lang='lat' dir='ltr'><strong>idolis</strong></span> <span class='ocrx_word' id='word_1_382' title='bbox 1203 3994 1527 4061; x_wconf 86' lang='lat' dir='ltr'><strong>comedunt,</strong></span> <span class='ocrx_word' id='word_1_383' title='bbox 1576 4011 1698 4066; x_wconf 64' lang='lat' dir='ltr'><strong>qua:</strong></span> <span class='ocrx_word' id='word_1_384' title='bbox 1749 3998 2108 4056; x_wconf 85' lang='lat' dir='ltr'><strong>exsecrabilia</strong></span> 
     </span>
    </p>
   </div>
   <div class='ocr_carea' id='block_1_55' title="bbox 518 4083 2109 4162">
    <p class='ocr_par' dir='ltr' id='par_1_55' title="bbox 518 4083 2109 4162">
     <span class='ocr_line' id='line_1_55' title="bbox 518 4083 2109 4162; baseline 0.006 -22"><span class='ocrx_word' id='word_1_385' title='bbox 518 4092 646 4141; x_wconf 90' lang='lat' dir='ltr'><strong>sunt</strong></span> <span class='ocrx_word' id='word_1_386' title='bbox 680 4084 823 4156; x_wconf 91' lang='lat' dir='ltr'><strong>apud</strong></span> <span class='ocrx_word' id='word_1_387' title='bbox 860 4083 1050 4140; x_wconf 91' lang='lat' dir='ltr'><strong>Deum.</strong></span> <span class='ocrx_word' id='word_1_388' title='bbox 1088 4083 1221 4153; x_wconf 74' lang='lat' dir='ltr'><strong>Quis</strong></span> <span class='ocrx_word' id='word_1_389' title='bbox 1268 4086 1413 4141; x_wconf 91' lang='lat' dir='ltr'><strong>enim</strong></span> <span class='ocrx_word' id='word_1_390' title='bbox 1443 4101 1743 4145; x_wconf 87' lang='lat' dir='ltr'><strong>consensus</strong></span> <span class='ocrx_word' id='word_1_391' title='bbox 1783 4090 1988 4162; x_wconf 89' lang='lat' dir='ltr'><strong>templo</strong></span> <span class='ocrx_word' id='word_1_392' title='bbox 2012 4090 2109 4149; x_wconf 90' lang='lat' dir='ltr'><strong>Dei</strong></span> 
     </span>
    </p>
   </div>
   <div class='ocr_carea' id='block_1_56' title="bbox 516 4174 873 4232">
    <p class='ocr_par' dir='ltr' id='par_1_56' title="bbox 516 4174 873 4232">
     <span class='ocr_line' id='line_1_56' title="bbox 516 4174 873 4232; baseline -0.003 -1"><span class='ocrx_word' id='word_1_393' title='bbox 516 4189 642 4231; x_wconf 90' lang='lat' dir='ltr'><strong>cum</strong></span> <span class='ocrx_word' id='word_1_394' title='bbox 673 4174 873 4232; x_wconf 83' lang='lat' dir='ltr'><strong>idolis?</strong></span> 
     </span>
    </p>
   </div>
   <div class='ocr_carea' id='block_1_57' title="bbox 588 4275 2110 4354">
    <p class='ocr_par' dir='ltr' id='par_1_57' title="bbox 588 4275 2110 4354">
     <span class='ocr_line' id='line_1_57' title="bbox 588 4275 2110 4354; baseline 0.004 -20"><span class='ocrx_word' id='word_1_395' title='bbox 588 4275 793 4349; x_wconf 73' lang='lat' dir='ltr'><strong>(Onm.)</strong></span> <span class='ocrx_word' id='word_1_396' title='bbox 822 4277 914 4333; x_wconf 78' lang='lat' dir='ltr'><strong>Ait</strong></span> <span class='ocrx_word' id='word_1_397' title='bbox 954 4275 1248 4348; x_wconf 85' lang='lat' dir='ltr'><strong>Apostolus</strong></span> <span class='ocrx_word' id='word_1_398' title='bbox 1269 4320 1284 4345; x_wconf 92' lang='lat'><strong>,</strong></span> <span class='ocrx_word' id='word_1_399' title='bbox 1310 4286 1441 4345; x_wconf 87' lang='lat' dir='ltr'><strong>etc.,</strong></span> <span class='ocrx_word' id='word_1_400' title='bbox 1474 4296 1636 4353; x_wconf 82' lang='lat' dir='ltr'><strong>usque</strong></span> <span class='ocrx_word' id='word_1_401' title='bbox 1675 4281 1745 4336; x_wconf 91' lang='lat' dir='ltr'><strong>ad</strong></span> <span class='ocrx_word' id='word_1_402' title='bbox 1770 4289 1826 4337; x_wconf 90' lang='lat' dir='ltr'><strong>et</strong></span> <span class='ocrx_word' id='word_1_403' title='bbox 1850 4282 1942 4354; x_wconf 89' lang='lat' dir='ltr'><strong>qui</strong></span> <span class='ocrx_word' id='word_1_404' title='bbox 1982 4298 2110 4341; x_wconf 89' lang='lat' dir='ltr'><strong>eum</strong></span> 
     </span>
    </p>
   </div>
   <div class='ocr_carea' id='block_1_58' title="bbox 514 4368 2015 4439">
    <p class='ocr_par' dir='ltr' id='par_1_58' title="bbox 514 4368 2015 4439">
     <span class='ocr_line' id='line_1_58' title="bbox 514 4368 2015 4439; baseline 0.002 -16"><span class='ocrx_word' id='word_1_405' title='bbox 514 4368 749 4439; x_wconf 87' lang='lat' dir='ltr'><strong>recipit,</strong></span> <span class='ocrx_word' id='word_1_406' title='bbox 789 4368 949 4426; x_wconf 83' lang='lat' dir='ltr'><strong>idolis</strong></span> <span class='ocrx_word' id='word_1_407' title='bbox 979 4368 1257 4426; x_wconf 89' lang='lat' dir='ltr'><strong>immolata</strong></span> <span class='ocrx_word' id='word_1_408' title='bbox 1288 4371 1599 4433; x_wconf 86' lang='lat' dir='ltr'><strong>manducat.</strong></span> <span class='ocrx_word' id='word_1_409' title='bbox 2004 4380 2015 4390; x_wconf 89' lang='lat'><strong><em>‘</em></strong></span> 
     </span>
    </p>
   </div>
   <div class='ocr_carea' id='block_1_59' title="bbox 584 4459 2108 4529">
    <p class='ocr_par' dir='ltr' id='par_1_59' title="bbox 584 4459 2108 4529">
     <span class='ocr_line' id='line_1_59' title="bbox 584 4459 2108 4529; baseline 0.009 -15"><span class='ocrx_word' id='word_1_410' title='bbox 584 4459 655 4514; x_wconf 87' lang='lat' dir='ltr'><strong>Et</strong></span> <span class='ocrx_word' id='word_1_411' title='bbox 678 4460 1032 4517; x_wconf 74' lang='lat' dir='ltr'><strong>adoravmnt</strong></span> <span class='ocrx_word' id='word_1_412' title='bbox 1054 4462 1178 4518; x_wconf 75' lang='lat' dir='ltr'><strong>deos</strong></span> <span class='ocrx_word' id='word_1_413' title='bbox 1201 4463 1575 4520; x_wconf 75' lang='lat' dir='ltr'><strong>earum.&#39;Nota</strong></span> <span class='ocrx_word' id='word_1_414' title='bbox 1605 4465 1853 4523; x_wconf 87' lang='lat' dir='ltr'><strong>ordinem</strong></span> <span class='ocrx_word' id='word_1_415' title='bbox 1887 4486 1901 4524; x_wconf 87' lang='lat'><strong>:</strong></span> <span class='ocrx_word' id='word_1_416' title='bbox 1931 4470 2108 4529; x_wconf 88' lang='lat' dir='ltr'><strong>malos</strong></span> 
     </span>
    </p>
   </div>
   <div class='ocr_carea' id='block_1_60' title="bbox 512 4554 2103 4636">
    <p class='ocr_par' dir='ltr' id='par_1_60' title="bbox 512 4554 2103 4636">
     <span class='ocr_line' id='line_1_60' title="bbox 512 4554 2103 4636; baseline 0.008 -27"><span class='ocrx_word' id='word_1_417' title='bbox 512 4566 703 4609; x_wconf 86' lang='lat' dir='ltr'><strong>servos</strong></span> <span class='ocrx_word' id='word_1_418' title='bbox 728 4554 907 4624; x_wconf 91' lang='lat' dir='ltr'><strong>primo</strong></span> <span class='ocrx_word' id='word_1_419' title='bbox 935 4554 1375 4627; x_wconf 88' lang='lat' dir='ltr'><strong>concupiscentia</strong></span> <span class='ocrx_word' id='word_1_420' title='bbox 1403 4558 1633 4632; x_wconf 90' lang='lat' dir='ltr'><strong>decipit,</strong></span> <span class='ocrx_word' id='word_1_421' title='bbox 1663 4561 1788 4618; x_wconf 92' lang='lat' dir='ltr'><strong>inde</strong></span> <span class='ocrx_word' id='word_1_422' title='bbox 1814 4564 2103 4636; x_wconf 76' lang='lat' dir='ltr'><strong>ingluvies,</strong></span> 
     </span>
    </p>
   </div>
   <div class='ocr_carea' id='block_1_61' title="bbox 509 4648 2272 4742">
    <p class='ocr_par' dir='ltr' id='par_1_61' title="bbox 509 4648 2272 4742">
     <span class='ocr_line' id='line_1_61' title="bbox 509 4648 2272 4742; baseline 0.011 -44"><span class='ocrx_word' id='word_1_423' title='bbox 509 4652 794 4715; x_wconf 82' lang='lat' dir='ltr'><strong>postremo</strong></span> <span class='ocrx_word' id='word_1_424' title='bbox 818 4648 1060 4718; x_wconf 88' lang='lat' dir='ltr'><strong>captivat</strong></span> <span class='ocrx_word' id='word_1_425' title='bbox 1082 4650 1352 4722; x_wconf 88' lang='lat' dir='ltr'><strong>impietas,</strong></span> <span class='ocrx_word' id='word_1_426' title='bbox 1382 4652 1538 4724; x_wconf 89' lang='lat' dir='ltr'><strong>cujus</strong></span> <span class='ocrx_word' id='word_1_427' title='bbox 1561 4671 1772 4715; x_wconf 91' lang='lat' dir='ltr'><strong>merces</strong></span> <span class='ocrx_word' id='word_1_428' title='bbox 1803 4659 2105 4719; x_wconf 82' lang='lat' dir='ltr'><strong>exsolvitur</strong></span> <span class='ocrx_word' id='word_1_429' title='bbox 2128 4653 2186 4716; x_wconf 89' lang='lat' dir='ltr'><strong>D</strong></span> <span class='ocrx_word' id='word_1_430' title='bbox 2207 4684 2272 4742; x_wconf 61' lang='grc'><strong>21</strong></span> 
     </span>
    </p>
   </div>
   <div class='ocr_carea' id='block_1_62' title="bbox 511 4735 822 4793">
    <p class='ocr_par' dir='ltr' id='par_1_62' title="bbox 511 4735 822 4793">
     <span class='ocr_line' id='line_1_62' title="bbox 511 4735 822 4793; baseline 0.006 -2"><span class='ocrx_word' id='word_1_431' title='bbox 511 4735 822 4793; x_wconf 88' lang='lat' dir='ltr'><strong>fornicatio.</strong></span> 
     </span>
    </p>
   </div>
   <div class='ocr_carea' id='block_1_63' title="bbox 585 4827 2101 4914">
    <p class='ocr_par' dir='ltr' id='par_1_63' title="bbox 585 4827 2101 4914">
     <span class='ocr_line' id='line_1_63' title="bbox 585 4827 2101 4914; baseline 0.013 -30"><span class='ocrx_word' id='word_1_432' title='bbox 585 4827 790 4902; x_wconf 83' lang='grc'><strong>(01110.)</strong></span> <span class='ocrx_word' id='word_1_433' title='bbox 820 4828 1080 4889; x_wconf 86' lang='lat' dir='ltr'><strong>Salomon</strong></span> <span class='ocrx_word' id='word_1_434' title='bbox 1122 4850 1248 4891; x_wconf 90' lang='lat' dir='ltr'><strong>cum</strong></span> <span class='ocrx_word' id='word_1_435' title='bbox 1287 4849 1433 4895; x_wconf 89' lang='lat' dir='ltr'><strong>esset</strong></span> <span class='ocrx_word' id='word_1_436' title='bbox 1473 4840 1941 4913; x_wconf 89' lang='lat' dir='ltr'><strong>sapientissimus,</strong></span> <span class='ocrx_word' id='word_1_437' title='bbox 1969 4855 2101 4914; x_wconf 86' lang='lat' dir='ltr'><strong>etc.,</strong></span> 
     </span>
    </p>
   </div>
   <div class='ocr_carea' id='block_1_64' title="bbox 510 4923 2106 5005">
    <p class='ocr_par' dir='ltr' id='par_1_64' title="bbox 510 4923 2106 5005">
     <span class='ocr_line' id='line_1_64' title="bbox 510 4923 2106 5005; baseline 0.009 -26"><span class='ocrx_word' id='word_1_438' title='bbox 510 4940 679 4996; x_wconf 75' lang='lat' dir='ltr'><strong>usque</strong></span> <span class='ocrx_word' id='word_1_439' title='bbox 708 4924 801 4993; x_wconf 87' lang='lat' dir='ltr'><strong>ad,</strong></span> <span class='ocrx_word' id='word_1_440' title='bbox 823 4923 1352 4987; x_wconf 74' lang='lat' dir='ltr'><strong>Adolescentularum</strong></span> <span class='ocrx_word' id='word_1_441' title='bbox 1373 4949 1478 4988; x_wconf 84' lang='lat' dir='ltr'><strong>non</strong></span> <span class='ocrx_word' id='word_1_442' title='bbox 1498 4943 1575 4990; x_wconf 72' lang='lat' dir='ltr'><strong>est</strong></span> <span class='ocrx_word' id='word_1_443' title='bbox 1595 4952 1870 5005; x_wconf 79' lang='lat' dir='ltr'><strong>numerus,</strong></span> <span class='ocrx_word' id='word_1_444' title='bbox 1893 4955 2001 4993; x_wconf 82' lang='lat' dir='ltr'><strong>una</strong></span> <span class='ocrx_word' id='word_1_445' title='bbox 2024 4948 2106 4993; x_wconf 87' lang='lat' dir='ltr'><strong>ta-</strong></span> 
     </span>
    </p>
   </div>
   <div class='ocr_carea' id='block_1_65' title="bbox 509 5017 1157 5077">
    <p class='ocr_par' dir='ltr' id='par_1_65' title="bbox 509 5017 1157 5077">
     <span class='ocr_line' id='line_1_65' title="bbox 509 5017 1157 5077; baseline 0.005 -3"><span class='ocrx_word' id='word_1_446' title='bbox 509 5033 629 5074; x_wconf 77' lang='lat' dir='ltr'><strong>men</strong></span> <span class='ocrx_word' id='word_1_447' title='bbox 652 5027 727 5074; x_wconf 72' lang='lat' dir='ltr'><strong>est</strong></span> <span class='ocrx_word' id='word_1_448' title='bbox 756 5017 999 5075; x_wconf 80' lang='lat' dir='ltr'><strong>columba</strong></span> <span class='ocrx_word' id='word_1_449' title='bbox 1020 5036 1157 5077; x_wconf 85' lang='lat' dir='ltr'><strong>mea.</strong></span> 
     </span>
    </p>
   </div>
   <div class='ocr_carea' id='block_1_66' title="bbox 587 5110 1210 5171">
    <p class='ocr_par' dir='ltr' id='par_1_66' title="bbox 587 5110 1210 5171">
     <span class='ocr_line' id='line_1_66' title="bbox 587 5110 1210 5171; baseline 0.008 -5"><span class='ocrx_word' id='word_1_450' title='bbox 587 5110 750 5167; x_wconf 75' lang='lat' dir='ltr'><strong>Vens.</strong></span> <span class='ocrx_word' id='word_1_451' title='bbox 782 5112 837 5168; x_wconf 78' lang='lat'><strong>&#39;5.</strong></span> <span class='ocrx_word' id='word_1_452' title='bbox 866 5143 936 5154; x_wconf 93' lang='lat'><strong>—</strong></span> <span class='ocrx_word' id='word_1_453' title='bbox 955 5113 1210 5171; x_wconf 72' lang='lat' dir='ltr'><strong>[uitiatus</strong></span> 
     </span>
    </p>
   </div>
   <div class='ocr_carea' id='block_1_67' title="bbox 510 5296 2100 5382">
    <p class='ocr_par' dir='ltr' id='par_1_67' title="bbox 510 5296 2100 5382">
     <span class='ocr_line' id='line_1_67' title="bbox 510 5296 2100 5382; baseline 0.01 -31"><span class='ocrx_word' id='word_1_454' title='bbox 510 5297 782 5368; x_wconf 63' lang='lat' dir='ltr'><strong>prmipue</strong></span> <span class='ocrx_word' id='word_1_455' title='bbox 807 5312 838 5353; x_wconf 90' lang='lat' dir='ltr'><strong>a</strong></span> <span class='ocrx_word' id='word_1_456' title='bbox 859 5296 1181 5356; x_wconf 87' lang='lat' dir='ltr'><strong>mulieribus</strong></span> <span class='ocrx_word' id='word_1_457' title='bbox 1200 5300 1421 5369; x_wconf 86' lang='lat' dir='ltr'><strong>colitur,</strong></span> <span class='ocrx_word' id='word_1_458' title='bbox 1452 5310 1509 5358; x_wconf 84' lang='lat' dir='ltr'><strong>et</strong></span> <span class='ocrx_word' id='word_1_459' title='bbox 1532 5312 1616 5360; x_wconf 90' lang='lat' dir='ltr'><strong>est</strong></span> <span class='ocrx_word' id='word_1_460' title='bbox 1634 5308 1845 5377; x_wconf 89' lang='lat' dir='ltr'><strong>species</strong></span> <span class='ocrx_word' id='word_1_461' title='bbox 1870 5311 2100 5382; x_wconf 90' lang='lat' dir='ltr'><strong>turpitu-</strong></span> 
     </span>
    </p>
   </div>
   <div class='ocr_carea' id='block_1_68' title="bbox 508 5385 2096 5474">
    <p class='ocr_par' dir='ltr' id='par_1_68' title="bbox 508 5385 2096 5474">
     <span class='ocr_line' id='line_1_68' title="bbox 508 5385 2096 5474; baseline 0.013 -32"><span class='ocrx_word' id='word_1_462' title='bbox 508 5385 678 5455; x_wconf 88' lang='lat' dir='ltr'><strong>dinis,</strong></span> <span class='ocrx_word' id='word_1_463' title='bbox 700 5388 800 5445; x_wconf 89' lang='lat' dir='ltr'><strong>sed</strong></span> <span class='ocrx_word' id='word_1_464' title='bbox 820 5391 1084 5462; x_wconf 89' lang='lat' dir='ltr'><strong>scriptum</strong></span> <span class='ocrx_word' id='word_1_465' title='bbox 1109 5392 1203 5448; x_wconf 77' lang='lat' dir='ltr'><strong>vix</strong></span> <span class='ocrx_word' id='word_1_466' title='bbox 1220 5395 1493 5466; x_wconf 89' lang='lat' dir='ltr'><strong>reperitur</strong></span> <span class='ocrx_word' id='word_1_467' title='bbox 1514 5412 1665 5468; x_wconf 72' lang='lat' dir='ltr'><strong>quae,</strong></span> <span class='ocrx_word' id='word_1_468' title='bbox 1690 5400 1775 5456; x_wconf 88' lang='lat' dir='ltr'><strong>vel</strong></span> <span class='ocrx_word' id='word_1_469' title='bbox 1804 5403 1980 5474; x_wconf 87' lang='lat' dir='ltr'><strong>qualis</strong></span> <span class='ocrx_word' id='word_1_470' title='bbox 2001 5405 2096 5474; x_wconf 89' lang='lat' dir='ltr'><strong>sit,</strong></span> 
     </span>
    </p>
   </div>
   <div class='ocr_carea' id='block_1_69' title="bbox 2184 2021 3822 2095">
    <p class='ocr_par' dir='ltr' id='par_1_69' title="bbox 2184 2021 3822 2095">
     <span class='ocr_line' id='line_1_69' title="bbox 2184 2021 3822 2095; baseline -0.001 -12"><span class='ocrx_word' id='word_1_471' title='bbox 2184 2031 2189 2039; x_wconf 91' lang='lat'><strong><em>&#39;</em></strong></span> <span class='ocrx_word' id='word_1_472' title='bbox 2224 2025 2412 2083; x_wconf 87' lang='lat' dir='ltr'><strong>lumen</strong></span> <span class='ocrx_word' id='word_1_473' title='bbox 2438 2022 2688 2081; x_wconf 85' lang='lat' dir='ltr'><strong>veritatis</strong></span> <span class='ocrx_word' id='word_1_474' title='bbox 2728 2031 2785 2079; x_wconf 88' lang='lat' dir='ltr'><strong>et</strong></span> <span class='ocrx_word' id='word_1_475' title='bbox 2822 2021 3051 2091; x_wconf 68' lang='lat' dir='ltr'><strong>justit‘m</strong></span> <span class='ocrx_word' id='word_1_476' title='bbox 3088 2023 3493 2095; x_wconf 83' lang='lat' dir='ltr'><strong>relinquentes,</strong></span> <span class='ocrx_word' id='word_1_477' title='bbox 3516 2026 3822 2081; x_wconf 58' lang='lat' dir='ltr'><strong>cuiatem</strong></span> 
     </span>
    </p>
   </div>
   <div class='ocr_carea' id='block_1_70' title="bbox 2224 2113 3823 2183">
    <p class='ocr_par' dir='ltr' id='par_1_70' title="bbox 2224 2113 3823 2183">
     <span class='ocr_line' id='line_1_70' title="bbox 2224 2113 3823 2183; baseline -0.001 -10"><span class='ocrx_word' id='word_1_478' title='bbox 2224 2115 2549 2173; x_wconf 75' lang='lat' dir='ltr'><strong>idololatriae</strong></span> <span class='ocrx_word' id='word_1_479' title='bbox 2586 2122 2644 2171; x_wconf 84' lang='lat' dir='ltr'><strong>et</strong></span> <span class='ocrx_word' id='word_1_480' title='bbox 2684 2113 3066 2173; x_wconf 81' lang='lat' dir='ltr'><strong>fornicationis</strong></span> <span class='ocrx_word' id='word_1_481' title='bbox 3098 2126 3449 2183; x_wconf 85' lang='lat' dir='ltr'><strong>amaverunt,</strong></span> <span class='ocrx_word' id='word_1_482' title='bbox 3476 2116 3609 2173; x_wconf 84' lang='lat' dir='ltr'><strong>solis</strong></span> <span class='ocrx_word' id='word_1_483' title='bbox 3630 2117 3823 2173; x_wconf 59' lang='lat' dir='ltr'><strong>aeterni</strong></span> 
     </span>
    </p>
   </div>
   <div class='ocr_carea' id='block_1_71' title="bbox 2224 2208 3824 2278">
    <p class='ocr_par' dir='ltr' id='par_1_71' title="bbox 2224 2208 3824 2278">
     <span class='ocr_line' id='line_1_71' title="bbox 2224 2208 3824 2278; baseline 0.003 -16"><span class='ocrx_word' id='word_1_484' title='bbox 2224 2208 2429 2264; x_wconf 88' lang='lat' dir='ltr'><strong>lumine</strong></span> <span class='ocrx_word' id='word_1_485' title='bbox 2457 2208 2691 2278; x_wconf 90' lang='lat' dir='ltr'><strong>privati,</strong></span> <span class='ocrx_word' id='word_1_486' title='bbox 2720 2208 2913 2264; x_wconf 89' lang='lat' dir='ltr'><strong>mortis</strong></span> <span class='ocrx_word' id='word_1_487' title='bbox 2948 2208 3207 2264; x_wconf 76' lang='lat' dir='ltr'><strong>tenebras</strong></span> <span class='ocrx_word' id='word_1_488' title='bbox 3249 2210 3555 2266; x_wconf 77' lang='lat' dir='ltr'><strong>incurrunt.</strong></span> <span class='ocrx_word' id='word_1_489' title='bbox 3579 2209 3824 2268; x_wconf 81' lang='lat' dir='ltr'><strong>Visibilis</strong></span> 
     </span>
    </p>
   </div>
   <div class='ocr_carea' id='block_1_72' title="bbox 2221 2298 3822 2370">
    <p class='ocr_par' dir='ltr' id='par_1_72' title="bbox 2221 2298 3822 2370">
     <span class='ocr_line' id='line_1_72' title="bbox 2221 2298 3822 2370; baseline 0.002 -15"><span class='ocrx_word' id='word_1_490' title='bbox 2221 2299 2371 2357; x_wconf 83' lang='lat' dir='ltr'><strong>enim</strong></span> <span class='ocrx_word' id='word_1_491' title='bbox 2386 2298 2471 2355; x_wconf 85' lang='lat' dir='ltr'><strong>sol</strong></span> <span class='ocrx_word' id='word_1_492' title='bbox 2485 2299 2675 2370; x_wconf 66' lang='lat' dir='ltr'><strong>viginti</strong></span> <span class='ocrx_word' id='word_1_493' title='bbox 2696 2308 2931 2369; x_wconf 64' lang='lat' dir='ltr'><strong>quattuor</strong></span> <span class='ocrx_word' id='word_1_494' title='bbox 2957 2299 3111 2355; x_wconf 84' lang='lat' dir='ltr'><strong>horis</strong></span> <span class='ocrx_word' id='word_1_495' title='bbox 3134 2301 3325 2356; x_wconf 77' lang='lat' dir='ltr'><strong>orbem</strong></span> <span class='ocrx_word' id='word_1_496' title='bbox 3353 2301 3610 2369; x_wconf 80' lang='lat' dir='ltr'><strong>illustrat,</strong></span> <span class='ocrx_word' id='word_1_497' title='bbox 3646 2311 3717 2358; x_wconf 83' lang='lat' dir='ltr'><strong>et</strong></span> <span class='ocrx_word' id='word_1_498' title='bbox 3734 2318 3822 2359; x_wconf 88' lang='lat' dir='ltr'><strong>suo</strong></span> 
     </span>
    </p>
   </div>
   <div class='ocr_carea' id='block_1_73' title="bbox 2223 2390 3819 2461">
    <p class='ocr_par' dir='ltr' id='par_1_73' title="bbox 2223 2390 3819 2461">
     <span class='ocr_line' id='line_1_73' title="bbox 2223 2390 3819 2461; baseline 0.003 -14"><span class='ocrx_word' id='word_1_499' title='bbox 2223 2392 2430 2449; x_wconf 84' lang='lat' dir='ltr'><strong>ambitu</strong></span> <span class='ocrx_word' id='word_1_500' title='bbox 2463 2391 2639 2448; x_wconf 85' lang='lat' dir='ltr'><strong>noctis</strong></span> <span class='ocrx_word' id='word_1_501' title='bbox 2666 2392 2922 2448; x_wconf 79' lang='lat' dir='ltr'><strong>tenebras</strong></span> <span class='ocrx_word' id='word_1_502' title='bbox 2946 2390 3130 2461; x_wconf 80' lang='lat' dir='ltr'><strong>fugat;</strong></span> <span class='ocrx_word' id='word_1_503' title='bbox 3159 2393 3241 2448; x_wconf 87' lang='lat' dir='ltr'><strong>sic</strong></span> <span class='ocrx_word' id='word_1_504' title='bbox 3275 2401 3329 2448; x_wconf 91' lang='lat' dir='ltr'><strong>et</strong></span> <span class='ocrx_word' id='word_1_505' title='bbox 3354 2393 3609 2450; x_wconf 83' lang='lat' dir='ltr'><strong>Christus</strong></span> <span class='ocrx_word' id='word_1_506' title='bbox 3640 2395 3725 2451; x_wconf 87' lang='lat' dir='ltr'><strong>ad</strong></span> <span class='ocrx_word' id='word_1_507' title='bbox 3746 2395 3819 2451; x_wconf 82' lang='lat' dir='ltr'><strong>iu-</strong></span> 
     </span>
    </p>
   </div>
   <div class='ocr_carea' id='block_1_74' title="bbox 2220 2485 3821 2562">
    <p class='ocr_par' dir='ltr' id='par_1_74' title="bbox 2220 2485 3821 2562">
     <span class='ocr_line' id='line_1_74' title="bbox 2220 2485 3821 2562; baseline 0.006 -23"><span class='ocrx_word' id='word_1_508' title='bbox 2220 2486 2429 2556; x_wconf 76' lang='lat' dir='ltr'><strong>gandas</strong></span> <span class='ocrx_word' id='word_1_509' title='bbox 2464 2485 2675 2555; x_wconf 81' lang='lat' dir='ltr'><strong>peccati</strong></span> <span class='ocrx_word' id='word_1_510' title='bbox 2700 2486 2954 2543; x_wconf 60' lang='lat' dir='ltr'><strong>town“</strong></span> <span class='ocrx_word' id='word_1_511' title='bbox 2990 2500 3090 2559; x_wconf 88' lang='lat' dir='ltr'><strong>per</strong></span> <span class='ocrx_word' id='word_1_512' title='bbox 3118 2487 3395 2559; x_wconf 83' lang='lat' dir='ltr'><strong>apostolos</strong></span> <span class='ocrx_word' id='word_1_513' title='bbox 3436 2501 3493 2544; x_wconf 83' lang='lat' dir='ltr'><strong>et</strong></span> <span class='ocrx_word' id='word_1_514' title='bbox 3523 2491 3821 2562; x_wconf 76' lang='lat' dir='ltr'><strong>prophetas</strong></span> 
     </span>
    </p>
   </div>
   <div class='ocr_carea' id='block_1_75' title="bbox 2220 2577 2766 2635">
    <p class='ocr_par' dir='ltr' id='par_1_75' title="bbox 2220 2577 2766 2635">
     <span class='ocr_line' id='line_1_75' title="bbox 2220 2577 2766 2635; baseline -0.002 -2"><span class='ocrx_word' id='word_1_515' title='bbox 2220 2577 2482 2633; x_wconf 71' lang='grc' dir='ltr'><strong>ωυηὰιηι</strong></span> <span class='ocrx_word' id='word_1_516' title='bbox 2504 2577 2766 2635; x_wconf 79' lang='lat' dir='ltr'><strong>illustrat.</strong></span> 
     </span>
    </p>
   </div>
   <div class='ocr_carea' id='block_1_76' title="bbox 2291 2688 3823 2769">
    <p class='ocr_par' dir='ltr' id='par_1_76' title="bbox 2291 2688 3823 2769">
     <span class='ocr_line' id='line_1_76' title="bbox 2291 2688 3823 2769; baseline 0.006 -24"><span class='ocrx_word' id='word_1_517' title='bbox 2291 2689 2456 2746; x_wconf 65' lang='lat' dir='ltr'><strong>Vens.</strong></span> <span class='ocrx_word' id='word_1_518' title='bbox 2489 2688 2577 2745; x_wconf 74' lang='grc'><strong>15.</strong></span> <span class='ocrx_word' id='word_1_519' title='bbox 2599 2721 2670 2731; x_wconf 89' lang='grc'><strong><em>-</em></strong></span> <span class='ocrx_word' id='word_1_520' title='bbox 2691 2688 2946 2746; x_wconf 78' lang='lat' dir='ltr'><strong>Pactum.</strong></span> <span class='ocrx_word' id='word_1_521' title='bbox 2987 2690 3246 2764; x_wconf 80' lang='lat' dir='ltr'><strong>Quisquis</strong></span> <span class='ocrx_word' id='word_1_522' title='bbox 3279 2693 3396 2749; x_wconf 86' lang='lat' dir='ltr'><strong>zelo</strong></span> <span class='ocrx_word' id='word_1_523' title='bbox 3431 2694 3523 2750; x_wconf 87' lang='lat' dir='ltr'><strong>Dei</strong></span> <span class='ocrx_word' id='word_1_524' title='bbox 3557 2711 3823 2769; x_wconf 80' lang='lat' dir='ltr'><strong>compun-</strong></span> 
     </span>
    </p>
   </div>
   <div class='ocr_carea' id='block_1_77' title="bbox 2218 2782 3822 2856">
    <p class='ocr_par' dir='ltr' id='par_1_77' title="bbox 2218 2782 3822 2856">
     <span class='ocr_line' id='line_1_77' title="bbox 2218 2782 3822 2856; baseline 0.006 -21"><span class='ocrx_word' id='word_1_525' title='bbox 2218 2787 2340 2836; x_wconf 81' lang='lat' dir='ltr'><strong>etus</strong></span> <span class='ocrx_word' id='word_1_526' title='bbox 2363 2783 2544 2838; x_wconf 83' lang='lat' dir='ltr'><strong>carnis</strong></span> <span class='ocrx_word' id='word_1_527' title='bbox 2583 2782 2833 2838; x_wconf 85' lang='lat' dir='ltr'><strong>stimulos</strong></span> <span class='ocrx_word' id='word_1_528' title='bbox 2867 2784 3179 2852; x_wconf 86' lang='lat' dir='ltr'><strong>contemnit,</strong></span> <span class='ocrx_word' id='word_1_529' title='bbox 3212 2787 3550 2856; x_wconf 88' lang='lat' dir='ltr'><strong>comprimit;</strong></span> <span class='ocrx_word' id='word_1_530' title='bbox 3579 2790 3675 2843; x_wconf 82' lang='lat' dir='ltr'><strong>vel</strong></span> <span class='ocrx_word' id='word_1_531' title='bbox 3700 2789 3822 2845; x_wconf 90' lang='lat' dir='ltr'><strong>sub-</strong></span> 
     </span>
    </p>
   </div>
   <div class='ocr_carea' id='block_1_78' title="bbox 2210 2865 3821 2950">
    <p class='ocr_par' dir='ltr' id='par_1_78' title="bbox 2210 2865 3821 2950">
     <span class='ocr_line' id='line_1_78' title="bbox 2210 2865 3821 2950; baseline 0.009 -25"><span class='ocrx_word' id='word_1_532' title='bbox 2210 2869 2389 2940; x_wconf 81' lang='lat' dir='ltr'><strong>jectos</strong></span> <span class='ocrx_word' id='word_1_533' title='bbox 2406 2912 2420 2937; x_wconf 92' lang='lat'><strong>,</strong></span> <span class='ocrx_word' id='word_1_534' title='bbox 2441 2873 2517 2928; x_wconf 88' lang='lat' dir='ltr'><strong>&#39;ne</strong></span> <span class='ocrx_word' id='word_1_535' title='bbox 2542 2865 2847 2939; x_wconf 71' lang='lat' dir='ltr'><strong>lasciviant,</strong></span> <span class='ocrx_word' id='word_1_536' title='bbox 2864 2877 3090 2948; x_wconf 83' lang='lat' dir='ltr'><strong>corrigit</strong></span> <span class='ocrx_word' id='word_1_537' title='bbox 3106 2918 3121 2944; x_wconf 89' lang='lat'><strong>,</strong></span> <span class='ocrx_word' id='word_1_538' title='bbox 3154 2878 3540 2950; x_wconf 82' lang='lat' dir='ltr'><strong>sempiternum</strong></span> <span class='ocrx_word' id='word_1_539' title='bbox 3566 2884 3821 2939; x_wconf 80' lang='lat' dir='ltr'><strong>sacerdo-</strong></span> 
     </span>
    </p>
   </div>
   <div class='ocr_carea' id='block_1_79' title="bbox 2218 2965 3814 3043">
    <p class='ocr_par' dir='ltr' id='par_1_79' title="bbox 2218 2965 3814 3043">
     <span class='ocr_line' id='line_1_79' title="bbox 2218 2965 3814 3043; baseline 0.008 -24"><span class='ocrx_word' id='word_1_540' title='bbox 2218 2965 2352 3020; x_wconf 77' lang='lat' dir='ltr'><strong>tium</strong></span> <span class='ocrx_word' id='word_1_541' title='bbox 2375 2966 2629 3037; x_wconf 84' lang='lat' dir='ltr'><strong>acquirit,</strong></span> <span class='ocrx_word' id='word_1_542' title='bbox 2646 2969 2928 3037; x_wconf 81' lang='lat' dir='ltr'><strong>pertinens</strong></span> <span class='ocrx_word' id='word_1_543' title='bbox 2949 2969 3017 3024; x_wconf 90' lang='lat' dir='ltr'><strong>ad</strong></span> <span class='ocrx_word' id='word_1_544' title='bbox 3042 2971 3317 3038; x_wconf 74' lang='lat' dir='ltr'><strong>eumdem,</strong></span> <span class='ocrx_word' id='word_1_545' title='bbox 3346 2972 3413 3028; x_wconf 87' lang='lat' dir='ltr'><strong>de</strong></span> <span class='ocrx_word' id='word_1_546' title='bbox 3433 2986 3537 3043; x_wconf 86' lang='lat' dir='ltr'><strong>quo</strong></span> <span class='ocrx_word' id='word_1_547' title='bbox 3566 2974 3781 3031; x_wconf 87' lang='lat' dir='ltr'><strong>dicitur</strong></span> <span class='ocrx_word' id='word_1_548' title='bbox 3801 2992 3814 3030; x_wconf 90' lang='lat'>:</span> 
     </span>
    </p>
   </div>
   <div class='ocr_carea' id='block_1_80' title="bbox 2218 3054 3817 3121">
    <p class='ocr_par' dir='ltr' id='par_1_80' title="bbox 2218 3054 3817 3121">
     <span class='ocr_line' id='line_1_80' title="bbox 2218 3054 3817 3121; baseline 0.008 -12"><span class='ocrx_word' id='word_1_549' title='bbox 2218 3054 2299 3110; x_wconf 85' lang='lat' dir='ltr'><strong>Tu</strong></span> <span class='ocrx_word' id='word_1_550' title='bbox 2319 3074 2373 3112; x_wconf 79' lang='lat' dir='ltr'><strong>es</strong></span> <span class='ocrx_word' id='word_1_551' title='bbox 2399 3057 2647 3113; x_wconf 78' lang='lat' dir='ltr'><strong>sacerdos</strong></span> <span class='ocrx_word' id='word_1_552' title='bbox 2676 3059 2731 3113; x_wconf 81' lang='lat' dir='ltr'><strong>in</strong></span> <span class='ocrx_word' id='word_1_553' title='bbox 2760 3068 3012 3114; x_wconf 79' lang='lat' dir='ltr'><strong>(eternum</strong></span> <span class='ocrx_word' id='word_1_554' title='bbox 3029 3064 3314 3117; x_wconf 80' lang='lat' dir='ltr'><strong>secundum</strong></span> <span class='ocrx_word' id='word_1_555' title='bbox 3332 3063 3571 3118; x_wconf 85' lang='lat' dir='ltr'><strong>ordinem</strong></span> <span class='ocrx_word' id='word_1_556' title='bbox 3587 3064 3817 3121; x_wconf 74' lang='lat' dir='ltr'><strong>Melchi-</strong></span> 
     </span>
    </p>
   </div>
   <div class='ocr_carea' id='block_1_81' title="bbox 2220 3147 3816 3230">
    <p class='ocr_par' dir='ltr' id='par_1_81' title="bbox 2220 3147 3816 3230">
     <span class='ocr_line' id='line_1_81' title="bbox 2220 3147 3816 3230; baseline 0.009 -28"><span class='ocrx_word' id='word_1_557' title='bbox 2220 3149 2403 3204; x_wconf 78' lang='lat' dir='ltr'><strong>sedech</strong></span> <span class='ocrx_word' id='word_1_558' title='bbox 2430 3147 2602 3222; x_wconf 81' lang='lat' dir='ltr'><strong>(Psal.</strong></span> <span class='ocrx_word' id='word_1_559' title='bbox 2633 3152 2743 3223; x_wconf 79' lang='lat' dir='ltr'><strong>Ctx)</strong></span> <span class='ocrx_word' id='word_1_560' title='bbox 2766 3193 2781 3218; x_wconf 92' lang='lat'><strong>,</strong></span> <span class='ocrx_word' id='word_1_561' title='bbox 2810 3167 2936 3209; x_wconf 90' lang='lat' dir='ltr'><strong>cum</strong></span> <span class='ocrx_word' id='word_1_562' title='bbox 2964 3169 3072 3224; x_wconf 87' lang='lat' dir='ltr'><strong>quo</strong></span> <span class='ocrx_word' id='word_1_563' title='bbox 3094 3161 3359 3210; x_wconf 65' lang='lat' dir='ltr'><strong>{nternum</strong></span> <span class='ocrx_word' id='word_1_564' title='bbox 3383 3171 3609 3229; x_wconf 80' lang='lat' dir='ltr'><strong>regnum</strong></span> <span class='ocrx_word' id='word_1_565' title='bbox 3636 3161 3816 3230; x_wconf 84' lang='lat' dir='ltr'><strong>possi-</strong></span> 
     </span>
    </p>
   </div>
   <div class='ocr_carea' id='block_1_82' title="bbox 2221 3238 3817 3321">
    <p class='ocr_par' dir='ltr' id='par_1_82' title="bbox 2221 3238 3817 3321">
     <span class='ocr_line' id='line_1_82' title="bbox 2221 3238 3817 3321; baseline 0.009 -26"><span class='ocrx_word' id='word_1_566' title='bbox 2221 3240 2387 3296; x_wconf 88' lang='lat' dir='ltr'><strong>debit.</strong></span> <span class='ocrx_word' id='word_1_567' title='bbox 2410 3238 2806 3314; x_wconf 78' lang='lat' dir='ltr'><strong>interpretatur</strong></span> <span class='ocrx_word' id='word_1_568' title='bbox 2832 3254 3015 3300; x_wconf 86' lang='lat' dir='ltr'><strong>autem</strong></span> <span class='ocrx_word' id='word_1_569' title='bbox 3042 3244 3277 3303; x_wconf 87' lang='lat' dir='ltr'><strong>Phinees</strong></span> <span class='ocrx_word' id='word_1_570' title='bbox 3303 3264 3397 3305; x_wconf 88' lang='lat' dir='ltr'><strong>ore</strong></span> <span class='ocrx_word' id='word_1_571' title='bbox 3430 3266 3665 3321; x_wconf 86' lang='lat' dir='ltr'><strong>parcens</strong></span> <span class='ocrx_word' id='word_1_572' title='bbox 3684 3294 3703 3319; x_wconf 89' lang='lat'><strong>,</strong></span> <span class='ocrx_word' id='word_1_573' title='bbox 3740 3252 3817 3310; x_wconf 84' lang='lat' dir='ltr'><strong>vel</strong></span> 
     </span>
    </p>
   </div>
   <div class='ocr_carea' id='block_1_83' title="bbox 2219 3335 3816 3413">
    <p class='ocr_par' dir='ltr' id='par_1_83' title="bbox 2219 3335 3816 3413">
     <span class='ocr_line' id='line_1_83' title="bbox 2219 3335 3816 3413; baseline 0.01 -24"><span class='ocrx_word' id='word_1_574' title='bbox 2219 3349 2317 3390; x_wconf 89' lang='lat' dir='ltr'><strong>ore</strong></span> <span class='ocrx_word' id='word_1_575' title='bbox 2358 3335 2655 3406; x_wconf 87' lang='lat' dir='ltr'><strong>requievit,</strong></span> <span class='ocrx_word' id='word_1_576' title='bbox 2701 3338 2787 3393; x_wconf 91' lang='lat' dir='ltr'><strong>vel</strong></span> <span class='ocrx_word' id='word_1_577' title='bbox 2828 3339 2942 3395; x_wconf 88' lang='lat' dir='ltr'><strong>oris</strong></span> <span class='ocrx_word' id='word_1_578' title='bbox 2988 3342 3275 3413; x_wconf 79' lang='lat' dir='ltr'><strong>augurium</strong></span> <span class='ocrx_word' id='word_1_579' title='bbox 3312 3358 3329 3398; x_wconf 89' lang='lat'><strong>:</strong></span> <span class='ocrx_word' id='word_1_580' title='bbox 3370 3342 3621 3412; x_wconf 82' lang='lat' dir='ltr'><strong>Eleazar,</strong></span> <span class='ocrx_word' id='word_1_581' title='bbox 3672 3346 3816 3404; x_wconf 67' lang='lat' dir='ltr'><strong>Dem</strong></span> 
     </span>
    </p>
   </div>
   <div class='ocr_carea' id='block_1_84' title="bbox 2216 3431 3816 3507">
    <p class='ocr_par' dir='ltr' id='par_1_84' title="bbox 2216 3431 3816 3507">
     <span class='ocr_line' id='line_1_84' title="bbox 2216 3431 3816 3507; baseline 0.01 -22"><span class='ocrx_word' id='word_1_582' title='bbox 2216 3445 2373 3485; x_wconf 90' lang='lat' dir='ltr'><strong>meus</strong></span> <span class='ocrx_word' id='word_1_583' title='bbox 2401 3431 2639 3503; x_wconf 76' lang='lat' dir='ltr'><strong>adiutor,</strong></span> <span class='ocrx_word' id='word_1_584' title='bbox 2672 3433 2756 3488; x_wconf 86' lang='lat' dir='ltr'><strong>vel</strong></span> <span class='ocrx_word' id='word_1_585' title='bbox 2780 3434 2879 3490; x_wconf 85' lang='lat' dir='ltr'><strong>Dei</strong></span> <span class='ocrx_word' id='word_1_586' title='bbox 2907 3434 3265 3507; x_wconf 77' lang='lat' dir='ltr'><strong>adiutorium;</strong></span> <span class='ocrx_word' id='word_1_587' title='bbox 3303 3439 3487 3495; x_wconf 74' lang='lat' dir='ltr'><strong>Aaron</strong></span> <span class='ocrx_word' id='word_1_588' title='bbox 3517 3457 3677 3499; x_wconf 86' lang='lat' dir='ltr'><strong>mons</strong></span> <span class='ocrx_word' id='word_1_589' title='bbox 3705 3443 3816 3502; x_wconf 74' lang='lat' dir='ltr'><strong>for-</strong></span> 
     </span>
    </p>
   </div>
   <div class='ocr_carea' id='block_1_85' title="bbox 2220 3521 3814 3609">
    <p class='ocr_par' dir='ltr' id='par_1_85' title="bbox 2220 3521 3814 3609">
     <span class='ocr_line' id='line_1_85' title="bbox 2220 3521 3814 3609; baseline 0.013 -34"><span class='ocrx_word' id='word_1_590' title='bbox 2220 3521 2503 3590; x_wconf 78' lang='lat' dir='ltr'><strong>titudinis,</strong></span> <span class='ocrx_word' id='word_1_591' title='bbox 2527 3525 2612 3579; x_wconf 83' lang='lat' dir='ltr'><strong>vel</strong></span> <span class='ocrx_word' id='word_1_592' title='bbox 2634 3541 2790 3582; x_wconf 89' lang='lat' dir='ltr'><strong>mons</strong></span> <span class='ocrx_word' id='word_1_593' title='bbox 2809 3525 2984 3584; x_wconf 88' lang='lat' dir='ltr'><strong>fortis.</strong></span> <span class='ocrx_word' id='word_1_594' title='bbox 3011 3529 3141 3598; x_wconf 69' lang='lat' dir='ltr'><strong>Quae</strong></span> <span class='ocrx_word' id='word_1_595' title='bbox 3170 3532 3389 3588; x_wconf 88' lang='lat' dir='ltr'><strong>nomina</strong></span> <span class='ocrx_word' id='word_1_596' title='bbox 3415 3550 3655 3607; x_wconf 75' lang='lat' dir='ltr'><strong>congrue</strong></span> <span class='ocrx_word' id='word_1_597' title='bbox 3674 3554 3814 3609; x_wconf 73' lang='lat' dir='ltr'><strong>prae-</strong></span> 
     </span>
    </p>
   </div>
   <div class='ocr_carea' id='block_1_86' title="bbox 2217 3611 3813 3691">
    <p class='ocr_par' dir='ltr' id='par_1_86' title="bbox 2217 3611 3813 3691">
     <span class='ocr_line' id='line_1_86' title="bbox 2217 3611 3813 3691; baseline 0.012 -24"><span class='ocrx_word' id='word_1_598' title='bbox 2217 3611 2419 3668; x_wconf 91' lang='lat' dir='ltr'><strong>dictum</strong></span> <span class='ocrx_word' id='word_1_599' title='bbox 2448 3629 2668 3670; x_wconf 90' lang='lat' dir='ltr'><strong>sensum</strong></span> <span class='ocrx_word' id='word_1_600' title='bbox 2695 3618 3009 3687; x_wconf 79' lang='lat' dir='ltr'><strong>exprimunt</strong></span> <span class='ocrx_word' id='word_1_601' title='bbox 3037 3639 3050 3672; x_wconf 90' lang='lat'>:</span> <span class='ocrx_word' id='word_1_602' title='bbox 3076 3620 3169 3691; x_wconf 89' lang='lat' dir='ltr'><strong>qui</strong></span> <span class='ocrx_word' id='word_1_603' title='bbox 3196 3623 3341 3676; x_wconf 91' lang='lat' dir='ltr'><strong>enim</strong></span> <span class='ocrx_word' id='word_1_604' title='bbox 3370 3638 3430 3678; x_wconf 91' lang='lat' dir='ltr'><strong>se</strong></span> <span class='ocrx_word' id='word_1_605' title='bbox 3452 3640 3548 3681; x_wconf 92' lang='lat' dir='ltr'><strong>ore</strong></span> <span class='ocrx_word' id='word_1_606' title='bbox 3567 3630 3813 3686; x_wconf 85' lang='lat' dir='ltr'><strong>continet</strong></span> 
     </span>
    </p>
   </div>
   <div class='ocr_carea' id='block_1_87' title="bbox 2216 3707 3811 3789">
    <p class='ocr_par' dir='ltr' id='par_1_87' title="bbox 2216 3707 3811 3789">
     <span class='ocr_line' id='line_1_87' title="bbox 2216 3707 3811 3789; baseline 0.011 -30"><span class='ocrx_word' id='word_1_607' title='bbox 2216 3718 2287 3760; x_wconf 88' lang='lat' dir='ltr'><strong>ne</strong></span> <span class='ocrx_word' id='word_1_608' title='bbox 2312 3721 2481 3776; x_wconf 85' lang='lat' dir='ltr'><strong>prava</strong></span> <span class='ocrx_word' id='word_1_609' title='bbox 2505 3707 2789 3779; x_wconf 86' lang='lat' dir='ltr'><strong>loquatur,</strong></span> <span class='ocrx_word' id='word_1_610' title='bbox 2820 3717 2875 3766; x_wconf 89' lang='lat' dir='ltr'><strong>et</strong></span> <span class='ocrx_word' id='word_1_611' title='bbox 2902 3713 3160 3784; x_wconf 83' lang='lat' dir='ltr'><strong>mysteria</strong></span> <span class='ocrx_word' id='word_1_612' title='bbox 3192 3714 3440 3771; x_wconf 75' lang='lat' dir='ltr'><strong>ccelcstia</strong></span> <span class='ocrx_word' id='word_1_613' title='bbox 3470 3721 3695 3789; x_wconf 77' lang='lat' dir='ltr'><strong>exponit</strong></span> <span class='ocrx_word' id='word_1_614' title='bbox 3720 3737 3811 3776; x_wconf 80' lang='lat' dir='ltr'><strong>au-</strong></span> 
     </span>
    </p>
   </div>
   <div class='ocr_carea' id='block_1_88' title="bbox 2214 3794 3810 3882">
    <p class='ocr_par' dir='ltr' id='par_1_88' title="bbox 2214 3794 3810 3882">
     <span class='ocr_line' id='line_1_88' title="bbox 2214 3794 3810 3882; baseline 0.011 -30"><span class='ocrx_word' id='word_1_615' title='bbox 2214 3794 2505 3866; x_wconf 86' lang='lat' dir='ltr'><strong>ditoribus,</strong></span> <span class='ocrx_word' id='word_1_616' title='bbox 2526 3814 2626 3870; x_wconf 90' lang='lat' dir='ltr'><strong>per</strong></span> <span class='ocrx_word' id='word_1_617' title='bbox 2647 3799 2746 3856; x_wconf 91' lang='lat' dir='ltr'><strong>Dei</strong></span> <span class='ocrx_word' id='word_1_618' title='bbox 2766 3800 3096 3871; x_wconf 78' lang='lat' dir='ltr'><strong>adiutorium</strong></span> <span class='ocrx_word' id='word_1_619' title='bbox 3124 3805 3270 3875; x_wconf 92' lang='lat' dir='ltr'><strong>pium</strong></span> <span class='ocrx_word' id='word_1_620' title='bbox 3298 3805 3544 3864; x_wconf 88' lang='lat' dir='ltr'><strong>laborem</strong></span> <span class='ocrx_word' id='word_1_621' title='bbox 3567 3801 3810 3882; x_wconf 83' lang='lat' dir='ltr'><strong>explens,</strong></span> 
     </span>
    </p>
   </div>
   <div class='ocr_carea' id='block_1_89' title="bbox 2214 3888 3810 3968">
    <p class='ocr_par' dir='ltr' id='par_1_89' title="bbox 2214 3888 3810 3968">
     <span class='ocr_line' id='line_1_89' title="bbox 2214 3888 3810 3968; baseline 0.011 -25"><span class='ocrx_word' id='word_1_622' title='bbox 2214 3888 2285 3944; x_wconf 79' lang='lat' dir='ltr'><strong>ad</strong></span> <span class='ocrx_word' id='word_1_623' title='bbox 2309 3898 2551 3946; x_wconf 90' lang='lat' dir='ltr'><strong>montem</strong></span> <span class='ocrx_word' id='word_1_624' title='bbox 2570 3890 2932 3961; x_wconf 81' lang='lat' dir='ltr'><strong>fortitudinis,</strong></span> <span class='ocrx_word' id='word_1_625' title='bbox 2948 3894 3005 3949; x_wconf 91' lang='lat' dir='ltr'><strong>id</strong></span> <span class='ocrx_word' id='word_1_626' title='bbox 3023 3903 3107 3968; x_wconf 79' lang='lat' dir='ltr'><strong>est</strong></span> <span class='ocrx_word' id='word_1_627' title='bbox 3127 3894 3441 3967; x_wconf 88' lang='lat' dir='ltr'><strong>Christum,</strong></span> <span class='ocrx_word' id='word_1_628' title='bbox 3462 3898 3697 3959; x_wconf 84' lang='lat' dir='ltr'><strong>feliciter</strong></span> <span class='ocrx_word' id='word_1_629' title='bbox 3727 3918 3810 3960; x_wconf 54' lang='lat' dir='ltr'><strong>as.</strong></span> 
     </span>
    </p>
   </div>
   <div class='ocr_carea' id='block_1_90' title="bbox 2213 3974 2418 4037">
    <p class='ocr_par' dir='ltr' id='par_1_90' title="bbox 2213 3974 2418 4037">
     <span class='ocr_line' id='line_1_90' title="bbox 2213 3974 2418 4037; baseline -0.005 0"><span class='ocrx_word' id='word_1_630' title='bbox 2213 3974 2418 4037; x_wconf 76' lang='lat' dir='ltr'><strong>condit.</strong></span> 
     </span>
    </p>
   </div>
   <div class='ocr_carea' id='block_1_91' title="bbox 2282 4072 3809 4157">
    <p class='ocr_par' dir='ltr' id='par_1_91' title="bbox 2282 4072 3809 4157">
     <span class='ocr_line' id='line_1_91' title="bbox 2282 4072 3809 4157; baseline 0.01 -30"><span class='ocrx_word' id='word_1_631' title='bbox 2282 4072 2417 4128; x_wconf 82' lang='lat' dir='ltr'><strong>Erat</strong></span> <span class='ocrx_word' id='word_1_632' title='bbox 2439 4084 2648 4143; x_wconf 79' lang='lat' dir='ltr'><strong>autem,</strong></span> <span class='ocrx_word' id='word_1_633' title='bbox 2678 4084 2786 4133; x_wconf 87' lang='lat' dir='ltr'><strong>etc.</strong></span> <span class='ocrx_word' id='word_1_634' title='bbox 2817 4077 2976 4150; x_wconf 73' lang='lat' dir='ltr'><strong>(RAB.</strong></span> <span class='ocrx_word' id='word_1_635' title='bbox 3008 4080 3067 4134; x_wconf 86' lang='lat' dir='ltr'><strong>in</strong></span> <span class='ocrx_word' id='word_1_636' title='bbox 3094 4076 3285 4153; x_wconf 75' lang='lat' dir='ltr'><strong>Nam.)</strong></span> <span class='ocrx_word' id='word_1_637' title='bbox 3320 4081 3567 4140; x_wconf 87' lang='lat' dir='ltr'><strong>Israelita</strong></span> <span class='ocrx_word' id='word_1_638' title='bbox 3594 4086 3684 4157; x_wconf 90' lang='lat' dir='ltr'><strong>qui</strong></span> <span class='ocrx_word' id='word_1_639' title='bbox 3704 4086 3809 4143; x_wconf 82' lang='lat' dir='ltr'><strong>for-</strong></span> 
     </span>
    </p>
   </div>
   <div class='ocr_carea' id='block_1_92' title="bbox 2210 4164 3805 4245">
    <p class='ocr_par' dir='ltr' id='par_1_92' title="bbox 2210 4164 3805 4245">
     <span class='ocr_line' id='line_1_92' title="bbox 2210 4164 3805 4245; baseline 0.008 -24"><span class='ocrx_word' id='word_1_640' title='bbox 2210 4164 2428 4221; x_wconf 86' lang='lat' dir='ltr'><strong>nicatus</strong></span> <span class='ocrx_word' id='word_1_641' title='bbox 2475 4174 2561 4223; x_wconf 90' lang='lat' dir='ltr'><strong>est</strong></span> <span class='ocrx_word' id='word_1_642' title='bbox 2600 4183 2727 4223; x_wconf 90' lang='lat' dir='ltr'><strong>cum</strong></span> <span class='ocrx_word' id='word_1_643' title='bbox 2768 4166 3153 4239; x_wconf 86' lang='lat' dir='ltr'><strong>Madianitide,</strong></span> <span class='ocrx_word' id='word_1_644' title='bbox 3188 4179 3323 4239; x_wconf 87' lang='lat' dir='ltr'><strong>etc.,</strong></span> <span class='ocrx_word' id='word_1_645' title='bbox 3370 4190 3537 4245; x_wconf 76' lang='lat' dir='ltr'><strong>usque</strong></span> <span class='ocrx_word' id='word_1_646' title='bbox 3582 4176 3653 4230; x_wconf 88' lang='lat' dir='ltr'><strong>ad</strong></span> <span class='ocrx_word' id='word_1_647' title='bbox 3711 4177 3805 4233; x_wconf 88' lang='lat' dir='ltr'><strong>ubi</strong></span> 
     </span>
    </p>
   </div>
   <div class='ocr_carea' id='block_1_93' title="bbox 2214 4256 3807 4341">
    <p class='ocr_par' dir='ltr' id='par_1_93' title="bbox 2214 4256 3807 4341">
     <span class='ocr_line' id='line_1_93' title="bbox 2214 4256 3807 4341; baseline 0.009 -28"><span class='ocrx_word' id='word_1_648' title='bbox 2214 4256 2492 4315; x_wconf 87' lang='lat' dir='ltr'><strong>cruciatur</strong></span> <span class='ocrx_word' id='word_1_649' title='bbox 2519 4260 2610 4316; x_wconf 86' lang='lat' dir='ltr'><strong>die</strong></span> <span class='ocrx_word' id='word_1_650' title='bbox 2644 4274 2709 4318; x_wconf 85' lang='lat' dir='ltr'><strong>ac</strong></span> <span class='ocrx_word' id='word_1_651' title='bbox 2748 4271 2907 4323; x_wconf 87' lang='lat' dir='ltr'><strong>nocte</strong></span> <span class='ocrx_word' id='word_1_652' title='bbox 2948 4278 3121 4335; x_wconf 85' lang='lat' dir='ltr'><strong>usque</strong></span> <span class='ocrx_word' id='word_1_653' title='bbox 3166 4264 3234 4321; x_wconf 90' lang='lat' dir='ltr'><strong>ad</strong></span> <span class='ocrx_word' id='word_1_654' title='bbox 3285 4265 3647 4324; x_wconf 89' lang='lat' dir='ltr'><strong>novissimum</strong></span> <span class='ocrx_word' id='word_1_655' title='bbox 3673 4285 3807 4341; x_wconf 54' lang='lat' dir='ltr'><strong>qua.</strong></span> 
     </span>
    </p>
   </div>
   <div class='ocr_carea' id='block_1_94' title="bbox 2210 4348 2481 4409">
    <p class='ocr_par' dir='ltr' id='par_1_94' title="bbox 2210 4348 2481 4409">
     <span class='ocr_line' id='line_1_94' title="bbox 2210 4348 2481 4409; baseline 0 -3"><span class='ocrx_word' id='word_1_656' title='bbox 2210 4348 2481 4409; x_wconf 85' lang='lat' dir='ltr'><strong>drantem.</strong></span> 
     </span>
    </p>
   </div>
   <div class='ocr_carea' id='block_1_95' title="bbox 2769 4465 3220 4525">
    <p class='ocr_par' dir='ltr' id='par_1_95' title="bbox 2769 4465 3220 4525">
     <span class='ocr_line' id='line_1_95' title="bbox 2769 4465 3220 4525; baseline 0.004 -2"><span class='ocrx_word' id='word_1_657' title='bbox 2769 4465 2999 4525; x_wconf 84' lang='lat' dir='ltr'><strong>CAPUT</strong></span> <span class='ocrx_word' id='word_1_658' title='bbox 3029 4467 3220 4525; x_wconf 78' lang='lat' dir='ltr'><strong>XXVI.</strong></span> 
     </span>
    </p>
   </div>
   <div class='ocr_carea' id='block_1_96' title="bbox 2282 4594 3796 4679">
    <p class='ocr_par' dir='ltr' id='par_1_96' title="bbox 2282 4594 3796 4679">
     <span class='ocr_line' id='line_1_96' title="bbox 2282 4594 3796 4679; baseline 0.008 -28"><span class='ocrx_word' id='word_1_659' title='bbox 2282 4594 2448 4651; x_wconf 79' lang='lat' dir='ltr'><strong>Vana.</strong></span> <span class='ocrx_word' id='word_1_660' title='bbox 2478 4596 2530 4651; x_wconf 81' lang='lat' dir='ltr'><strong>l.</strong></span> <span class='ocrx_word' id='word_1_661' title='bbox 2557 4627 2629 4641; x_wconf 80' lang='lat'><strong>——</strong></span> <span class='ocrx_word' id='word_1_662' title='bbox 2648 4596 2935 4671; x_wconf 67' lang='lat' dir='ltr'><strong>Postquam</strong></span> <span class='ocrx_word' id='word_1_663' title='bbox 2963 4605 3262 4672; x_wconf 71' lang='lat' dir='ltr'><strong>noxiorum,</strong></span> <span class='ocrx_word' id='word_1_664' title='bbox 3292 4612 3399 4662; x_wconf 79' lang='lat' dir='ltr'><strong>etc.</strong></span> <span class='ocrx_word' id='word_1_665' title='bbox 3427 4602 3636 4679; x_wconf 59' lang='lat' dir='ltr'><strong>(Date,</strong></span> <span class='ocrx_word' id='word_1_666' title='bbox 3658 4609 3796 4664; x_wconf 75' lang='grc'><strong>110111.</strong></span> 
     </span>
    </p>
   </div>
   <div class='ocr_carea' id='block_1_97' title="bbox 2302 4685 3798 4773">
    <p class='ocr_par' dir='ltr' id='par_1_97' title="bbox 2302 4685 3798 4773">
     <span class='ocr_line' id='line_1_97' title="bbox 2302 4685 3798 4773; baseline 0.011 -32"><span class='ocrx_word' id='word_1_667' title='bbox 2302 4688 2358 4741; x_wconf 83' lang='lat' dir='ltr'><strong>in</strong></span> <span class='ocrx_word' id='word_1_668' title='bbox 2382 4685 2571 4760; x_wconf 88' lang='lat' dir='ltr'><strong>Num).</strong></span> <span class='ocrx_word' id='word_1_669' title='bbox 2598 4686 2736 4756; x_wconf 84' lang='lat' dir='ltr'><strong>Quia</strong></span> <span class='ocrx_word' id='word_1_670' title='bbox 2776 4689 2851 4745; x_wconf 89' lang='lat' dir='ltr'><strong>illi</strong></span> <span class='ocrx_word' id='word_1_671' title='bbox 2894 4693 2987 4762; x_wconf 90' lang='lat' dir='ltr'><strong>qui</strong></span> <span class='ocrx_word' id='word_1_672' title='bbox 3024 4695 3204 4764; x_wconf 82' lang='lat' dir='ltr'><strong>primo</strong></span> <span class='ocrx_word' id='word_1_673' title='bbox 3247 4697 3402 4753; x_wconf 86' lang='lat' dir='ltr'><strong>asciti</strong></span> <span class='ocrx_word' id='word_1_674' title='bbox 3447 4696 3669 4756; x_wconf 84' lang='lat' dir='ltr'><strong>fuerant</strong></span> <span class='ocrx_word' id='word_1_675' title='bbox 3702 4714 3798 4773; x_wconf 89' lang='lat' dir='ltr'><strong>pro</strong></span> 
     </span>
    </p>
   </div>
   <div class='ocr_carea' id='block_1_98' title="bbox 2207 4778 3794 4857">
    <p class='ocr_par' dir='ltr' id='par_1_98' title="bbox 2207 4778 3794 4857">
     <span class='ocr_line' id='line_1_98' title="bbox 2207 4778 3794 4857; baseline 0.011 -26"><span class='ocrx_word' id='word_1_676' title='bbox 2207 4782 2431 4848; x_wconf 83' lang='lat' dir='ltr'><strong>peceato</strong></span> <span class='ocrx_word' id='word_1_677' title='bbox 2456 4778 2791 4849; x_wconf 90' lang='lat' dir='ltr'><strong>ceciderunt,</strong></span> <span class='ocrx_word' id='word_1_678' title='bbox 2814 4791 2945 4850; x_wconf 89' lang='lat' dir='ltr'><strong>etc.,</strong></span> <span class='ocrx_word' id='word_1_679' title='bbox 2978 4802 3141 4857; x_wconf 81' lang='lat' dir='ltr'><strong>usque</strong></span> <span class='ocrx_word' id='word_1_680' title='bbox 3168 4787 3239 4843; x_wconf 84' lang='lat' dir='ltr'><strong>ad</strong></span> <span class='ocrx_word' id='word_1_681' title='bbox 3266 4789 3354 4845; x_wconf 87' lang='lat' dir='ltr'><strong>his</strong></span> <span class='ocrx_word' id='word_1_682' title='bbox 3395 4799 3583 4847; x_wconf 84' lang='lat' dir='ltr'><strong>autem</strong></span> <span class='ocrx_word' id='word_1_683' title='bbox 3608 4802 3794 4848; x_wconf 84' lang='lat' dir='ltr'><strong>cuncta</strong></span> 
     </span>
    </p>
   </div>
   <div class='ocr_carea' id='block_1_99' title="bbox 2208 4869 3164 4944">
    <p class='ocr_par' dir='ltr' id='par_1_99' title="bbox 2208 4869 3164 4944">
     <span class='ocr_line' id='line_1_99' title="bbox 2208 4869 3164 4944; baseline 0.012 -22"><span class='ocrx_word' id='word_1_684' title='bbox 2208 4881 2330 4937; x_wconf 70' lang='lat' dir='ltr'><strong>qua:</strong></span> <span class='ocrx_word' id='word_1_685' title='bbox 2350 4869 2744 4939; x_wconf 88' lang='lat' dir='ltr'><strong>promittuntur</strong></span> <span class='ocrx_word' id='word_1_686' title='bbox 2773 4872 2993 4944; x_wconf 86' lang='lat' dir='ltr'><strong>impleta</strong></span> <span class='ocrx_word' id='word_1_687' title='bbox 3020 4886 3164 4932; x_wconf 88' lang='lat' dir='ltr'><strong>sunt.</strong></span> 
     </span>
    </p>
   </div>
   <div class='ocr_carea' id='block_1_100' title="bbox 2281 4959 3765 5046">
    <p class='ocr_par' dir='ltr' id='par_1_100' title="bbox 2281 4959 3765 5046">
     <span class='ocr_line' id='line_1_100' title="bbox 2281 4959 3765 5046; baseline 0.009 -30"><span class='ocrx_word' id='word_1_688' title='bbox 2281 4959 2522 5016; x_wconf 75' lang='lat' dir='ltr'><strong>Vans.2.</strong></span> <span class='ocrx_word' id='word_1_689' title='bbox 2546 4992 2620 5003; x_wconf 97' lang='lat'>—</span> <span class='ocrx_word' id='word_1_690' title='bbox 2643 4962 2934 5022; x_wconf 75' lang='lat' dir='ltr'><strong>Numerata</strong></span> <span class='ocrx_word' id='word_1_691' title='bbox 2953 4982 3177 5024; x_wconf 80' lang='lat' dir='ltr'><strong>omnem.</strong></span> <span class='ocrx_word' id='word_1_692' title='bbox 3198 4970 3400 5027; x_wconf 88' lang='lat' dir='ltr'><strong>lterum</strong></span> <span class='ocrx_word' id='word_1_693' title='bbox 3444 4974 3676 5046; x_wconf 83' lang='lat' dir='ltr'><strong>populus</strong></span> <span class='ocrx_word' id='word_1_694' title='bbox 3701 4991 3765 5031; x_wconf 88' lang='lat' dir='ltr'><strong>nu</strong></span> 
     </span>
    </p>
   </div>
   <div class='ocr_carea' id='block_1_101' title="bbox 2207 5056 3791 5137">
    <p class='ocr_par' dir='ltr' id='par_1_101' title="bbox 2207 5056 3791 5137">
     <span class='ocr_line' id='line_1_101' title="bbox 2207 5056 3791 5137; baseline 0.012 -29"><span class='ocrx_word' id='word_1_695' title='bbox 2207 5064 2453 5111; x_wconf 74' lang='lat' dir='ltr'><strong>meretur</strong></span> <span class='ocrx_word' id='word_1_696' title='bbox 2483 5065 2539 5112; x_wconf 87' lang='lat' dir='ltr'><strong>et</strong></span> <span class='ocrx_word' id='word_1_697' title='bbox 2558 5056 2782 5125; x_wconf 58' lang='lat' dir='ltr'><strong>Levites,</strong></span> <span class='ocrx_word' id='word_1_698' title='bbox 2806 5068 2867 5116; x_wconf 94' lang='lat' dir='ltr'><strong>ut</strong></span> <span class='ocrx_word' id='word_1_699' title='bbox 2907 5062 3212 5121; x_wconf 85' lang='lat' dir='ltr'><strong>interfectis</strong></span> <span class='ocrx_word' id='word_1_700' title='bbox 3232 5065 3422 5137; x_wconf 88' lang='lat' dir='ltr'><strong>primis</strong></span> <span class='ocrx_word' id='word_1_701' title='bbox 3462 5069 3791 5137; x_wconf 86' lang='lat' dir='ltr'><strong>carnalibus,</strong></span> 
     </span>
    </p>
   </div>
   <div class='ocr_carea' id='block_1_102' title="bbox 1244 5114 2113 5234">
    <p class='ocr_par' dir='ltr' id='par_1_102' title="bbox 1244 5114 2100 5234">
     <span class='ocr_line' id='line_1_102' title="bbox 1244 5114 2100 5186; baseline 0.011 -14"><span class='ocrx_word' id='word_1_702' title='bbox 1244 5125 1318 5172; x_wconf 75' lang='lat' dir='ltr'><strong>est</strong></span> <span class='ocrx_word' id='word_1_703' title='bbox 1360 5114 1565 5186; x_wconf 74' lang='lat' dir='ltr'><strong>Israel,</strong></span> <span class='ocrx_word' id='word_1_704' title='bbox 1597 5127 1705 5175; x_wconf 88' lang='lat' dir='ltr'><strong>etc.</strong></span> <span class='ocrx_word' id='word_1_705' title='bbox 1732 5118 2100 5182; x_wconf 88' lang='lat' dir='ltr'><strong>Consecratus</strong></span> 
     </span>
     <span class='ocr_line' id='line_1_103' title="bbox 1244 5207 2029 5234; baseline 0 0"><span class='ocrx_word' id='word_1_706' title='bbox 1244 5207 1339 5234; x_wconf 59' lang='grc' dir='ltr'><strong>,ιλιι</strong></span> <span class='ocrx_word' id='word_1_707' title='bbox 1407 5209 1547 5234; x_wconf 50' lang='lat' dir='ltr'><strong>an-)</strong></span> <span class='ocrx_word' id='word_1_708' title='bbox 1598 5212 1735 5234; x_wconf 65' lang='grc' dir='ltr'><strong>-.η-Δ</strong></span> <span class='ocrx_word' id='word_1_709' title='bbox 1779 5212 1854 5234; x_wconf 75' lang='lat' dir='ltr'><strong>Il-</strong></span> <span class='ocrx_word' id='word_1_710' title='bbox 1875 5215 2029 5234; x_wconf 60' lang='lat' dir='ltr'><strong>j2_,,0.</strong></span> 
     </span>
    </p>
   </div>
   <div class='ocr_carea' id='block_1_103' title="bbox 2232 5114 3790 5234">
    <p class='ocr_par' dir='ltr' id='par_1_103' title="bbox 2232 5114 3790 5234">
     <span class='ocr_line' id='line_1_104' title="bbox 2232 5114 3790 5234; baseline 0.01 -32"><span class='ocrx_word' id='word_1_711' title='bbox 2232 5158 2380 5214; x_wconf 72' lang='lat' dir='ltr'><strong>tovus</strong></span> <span class='ocrx_word' id='word_1_712' title='bbox 2395 5148 2626 5218; x_wconf 86' lang='lat' dir='ltr'><strong>populus</strong></span> <span class='ocrx_word' id='word_1_713' title='bbox 2656 5114 2752 5207; x_wconf 54' lang='lat' dir='ltr'><strong>ne</strong></span> <span class='ocrx_word' id='word_1_714' title='bbox 2768 5114 3210 5228; x_wconf 60' lang='lat' dir='ltr'><strong>&#39;....g;.&#39;.;.1,‘;.&#39;.;;</strong></span> <span class='ocrx_word' id='word_1_715' title='bbox 3232 5114 3790 5234; x_wconf 55' lang='grc' dir='ltr'><strong>ἱὲῖἶνᾶξιᾏζιῖἕᾷιῖἷ</strong></span> 
     </span>
    </p>
   </div>
   <div class='ocr_carea' id='block_1_104' title="bbox 509 5203 2493 5295">
    <p class='ocr_par' dir='ltr' id='par_1_104' title="bbox 509 5203 2493 5295">
     <span class='ocr_line' id='line_1_105' title="bbox 509 5203 2493 5295; baseline 0.013 -38"><span class='ocrx_word' id='word_1_716' title='bbox 509 5212 617 5269; x_wconf 85' lang='lat' dir='ltr'><strong>est,</strong></span> <span class='ocrx_word' id='word_1_717' title='bbox 642 5203 852 5263; x_wconf 88' lang='lat' dir='ltr'><strong>scilicet</strong></span> <span class='ocrx_word' id='word_1_718' title='bbox 874 5206 1174 5278; x_wconf 85' lang='lat' dir='ltr'><strong>.mysteriis</strong></span> <span class='ocrx_word' id='word_1_719' title='bbox 1212 5207 1375 5277; x_wconf 91' lang='lat' dir='ltr'><strong>idoli,</strong></span> <span class='ocrx_word' id='word_1_720' title='bbox 1404 5209 1550 5280; x_wconf 92' lang='lat' dir='ltr'><strong>quod</strong></span> <span class='ocrx_word' id='word_1_721' title='bbox 1596 5212 1737 5284; x_wconf 91' lang='lat' dir='ltr'><strong>apud</strong></span> <span class='ocrx_word' id='word_1_722' title='bbox 1778 5212 2101 5274; x_wconf 76' lang='lat' dir='ltr'><strong>Madianitas</strong></span> <span class='ocrx_word' id='word_1_723' title='bbox 2200 5203 2493 5295; x_wconf 50' lang='grc' dir='ltr'><strong>εωυηῖινλ</strong></span> 
     </span>
    </p>
   </div>
   <div class='ocr_carea' id='block_1_105' title="bbox 2498 5246 3789 5328">
    <p class='ocr_par' dir='ltr' id='par_1_105' title="bbox 2498 5246 3789 5328">
     <span class='ocr_line' id='line_1_106' title="bbox 2498 5246 3789 5328; baseline 0.012 -32"><span class='ocrx_word' id='word_1_724' title='bbox 2498 5252 2670 5311; x_wconf 88' lang='lat' dir='ltr'><strong>nseat,</strong></span> <span class='ocrx_word' id='word_1_725' title='bbox 2696 5252 2754 5301; x_wconf 89' lang='lat' dir='ltr'><strong>et</strong></span> <span class='ocrx_word' id='word_1_726' title='bbox 2774 5246 3012 5304; x_wconf 77' lang='lat' dir='ltr'><strong>ccelestis</strong></span> <span class='ocrx_word' id='word_1_727' title='bbox 3035 5248 3367 5309; x_wconf 55' lang='lat' dir='ltr'><strong>haereditatis</strong></span> <span class='ocrx_word' id='word_1_728' title='bbox 3414 5256 3789 5328; x_wconf 84' lang='lat' dir='ltr'><strong>repromissio-</strong></span> 
     </span>
    </p>
   </div>
   <div class='ocr_carea' id='block_1_106' title="bbox 2202 5332 2614 5402">
    <p class='ocr_par' dir='ltr' id='par_1_106' title="bbox 2202 5332 2614 5402">
     <span class='ocr_line' id='line_1_107' title="bbox 2202 5332 2614 5402; baseline 0.002 -15"><span class='ocrx_word' id='word_1_729' title='bbox 2202 5345 2328 5387; x_wconf 86' lang='lat' dir='ltr'><strong>nem</strong></span> <span class='ocrx_word' id='word_1_730' title='bbox 2358 5332 2614 5402; x_wconf 87' lang='lat' dir='ltr'><strong>accipiat.</strong></span> 
     </span>
    </p>
   </div>
   <div class='ocr_carea' id='block_1_107' title="bbox 2271 5421 3781 5507">
    <p class='ocr_par' dir='ltr' id='par_1_107' title="bbox 2271 5421 3781 5507">
     <span class='ocr_line' id='line_1_108' title="bbox 2271 5421 3781 5507; baseline 0.011 -29"><span class='ocrx_word' id='word_1_731' title='bbox 2271 5421 2434 5478; x_wconf 83' lang='lat' dir='ltr'><strong>Vens.</strong></span> <span class='ocrx_word' id='word_1_732' title='bbox 2479 5423 2571 5480; x_wconf 78' lang='lat'><strong>55.</strong></span> <span class='ocrx_word' id='word_1_733' title='bbox 2591 5423 2814 5481; x_wconf 74' lang='grc' dir='ltr'><strong>-Ισιίε</strong></span> <span class='ocrx_word' id='word_1_734' title='bbox 2836 5428 3100 5485; x_wconf 81' lang='lat' dir='ltr'><strong>dividetur</strong></span> <span class='ocrx_word' id='word_1_735' title='bbox 3146 5440 3307 5488; x_wconf 87' lang='lat' dir='ltr'><strong>terra.</strong></span> <span class='ocrx_word' id='word_1_736' title='bbox 3341 5432 3546 5507; x_wconf 69' lang='grc' dir='ltr'><strong>(0111οη</strong></span> <span class='ocrx_word' id='word_1_737' title='bbox 3575 5436 3666 5493; x_wconf 67' lang='lat' dir='ltr'><strong>ubi</strong></span> <span class='ocrx_word' id='word_1_738' title='bbox 3698 5454 3781 5494; x_wconf 74' lang='lat' dir='ltr'><strong>nt-</strong></span> 
     </span>
    </p>
   </div>
   <div class='ocr_carea' id='block_1_108' title="bbox 508 5478 2113 5596">
    <p class='ocr_par' dir='ltr' id='par_1_108' title="bbox 508 5478 2098 5564">
     <span class='ocr_line' id='line_1_109' title="bbox 508 5478 2098 5564; baseline 0.013 -30"><span class='ocrx_word' id='word_1_739' title='bbox 508 5478 596 5535; x_wconf 79' lang='lat' dir='ltr'><strong>vel</strong></span> <span class='ocrx_word' id='word_1_740' title='bbox 643 5479 801 5552; x_wconf 87' lang='lat' dir='ltr'><strong>cujus</strong></span> <span class='ocrx_word' id='word_1_741' title='bbox 838 5478 1029 5540; x_wconf 73' lang='lat' dir='ltr'><strong>forma:</strong></span> <span class='ocrx_word' id='word_1_742' title='bbox 1048 5524 1065 5549; x_wconf 92' lang='lat'><strong>,</strong></span> <span class='ocrx_word' id='word_1_743' title='bbox 1094 5482 1240 5542; x_wconf 80' lang='lat' dir='ltr'><strong>forte</strong></span> <span class='ocrx_word' id='word_1_744' title='bbox 1280 5501 1349 5543; x_wconf 90' lang='lat' dir='ltr'><strong>ne</strong></span> <span class='ocrx_word' id='word_1_745' title='bbox 1374 5488 1677 5547; x_wconf 86' lang='lat' dir='ltr'><strong>auditorem</strong></span> <span class='ocrx_word' id='word_1_746' title='bbox 1706 5493 1929 5564; x_wconf 85' lang='lat' dir='ltr'><strong>polluat.</strong></span> <span class='ocrx_word' id='word_1_747' title='bbox 1959 5495 2098 5555; x_wconf 88' lang='lat' dir='ltr'><strong>Cum</strong></span> 
     </span>
    </p>
   </div>
   <div class='ocr_carea' id='block_1_109' title="bbox 2232 5478 3782 5596">
    <p class='ocr_par' dir='ltr' id='par_1_109' title="bbox 2232 5478 3782 5596">
     <span class='ocr_line' id='line_1_110' title="bbox 2232 5478 3782 5596; baseline 0.014 -28"><span class='ocrx_word' id='word_1_748' title='bbox 2232 5512 2342 5583; x_wconf 82' lang='lat' dir='ltr'><strong>ra.)</strong></span> <span class='ocrx_word' id='word_1_749' title='bbox 2364 5478 2710 5587; x_wconf 81' lang='lat' dir='ltr'><strong>Reprobatur</strong></span> <span class='ocrx_word' id='word_1_750' title='bbox 2724 5478 3782 5596; x_wconf 26' lang='grc' dir='ltr'><strong>εἷς.έὲὦῷξῇ</strong></span> 
     </span>
    </p>
   </div>
   <div class='ocr_carea' id='block_1_110' title="bbox 509 5573 3781 5694">
    <p class='ocr_par' dir='ltr' id='par_1_110' title="bbox 509 5573 3781 5694">
     <span class='ocr_line' id='line_1_111' title="bbox 509 5573 3781 5694; baseline -0 0"><span class='ocrx_word' id='word_1_751' title='bbox 509 5573 1620 5694; x_wconf 52' lang='grc' dir='ltr'><strong>ξξέξῖἳωξῗῗῖξῖίῘῗῖῗίῗῗξίῖἶῗῖδῗῗῗξῗῗν.</strong></span> <span class='ocrx_word' id='word_1_752' title='bbox 1636 5601 1742 5694; x_wconf 62' lang='lat'><strong>‘.&quot;‘,“</strong></span> <span class='ocrx_word' id='word_1_753' title='bbox 1762 5585 2098 5694; x_wconf 56' lang='grc' dir='ltr'><strong>θεθξριδςεξπ</strong></span> <span class='ocrx_word' id='word_1_754' title='bbox 2197 5573 2376 5669; x_wconf 57' lang='grc' dir='ltr'><strong>ἔκηεν</strong></span> <span class='ocrx_word' id='word_1_755' title='bbox 2405 5573 2536 5672; x_wconf 70' lang='grc' dir='ltr'><strong>θίοον</strong></span> <span class='ocrx_word' id='word_1_756' title='bbox 2567 5573 3781 5694; x_wconf 49' lang='lat' dir='ltr'><strong>maiae‘uléiée‘ai‘éaéiié&quot;ca;;;fptr</strong></span> 
     </span>
    </p>
   </div>
   <div class='ocr_carea' id='block_1_111' title="bbox 510 5663 2720 5764">
    <p class='ocr_par' dir='ltr' id='par_1_111' title="bbox 510 5663 2720 5764">
     <span class='ocr_line' id='line_1_112' title="bbox 510 5663 2720 5764; baseline 0.016 -44"><span class='ocrx_word' id='word_1_757' title='bbox 510 5663 728 5764; x_wconf 60' lang='lat' dir='ltr'><strong>dicitur.</strong></span> <span class='ocrx_word' id='word_1_758' title='bbox 777 5663 969 5724; x_wconf 90' lang='lat' dir='ltr'><strong>Omnis</strong></span> <span class='ocrx_word' id='word_1_759' title='bbox 991 5682 1124 5740; x_wconf 74' lang='lat' dir='ltr'><strong>ergo</strong></span> <span class='ocrx_word' id='word_1_760' title='bbox 1151 5671 1245 5741; x_wconf 91' lang='lat' dir='ltr'><strong>qui</strong></span> <span class='ocrx_word' id='word_1_761' title='bbox 1274 5681 1432 5742; x_wconf 90' lang='lat' dir='ltr'><strong>turpe</strong></span> <span class='ocrx_word' id='word_1_762' title='bbox 1457 5674 1660 5745; x_wconf 89' lang='lat' dir='ltr'><strong>aliquid</strong></span> <span class='ocrx_word' id='word_1_763' title='bbox 1690 5663 2020 5750; x_wconf 79' lang='lat' dir='ltr'><strong>committit,</strong></span> <span class='ocrx_word' id='word_1_764' title='bbox 2039 5684 2095 5741; x_wconf 94' lang='lat' dir='ltr'><strong>in</strong></span> <span class='ocrx_word' id='word_1_765' title='bbox 2200 5663 2497 5764; x_wconf 83' lang='lat' dir='ltr'><strong>puritatem</strong></span> <span class='ocrx_word' id='word_1_766' title='bbox 2517 5663 2720 5755; x_wconf 68' lang='lat' dir='ltr'><strong>eﬂ&#39;ecti.</strong></span> 
     </span>
    </p>
   </div>
   <div class='ocr_carea' id='block_1_112' title="bbox 510 5752 2019 5839">
    <p class='ocr_par' dir='ltr' id='par_1_112' title="bbox 510 5752 2019 5839">
     <span class='ocr_line' id='line_1_113' title="bbox 510 5752 2019 5839; baseline 0.015 -31"><span class='ocrx_word' id='word_1_767' title='bbox 510 5752 690 5825; x_wconf 80' lang='lat' dir='ltr'><strong>aliqua</strong></span> <span class='ocrx_word' id='word_1_768' title='bbox 712 5756 1066 5829; x_wconf 84' lang='lat' dir='ltr'><strong>turpitudinis</strong></span> <span class='ocrx_word' id='word_1_769' title='bbox 1085 5762 1267 5832; x_wconf 89' lang='lat' dir='ltr'><strong>specie</strong></span> <span class='ocrx_word' id='word_1_770' title='bbox 1294 5763 1629 5839; x_wconf 78' lang='lat' dir='ltr'><strong>Beelphegor</strong></span> <span class='ocrx_word' id='word_1_771' title='bbox 1648 5781 2019 5831; x_wconf 90' lang='lat' dir='ltr'><strong>consecratur.</strong></span> 
     </span>
    </p>
   </div>
   <div class='ocr_carea' id='block_1_113' title="bbox 2270 5783 3779 5873">
    <p class='ocr_par' dir='ltr' id='par_1_113' title="bbox 2270 5783 3779 5873">
     <span class='ocr_line' id='line_1_114' title="bbox 2270 5783 3779 5873; baseline 0.017 -36"><span class='ocrx_word' id='word_1_772' title='bbox 2270 5783 2394 5857; x_wconf 85' lang='lat' dir='ltr'><strong>(lo.)</strong></span> <span class='ocrx_word' id='word_1_773' title='bbox 2426 5783 2609 5844; x_wconf 66' lang='lat' dir='ltr'><strong>Terrae</strong></span> <span class='ocrx_word' id='word_1_774' title='bbox 2634 5788 2791 5860; x_wconf 87' lang='lat' dir='ltr'><strong>hujus</strong></span> <span class='ocrx_word' id='word_1_775' title='bbox 2812 5791 3030 5862; x_wconf 78' lang='lat' dir='ltr'><strong>divisio,</strong></span> <span class='ocrx_word' id='word_1_776' title='bbox 3062 5807 3193 5867; x_wconf 89' lang='lat' dir='ltr'><strong>etc.,</strong></span> <span class='ocrx_word' id='word_1_777' title='bbox 3224 5817 3386 5873; x_wconf 79' lang='lat' dir='ltr'><strong>usque</strong></span> <span class='ocrx_word' id='word_1_778' title='bbox 3419 5803 3495 5858; x_wconf 73' lang='lat' dir='ltr'><strong>ad</strong></span> <span class='ocrx_word' id='word_1_779' title='bbox 3527 5807 3625 5861; x_wconf 89' lang='lat' dir='ltr'><strong>sed</strong></span> <span class='ocrx_word' id='word_1_780' title='bbox 3648 5804 3779 5861; x_wconf 75' lang='lat' dir='ltr'><strong>illius</strong></span> 
     </span>
    </p>
   </div>
   <div class='ocr_carea' id='block_1_114' title="bbox 584 5840 2966 5955">
    <p class='ocr_par' dir='ltr' id='par_1_114' title="bbox 584 5840 2966 5955">
     <span class='ocr_line' id='line_1_115' title="bbox 584 5840 2966 5955; baseline 0.018 -57"><span class='ocrx_word' id='word_1_781' title='bbox 584 5840 791 5917; x_wconf 80' lang='lat' dir='ltr'><strong>(0mc.)</strong></span> <span class='ocrx_word' id='word_1_782' title='bbox 823 5847 891 5903; x_wconf 84' lang='lat' dir='ltr'><strong>Et</strong></span> <span class='ocrx_word' id='word_1_783' title='bbox 913 5848 1152 5905; x_wconf 74' lang='lat' dir='ltr'><strong>initiatus</strong></span> <span class='ocrx_word' id='word_1_784' title='bbox 1180 5862 1256 5906; x_wconf 73' lang='lat' dir='ltr'><strong>est</strong></span> <span class='ocrx_word' id='word_1_785' title='bbox 1288 5853 1624 5929; x_wconf 81' lang='lat' dir='ltr'><strong>Beelphegor,</strong></span> <span class='ocrx_word' id='word_1_786' title='bbox 1648 5869 1752 5918; x_wconf 91' lang='lat' dir='ltr'><strong>etc.</strong></span> <span class='ocrx_word' id='word_1_787' title='bbox 1783 5861 1888 5919; x_wconf 83' lang='lat' dir='ltr'><strong>Per</strong></span> <span class='ocrx_word' id='word_1_788' title='bbox 1910 5867 2091 5924; x_wconf 92' lang='lat' dir='ltr'><strong>omnia</strong></span> <span class='ocrx_word' id='word_1_789' title='bbox 2196 5840 2319 5948; x_wconf 57' lang='lat' dir='ltr'><strong>quas</strong></span> <span class='ocrx_word' id='word_1_790' title='bbox 2340 5840 2966 5955; x_wconf 30' lang='lat' dir='ltr'><strong>uibibusvconwt&#39;i—gna—</strong></span> 
     </span>
    </p>
   </div>
  </div>
