4006 6352
238 443 356 502 429

1279 453 1549 512 GLOSSA
1584 457 1982 520 ORDI‘NARIA.
2024 494 2094 506 -—
2128 465 2256 523 LIB.
2300 469 2474 527 NUM.

3403 463 3537 572 .430—

317 562 488 664 γεω.
633 592 707 604 --
733 561 986 665 l’luribus
1008 566 1282 668 majorem.
1317 567 1402 672 Ut.
1414 570 1617 627 scilicet
1645 590 1834 677 nume-
1858 577 1912 640 Α
2008 577 2172 635 Vens.
2198 581 2618 640 12.——Ascende
2638 588 2691 641 in
2711 601 2959 658 montem,
2976 601 3080 650 etc.
3103 597 3223 670 (10.,
3241 601 3380 657 hom.

238 653 426 709 rosior
457 652 630 708 tribus
650 655 854 724 majora
884 656 1245 736 spatiagterrae
1275 659 1561 730 sortiatur;
1589 681 1711 736 qua:
1730 666 1832 722 mi-

237 758 350 800 nor
376 753 556 800 autem
585 743 768 812 fuerit,
802 747 1080 804 hominum
1105 767 1330 808 numero
1368 754 1649 811 minorem.
1814 753 1816 756 ’

317 839 471 896 Unus
516 841 716 911 justus,
765 843 1058 900 secundum
1087 850 1229 916 quod
1273 849 1383 906 Deo
1427 862 1701 924 acceptus,
1733 868 1832 924 pro

235 930 494 1000 pluribus
516 932 783 999 habetur;
815 935 954 990 unde
983 953 995 989 :
1025 935 1131 991 Per
1164 955 1324 993 unum
1355 942 1638 1012 sapientem
1682 944 1829 998 habi-

233 1024 445 1078 tabitur
475 1025 682 1092 civitas,
711 1027 875 1080 tribus
904 1037 1075 1083 autem
1123 1031 1418 1101 iniquorum
1467 1033 1826 1101 desolabitur;

231 1123 288 1168 et
311 1131 451 1169 unus
470 1115 651 1185 justus
670 1133 765 1186 pro
789 1127 896 1171 toto
916 1119 1128 1173 mundo.
1146 1119 1323 1192 Iniqui
1346 1133 1541 1190 autem,
1577 1126 1674 1179 etsi
1695 1125 1830 1179 mul-

237 1204 279 1257 ti
311 1204 438 1270 sint,
466 1207 641 1276 exigui
671 1216 720 1261 et
739 1224 833 1278 pro
863 1208 1025 1263 nihilo
1049 1210 1314 1266 ducuntur
1339 1214 1479 1282 apud
1504 1215 1673 1270 Deum
1708 1216 1832 1288 (Ec-

237 1291 332 1348 cli.
357 1294 494 1364 xw).
527 1295 622 1350 Est
651 1311 780 1369 ergo
805 1298 1094 1354 multitudo
1119 1300 1404 1358 laudabilis
1430 1321 1445 1369 ;
1477 1305 1618 1360 unde
1657 1306 1827 1362 Abra-

235 1381 328 1440 hae
348 1399 508 1454 quem
533 1386 719 1441 eduxit
741 1385 906 1453 foras,
932 1389 1008 1443 ait
1038 1407 1050 1442 :
1093 1389 1305 1461 Respice
1347 1392 1530 1446 cwlum
1586 1395 1631 1448 si
1684 1406 1827 1466 potes

237 1475 577 1530 dinumerare
601 1477 795 1544 stellas,
821 1479 895 1532 ita
915 1481 1012 1532 erit
1033 1497 1202 1534 semen
1227 1491 1396 1549 tuum,
1420 1493 1524 1542 etc.
1545 1483 1694 1557 (Gen.
1715 1485 1824 1556 xv).

233 1564 296 1622 In
333 1582 442 1636 quo
460 1569 754 1624 notandum
782 1569 906 1638 quia
925 1570 1103 1639 justus
1130 1571 1184 1625 in
1213 1571 1565 1629 interioribus
1610 1590 1828 1646 semper
1858 1617 1868 1638 .

235 1659 511 1724 consistit,
542 1660 666 1728 quia
697 1660 752 1713 in
779 1661 1093 1716 abscondito
1131 1673 1248 1716 orat
1270 1663 1506 1731 Patrem,
1548 1674 1602 1720 et
1649 1666 1827 1722 omnis

233 1750 408 1818 gloria
453 1751 576 1806 ﬁliae
601 1753 764 1824 regis,
800 1754 852 1808 id
882 1763 985 1820 est,
1018 1755 1214 1823 regalis
1234 1758 1449 1824 animae,
1496 1759 1826 1816 intrinsecus

234 1855 321 1899 est
347 1863 360 1898 :
387 1845 480 1900 sed
509 1845 653 1900 Deus
679 1847 859 1901 educit
893 1863 1015 1902 eum
1052 1846 1218 1915 foras,
1269 1865 1393 1905 cum
1441 1867 1528 1906 res
1585 1852 1825 1922 postulat

231 1943 288 1988 et
319 1948 498 1988 rerum
530 1935 820 1990 visibilium
847 1939 1004 1993 ratio.

305 2024 473 2078 Vens.
509 2023 600 2078 55.
627 2054 698 2064 —
731 2023 801 2079 Ut
823 2043 936 2080 sors
959 2036 1172 2081 terram.
1202 2027 1306 2083 Per
1331 2038 1533 2084 sortem
1576 2032 1822 2103 praecipi-

231 2121 325 2170 tur
354 2115 518 2171 dividi
537 2117 846 2183 haereditas,
877 2118 970 2173 sed
996 2119 1154 2174 video
1181 2120 1470 2191 ipsummet
1490 2121 1709 2194 Moysen
1731 2126 1818 2180 cui

227 2206 338 2262 ista
364 2209 705 2276 mandantur,
735 2228 842 2268 non
867 2220 1014 2268 sorte
1044 2213 1285 2269 dividere
1307 2215 1678 2272 haereditatem
1701 2218 1817 2273 Ru-

225 2301 358 2367 ben,
383 2300 522 2368 Gad,
554 2313 609 2359 et
655 2303 891 2360 dimidiae
939 2306 1106 2362 tribui
1156 2306 1401 2364 Manasse
1460 2309 1644 2380 (Iosue
1673 2311 1762 2383 xv)
1799 2329 1813 2366 :

223 2392 391 2450 Jesus
416 2412 630 2467 quoque
653 2395 818 2463 Nave,
859 2408 1020 2454 extra
1054 2409 1256 2455 sortem
1295 2402 1388 2455 dat
1444 2401 1814 2460 haereditatem

223 2485 398 2540 tribui
424 2483 571 2541 Judze
597 2494 652 2542 et
678 2487 843 2544 Caleb
886 2495 939 2544 et
968 2490 1127 2544 tribui
1158 2491 1448 2562 Ephraim,
1477 2502 1534 2549 et
1579 2495 1814 2552 dimidia:

220 2578 394 2632 tribui
425 2577 688 2634 Manasse.
723 2581 780 2634 lu
809 2583 1020 2637 caeteris
1048 2581 1166 2638 sors
1195 2585 1427 2639 mittitur
1459 2603 1472 2638 ε
1499 2587 1640 2642 unde
1661 2595 1810 2658 puto,

219 2671 368 2740 quod
401 2671 454 2725 iu
483 2671 692 2727 coelesti
717 2673 1030 2729 haereditate
1058 2674 1221 2745 aliqui
1240 2692 1346 2730 non
1376 2676 1588 2732 venient
1607 2679 1674 2733 ad
1699 2693 1814 2734 sor-

219 2770 356 2830 tem,
390 2778 564 2835 neque
597 2781 718 2820 cum
743 2767 954 2823 caeteris
994 2768 1266 2838 (quamvis
1316 2773 1514 2826 sancti~
1539 2773 1668 2845 sint)
1716 2791 1814 2828 nu-

217 2856 601 2923 merabantur,
626 2857 721 2912 sed
747 2859 854 2912 erit
876 2859 1093 2930 egregia
1122 2875 1309 2916 eorum
1344 2862 1654 2929 haereditas,
1706 2865 1810 2919 sic-

216 2955 280 3001 ut
297 2946 404 3002 fuit
425 2946 607 3012 Caleb,
637 2956 692 3004 et
723 2949 886 3003 tribui
913 2947 1084 3016 Judae,
1117 2960 1170 3005 et
1195 2951 1322 3008 Jesu
1357 2952 1466 3007 filio
1496 2953 1659 3008 Nave.
1688 2954 1806 3010 Sic-

214 3049 281 3096 ut
324 3042 471 3097 enim
527 3059 652 3098 cum
713 3045 903 3115 adepta
948 3046 1173 3102 victoria
1234 3048 1545 3104 dividuntur
1611 3050 1805 3122 spolia,

212 3138 426 3209 egregii
455 3138 746 3195 bellatores
772 3155 897 3195 cum
919 3142 1132 3197 steteris
1154 3157 1262 3197 non
1289 3142 1562 3198 ducuntur
1593 3145 1660 3198 ad
1687 3159 1809 3200 sor-

211 3237 350 3296 tem,
375 3231 472 3285 sed
497 3232 700 3302 optima
723 3247 950 3304 quaeque
969 3234 1228 3290 virtutum
1259 3237 1454 3292 merito
1479 3237 1802 3308 percipiunt,

1941 671 2068 728 Vide
2095 677 2362 745 quomodo
2387 680 2478 749 qui
2502 680 2774 750 perfectus
2795 693 2850 740 et
2871 688 3060 746 beatus
3082 703 3184 759 est,
3201 703 3329 764 etc.,
3355 671 3517 772 usque

1935 765 2004 854 ad
2043 765 2136 821 Ille
2173 784 2302 839 ergo
2334 770 2479 828 solus
2507 774 2667 830 debet
2695 778 2928 848 requiri,
2969 785 3060 854 qui
3095 798 3375 854 peccatum
3409 765 3520 850 non

1935 853 2080 910 fecit.
2993 853 2996 854 ⁷
3096 853 3109 854 ί
3315 859 3328 866 ’

2007 947 2141 1047 (by).
2170 948 2310 1007 Mors
2333 952 2500 1047 Moysi
2520 956 2642 1014 ﬁnis
2672 960 2825 1031 legis,
2856 973 2987 1032 etc.,
3021 985 3182 1040 usque
3209 973 3278 1026 ad
3310 974 3363 1030 id
3409 986 3515 1047 est,

1933 1037 2034 1094 sub
2059 1040 2362 1099 velamento
2391 1045 2570 1104 Patris
2608 1059 2663 1105 et
2696 1051 2817 1108 Filii
2857 1065 2914 1110 et
2950 1037 3183 1129 Spiritus
3220 1068 3393 1122 sancti
3431 1037 3518 1127 re;

1933 1132 2173 1200 quiescet
2203 1135 2384 1192 anima
2416 1147 2620 1195 nostra.

2004 1222 2168 1317 Vfus.
2195 1227 2368 1283 14.--
2395 1227 2532 1296 Quia
2561 1231 2992 1303 o/fendistis,etc.
3027 1239 3207 1312 (Auc.,
3235 1257 3419 1317 quaest.
3446 1249 3519 1310 55

1930 1313 1986 1366 in
2017 1313 2207 1389 Num.)
2245 1317 2375 1373 Eam
2409 1337 2628 1378 causam
2661 1328 2850 1382 mortis
2877 1327 3045 1402 Moysi
3075 1333 3207 1390 dicit
3232 1313 3517 1410 Dominus,

1931 1419 2093 1473 quam
2123 1416 2178 1462 et
2208 1409 2393 1466 fratris
2421 1414 2565 1483 ejus,
2609 1417 2734 1484 quia
2766 1419 2972 1500 scilicet
3001 1440 3108 1480 non
3140 1409 3515 1490 sanctiﬁcaveé

1932 1504 2056 1548 runt
2085 1512 2207 1552 eum
2235 1514 2418 1555 coram
2443 1505 2641 1574 populo
2660 1508 2726 1562 ad
2747 1523 2943 1579 aquam
2971 1519 3439 1590 contradictionis,
3462 1524 3519 1582 id

1930 1592 2012 1637 est
2039 1586 2164 1654 quia
2191 1587 2574 1648 dubitaverunt
2599 1600 2742 1664 quod
2765 1599 2906 1654 dono
2928 1601 3046 1671 ejus
3067 1617 3250 1675 posset
3280 1586 3516 1682 aqua'do

1927 1681 2078 1744 petra
2105 1677 2394 1746 proﬂuere.

1999 1762 2225 1834 Mystice
2253 1777 2433 1824 autem
2465 1771 2823 1846 signiﬁcatur,
2856 1783 2982 1852 quia
3013 1802 3114 1843 nec
3140 1800 3295 1847 vetus
3322 1763 3512 1854 sacer-

1927 1853 2167 1922 dotium,
2215 1857 2368 1928 cujus
2406 1878 2698 1932 personam
2733 1868 2914 1927 Aaron
2950 1877 3205 1946 gerebat,
3254 1898 3354 1940 nec
3395 1887 3513 1958 ipsa

1849 1975 1898 2035 Β
1928 1946 2013 2002 lex
2035 1949 2252 2040 ,‘cujus
2289 1970 2578 2025 personam
2618 1963 2838 2032 gerebat
2875 1966 3117 2040 Moyses,
3161 1946 3514 2037 introducunt

1922 2038 2178 2128 populum
2227 2041 2323 2098 Dei
2372 2046 2426 2100 in
2478 2056 2678 2105 terram
2728 2038 3366 2124 mternmiltazreditatis:
3418 2073 3514 2128 sed

1919 2126 2098 2234 lessus,
2133 2133 2194 2234 in~
2217 2149 2323 2234 quo
2355 2138 2692 2207 signiﬁcatur
2715 2145 2986 2217 Christus,
3019 2154 3072 2208 id
3101 2165 3183 2211 est
3213 2161 3386 2228 gratia
3414 2126 3514 2234 per

1922 2219 2104 2323 ﬁdem.
2154 2223 2218 2278 Et
2249 2225 2428 2282 Aaron
2459 2233 2679 2301 quidem
2725 2247 2848 2292 ante
2894 2240 3180 2302 defunctus
3213 2219 3305 2305 est
3345 2219 3509 2323 quam

1918 2313 2082 2371 Israel
2122 2317 2173 2371 in
2211 2319 2448 2392 aliquam
2486 2333 2696 2394 partem
2736 2337 2892 2384 terrae
2932 2337 3305 2403 promissionis
3341 2313 3512 2400 intra-

1919 2415 2003 2461 ret
2042 2426 2053 2460 :
2107 2407 2288 2482 Moyse
2335 2422 2515 2469 autem
2560 2417 2739 2474 adhuc
2781 2421 2994 2478 vivente
3037 2438 3195 2500 capta
3237 2443 3320 2490 est
3364 2445 3511 2494 terra

1915 2495 2356 2557 Amorrhaeorum
2371 2511 2426 2574 et
2427 2521 2689 2582 possessa
2703 2550 2720 2576 ,
2739 2511 2832 2566 sed
2847 2495 3136 2573 Jordanem
3159 2537 3279 2578 cum
3301 2527 3381 2582 eis
3395 2543 3506 2585 non

1917 2593 2150 2648 transiit.
2190 2595 2267 2651 Ex
2297 2598 2477 2669 aliqua
2504 2599 2647 2656 enim
2674 2605 2940 2676 par-telas
2967 2610 3288 2672 observatur
3311 2619 3369 2675 in
3391 2621 3510 2682 ﬁde

1916 2681 2243 2742 Christiana.
2271 2689 2348 2745 lbi
2384 2691 2528 2747 enim
2550 2704 2679 2749 sunt
2699 2697 2862 2752 etiam
2899 2713 3165 2774 praecepta
3195 2724 3314 2778 qum
3336 2728 3508 2784 usque

1914 2776 2074 2833 hodie
2118 2779 2415 2838 Christiani
2462 2785 2755 2842 observare
2798 2788 3078 2858 jubentur.
3123 2776 3500 2862 Sacerdotium

1914 2883 2043 2923 vero
2069 2870 2198 2926 illud
2223 2880 2278 2926 et
2304 2876 2632 2933 sacriﬁcium
2659 2879 2862 2936 nullam
2885 2893 3096 2955 partem
3129 2897 3316 2948 tenent
3341 2896 3544 2960 hodie,

1914 2957 2038 3013 ﬁdei
2079 2959 2440 3032 Christianze,
2496 2968 2599 3024 nisi
2647 2973 2787 3040 quod
2838 2974 2892 3028 in
2941 2979 3147 3035 umbris
3196 2983 3505 3048 futurorum

1914 3059 2034 3106 acta
2063 3061 2117 3108 et
2147 3062 2444 3112 transacta.
2485 3058 2618 3115 Cum
2648 3078 2780 3120 vero
2809 3067 3074 3126 ambobus
3105 3073 3364 3134 fratribus
3384 3122 3398 3147 ,
3441 3091 3504 3138 ut

1913 3155 2254 3213 apponantur
2287 3147 2355 3201 ad
2400 3151 2656 3219 p0pulum
2701 3169 2856 3209 suum
2898 3158 3116 3228 dicitur,
3152 3165 3501 3227 manifestum

1911 3243 2128 3290 estnon
2164 3252 2285 3292 esse
2316 3239 2370 3294 in
2403 3240 2509 3296 illis
2537 3242 2674 3298 iram
2711 3245 2836 3312 Dei,
2879 3263 2998 3319 quae
3036 3265 3252 3323 separat
3294 3276 3324 3314 a
3366 3278 3501 3332 pace

209 3326 404 3381 caeteri
435 3336 582 3382 sorte
615 3337 841 3383 utuntur
856 3329 979 3398 jure
1010 3331 1249 3386 victoriae
1287 3350 1298 3384 :
1333 3332 1406 3386 ita
1457 3333 1672 3386 videtur
1696 3333 1802 3387 mi-
1833 3331 1879 3396 C
1909 3334 2129 3381 aeternae
2160 3329 2455 3386 societatis.
2493 3331 2645 3388 Unde
2671 3343 2822 3404 patet
2851 3353 2959 3393 non
2986 3342 3158 3398 solum
3187 3326 3382 3416 oﬁicia,
3403 3355 3500 3409 sed

205 3417 269 3474 hi
293 3417 546 3474 Christus
571 3419 833 3475 Dominus
879 3437 1033 3476 meus
1077 3421 1340 3478 facturus.
1368 3422 1477 3478 lllis
1505 3424 1649 3478 enim
1669 3440 1809 3494 pra:-

205 3511 406 3582 eipuos
433 3522 488 3580 et
507 3513 767 3570 sublimes
793 3515 1047 3572 decernet
1088 3517 1354 3582 honores,
1380 3534 1610 3588 quorum
1661 3518 1807 3574 facta

207 3604 508 3677 magniﬁca
560 3614 615 3660 et
647 3607 906 3663 sublimes
933 3609 1213 3678 cognoscit
1235 3610 1485 3676 virtutes,
1514 3611 1656 3666 unde
1680 3612 1756 3666 ait
1787 3627 1802 3666 :

215 3696 377 3763 Volo,
401 3698 585 3763 Pater,
613 3711 669 3753 ut
693 3700 781 3754 ubi
815 3717 908 3771 ego
930 3718 1066 3767 sum,
1100 3701 1210 3756 illic
1239 3712 1287 3756 et
1309 3703 1396 3756 isti
1425 3720 1626 3758 mecum
1677 3705 1800 3759 sint.

199 3789 396 3861 (lauit.
425 3790 580 3863 xvn).
600 3791 670 3846 Et
694 3792 842 3855 alibi,
875 3792 1130 3848 Sedebitis
1159 3803 1206 3848 et
1255 3810 1342 3848 vos
1389 3812 1545 3866 super
1595 3797 1801 3851 duode-

133 3887 138 3890 '
202 3881 312 3934 cim
347 3881 582 3947 thronos,
597 3881 902 3952 judicantes
936 3883 1210 3938 duodecim
1231 3884 1418 3952 tribus,
1451 3896 1556 3943 etc.
1584 3887 1798 3959 (Matth.

203 3973 351 4045 31x).
383 3973 452 4028 Et
476 3973 626 4040 alibi,
651 3975 799 4031 Sicut
829 3985 886 4030 tu
918 3977 975 4030 in
995 3993 1098 4041 me,
1125 3975 1308 4044 Pater,
1344 3989 1393 4033 et
1430 3996 1522 4050 ego
1552 3981 1608 4035 in
1635 3991 1703 4047 te,
1727 3983 1802 4036 ita

197 4077 254 4121 et
277 4067 368 4120 isti
389 4067 446 4120 in
467 4068 613 4124 nobis
638 4086 804 4124 unum
822 4071 926 4125 sint
951 4069 1135 4142 (Joan.
1165 4072 1323 4144 xm).
1345 4072 1473 4130 Haec
1492 4075 1677 4131 omnia
1691 4092 1799 4132 nou

195 4168 355 4214 sorte
378 4157 730 4226 descendunt,
756 4162 849 4218 sed
873 4162 1177 4218 dilectionis
1201 4167 1582 4238 praerogativa.

279 4249 441 4307 Vens.
469 4251 757 4308 65.—Nisi
778 4254 944 4327 Galea
958 4256 1102 4326 ﬁlius
1123 4258 1377 4329 Jephone,
1408 4272 1456 4316 et
1476 4259 1642 4317 Iosue
1652 4263 1797 4334 ﬁlius

197 4344 359 4401 Nun.
409 4345 585 4419 (1310.)
637 4347 905 4405 Sexcenta
959 4353 1127 4408 millia
1154 4364 1488 4413 armatorum
1527 4359 1595 4414 de
1627 4359 1796 4432 Αἰξὶν-

195 4447 295 4509 pto
330 4438 588 4494 dicuntur
614 4456 852 4511 egressa,
895 4452 950 4498 et
980 4445 1088 4500 duo
1119 4455 1332 4502 tantum
1365 4449 1420 4503 in
1449 4458 1649 4506 terram
1672 4467 1798 4521 pro-

195 4527 482 4584 missionis
515 4530 766 4602 ingressi.
797 4533 947 4590 Multi
971 4536 1116 4591 enim
1142 4553 1241 4608 per
1261 4538 1592 4610 baptismum
1641 4544 1708 4598 ad
1732 4544 1794 4598 ﬁ-

193 4617 327 4677 dem
355 4629 661 4690 transeunt,
695 4626 788 4680 sed
813 4627 882 4682 ad
903 4628 1182 4685 cmlestem
1210 4632 1445 4701 patriam
1473 4634 1791 4702 paucissimi

1911 3426 1965 3472 et
2005 3430 2205 3476 mortes
2245 3436 2432 3477 eorum
2462 3424 2615 3495 signa
2647 3425 2814 3484 fuisse
2843 3430 3184 3504 futurorum,
3227 3455 3336 3496 non
3371 3459 3497 3516 sup-

1908 3511 2068 3581 plicia
2097 3513 2484 3585 indignationis
2509 3518 2626 3574 Dei.

1980 3602 2285 3661 Provideat.
2324 3606 2490 3676 Nota,
2536 3625 2643 3665 non
2683 3612 2846 3685 elegit
2890 3614 3046 3685 ﬁlios,
3093 3636 3202 3677 non
3245 3637 3491 3697 nepotes,

1906 3710 2009 3749 nec
2047 3705 2201 3768 rogat
2242 3706 2302 3754 ut
2344 3701 2748 3759 constituantur
2777 3708 2981 3764 duces:
3016 3710 3108 3768 Dei
3143 3715 3350 3785 judicio
3379 3721 3493 3777 cle-

1907 3787 2141 3842 ctionem
2169 3791 2477 3847 committit.

1977 3881 2140 3936 Vens.
2185 3881 2271 3936 16.
2315 3915 2387 3922 -
2433 3881 2716 3942 Provideat
2763 3889 3023 3950 Dominus
3071 3897 3229 3955 Deus.
3286 3902 3491 3981 (0816.)

1904 3971 2239 4030 Recessurus
2267 3975 2333 4031 de
2362 3977 2580 4045 saeculo,
2605 3988 2734 4047 etc.,
2759 3998 2926 4054 usque
2952 3987 3022 4041 ad
3051 3997 3109 4044 ut
3134 3971 3342 4062 possint
3366 3971 3491 4054 eum

1903 4065 2092 4121 audire
2120 4065 2216 4121 ﬁlii
2247 4067 2430 4123 Israel.

1973 4155 2226 4228 Spiritus.
2256 4159 2487 4216 Sanctus
2509 4163 2735 4222 scilicet.
2766 4167 2887 4225 Non
2913 4173 3058 4228 enim
3084 4175 3150 4232 de
3176 4179 3367 4248 spiritu
3391 4183 3489 4238 ho-

1899 4248 2064 4304 minis
2091 4250 2194 4306 boc
2217 4251 2439 4320 diceret,
2465 4270 2624 4324 quem
2651 4259 2828 4317 nullus
2855 4273 2972 4318 erat
2994 4267 3084 4335 qui
3108 4285 3215 4324 non
3237 4272 3485 4330 haberet.

1899 4338 2126 4397 Juhetur
2171 4354 2349 4398 tamen
2397 4361 2589 4404 manus
2636 4350 2688 4406 ei
2739 4351 3040 4424 imponere,
3087 4376 3153 4414 ne
3200 4365 3486 4437 quisquam

1899 4433 2235 4501 quantalibet
2261 4435 2471 4504 pollens
2497 4439 2670 4506 graia
2696 4457 3034 4502 sacramenta
3059 4433 3487 4516 consecrationis

1899 4526 2096 4581 audeat
2121 4542 2395 4584 recusare.

1969 4617 2137 4674 Vsus.
2171 4619 2264 4675 20.
2287 4651 2359 4660 —
2389 4621 2458 4675 Et
2487 4619 2657 4679 dabis.
2698 4624 2848 4698 (lsm.
2875 4631 2930 4686 in
2955 4631 3146 4711 Num.)
3177 4637 3334 4698 Jesus
3363 4659 3484 4702 suc-

191 4716 544 4788 peweuiunt,
576 4719 870 4774 secundum
899 4720 1028 4776 illud
1055 4736 1070 4774 :
1102 4721 1260 4776 Multi
1288 4725 1426 4778 enim
1460 4735 1581 4779 sunt
1603 4729 1792 4794 vocati,

1924 4713 2044 4768 edit
2073 4713 2263 4786 Moysi,
2294 4723 2424 4783 etc.,
2459 4733 2620 4788 usque
2647 4719 2719 4773 ad
2749 4731 2804 4777 et
2828 4702 3202 4786 remissionem
3231 4745 3456 4803 peccato

191 4807 358 4877 pauci
395 4823 511 4862 vero
537 4807 686 4864 electi
712 4807 928 4881 (Matth.
953 4811 1065 4884 xx).
1101 4811 1219 4870 Duo
1247 4823 1454 4870 tantum
1478 4816 1791 4886 ingrediun-

193 4906 310 4965 tur,
342 4910 567 4971 propter
591 4915 684 4958 eos
713 4905 804 4973 qui
831 4919 897 4959 ex
944 4913 1171 4976 utroque
1213 4908 1409 4976 populo
1436 4909 1657 4965 caeleste
1702 4927 1791 4966 re-

193 5005 370 5064 gnum
393 4994 784 5063 adipiscuntur,
810 4997 896 5052 vel
929 4997 1022 5067 qui
1059 5013 1159 5068 per
1179 5002 1447 5056 actionem
1469 5009 1526 5057 et
1547 5011 1792 5058 contem-

191 5085 497 5156 plationem
546 5088 612 5143 ad
669 5096 932 5145 astemam
977 5089 1369 5158 beatitudinem
1397 5093 1788 5164 praedestinan-

191 5185 306 5234 tur.

750 5285 979 5352 CAPUT
1024 5295 1238 5353 XXVII.

265 5448 434 5506 Vens.
456 5451 509 5508 ϐ.
539 5481 611 5494 —-
633 5452 717 5507 Da
746 5455 842 5509 eis.
876 5453 1075 5524 (0316.,
1111 5454 1251 5509 hom.
1283 5455 1353 5511 22
1379 5458 1436 5511 in
1462 5456 1653 5532 Num.)
1678 5457 1788 5512 Da-

187 5541 270 5597 bis
307 5543 356 5596 ei
394 5545 788 5614 possessionem,
842 5554 948 5601 etc.
995 5545 1124 5601 Haec
1166 5549 1462 5604 secundum
1502 5550 1782 5606 historiam

181 5641 321 5701 etc.,
345 5652 512 5707 usque
545 5637 613 5690 ad
638 5646 786 5694 recte
813 5653 944 5711 ergo
990 5639 1185 5696 locutae
1213 5651 1341 5696 sunt
1359 5642 1484 5698 ﬁliae
1504 5642 1778 5714 Saphaad.

257 5729 427 5784 Vens.
481 5729 534 5783 8.
579 5759 651 5770 -—
697 5729 870 5785 Homo
923 5749 1044 5787 cum
1093 5743 1330 5788 mortuus
1382 5735 1541 5804 fuerit
1590 5737 1782 5808 absque

182 5816 321 5889 ﬁlio,
350 5827 458 5874 etc.
502 5820 627 5894 (ln.)
665 5819 1001 5893 Supponitur
1033 5825 1116 5877 lex
1149 5825 1216 5880 de
1243 5827 1608 5892 successione,
1645 5837 1773 5893 etc.,

182 5927 353 5980 usque
380 5913 448 5967 ad
477 5929 582 5970 non
611 5917 799 5986 perdet
827 5917 1132 5973 mercedem
1162 5933 1336 5973 suam.

1898 4822 2037 4870 rum,
2069 4816 2176 4864 CIC.

1965 4898 2035 4954 Et
2058 4910 2259 4972 partem
2279 4901 2482 4974 gloriae.
2514 4904 2701 4974 Quasi,
2719 4906 2887 4965 facies
2911 4924 3034 4966 eum
3064 4916 3271 4972 socium
3297 4919 3481 4991 gloriae

1893 5001 2036 5047 tuae:
2071 5009 2178 5049 non
2205 4995 2348 5050 enim
2377 5009 2464 5051 res
2489 4997 2797 5068 hujusmodi
2824 5004 2978 5071 quasi
3004 5007 3271 5076 partiliter
3293 5011 3480 5069 divisae

1891 5087 2232 5154 minuuntur,
2255 5091 2351 5145 sed
2378 5097 2502 5146 totae
2525 5101 2652 5148 sunt
2671 5095 2958 5162 omnibus,-
2973 5107 3095 5155 totae
3114 5100 3361 5172 singulis,
3387 5106 3479 5176 qui

1891 5193 2080 5234 earum
2108 5179 2312 5236 habent
2334 5183 2670 5240 societatem.

1965 5269 2033 5325 Ut
2061 5272 2268 5341 audiat,
2301 5283 2406 5331 etc.
2455 5275 2660 5349 (ORIG.,
2691 5279 2834 5336 hom.
2865 5279 2981 5354 22.)
3033 5280 3090 5338 Si
3120 5286 3387 5344 sacriﬁcia
3422 5300 3478 5346 et

1890 5364 2137 5420 instituta
2167 5364 2355 5436 legalia
2387 5383 2558 5438 usque
2583 5370 2636 5426 in
2660 5385 2899 5440 praesens
2923 5375 3271 5443 mansissent,
3300 5378 3476 5434 Evan-

1888 5458 2013 5530 gelii
2039 5458 2196 5516 ﬁdem
2223 5461 2597 5521 exclusissent.
2628 5465 2761 5521 Erat
2783 5467 2927 5523 enim
2955 5468 3010 5524 in
3032 5469 3138 5527 illis
3163 5475 3476 5543 magnitudo

1887 5561 1945 5608 et
1975 5554 2290 5610 reverentia:
2323 5555 2483 5627 plena
2518 5557 2723 5629 religio,
2752 5575 2870 5628 quas
2905 5562 3084 5631 primo
3113 5574 3332 5633 aspectu
3361 5573 3475 5621 stu-

1886 5643 2160 5714 pefaceret
2178 5646 2499 5704 intuentem.
2539 5649 2672 5716 Quis
2696 5651 2840 5706 enim
2865 5652 3053 5709 videns
3077 5656 3471 5726 sanctuarium,

1885 5736 2076 5803 altare,
2101 5739 2409 5796 sacerdotes
2435 5741 2765 5796 sacriﬁcium
2788 5753 3248 5813 consummantes,
3270 5755 3327 5802 et
3352 5763 3471 5805 om-

1885 5845 2009 5887 nem
2053 5831 2196 5888 illius
2242 5833 2322 5888 rei
2362 5834 2643 5899 ordinem,
2687 5849 2796 5890 non
2842 5844 3056 5905 putaret
3097 5837 3470 5907 plenissimum

1884 5923 2028 5979 hunc
2048 5937 2168 5980 csse
2192 5923 2354 5978 ritum
2376 5940 2484 5994 quo
2509 5925 2648 5980 Deus
2671 5924 2942 5982 coleretur
2961 5937 3176 5985 creator
3193 5933 3470 5990 omnium?
