4006 6352
562 397 663 474 {Si

1062 408 1454 469 WALAFBIDI
1490 405 1982 472 STRABKFULD.
2023 403 2190 463 MON.
2231 400 2404 462 OPP.‘
2425 398 2609 460 PARS
2647 401 2690 459 ι.
2727 427 2800 445 -
2829 397 3287 458 THEOLOGICA.

3715 407 3836 464 452

564 535 672 591 Sed
698 540 900 605 gratias
928 509 1176 587 adventui
1207 528 1442 593 Christi,
1487 527 1579 598 qui
1625 527 1709 581 illa
1748 524 1979 581 destruit
2019 539 2139 594 qua:
2165 527 2219 586 Α
2242 528 2448 577 sentem
2477 519 2885 576 retributionem
2916 534 3238 589 quaeramus,
3262 517 3357 575 sed
3383 518 3626 574 omnium
3654 519 3834 576 bono-

563 643 760 698 magna
784 627 1102 682 videbantur
1128 625 1182 678 in
1214 623 1394 687 terris,
1416 631 1470 676 et
1491 621 1636 676 cultu
1666 620 1760 675 Dei
1785 634 1816 674 a
1838 618 2142 674 visibilibus

565 720 632 774 ad
658 717 944 773 invisibilia
965 714 1258 780 transtulit,
1283 721 1338 767 et
1361 727 1392 766 a
1415 711 1801 781 temporalibus
1822 709 1890 765 ad
1914 717 2136 764 aeterna.

565 810 674 866 Sed
696 811 809 880 ipse
831 809 1076 864 Christus
1101 821 1261 861 aures
1282 804 1512 874 requirit
1535 819 1654 874 qua:
1679 803 1796 859 haec
1821 801 2061 868 audiant,
2086 808 2142 856 et

565 899 751 954 oculos
775 898 866 970 qui
899 898 1014 952 haec
1042 895 1280 950 videant.

551 995 560 1014 ‘
636 989 796 1044 Vens.
828 987 916 1042 21.
944 1017 1011 1028 -ο
1041 985 1146 1041 Pro
1183 987 1301 1052 hac,
1328 993 1434 1042 etc.
1494 985 1769 1041 Moraliter
1796 983 2134 1047 instruimur,

567 1090 625 1135 nt
650 1081 894 1150 quisquis
921 1079 1151 1149 accipiat
1175 1086 1498 1149 potestatem
1536 1079 1588 1132 in
1620 1077 1816 1149 popqu
1844 1077 2137 1132 secundum

563 1172 932 1243 magisterium
975 1171 1167 1226 divina:
1208 1169 1339 1240 legis
1369 1170 1510 1238 (qua:
1548 1171 1600 1223 in
1639 1168 1934 1224 sacerdotis
1961 1166 2137 1222 ofﬁcio

565 1264 800 1319 maxime
832 1261 1262 1334 commendatur)
1294 1262 1460 1315 vitam
1504 1275 1658 1316 suam
1700 1268 1756 1315 et
1797 1260 2134 1315 subditorum

561 1356 777 1411 ordinet
818 1364 978 1425 atque
1019 1363 1192 1426 regat.

1094 1489 1318 1548 CAPUT
1366 1488 1600 1546 XXVIII.

630 1627 794 1684 Vens.
820 1625 1113 1682 I.—Dixit
1133 1643 1353 1698 quoque.
1375 1627 1575 1698 (0316.,
1611 1625 1752 1680 ltom.
1776 1623 1846 1678 25
1866 1623 1919 1678 in
1943 1621 2134 1696 Num.)

559 1717 678 1773 Alia
709 1719 909 1786 littera,
937 1729 1066 1782 etc.,
1107 1736 1268 1790 usque
1296 1719 1364 1772 ad
1393 1718 1482 1789 qui
1515 1725 1668 1789 putat
1695 1717 1893 1787 aliquid
1932 1731 1990 1772 se
2024 1717 2136 1772 Deo

559 1817 820 1880 praestare
851 1808 993 1863 velut
1022 1809 1305 1880 indigenti.

2242 627 2361 667 rum
2387 612 2562 667 datori
2581 613 2692 668 Deo
2712 626 2810 682 per
2830 611 3012 666 omnia
3031 610 3359 682 placeamus,
3381 621 3438 666 et
3461 618 3680 667 aeterna:
3701 613 3833 668 vitae

2239 703 2648 759 retributionem
2678 717 3006 758 mereamur.

2309 793 2472 850 Vens.
2511 794 2598 850 I6.
2627 823 2698 835 —
2727 793 2926 848 Hense.
2959 792 3162 864 (0mm,
3197 792 3339 846 hom.
3395 791 3468 846 2'5
3517 794 3572 847 in
3629 792 3833 864 Nunt.)

2239 886 2443 956 Quarto
2482 888 2601 943 loco
2639 885 2859 957 ponitur
2906 886 3048 939 inter
3095 883 3436 950 festivitates,
3484 893 3615 950 etc.,
3661 902 3834 956 usque

2238 979 2308 1033 ad
2351 988 2406 1035 et
2435 981 2580 1035 diem
2614 977 2812 1034 festum
2843 977 2953 1048 agit
2989 991 3112 1032 cum
3144 976 3255 1032 Deo
3291 984 3349 1031 et
3383 976 3590 1046 angelis
3611 977 3758 1047 ejus.

2309 1069 2473 1124 Vens.
2493 1069 2587 1140 '17.
2616 1099 2687 1110 —
2703 1067 3103 1134 Quintadecima
3125 1067 3228 1120 die.
3257 1065 3394 1139 (In.)
3418 1066 3682 1137 Sequitur
3703 1068 3834 1125 huic

2238 1161 2490 1216 continua
2516 1158 2816 1226 festivitas,
2862 1165 2996 1226 etc.,
3050 1173 3213 1229 usque
3240 1159 3309 1212 ad
3339 1156 3572 1214 edicitur
3594 1159 3834 1228 nequior

2237 1257 2293 1305 et
2318 1250 2574 1304 deterior.

2307 1340 2430 1413 (1ο.)
2453 1340 2651 1397 Omnes
2691 1337 3106 1410 qui‘imbuendi
3145 1344 3272 1394 sunt
3317 1337 3604 1393 altioribus
3656 1338 3831 1393 disci-

2236 1431 2424 1502 plinis,
2466 1441 2598 1498 etc.,
2650 1429 2917 1508 usque_ad
2944 1429 3224 1484 sacrificiis
3256 1427 3590 1498 spiritalibus
3638 1429 3698 1482 in
3729 1443 3831 1498 pu—

2236 1520 2539 1574 rificatione
2562 1519 2757 1574 mentis
2787 1518 3004 1574 oblatis.

2307 1610 2472 1667 Vens.
2518 1611 2609 1665 26.
2653 1641 2726 1650 -
2775 1610 2900 1664 Dies
2947 1611 3104 1664 etiam
3171 1608 3555 1680 primitivorum
3604 1609 3829 1675 quando

2237 1701 2463 1770 o/feretis
2513 1717 2670 1754 novas
2711 1700 2908 1769 fruges,
2949 1707 3055 1754 etc.
3090 1697 3294 1769 (ORIG.)
3333 1699 3496 1752 Sexta
3553 1699 3832 1756 festivitas

2238 1791 2436 1848 dicitur
2483 1806 2765 1856 novorum,
2795 1799 2922 1856 etc.,
2974 1805 3136 1860 usque
3158 1789 3241 1847 md
3293 1789 3629 1857 bonitatem,
3663 1807 3826 1846 man-

632 1900 755 1974 (In.)
788 1900 856 1955 In
883 1900 1065 1955 diebus
1095 1873 1240 1969 festis
1271 1899 1416 1954 meis.
1457 1899 1629 1955 Habet
1658 1899 1801 1954 Deus
1828 1898 1942 1954 dies
1971 1897 2135 1955 festos
2162 1873 2211 1934 Β
2239 1881 2578 1937 suetudinem
2612 1889 2668 1936 ει
2695 1879 2909 1935 Similia-

561 2009 709 2058 suos,
739 2001 867 2060 etc.,
914 2010 1075 2064 usque
1115 1994 1183 2046 ad
1226 1993 1315 2047 ubi
1347 1992 1522 2048 adhuc
1552 1993 1695 2047 nulla
1726 1999 1852 2048 sunt
1879 2000 2130 2062 peccata,

561 2087 679 2141 dies
705 2085 872 2141 festos
898 2101 1046 2141 meos
1071 2083 1220 2140 dicit.

633 2180 794 2237 Vens.
825 2179 878 2234 5.
903 2209 974 2220 —
1006 2177 1137 2233 Haec
1173 2186 1296 2233 sunt
1333 2177 1612 2247 sacriﬁcia.
1661 2176 1978 2246 Quaeramus
2006 2188 2134 2246 ergo

559 2271 862 2343 diligenter,
891 2279 1020 2336 etc.,
1057 2286 1218 2339 usque
1247 2269 1314 2322 ad
1343 2269 1438 2323 scd
1469 2277 1594 2323 sunt
1626 2267 1716 2321 alii
1752 2267 1868 2322 dies
1896 2266 2019 2322 festi
2047 2265 2133 2320 his

558 2363 649 2430 qui
683 2378 790 2417 non
821 2368 1048 2432 possunt
1086 2360 1458 2416 indesinenter
1490 2359 1769 2414 immolare
1808 2357 2134 2414 sacriﬁcium

558 2453 845 2522 castitatis.

514 2535 530 2544 ’
628 2544 792 2598 Vens.
825 2543 878 2598 9.
917 2571 992 2586 —
1035 2542 1134 2596 Die
1180 2551 1352 2597 autem
1385 2542 1621 2597 Sabbati.
1666 2541 1824 2613 (ΒΑΕ.
1855 2541 1911 2595 in
1945 2537 2133 2610 Num.)

559 2636 805 2691 Secunda
833 2650 962 2705 ergo
989 2635 1252 2690 festivitas
1277 2645 1380 2698 est,
1403 2645 1532 2700 etc.,
1558 2651 1718 2705 usque
1741 2636 1810 2688 ad
1837 2634 1928 2704 qui
1959 2647 2136 2688 sacer-

559 2728 656 2782 dos
681 2735 764 2782 est
795 2729 846 2781 in
874 2737 1133 2782 a:ternum
1159 2728 1450 2781 secundum
1477 2727 1720 2782 ordinem
1747 2725 2136 2782 Melchisedech

561 2815 746 2888 (llebr.
776 2815 852 2887 v).

632 2905 696 2959 Et
721 2906 851 2960 duas
873 2905 1097 2959 decimas
1120 2905 1304 2960 simila?
1329 2905 1440 2961 oleo
1466 2923 1772 2977 conspersae.
1799 2907 1982 2978 (ΕΑΒ.)
2010 2905 2136 2962 Iltec

558 2995 714 3050 oll‘ert
733 2996 823 3065 qui
848 2995 1110 3065 spirituali
1137 2998 1308 3067 gratia
1338 2996 1574 3066 repletus
1601 2997 1882 3052 scientiam
1907 2997 2133 3052 duorum

562 3098 1028 3153 testamentorum,
1067 3090 1293 3143 docente
1333 3089 1536 3159 Spiritu
1576 3098 1799 3154 sancto,
1840 3089 2023 3144 verbis
2077 3096 2134 3143 et

560 3181 821 3250 exemplis
849 3180 1007 3235 docet
1049 3181 1322 3234 auditores
1366 3196 1512 3244 suos,
1565 3195 1670 3234 non
1712 3194 1809 3250 pro
1849 3176 2129 3248 temporali

560 3274 730 3338 lucro,
762 3273 855 3327 sed
881 3287 980 3342 pro
1005 3272 1129 3326 vita:
1153 3281 1366 3326 aeternae
1392 3272 1635 3342 praemio.

629 3365 793 3419 Vens.
824 3364 986 3419 ll.—
1008 3361 1073 3417 In
1096 3361 1368 3416 Kalendis.
1391 3361 1447 3416 Id
1472 3369 1554 3417 est
1585 3362 1636 3415 in
1663 3360 1987 3424 neomeniis,
2011 3373 2136 3414 cum

557 3454 802 3511 Ecclesia
827 3456 909 3510 vel
937 3454 1188 3524 quaelibet
1221 3454 1401 3508 anima
1434 3452 1532 3507 soli
1557 3450 1782 3520 justitiae
1811 3452 1889 3507 sic
1918 3452 2136 3522 propin-

558 3557 716 3618 quat,
748 3558 806 3601 ut
835 3563 972 3601 unus
993 3546 1214 3616 spiritus
1242 3561 1364 3601 cum
1394 3559 1457 3599 eo
1488 3544 1600 3610 fiat,
1633 3552 1689 3599 et
1715 3559 1815 3615 per
1844 3544 2022 3614 ipsum
2054 3544 2136 3598 in-

559 3649 754 3693 novata
785 3647 1026 3692 veterem
1054 3637 1326 3691 hominem
1353 3637 1591 3705 abjiciat.

629 3728 752 3800 (ln.)
791 3728 972 3783 Tertia
1015 3727 1275 3782 festivitas
1317 3727 1614 3782 neomeniae
1641 3725 1779 3792 dies,
1808 3733 1938 3791 etc.,
1974 3741 2136 3795 usque
2219 3749 2222 3752 -

558 3817 624 3870 ad
653 3819 905 3873 innovata
927 3817 1156 3888 jugulat.

638 3905 841 3962 Vitulos
864 3907 923 3960 de
945 3917 1196 3972 armento.
1232 3907 1412 3963 Potest
1435 3908 1487 3961 in
1513 3907 1722 3962 duobus
1743 3907 1923 3962 vitulis
1940 3907 2135 3976 jucun-

562 3998 700 4052 ditas
729 3997 852 4052 boni
883 3999 1062 4067 operis
1093 3997 1144 4052 in
1177 3998 1355 4052 anima
1387 3998 1468 4052 vel
1518 3998 1572 4052 in
1618 4012 1842 4068 corpore
1881 3997 2086 4069 signari
2114 4011 2130 4052 :

559 4105 679 4158 qua:
715 4090 1008 4144 secundum
1047 4089 1154 4144 duo
1181 4089 1525 4144 Testamenta
1562 4087 1790 4145 offertur
1819 4089 2046 4146 Domino
2077 4090 2130 4146 in

560 4180 767 4236 duobus
795 4181 1078 4250 prmceptis
1106 4180 1407 4236 charitatis.

628 4274 854 4326 Arietem
883 4287 1060 4325 unum.
1111 4269 1170 4324 In
1199 4271 1368 4325 ariete
1395 4271 1632 4342 regimen
1661 4270 1960 4340 disciplima
1993 4269 2130 4326 forte

557 4373 612 4417 ct
641 4362 914 4418 immobile
944 4363 1236 4417 secundum
1267 4362 1526 4416 unitatem
1557 4362 1680 4417 fidei
1707 4363 2006 4418 catholicae.

627 4453 801 4520 Agnos
825 4449 1095 4505 anniculos
1125 4460 1336 4520 septem.
1372 4445 1782 4520 Simplicitatem
1805 4462 1860 4507 et
1883 4467 2128 4508 mansue-

2796 1991 3026 2049 CAPUT
3065 1990 3257 2047 XXIX.

2306 2109 2468 2164 Vens.
2495 2107 2548 2162 l.
2575 2137 2645 2147 —
2673 2104 2867 2160 Mensis
2895 2106 3052 2160 etiam
3079 2103 3305 2175 septimi.
3333 2101 3538 2174 (Otum,
3565 2103 3719 2158 hom.
3749 2103 3818 2158 33

2236 2199 2292 2253 in
2324 2197 2377 2253 Ν
2383 2198 2516 2269 um.)
2534 2199 2791 2267 Sequitur
2815 2196 3078 2252 festivitas
3100 2196 3477 2267 septimorum,
3507 2203 3644 2261 etc.,
3669 2213 3832 2267 usque

2234 2290 2305 2344 ad
2361 2305 2519 2360 quem
2572 2290 2750 2360 posuit
2795 2290 2936 2344 Deus
2991 2289 3399 2360 propitiatorem
3445 2289 3499 2342 in
3549 2289 3828 2359 sanguine

2235 2398 2355 2449 suo,
2387 2396 2485 2452 per
2518 2382 2698 2436 ﬁdem.

2309 2473 2508 2545 (ORIG.)
2557 2473 2788 2529 Ultimus
2831 2473 2950 2530 dies
2989 2471 3182 2538 festus,
3207 2481 3341 2538 etc.,
3365 2489 3526 2543 usque
3553 2473 3650 2537 ad,
3693 2471 3826 2527 Cum

2238 2575 2411 2620 autem
2463 2566 2651 2619 venerit
2681 2564 2820 2634 quod
2869 2564 3158 2634 perfectura
3185 2574 3280 2629 est,
3310 2562 3646 2618 evacuabitur
3687 2563 3829 2634 quod

2238 2671 2304 2710 ea:
2324 2663 2472 2726 parte
2497 2664 2570 2709 est
2595 2653 2649 2725 (1
2673 2653 2794 2708 Cor.
2819 2656 2966 2725 XIII).

2799 2786 3028 2844 CAPUT
3080 2785 3248 2842 XXX.

2307 2904 2473 2958 Vens.
2513 2902 2566 2956 5.
2587 2933 2658 2943 -
2691 2899 2748 2956 Si
2769 2900 2903 2972 quis.
2932 2900 3138 2956 Animae
3162 2915 3282 2971 quae
3315 2901 3370 2956 in
3399 2900 3712 2972 perfectum
3749 2903 3826 2958 vi-

2239 3008 2358 3047 rum
2402 2993 2658 3054 occurrit,
2704 3008 2860 3046 nemo
2899 2992 3208 3046 dominatur
3249 2993 3304 3046 in
3335 2993 3494 3056 votis,
3527 2993 3625 3046 sed
3657 2993 3827 3049 liber-

2240 3092 2403 3138 tatem
2431 3100 2581 3139 suam
2614 3083 2770 3138 habet
2804 3084 2856 3136 in
2882 3082 3005 3136 illis.

2310 3174 2514 3245 (Orum,
2528 3175 2668 3229 hom.
2683 3174 2752 3226 24
2769 3174 2823 3227 in
2845 3173 3036 3244 Nam.)
3055 3173 3311 3229 Votorum
3335 3173 3677 3245 lexponitur,
3695 3184 3823 3242 etc.,

2237 3281 2398 3336 usque
2431 3266 2500 3318 ad
2526 3273 2585 3318 ut
2609 3264 2778 3318 facias
2813 3273 3023 3319 tantum
3052 3262 3196 3334 quod
3221 3267 3459 3336 pertinet
3475 3267 3544 3321 ad
3573 3267 3822 3322 divinum

2239 3355 2464 3408 cultum.
2491 3358 2500 3366 ’

2308 3446 2429 3517 (Ιυ.)
2458 3445 2808 3512 Animarum,
2853 3462 2972 3516 quae
3009 3447 3064 3502 in
3095 3445 3340 3503 Ecclesia
3364 3447 3457 3502 Dei
3489 3457 3646 3514 sunt,
3681 3459 3815 3516 etc.,

2235 3554 2398 3608 usque
2419 3538 2486 3592 ad
2517 3552 2616 3592 nec
2662 3552 2884 3593 necesse
2906 3538 2976 3592 sit
3005 3539 3158 3593 nobis
3196 3541 3297 3594 sub
3324 3540 3590 3596 tutoribus
3616 3551 3673 3596 et
3698 3559 3822 3613 pro-

2235 3628 2578 3684 curatoribus
2606 3629 2904 3699 derelinqui
2934 3644 2964 3682 a
2999 3628 3174 3683 Patre.
3712 3671 3727 3682 .

2305 3719 2614 3773 Juramento
2651 3719 3049 3783 constrinxerit,
3090 3727 3193 3773 etc.
3236 3717 3417 3789 (Auc.,
3455 3730 3643 3789 quiest.
3671 3721 3747 3776 56
3773 3723 3818 3775 in

2238 3808 2428 3879 Nmn.)
2456 3807 2571 3863 Non
2607 3809 2711 3863 hoc
2753 3808 2821 3862 ad
2848 3823 3085 3873 omnem,
3142 3818 3272 3875 etc.,
3299 3825 3461 3880 usque
3493 3812 3561 3863 ad
3599 3812 3696 3866 sed
3729 3829 3818 3882 per

2232 3908 2414 3955 votum
2440 3900 2556 3969 ipse
2578 3899 2682 3954 sibi
2710 3898 2873 3954 ellicit
2894 3914 3003 3954 non
3027 3899 3210 3955 licere.
3317 3913 3326 3920 '

2304 3992 2466 4046 Vens.
2507 3991 2563 4045 4.
2592 4021 2663 4031 -
2691 3990 2886 4046 Mulier
2903 3993 2972 4058 si,
3003 4000 3106 4047 etc.
3136 3991 3193 4047 Id
3235 4000 3340 4057 est,
3383 3991 3429 4047 si
3483 3991 3718 4058 femina,
3763 4005 3812 4050 et

2233 4084 2410 4140 adlmc
2439 4093 2625 4140 tenera
2653 4083 2816 4140 fuerit
2859 4086 3061 4142 anima.
3083 4086 3169 4140 cui
3201 4085 3304 4149 vir,
3335 4085 3421 4139 vel
3451 4094 3607 4154 pater
3634 4088 3804 4142 domi-

2231 4186 2391 4232 natur
2427 4179 2484 4232 in
2508 4177 2700 4247 ,votis:
2748 4193 2854 4232 non
2899 4191 3113 4248 semper
3152 4178 3207 4231 in
3247 4177 3362 4246 ipsa
3397 4176 3690 4248 est‘culpa,
3724 4179 3811 4234 sed

2235 4270 2506 4325 interdum
2537 4271 2678 4324 redit
2705 4269 2772 4324 ad
2797 4270 2948 4324 viros
2972 4270 3056 4324 vel
3079 4279 3352 4339 parentes.

2301 4363 2768 4432 Etjuramentum;
2791 4361 2970 4418 LXX:
2990 4363 3057 4416 Et
3080 4363 3411 4432 definitiones
3429 4380 3562 4434 quas
3585 4365 3809 4434 deﬁnit-it

2228 4457 2475 4512 adversus
2501 4457 2732 4510 animant
2770 4472 2941 4510 suam.
2967 4455 3082 4511 Non
3129 4457 3272 4526 quod
3319 4457 3515 4512 talibus
3543 4459 3683 4512 votis
3713 4475 3806 4513 no-

559 4545 796 4600 tudinem
817 4558 1026 4599 morum
1046 4557 1146 4613 pro
1167 4543 1373 4600 caelesti
1395 4545 1581 4616 requie
1598 4560 1698 4616 per
1717 4546 1943 4618 gratiam
1966 4547 2129 4617 septi-
2155 4581 2211 4642 D
2232 4555 2390 4603 eeant
2435 4547 2630 4602 anima:
2671 4562 2783 4602 sua:
2808 4564 2821 4600 :
2853 4547 2948 4602 sed
2995 4547 3255 4603 adversus
3302 4547 3540 4603 animam
3558 4588 3575 4614 ,
3621 4549 3808 4603 dicitur

559 4636 748 4692 formis
777 4636 1032 4706 Spiritus.

627 4723 789 4780 Vens.
816 4725 902 4778 12.
918 4755 985 4764 —-
1004 4723 1071 4778 Et
1095 4732 1198 4780 tres
1219 4725 1443 4780 decimas
1465 4725 1670 4782 similis.
1704 4725 1831 4782 Ilaec
1857 4724 2012 4782 offert
2035 4727 2128 4796 qui

555 4815 837 4871 scientiam
869 4814 1203 4885 spiritualem
1233 4816 1286 4870 in
1314 4824 1514 4872 sanctae
1545 4817 1825 4870 Trinitatis
1855 4816 1982 4882 fide,
2008 4817 2128 4873 oleo

554 4909 750 4963 laetitia:
779 4907 1112 4962 illuminatus
1137 4907 1356 4962 exhibet
1379 4923 1501 4963 cum
1527 4908 1668 4961 bono
1695 4920 1875 4976 opere.

624 5000 694 5054 Et
721 5000 850 5054 duas
875 5000 1118 5053 decimas.
1151 4997 1265 5052 Hoc
1293 4999 1440 5063 facit,
1466 4998 1556 5067 qui
1580 4998 1895 5068 decalogum
1917 4997 2051 5069 legis
2073 4999 2128 5055 in

551 5092 762 5147 duobus
787 5093 1068 5164 praeceptis
1095 5091 1377 5145 charitatis
1402 5091 1470 5144 ad
1495 5106 1645 5144 suam
1673 5100 1728 5146 et
1756 5091 2126 5161 proximorum

553 5185 838 5239 utilitatem
862 5187 1040 5239 studet
1059 5194 1396 5247 convertere,
1418 5191 1473 5236 et
1495 5183 1574 5237 sic
1598 5192 1758 5238 totam
1782 5184 1946 5238 vitam
1971 5199 2126 5239 suam

554 5277 608 5331 in
636 5291 850 5330 suavem
879 5276 1100 5330 odorem
1128 5273 1356 5328 Domino
1383 5274 1650 5328 dedicare.

623 5367 786 5422 Vens.
821 5367 908 5421 l5.
933 5395 1001 5405 —
1029 5364 1097 5418 Et
1127 5364 1379 5417 decimam
1407 5365 1638 5427 decimae,
1668 5373 1798 5430 etc.,
1847 5381 1939 5435 per
1965 5382 2126 5437 agnos

550 5457 805 5528 singulos.
856 5457 971 5513 Hoc
999 5457 1059 5512 ﬁt
1087 5473 1208 5512 cum
1239 5457 1556 5528 simplicitas
1585 5473 1796 5512 morum
1828 5460 2126 5515 secundum

554 5547 957 5620 Scripturarum
989 5547 1229 5619 regulam
1258 5548 1430 5619 gratia
1461 5547 1696 5618 Spiritus
1725 5552 1898 5606 sancti
1927 5566 2128 5623 coope-

554 5649 710 5696 rante
739 5641 1038 5697 instituitur
1061 5649 1116 5694 et
1144 5649 1386 5695 ornatur.
1423 5640 1568 5697 Bene
1597 5650 1775 5696 autem
1805 5642 1920 5698 haec
1946 5643 2129 5699 omnia

555 5732 612 5788 in
648 5731 1016 5788 holocaustum
1058 5731 1285 5787 Domino
1311 5732 1568 5802 iubentur
1595 5731 1810 5799 oﬂ'erri,
1854 5733 1980 5803 quia
2014 5735 2128 5790 hac

552 5837 717 5895 agerc
741 5823 1017 5889 debemus,
1049 5839 1156 5880 non
1185 5833 1245 5878 ut
1273 5825 1562 5880 humanam
1593 5825 1838 5891 laudem,
1867 5825 1951 5880 vel
1981 5840 2124 5894 prte-

2233 4639 2491 4692 adversus
2535 4636 2823 4691 animalem
2863 4635 3298 4702 delectationem,
3328 4637 3470 4691 sicut
3513 4635 3586 4691 ibi
3631 4638 3809 4707 :Aﬁi—

2229 4728 2358 4798 getis
2382 4727 2585 4781 animas
2610 4735 2823 4782 uestras.
3179 4793 3184 4798 η
3809 4765 3812 4776 .

2302 4817 2483 4888 (Auo.,
2510 4826 2698 4888 quant.
2725 4817 2817 4887 57)
2841 4815 3032 4872 Merito
3051 4818 3314 4888 quaeritur
3329 4819 3384 4874 in
3400 4819 3507 4876 hoc
3517 4819 3638 4876 loco
3656 4822 3806 4877 etiam

2231 4909 2297 4965 de
2322 4919 2447 4964 voto
2479 4909 2812 4980 virginitatis
2838 4927 2852 4964 :
2882 4911 3138 4966 mulieres
3156 4912 3324 4977 enim,
3360 4911 3527 4967 etiam
3559 4914 3803 4983 virgines.

2233 5001 2286 5054 in
2310 5000 2590 5071 Scriptura
2617 5001 2791 5056 solent
2818 5002 3096 5072 appellari;
3127 5012 3182 5058 et
3201 5004 3418 5059 videtur
3430 5004 3719 5075 Apostolus
3743 5005 3800 5060 de

2230 5101 2384 5161 patre
2423 5092 2588 5161 loqui,
2617 5108 2737 5146 cum
2767 5093 2899 5148 dicit
2927 5110 2940 5144 :
2973 5090 3146 5149 Servet
3177 5095 3428 5165 virginem
3458 5112 3634 5161 suam,
3662 5107 3707 5150 et
3727 5097 3800 5150 det

2231 5186 2478 5255 virginem
2526 5201 2710 5250 suam,
2763 5193 2868 5240 etc.
2923 5183 2975 5256 (Ι
2999 5186 3122 5241 Cor.
3167 5188 3287 5257 vn).
3339 5186 3454 5244 Hoc
3496 5187 3676 5252 modo,
3719 5205 3801 5240 nn-

2229 5285 2372 5344 ptum
2388 5275 2477 5328 ubi
2492 5275 2728 5329 nonnulli
2756 5274 3130 5330 intellexerunt
3155 5277 3418 5345 virginem
3452 5292 3631 5338 suam.
3655 5277 3702 5331 id
3726 5283 3797 5330 est

2233 5364 2596 5432 virginitatem
2612 5380 2763 5419 suam
2783 5384 2795 5419 :
2817 5366 2958 5420 nulla
2977 5375 3155 5421 tamen
3186 5368 3287 5421 hoc
3309 5367 3473 5422 simili
3502 5369 3796 5439 Scriptura-

2233 5473 2352 5512 rum
2393 5458 2662 5513 locutione
2695 5460 3088 5525 demonstrant,
3119 5475 3242 5515 cum
3277 5459 3350 5514 sit
3371 5461 3791 5516 inusitatissima.

2304 5549 2466 5606 Vens.
2490 5550 2543 5605 6.
2571 5581 2640 5591 —
2668 5551 2778 5606 Nec
2806 5551 3032 5605 obnoxia
3055 5550 3325 5604 tenebitur.
3353 5549 3495 5605 LXX
3521 5571 3533 5604 :
3556 5551 3792 5606 Dominus

2232 5643 2502 5696 mundabit
2525 5659 2660 5707 eam,
2689 5644 2812 5712 quia
2831 5642 3012 5696 abnuit
3036 5653 3184 5710 pater
3207 5643 3342 5711 ejus.
3368 5643 3423 5696 Id
3453 5652 3538 5698 est
3559 5642 3791 5698 mundam

2232 5733 2472 5796 habebit,
2513 5741 2566 5788 et
2589 5733 2888 5802 jndicahit,
2922 5734 3062 5788 sicut
3106 5733 3306 5789 dicitur
3335 5751 3349 5787 :
3384 5733 3659 5788 Mandubii
3689 5745 3791 5786 eum

2232 5825 2494 5890 sacerdos,
2534 5836 2580 5879 et
2627 5826 2963 5879 mnndatione
3005 5843 3107 5880 non
3137 5827 3412 5880 mundabis
3457 5843 3598 5882 reum
3622 5823 3782 5893 (let-il.

3975 3109 3977 3193 l
