4006 6352
238 301 354 358 435

1309 293 1577 351 GLOSSA
1611 291 2005 351 ORDINARIA.
2045 322 2114 332 —
2143 291 2269 348 LIB.
2313 291 2478 348 non.
2523 255 2532 263 “

3398 295 3505 355 454

235 415 388 486 nn).
421 413 480 468 ld
503 420 589 470 est
634 425 739 467 non
767 409 917 468 dices
947 411 1200 466 mundum
1236 422 1360 464 eum
1390 410 1481 480 qui
1519 408 1828 464 immundus
1854 406 2024 477 Aqui
2073 407 2480 459 revertebantur
2529 405 2594 459 de
2633 407 2819 475 praelio
2863 422 2877 461 :
2922 408 3022 462 viri
3060 419 3240 466 autem
3287 412 3507 469 virtutis

231 512 349 559 est.

319 595 480 650 Vens.
521 594 575 649 7.
601 623 673 634 —
702 593 765 650 Si
786 597 1055 648 maritum.
1083 591 1276 663 ldlest,
1306 593 1351 648 si
1397 590 1580 646 adulta
1618 600 1672 647 et
1699 591 1827 646 viri-

235 695 438 756 potens
477 685 642 741 fuerit
675 685 744 740 ad
769 683 1180 756 concipiendum
1205 698 1389 739 semen
1436 683 1586 737 verbi
1624 681 1741 746 Dei,
1771 690 1829 736 et

234 777 508 832 doctrina:
554 775 814 846 spiritalis
857 775 1115 845 capienda
1150 782 1406 838 secreta;
1442 773 1583 828 unde
1629 791 1641 826 :
1699 770 1826 826 Volo

233 878 417 921 autem
459 883 636 920 omnes
675 883 761 921 vos
785 871 874 920 uni
911 867 1022 920 viro
1063 866 1312 937 virginem
1355 874 1552 920 castam
1586 864 1826 919 exhibere

234 953 448 1011 Christo
481 954 566 1028 (II
588 953 711 1010 Cor.
737 955 835 1026 xl).

313 1047 471 1118 (Auc.
501 1056 685 1118 quast.
713 1046 802 1117 59)
835 1047 968 1115 Quia
988 1048 1245 1103 Dominus
1269 1048 1556 1107 mandavit,
1581 1055 1710 1113 etc.,
1733 1064 1824 1102 us-

229 1157 341 1206 que
357 1141 428 1194 ad
443 1156 568 1196 cum
583 1140 696 1210 ipse
719 1140 860 1196 Deus
875 1141 977 1196 boc
996 1142 1334 1211 prmcepcrit,
1363 1151 1417 1196 et
1444 1142 1546 1196 hoc
1575 1140 1821 1196 voluerit.

313 1233 478 1290 VEBS.
521 1235 607 1288 ll.
632 1264 704 1274 —
727 1231 872 1288 Uxor
910 1235 964 1287 in
998 1234 1170 1289 domo.
1198 1234 1376 1304 (Δυο.)
1411 1233 1486 1288 De
1532 1233 1622 1288 illa
1671 1233 1824 1305 prius

235 1323 404 1390 dixit,
445 1341 564 1396 qua:
625 1324 680 1380 iu
724 1325 882 1380 domo
931 1327 1100 1395 patris
1143 1327 1226 1381 sui
1280 1327 1443 1390 vovit,
1490 1335 1617 1392 etc.,
1665 1343 1826 1398 usque

241 1417 318 1469 ad
351 1415 430 1470 sic
462 1423 665 1481 tamen,
716 1425 776 1470 ut
823 1431 928 1470 non
978 1415 1080 1470 nisi
1132 1416 1326 1470 rationi
1373 1416 1540 1473 motio
1588 1416 1676 1471 illa
1698 1431 1828 1472 con-

235 1508 462 1562 sentiat.

802 1619 1027 1678 CAPUT
1069 1620 1236 1676 XXXI

1925 507 2070 562 sunt,
2099 498 2189 567 qui
2235 498 2303 552 ad
2331 497 2526 552 bellum
2561 499 2887 568 procedunt,
2919 502 3010 572 qui
3046 503 3098 557 in
3155 519 3327 575 agone
3367 522 3504 564 con-

1926 588 2169 654 tendunt,
2205 596 2260 644 et
2281 587 2349 642 ab
2375 589 2626 645 omnibus
2668 606 2727 647 se
2755 592 3057 661 abstinent;
3091 593 3184 650 alii
3220 609 3351 652 vero
3393 613 3500 654 non

1925 679 2027 733 viri
2067 685 2192 734 sunt
2221 679 2456 736 virtutis.

1997 769 2159 826 Vens.
2190 769 2279 824 22.
2322 800 2394 810 --
2429 771 2652 826 Aurum.
2713 773 2948 844 Tempus
2994 775 3119 831 belli
3169 784 3255 833 est
3300 777 3356 834 in
3402 779 3506 835 hoc

1923 865 2125 921 mundo
2151 874 2339 920 contra
2373 866 2644 937 nequitias
2673 866 2982 936 spirituales
3022 875 3078 923 et
3122 869 3506 939 concupiscen-

1925 956 2032 1012 tias
2057 955 2318 1011 carnales.
2345 955 2565 1026 Spectat
2598 971 2698 1012 nos
2723 957 3032 1026 angelorum
3069 959 3287 1026 chorus,
3312 970 3367 1015 et
3391 960 3504 1014 vir-

1925 1055 2098 1102 tutum
2145 1047 2446 1103 cmlestium
2476 1047 2562 1117 pia
2608 1062 2736 1117 erga
2781 1047 3107 1118 nospendet
3144 1051 3498 1120 exspectatio,

1925 1137 2138 1206 quando
2177 1137 2260 1192 vel
2312 1137 2582 1206 quomodo
2640 1138 2707 1191 de
2743 1137 2928 1208 praelio
2977 1149 3336 1204 revertamur,
3381 1141 3503 1210 quis

1925 1229 2044 1300 plus
2071 1227 2260 1282 aﬂerat
2297 1229 2414 1283 auri
2443 1228 2527 1283 vel
2567 1230 2796 1299 argenti,
2827 1230 2949 1300 quis
2995 1231 3199 1301 lapides
3235 1234 3502 1302 pretiosos

1927 1319 2135 1374 curiose
2178 1319 2433 1372 intuetur.
2460 1317 2762 1388 Requirunt
2790 1321 2954 1374 etiam
3001 1322 3091 1390 qui
3127 1321 3377 1378 deferunt
3401 1339 3499 1390 (es.

1926 1412 2018 1483 qui
2045 1412 2268 1477 ferrum,
2287 1413 2377 1481 qui
2407 1412 2706 1482 plumbum,
2721 1412 2806 1468 vel
2828 1429 2922 1468 vas
2949 1414 3207 1485 ligneum,
3225 1417 3310 1470 vel
3333 1416 3498 1472 ﬁctile

1925 1505 2233 1575 autaliquid
2260 1505 2564 1575 hujusmodi
2593 1521 2800 1577 magna:
2823 1507 3216 1563 domususibus
3244 1523 3497 1564 necessa-

1928 1598 2086 1653 rium.
2141 1595 2448 1652 Secundum
2503 1613 2632 1669 ergo
2678 1613 2741 1653 ea
2785 1614 2906 1668 quae
2958 1599 3186 1668 quisque
3225 1600 3494 1666 detulerit,

1927 1691 2224 1747 mansionis
2250 1691 2300 1744 ei
2326 1691 2573 1744 meritum
2597 1689 2955 1760 deputabitur.
2991 1690 3295 1746 Probantur
3319 1700 3497 1748 tamen

314 1777 478 1832 Vens.
518 1777 572 1831 2.
608 1807 680 1817 —
703 1775 964 1831 Ulciscere
991 1776 1157 1845 prius.
1187 1773 1390 1846 (0310.)
1432 1772 1698 1830 Scandala
1749 1771 1816 1826 ﬁ-
1844 1767 1892 1827 B
1919 1781 2033 1836 haec
2057 1779 2379 1845 omnia,alia
2407 1795 2502 1849 per
2529 1778 2728 1852 ignem,
2753 1779 2856 1836 alia
2893 1796 2991 1852 per
3024 1796 3221 1854 aquam
3244 1783 3498 1840 uniuscu-

234 1869 328 1922 liis
358 1867 524 1924 Israel
560 1867 975 1922 Madianitarum
1011 1865 1453 1936 tergiversatione
1490 1863 1818 1927 acciderant,

233 1969 372 2026 etc.,
422 1977 580 2030 usque
603 1961 670 2013 ad
705 1961 796 2015 ubi
835 1968 982 2015 recte
1008 1959 1303 2014 ambulanti
1331 1957 1574 2029 deceptio
1602 1956 1671 2013 ad
1692 1970 1820 2027 pec-

233 2051 470 2105 candum
496 2049 797 2118 subjscitur.

311 2139 382 2192 Et
423 2141 496 2192 sic
531 2138 808 2210 colligeris.
842 2139 1137 2194 Novissime
1174 2140 1340 2209 inquit
1381 2154 1399 2194 :
1429 2137 1716 2209 Apponeris
1753 2135 1824 2190 ad

233 2228 489 2300 populum
533 2238 701 2293 tuum,
730 2239 836 2285 etc.
864 2229 976 2284 lloc
1014 2240 1205 2285 contra
1237 2229 1558 2295 Samaritas,
1588 2228 1681 2296 qui
1723 2241 1822 2282 ne-

234 2322 832 2389 gantresurrectionem
857 2332 1212 2388 mortuorum,
1229 2338 1329 2378 nec
1353 2322 1511 2377 ﬁdem
1535 2320 1701 2376 futuri
1725 2335 1826 2376 sa:-

234 2412 350 2466 culi
397 2413 679 2482 recipiunt.
716 2413 884 2469 Nemo
933 2416 1078 2470 enim
1128 2415 1414 2486 apponitur
1466 2413 1534 2467 ad
1591 2429 1686 2468 eos
1729 2413 1824 2484 qui
1865 2467 1894 2476 ,

237 2516 352 2553 non
386 2509 508 2555 sunt
536 2520 548 2555 :
575 2511 789 2558 constat
837 2519 964 2574 ergo
1011 2520 1131 2560 esse
1173 2505 1406 2574 aliquem
1451 2503 1707 2576 populum
1735 2503 1824 2559 cui

236 2591 464 2662 Moysen
498 2591 629 2648 dicit
656 2607 777 2649 esse
807 2595 1201 2665 apponcndum.

313 2683 481 2741 Vens.
527 2685 582 2740 4.
628 2716 700 2726 -
729 2684 876 2740 Mille
915 2687 1012 2741 viri
1053 2687 1118 2742 de
1162 2686 1402 2758 singulis,
1425 2693 1530 2741 etc.
1563 2685 1718 2757 (ΗΑΒ.
1767 2685 1824 2738 in

242 2778 600 2844 Num.,tom.
649 2779 736 2851 ll.)
776 2779 1012 2835 Adverte
1055 2781 1251 2835 divina:
1309 2779 1525 2834 virtutis
1581 2777 1824 2848 magniﬁ-

235 2873 498 2938 centiam,
531 2881 658 2937 etc.,
688 2889 849 2943 usque
884 2873 952 2927 ad
981 2872 1178 2928 talibus
1217 2872 1362 2927 enim
1405 2870 1571 2926 armis
1620 2869 1823 2924 instru-

234 2966 314 3020 cti
349 2964 818 3021 diabolica'castra
845 2964 1169 3035 fugabimus.

1916 1871 2110 1941 jusque
2138 1884 2271 1941 Opus
2297 1869 2454 1939 quale
2488 1870 2559 1924 sit
2594 1869 2734 1940 ignis
2758 1870 3073 1939 'probahit.‘

1996 1962 2066 2015 Et
2093 1960 2353 2026 lavabitis,
2371 1969 2474 2016 etc.
2503 1960 2706 2028 (Omc.,
2721 1963 2808 2016 ubi
2833 1961 3206 2036 supra.)Vides
3228 1969 3498 2037 quomodo

1920 2055 2238 2128 purgatione
2284 2054 2490 2124 indiget
2537 2056 2712 2109 omnis
2740 2055 2832 2124 qui
2861 2056 2975 2110 exit
3013 2057 3079 2111 de
3112 2058 3297 2128 prmlio
3339 2059 3499 2130 hujus

1921 2147 2064 2212 vitae,
2089 2154 2218 2212 etc.,
2243 2161 2403 2217 usque
2426 2145 2495 2199 ad
2523 2155 2583 2201 ut
2603 2148 2834 2202 mundus
2863 2147 3198 2219 ingrediatur
3225 2150 3498 2206 civitatem

1922 2238 2039 2293 Dei.

1993 2329 2157 2384 Vens.
2183 2327 2274 2382 27.
2310 2358 2378 2368 —
2407 2328 2512 2394 Qui
2533 2339 2912 2400 pugnaverunt.
2941 2329 3144 2401 (Otum,
3170 2331 3312 2387 hom.
3343 2333 3414 2387 26
3440 2335 3497 2388 in

1925 2419 2115 2492 Nam.)
2147 2420 2283 2476 Sunt
2315 2421 2533 2490 quidam
2579 2425 2632 2476 in
2673 2423 2866 2492 populo
2895 2424 3010 2489 Dei,
3047 2433 3176 2490 etc.,
3225 2417 3398 2498 usque
3427 2428 3499 2482 ad

1925 2522 2072 2571 tanto
2097 2515 2440 2584 praestantior
2477 2524 2561 2571 est
2595 2533 2854 2573 numerus
2883 2518 3300 2590 quingentorum
3331 2537 3496 2592 quam

1922 2605 2332 2676 quinquaginta.

1994 2694 2203 2768 (Omc.)
2235 2694 2574 2754 Dill‘erentias
2621 2714 2739 2754 esse
2779 2698 3052 2770 proiectus
3079 2707 3134 2756 et
3180 2703 3496 2759 meritorum

1923 2788 1976 2844 in
2030 2789 2226 2859 populo
2274 2789 2510 2845 ﬁdelium
2533 2831 2548 2855 ,
2576 2800 2682 2845 etc.
2704 2832 2718 2856 ,
2747 2808 2906 2862 usque
2949 2792 3016 2845 ad
3061 2792 3334 2850 Catenulte
3368 2809 3496 2851 vero

1922 2881 2073 2935 verbi
2097 2888 2152 2934 et
2174 2880 2434 2936 doctrina:
2476 2883 2846 2937 connexiones
2879 2882 3209 2954 signiﬁcant.

1993 2970 2156 3028 Vens.
2176 2972 2353 3028 50.—
2375 2972 2701 3044 Depreceris.
2737 2971 2941 3046 (ORIG.)
2972 2973 3054 3028 Ad
3093 2974 3495 3046 propitiandum

311 3057 478 3113 Vens.
502 3058 555 3113 8.
585 3089 656 3099 —
677 3057 744 3112 Et
785 3074 927 3128 reges
969 3073 1167 3122 eorum,
1200 3054 1542 3126 etc,(0tuc.,
1568 3059 1707 3108 hom.
1749 3052 1820 3107 25

1939 3068 2093 3122 Deum
2120 3081 2217 3136 pro
2244 3066 2420 3131 nobis,
2450 3075 2578 3133 etc.,
2605 3083 2764 3138 usque
2803 3067 2872 3120 ad
2903 3081 3000 3136 pro
3028 3067 3223 3138 quibus
3247 3068 3377 3124 solis
3403 3069 3496 3126 de-

233 3152 292 3206 in
320 3150 514 3224 Num.)
564 3151 962 3208 lnterﬁciuntur
997 3165 1153 3222 reges
1198 3148 1631 3213 Madianitarum,
1682 3156 1817 3212 etc.,

1939 3166 2009 3214 :et
2044 3173 2166 3214 eum
2191 3157 2490 3229 propitiari.

232 3263 405 3318 usque
433 3246 502 3300 ad
531 3245 705 3302 factus
754 3254 838 3302 est
878 3243 1037 3302 nobis
1090 3258 1122 3298 a
1169 3243 1280 3298 Deo
1312 3240 1545 3311 iustitia,
1601 3249 1656 3296 et
1692 3257 1816 3310 pax,

233 3349 294 3392 et
341 3337 658 3408 redemptio.
699 3368 712 3380 -

313 3429 541 3484 Balaam
565 3445 789 3500 quoque.
820 3427 976 3484 Patet
1004 3426 1229 3484 consilio
1255 3424 1477 3482 Balaam
1501 3425 1822 3480 subornatas

237 3536 366 3576 esse
400 3520 656 3576 mulieres
683 3519 1093 3575 Madianitarum
1127 3533 1248 3589 quae
1283 3517 1594 3598 deciperant
1622 3514 1818 3581 Israel;

240 3614 389 3668 unde
416 3613 506 3669 hic
531 3613 676 3668 velut
701 3621 892 3669 auctor
919 3611 1142 3668 sceleris
1171 3609 1512 3666 interﬁcitur.

317 3705 523 3778 (Οειιε.)
549 3707 759 3761 Dictum
807 3713 892 3761 est
931 3704 1199 3775 superius,
1233 3703 1378 3774 quod
1403 3701 1622 3758 Balaam
1664 3701 1824 3755 rediit

239 3797 299 3849 in
350 3796 522 3850 locum
562 3813 735 3850 suum.
794 3794 900 3852 Sed
946 3795 1084 3852 forte
1129 3809 1380 3851 reversus
1437 3802 1538 3860 est,
1579 3795 1825 3864 quamvis

244 3887 531 3956 Scriptura
570 3887 908 3942 non'dixerit
943 3904 956 3939 :
990 3886 1073 3942 vel
1099 3886 1236 3942 forte
1265 3887 1320 3940 in
1358 3885 1528 3940 locum
1557 3902 1709 3940 suum
1736 3901 1824 3941 re-

243 3979 346 4032 diit
373 3980 442 4033 ab
461 3993 527 4033 eo
553 3978 669 4034 loco
694 3980 786 4035 ubi
815 3977 1079 4034 sacriﬁcia
1107 3977 1360 4042 faciebat,
1389 3978 1446 4031 in
1473 3992 1597 4032 eum
1620 3976 1827 4032 scilicet

243 4071 449 4136 locum,
482 4071 569 4125 ubi
602 4080 856 4142 tanquam
894 4072 1208 4143 peregrinus
1242 4071 1474 4127 habebat
1499 4070 1823 4142 hospitium;

246 4180 358 4216 tum
402 4162 547 4234 enim
581 4163 784 4217 dictum
827 4171 912 4216 est
955 4163 1007 4217 in
1053 4163 1273 4217 domum
1321 4177 1495 4227 suam,
1523 4169 1615 4216 aut
1655 4162 1710 4215 in
1739 4176 1832 4230 pa-

245 4255 411 4309 triam
439 4269 612 4308 suam.
639 4255 714 4309 De
758 4253 922 4309 Balac
962 4265 1140 4311 autem
1169 4253 1388 4309 ’dictum
1417 4262 1520 4317 est,
1550 4253 1618 4306 ad
1643 4262 1830 4308 semet-

244 4351 440 4414 ipsum.
471 4346 528 4402 Id
551 4357 656 4414 est,
686 4348 773 4403 ubi
798 4356 1050 4418 tanquam
1075 4347 1325 4403 dominus
1353 4347 1643 4402 habitabat.

1993 3250 2160 3305 Vens.
2179 3247 2269 3304 5|.
2294 3279 2365 3290 —
2386 3249 2854 3321 Susceperuntque.
2881 3250 3000 3306 Alia
3026 3251 3322 3306 litterazﬂ
3351 3269 3497 3308 acce~

1921 3347 1993 3416 pit
2016 3343 2219 3416 Moyses
2242 3354 2291 3398 et
2317 3343 2547 3398 Eleazar
2570 3343 2812 3399 sacerdos
2833 3361 3022 3398 aurum
3054 3345 3118 3399 ab
3139 3344 3376 3400 omnibus
3401 3346 3497 3400 tri-

1922 3437 2074 3492 bunis
2117 3446 2167 3491 et
2197 3435 2604 3500 centurionibus,
2637 3445 2684 3490 et
2715 3436 2891 3490 intulit
2940 3436 3074 3490 illud
3098 3437 3154 3490 in
3190 3436 3498 3491 tabernacu-

1921 3529 2031 3583 lum
2057 3529 2335 3585 testimonii
2363 3527 2661 3582 memoriale
2680 3527 2805 3597 ﬁliis
2837 3527 3005 3582 Israel
3043 3543 3220 3583 coram
3247 3527 3495 3584 Domino.

1923 3619 2060 3674 Nota
2087 3619 2212 3688 quia
2253 3633 2372 3686 qua}
2417 3617 2700 3682 dicuntur,
2746 3633 2852 3672 non
2882 3618 2950 3672 ad
2981 3627 3329 3687 conspectum
3370 3619 3500 3673 visi-

1922 3709 2105 3774 bilem,
2132 3707 2226 3763 scd
2255 3708 2323 3762 ad
2352 3707 2549 3762 mentis
2575 3707 2892 3763 memoriam
2929 3707 3255 3764 referuntur.
3302 3709 3500 3766 Beatus

1923 3802 2067 3858 enim
2119 3808 2204 3856 est
2257 3801 2349 3870 qui
2401 3800 2719 3855 recordatur
2773 3815 2832 3854 se
2881 3798 3085 3869 aliquid
3137 3799 3259 3855 boni
3317 3801 3500 3872 operis

1925 3893 2116 3949 fecisse
2165 3908 2349 3947 coram
2395 3891 2622 3947 Domino
2673 3900 2728 3945 et
2764 3891 3024 3946 obtulisse
3066 3906 3290 3946 munera
3336 3894 3501 3950 bene-

1924 3986 2122 4057 placita
2148 3984 2277 4053 Deo,
2304 3986 2531 4040 virtutes
2559 3984 2763 4040 scilicet
2785 3984 2951 4039 animi
2970 3992 3026 4040 et
3044 3993 3362 4041 ornamenta
3387 3986 3500 4072 pie-

1927 4077 2070 4133 tatis.

2444 4187 2672 4245 CAPUT
2738 4187 2947 4244 XXXII.

2004 4352 2164 4408 Vens.
2195 4353 2246 4407 l.
2275 4383 2347 4394 —
2369 4350 2500 4406 Filii
2527 4361 2701 4406 autem
2725 4351 2906 4406 Ruben
2925 4391 2940 4416 ,
2981 4357 3088 4406 etc.
3124 4350 3327 4421 (Urna,
3357 4345 3514 4409 hom;

320 4439 431 4492 Cur
461 4438 700 4506 feminas.
731 4437 1151 4509 (BAB.)Mystice
1195 4437 1452 4493 feminam
1503 4437 1557 4492 in
1597 4437 1827 4506 praedam
1857 4495 1909 4516 ἣ
1934 4445 2004 4500 26
2030 4447 2084 4500 in
2117 4443 2516 4516 Num.)0mnia
2541 4458 2661 4512 quae
2690 4443 2942 4498 dicuntur
2963 4457 3068 4497 non
3089 4441 3261 4497 solum
3289 4459 3352 4498 ex
3385 4460 3502 4500 ser-

246 4533 316 4585 de
365 4529 504 4585 bello
548 4539 824 4586 revertens
863 4540 1078 4606 servat,
1124 4538 1254 4594 etc.,
1289 4545 1451 4600 usque
1484 4529 1576 4594 ad,
1614 4537 1673 4582 ut
1711 4545 1830 4598 quae

247 4622 364 4677 Deo
404 4620 598 4693 placita
635 4631 760 4678 sunt
799 4621 1185 4688 desideremus,
1221 4630 1278 4677 et
1315 4623 1580 4692 perﬁcere
1608 4621 1826 4678 studea-

247 4727 395 4767 mus.

343 4801 510 4860 Vsus.
559 4803 648 4860 16.
691 4833 764 4845 -
807 4805 888 4860 Ad
942 4807 1341 4877 suggestionem.
1383 4803 1483 4860 Hic
1531 4802 1832 4860 evidentius

247 4896 558 4951 ostenditur
602 4897 768 4966 ipsius
795 4895 1014 4952 Balaam
1057 4897 1397 4968 suggestione
1423 4896 1677 4951 mulieres
1699 4895 1831 4950 sub-

249 5000 476 5046 ornatas
497 4989 683 5046 fuisse.

326 5083 501 5156 (lstn.)
530 5081 647 5139 Non
697 5084 961 5140 dubitavit
1008 5082 1247 5150 Balaam,
1276 5082 1455 5138 oblata
1492 5081 1645 5152 copia
1676 5079 1834 5136 femi-

251 5193 473 5243 narum,
528 5175 898 5234 fornicationis
951 5179 1106 5233 ruina
1159 5177 1431 5232 lsraelitas
1477 5173 1835 5246 collapsuros,

251 5268 384 5339 quia
433 5269 880 5340 concupiscibiles
927 5270 1122 5325 animae
1169 5284 1356 5325 eorum
1403 5277 1588 5338 partes
1629 5266 1840 5322 sciebat

253 5375 380 5417 esse
413 5371 696 5432 corruptas
721 5381 734 5418 :
768 5363 842 5417 ita
867 5365 1138 5419 dmmones
1157 5377 1596 5432 unumquemque
1617 5371 1838 5432 perten-

254 5463 398 5520 tant,
422 5453 527 5510 illis
555 5453 834 5510 affectibus
865 5454 1059 5510 animae
1083 5455 1306 5526 laqueos
1333 5453 1606 5510 tradentes
1643 5452 1840 5524 quibus

255 5563 360 5603 nos
383 5549 654 5604 senserint
681 5556 966 5619 aegrotare.

329 5639 495 5695 Vens.
522 5640 695 5695 2l.—
724 5641 973 5695 Eleazar.
1004 5639 1139 5696 Nota
1177 5640 1321 5710 quod
1353 5638 1580 5694 Eleazar
1621 5654 1728 5693 non
1773 5635 1841 5692 ad

258 5745 478 5793 onmem
524 5732 801 5805 populum,
849 5732 944 5790 sed
990 5733 1058 5790 ad
1109 5731 1258 5790 viros
1321 5730 1539 5788 virtutis
1577 5730 1838 5807 loquitur,

1857 4495 1910 4556 D

1936 4552 2116 4599 mone,
2146 4535 2240 4604 qui
2293 4533 2504 4596 dicitur,
2535 4533 2808 4603 pensanda
2857 4541 3003 4600 sunt,
3031 4532 3126 4589 sed
3160 4547 3227 4589 ex
3272 4550 3504 4605 persona

1932 4625 2176 4689 dicentis,
2199 4637 2328 4690 etc.,
2349 4640 2513 4695 usque
2545 4624 2613 4676 ad
2647 4624 2741 4678 sed
2763 4638 2860 4694 per
2890 4623 3106 4695 Moysen
3131 4623 3505 4684 haereditatem

1931 4726 2085 4774 extra
2121 4715 2410 4772 Jordanem
2445 4714 2738 4784 accipiunt.

1999 4806 2492 4865 Vens.4.—Terra
2521 4823 2678 4878 quant
2702 4809 2953 4878 percussit
2976 4807 3252 4866 Dominus.
3284 4810 3506 4882 (GBEG.,

1933 4901 2025 4957 lib.
2085 4915 2233 4956 xxvu
2271 4897 2490 4963 κοῖαι,
2518 4912 2638 4966 cap.
2663 4896 2774 4968 10.)
2801 4896 2938 4954 Sunt
2974 4900 3127 4956 multi
3161 4901 3216 4956 in
3267 4901 3508 4957 Ecclesia

1856 5053 1858 5056 ν
1937 4990 2029 5062 qui
2057 4987 2264 5060 parvuli
2281 5003 2401 5044 esse
2420 4987 2738 5057 despiciunt,
2761 4999 2891 5058 etc.,
2921 5007 3081 5062 usque
3109 4991 3178 5045 ad
3206 4989 3331 5046 dum
3361 4999 3514 5044 tran-

1937 5081 2141 5138 sitoriis
2167 5088 2528 5135 excecantur.

1983 5174 2252 5244 _Jumenta
2281 5171 2528 5242 plurima.
2557 5171 3023 5244 (Omc.)lumenta
3059 5183 3108 5230 et
3133 5189 3318 5243 pecora
3344 5173 3512 5227 multa

1937 5275 2078 5329 sunt,
2107 5271 2212 5319 etc.
2243 5263 2399 5319 Prior
2426 5263 2670 5334 populus,
2696 5273 2828 5332 etc.,
2862 5281 3022 5336 usque
3043 5263 3114 5319 ad
3145 5265 3238 5335 qui
3259 5274 3343 5320 est
3366 5274 3510 5319 terra

1941 5356 2315 5430 promissionis
2350 5357 2576 5412 intrare.

2015 5450 2180 5506 Vsus.
2221 5448 2310 5503 29.
2336 5478 2408 5488 —
2445 5446 2505 5503 Si
2537 5449 2839 5503 transierint
2877 5446 2980 5516 filii
3007 5443 3124 5500 God
3153 5455 3203 5501 et
3245 5443 3344 5514 ﬁlii
3401 5442 3513 5497 Ru-

1943 5543 2056 5605 ben,
2091 5548 2194 5596 etc.
2245 5538 2451 5610 (0mm,
2493 5540 2632 5594 hom.
2662 5537 2776 5608 26.)
2805 5537 2923 5592 Alia
2953 5536 3152 5603 littera,
3193 5544 3322 5600 etc.,
3352 5549 3515 5604 usque

1943 5634 2012 5690 ad
2035 5633 2128 5689 sed
2156 5649 2275 5702 quae
2303 5648 2514 5688 sursum
2548 5638 2651 5695 est,
2677 5637 2731 5686 et
2754 5628 2946 5696 libera,
2975 5636 3032 5686 et
3059 5637 3235 5683 mater
3273 5623 3515 5680 omnium

1943 5735 2187 5788 nostrum
2234 5733 2338 5783 est.
