4006 6352
449 251 557 307 455

993 387 1220 446 CA'PUT
1257 388 1488 446 XXXIII.

526 541 690 599 Vens.
716 544 854 598 1.-
884 544 985 602 Ha:
1010 556 1133 603 sunt
1156 548 1470 616 mansiones,
1514 556 1620 607 etc.
1650 547 1853 621 (0:10.,
1880 550 2023 607 hom.

452 637 521 692 27
554 638 610 691 in
640 636 830 710 Num.)
881 638 1131 697 Diversas
1171 643 1376 698 creavit
1403 642 1547 699 Deus
1584 644 1825 701 ciborum
1869 645 2024 702 diffe-

454 734 679 799 rentias,
708 741 842 801 etc.,
871 750 1033 807 usque
1059 736 1130 790 ad
1171 737 1334 792 aliam
1362 753 1514 804 vero,
1540 753 1645 809 qua
1695 748 1818 809 post
1844 755 2027 797 resur-

456 825 750 880 rectionem
791 840 1084 885 ascensura
1112 829 1179 883 ad
1205 828 1390 897 ctelos,
1432 845 1540 887 non
1591 832 1770 887 subito
1794 847 1896 888 nec
1925 833 2029 888 im-

454 923 685 987 portune
712 916 1118 987 condescendit,
1145 919 1239 974 sed
1270 934 1366 990 per
1394 921 1592 976 multas
1612 923 1941 989 mansiones,
1970 924 2026 979 in

455 1007 652 1076 quibus
676 1007 901 1080 singulis
929 1008 1131 1064 lumine
1160 1011 1439 1080 sapientia:
1466 1012 1733 1069 illustrata
1757 1015 1823 1070 ad
1849 1015 2029 1085 ipsum

456 1105 669 1170 patrem
694 1098 956 1156 luminum
977 1104 1278 1171 perveniat.

527 1187 636 1245 Per
685 1200 885 1247 turmas
927 1209 1072 1248 suas.
1127 1192 1475 1264 Septuaginta
1499 1197 1580 1251 sic
1617 1214 1629 1250 :
1667 1197 1798 1251 Cum
1841 1199 2032 1253 virtute

457 1299 573 1346 sua,
606 1281 841 1346 Christo,
875 1284 1102 1350 scilicet,
1136 1286 1227 1356 qui
1270 1296 1354 1342 est
1391 1287 1485 1343 Dei
1510 1288 1681 1343 virtus
1723 1298 1778 1343 et
1807 1289 1900 1344 Dei
1935 1304 2032 1359 po—

460 1375 647 1431 tentia.
679 1375 811 1432 Cum
832 1377 949 1446 ipso
968 1392 1097 1449 ergo
1119 1380 1448 1447 ascenditur,
1462 1383 1553 1451 qui
1576 1382 1643 1437 ad
1682 1398 1779 1438 nos
1802 1383 2032 1439 descen-

459 1469 536 1524 dit
563 1476 626 1523 ut
644 1464 1078 1527 ascenderemus.
1114 1469 1217 1537 Qui
1238 1473 1375 1527 enim
1396 1473 1681 1539 descendit,
1706 1474 1814 1544 ipse
1840 1483 1915 1529 est
1943 1475 2037 1546 qui

459 1561 724 1627 ascendit,
749 1571 854 1617 etc.
898 1562 1116 1635 (Ep/tes.
1143 1564 1240 1635 tv).
1285 1563 1438 1621 Unde
1464 1583 1478 1620 :
1511 1565 1701 1621 Tecum
1725 1567 2036 1623 descendam

459 1650 515 1706 in
548 1650 858 1724 .Egyptum,
890 1664 998 1711 etc.
1032 1652 1241 1721 (Cenes.
1278 1656 1444 1730 XLVI).
1493 1657 1648 1725 Ideo,
1699 1675 1803 1714 non
1830 1670 1945 1714 erat
1979 1663 2036 1714 in

463 1744 700 1801 tribubus
724 1763 908 1801 eorum
936 1749 1200 1817 inﬁmus.

534 1835 603 1892 In
650 1854 813 1891 manu
863 1838 1033 1911 Moysi
1085 1851 1133 1896 et
1185 1841 1369 1914 Aaron;
1405 1858 1536 1913 quas
1574 1843 1879 1914 descripsit,
1927 1851 2033 1899 etc.

466 1927 671 2000 (Ontc.,
715 1928 883 2001 ibid.)
915 1929 1033 1986 Non
1060 1931 1204 1987 enim
1238 1912 1443 1988 tantum
1491 1912 1770 1989 scientiam
1822 1933 1956 2001 legis
1985 1942 2041 1989 et

467 2018 612 2085 fidei,
667 2029 797 2087 etc.,
835 2037 995 2093 usque
1040 2022 1110 2077 ad
1162 2038 1328 2078 unum
1375 2023 1518 2077 enim
1566 2038 1702 2095 opus
1758 2024 2041 2095 utriusque

466 2126 659 2167 manus
686 2120 789 2178 est,
822 2120 878 2167 et
900 2128 1003 2167 una
1033 2112 1382 2184 perfectionis
1400 2115 1657 2184 expletio.

548 2201 713 2258 Vitas.
752 2202 807 2259 2.
841 2230 914 2245 ε-
942 2202 1151 2274 Moyses
1196 2206 1358 2276 juxta
1400 2215 1691 2260 castrorum
1729 2205 1881 2272 loca,
1925 2222 2045 2277 qua!

466 2291 676 2348 Domini
690 2293 949 2364 jussione,
979 2305 1085 2352 etc.
1118 2296 1185 2351 Et
1213 2297 1430 2368 scripsit
1450 2297 1661 2370 Moyses
1683 2297 2045 2369 profectiones

467 2397 655 2439 eorum
678 2393 735 2440 et
759 2386 1066 2443 mansiones
1092 2402 1191 2457 per
1218 2388 1440 2445 verbum
1474 2390 1721 2456 Domini,
1751 2400 1811 2446 ut
1839 2392 2046 2447 scilicet

466 2477 723 2545 legentes
749 2486 962 2548 quantm
1012 2480 1169 2561 nobis
1230 2480 1547 2538 immineant
1582 2481 1945 2553 profectiones
1990 2491 2047 2539 et

468 2567 799 2632 mansiones,
822 2585 1183 2640 praeparemus
1222 2587 1320 2627 nos
1359 2574 1426 2628 ad
1468 2574 1610 2629 hanc
1634 2575 1798 2640 viam,
1824 2590 1925 2633 nec
1956 2589 2046 2631 se-

472 2658 650 2729 gniter
695 2668 903 2729 tempus
946 2673 1192 2718 nostrum
1242 2679 1626 2722 consumamus
1657 2684 1671 2721 :
1702 2681 1770 2723 ne
1798 2668 1925 2723 dum
1953 2683 2048 2723 va-

474 2748 734 2806 nitatibus
765 2751 1148 2819 immoramur,
1198 2764 1254 2810 et
1288 2755 1514 2827 singulis
1559 2772 1679 2827 quae
1724 2759 1793 2814 ad
1846 2760 2044 2826 visum,

475 2845 738 2911 auditum,
774 2856 997 2915 tactum,
1022 2851 1326 2919 odoratum,
1353 2864 1676 2928 gestumque
1700 2857 2050 2924 veniunt,de-

472 2932 759 3002 lectamur,
787 2946 1073 3008 praetereat
1102 2948 1331 3011 tempus,
1367 2959 1467 3000 nec
1516 2947 1749 3016 spatium
1796 2948 1898 3003 viae
1950 2964 2047 3004 cx-

475 3025 738 3096 pleamus,
772 3030 864 3087 sed
889 3029 957 3111 in.
985 3033 1161 3088 medio
1186 3034 1501 3091 deﬁciamus
1526 3037 1683 3107 quasi
1729 3037 1784 3093 in
1812 3039 2044 3095 deserto.

939 230 1333 311 wALArnun
1374 255 1622 313 suum
1657 255 1860 315 rum.
1901 256 2067 316 nou.
2108 259 2259 317 ore.
2300 258 2481 318 rans
2518 260 2561 318 ι.
2599 293 2670 304 -
2706 214 3160 323 THEOLDGICA.

3590 264 3717 325 456

2042 374 2098 440 Α
2122 377 2449 434 celebratum
2471 394 2595 436 cum
2621 380 2707 436 lex
2730 381 2857 465 data
2887 390 2972 437 est
3002 400 3015 436 :
3044 391 3099 438 et
3139 390 3260 455 post
3282 368 3405 439 hac
3428 399 3718 457 nusquam

2126 473 2239 543 geri
2277 472 2380 528 nisi
2409 473 2465 528 in
2488 480 2631 528 terra
2661 475 3053 544 promissionis.

2197 560 2401 635 (Οιιιθ.)
2432 560 2531 620 Hic
2572 566 2707 621 ordo
2751 578 2807 621 et
2856 565 3134 622 distinctio
3172 567 3517 623 mansionum
3544 567 3723 625 valde

2126 655 2429 710 necessaria
2473 664 2578 720 est,
2605 664 2734 721 etc.,
2758 671 2920 727 usque
2957 656 3027 710 ad
3053 656 3415 727 proficiscitur
3450 671 3518 712 ex
3571 657 3721 714 Soc-

2126 746 2271 809 coth,
2294 755 2349 800 et
2380 746 2612 817 applicat
2640 748 2694 802 in
2725 746 2922 802 Ethan.

2200 833 2366 889 Manu
2394 835 2617 891 excelsa.
2652 834 2751 891 Ubi
2778 850 2884 891 non
2908 844 2991 891 est
3017 835 3315 891 humanum
3331 850 3491 906 opus,
3526 849 3726 904 neque

2129 936 2427 993 terrenum,
2451 929 2546 982 sed
2574 928 2835 993 divinum,
2870 927 2941 983 ibi
2984 925 3196 983 excelsa
3236 941 3433 983 manus
3460 927 3728 982 nomina-

2130 1026 2220 1073 tur
2244 1034 2259 1072 :
2282 1033 2382 1090 per
2406 1034 2623 1073 manum
2656 1018 2797 1073 enim
2838 1034 2973 1089 opus
3011 1018 3348 1090 intelligitur.

2201 1112 2363 1168 Vens.
2390 1111 2443 1165 4.
2473 1141 2541 1151 --
2562 1110 2633 1165 Et
2660 1112 2717 1165 in
2759 1111 2860 1165 diis
2888 1128 3087 1166 eorum.
3138 1109 3331 1167 Omnes
3359 1110 3436 1165 dii
3475 1109 3726 1181 gentium

2132 1203 2412 1257 daemonia.
2453 1202 2511 1257 In
2540 1203 2737 1271 quibus
2778 1202 2941 1258 faciet
2998 1202 3256 1258 Dominus
3302 1201 3608 1256 vindictam
3662 1200 3725 1255 in

2132 1292 2219 1346 die
2239 1291 2447 1361 judicii.
2477 1290 2627 1345 Facit
2652 1300 2706 1345 et
2734 1305 2899 1355 nunc,
2929 1305 3053 1345 cum
3082 1290 3172 1360 qui
3201 1290 3268 1345 ab
3300 1289 3407 1344 illis
3449 1289 3724 1359 deceptus

2133 1379 2326 1443 fuerat,
2355 1389 2415 1434 ut
2436 1379 2575 1435 idola
2601 1379 2823 1445 coleret,
2850 1394 2947 1450 per
2978 1379 3201 1435 verbum
3232 1379 3447 1434 Domini
3488 1393 3730 1434 conver-

2134 1488 2227 1527 sus
2271 1472 2440 1526 Deum
2491 1470 2650 1536 colit;
2688 1470 2773 1525 vel
2800 1486 2923 1526 cum
2966 1470 3262 1526 fornicator
3300 1471 3369 1526 ad
3397 1469 3729 1541 pudicitiam

2135 1566 2489 1630 convertitur,
2525 1573 2579 1620 et
2600 1580 2659 1621 se
2682 1580 2896 1620 errasse
2925 1565 3190 1635 deplorat,
3222 1564 3395 1635 ipsius
3438 1564 3728 1634 pteniten-

2138 1659 2228 1713 tiae
2259 1657 2514 1728 lacrymis
2548 1658 2727 1712 uritur
2764 1657 3006 1724 daemon;
3036 1657 3120 1712 vel
3139 1658 3207 1712 de
3234 1654 3487 1726 superbia
3514 1655 3587 1711 ad
3623 1655 3732 1710 hu—

2064 1754 2117 1815 B
2138 1749 2444 1815 militatem',
2473 1750 2537 1805 de
2580 1749 2789 1805 luxuria
2818 1750 2885 1805 ad
2927 1749 3333 1820 parcimoniam.
3367 1747 3603 1816 Quantis
3630 1760 3732 1802 eos

2138 1852 2296 1913 putas
2321 1842 2407 1912 agi
2436 1841 2740 1907 tormentis,
2772 1841 2816 1896 si
2843 1856 3003 1912 quem
3032 1840 3252 1895 videant
3272 1838 3506 1894 vendere
3531 1836 3731 1893 omnia

2142 1951 2259 1999 sua,
2309 1944 2364 1991 et
2398 1936 2529 1990 dare
2568 1934 2910 2005 pauperibus,
2957 1942 3013 1988 et
3042 1933 3229 1988 tollere
3259 1947 3475 1988 crucem
3538 1944 3730 1995 suam,

2143 2037 2199 2083 et
2237 2027 2389 2096 sequi
2434 2027 2709 2081 Christum
2747 2045 2759 2079 :
2795 2025 2880 2081 vel
2908 2041 3032 2080 cum
3058 2024 3297 2080 viderint
3347 2020 3551 2078 fraudis
3614 2035 3736 2076 sua

2093 2124 2097 2128 '
2145 2118 2367 2175 nebulas
2396 2133 2492 2188 per
2528 2118 2858 2188 agnitionem
2900 2116 3094 2171 divina:
3132 2114 3266 2187 legis
3300 2113 3568 2169 reserari?
3600 2110 3733 2167 Non

2145 2212 2288 2268 enim
2319 2211 2434 2266 sine
2465 2211 2594 2280 ipsis
2618 2216 3028 2264 consummatur
3066 2214 3364 2276 pematum.
3391 2203 3557 2259 Nobis
3586 2217 3731 2274 ergo

2148 2314 2488 2371 summopere
2527 2299 2793 2369 agendum
2818 2305 2927 2363 est,
2954 2312 3021 2350 ne
3049 2293 3425 2367 Egyptiorum
3451 2293 3734 2364 primoge-

2147 2395 2282 2461 nita,
2324 2393 2411 2449 vel
2448 2393 2579 2448 deos
2610 2405 2819 2455 eorum,
2861 2404 2998 2460 quos
3025 2388 3286 2443 Dominus
3328 2385 3610 2450 exstinxit,
3647 2399 3737 2439 re-

2149 2484 2472 2540 suscitemus
2515 2482 2569 2537 in
2611 2480 2786 2544 nobis,
2842 2479 2887 2534 si
2912 2478 3218 2534 dederimus
3260 2476 3342 2531 eis
3380 2475 3554 2531 locum
3590 2489 3737 2545 ope-

2149 2576 2303 2632 randi
2330 2576 2384 2630 in
2406 2574 2558 2629 nobis
2588 2589 2707 2644 qum
2736 2571 2997 2628 Dominus
3018 2571 3153 2627 odit.
3187 2568 3278 2625 Sic
3296 2568 3437 2624 enim
3464 2566 3739 2623 Dominus

2148 2668 2333 2738 puniet
2362 2667 2490 2721 deos
2518 2662 2894 2735 .‘Egyptiorum
2934 2662 3002 2718 de
3051 2656 3427 2717 emendatione
3452 2666 3652 2714 nostra
3680 2664 3741 2714 et

2153 2757 2586 2815 conversatione.

2221 2850 2384 2906 Vens.
2410 2848 2548 2904 5.-
2572 2845 2641 2901 In
2662 2844 2900 2901 Soccoth.
2929 2843 2988 2899 In
3012 2841 3396 2899 tabernaculis.
3420 2839 3557 2895 Dum
3578 2838 3737 2895 enim

2151 2944 2563 3017 peregrinamur
2604 2941 2659 2995 in
2710 2954 2955 3009 corpore,
2991 2939 3044 2992 in
3090 2934 3455 2992 tabernaculis
3500 2932 3736 2988 habita-

2151 3050 2293 3090 mus.
2319 3032 2452 3089 Cum
2482 3030 2775 3087 exierimus
2805 3030 2871 3085 de
2893 3027 3150 3101 ASgypto,
3180 3027 3232 3084 id
3263 3037 3369 3092 est,
3399 3027 3465 3081 de
3504 3023 3737 3088 sarculo,

475 3115 687 3174 “Circo
709 3121 851 3175 enim
877 3104 1122 3180 venimus
1146 3124 1201 3179 in
1234 3126 1375 3183 hunc
1399 3102 1679 3194 mundum,
1708 3137 1770 3185 ut
1808 3140 2053 3187 nausea-
2076 3102 2127 3170 α
2157 3128 2390 3199 primum
2432 3120 2778 3178 tabernacula
2817 3120 3049 3190 ﬁgimus,
3084 3120 3317 3175 scientes
3344 3117 3467 3188 quia
3496 3115 3565 3170 ad
3594 3115 3745 3169 ulle-

477 3224 601 3265 mus
629 3209 924 3270 de‘virtute
952 3214 1007 3269 in
1028 3215 1303 3284 virtutem,
1320 3234 1495 3290 neque
1516 3236 1934 3292 permaneamus
1957 3239 2057 3295 pro

483 3303 715 3382 terrenis
740 3305 795 3360 in
827 3316 993 3373 terra,
1031 3308 1173 3365 sicut
1198 3309 1289 3367 ille
1310 3313 1403 3382 qui
1430 3312 1643 3370 dicebat
1672 3332 1687 3369 :
1717 3315 1930 3383 Anima,
1960 3316 2057 3372 Ira-

485 3393 570 3449 bes
596 3394 763 3451 multa
792 3397 925 3453 bona
959 3414 978 3453 :
1006 3401 1289 3467 manduca,
1316 3400 1430 3458 bibe
1453 3413 1503 3458 et
1546 3402 1729 3460 (atare
1752 3404 1902 3478 (Luc.
1932 3407 2055 3479 xu).

481 3487 573 3542 Ait
613 3488 758 3544 enim
804 3489 879 3545 illi
916 3490 1213 3549 Dominus:
1248 3492 1439 3565 Stulte,
1497 3496 1767 3567 auferetur
1808 3506 1918 3552 ate
1959 3498 2060 3553 hac

487 3588 634 3633 nocte
683 3581 861 3636 anima
911 3591 1002 3638 tua
1050 3582 1210 3654 (Ibid.
1228 3584 1268 3657 ).
1296 3585 1416 3642 Non
1462 3587 1601 3643 dixit
1641 3588 1695 3642 in
1741 3587 1844 3644 hac
1882 3597 2056 3654 nocte,

490 3685 590 3727 nec
630 3670 683 3726 in
732 3673 836 3728 hac
858 3673 968 3741 die,
1018 3675 1113 3730 sed
1161 3676 1262 3733 hac
1295 3687 1493 3735 nocte:
1525 3686 1682 3734 nocte
1723 3678 1869 3734 enim
1920 3678 2063 3750 peri—

488 3760 693 3826 mitur,
746 3761 889 3817 sicut
940 3763 1302 3834 primogenita
1347 3764 1722 3838 Egyptiorum
1747 3806 1762 3830 ,
1808 3765 1933 3836 quia
1982 3766 2062 3821 di-

493 3850 625 3905 lexit
672 3852 933 3907 mundum
964 3861 1021 3908 et
1074 3856 1324 3911 tenebras
1363 3856 1512 3927 ejus,
1563 3856 1744 3912 socius
1790 3865 2063 3912 rectorum

495 3943 680 3999 mundi
710 3943 885 4014 hujus,
912 3947 1258 4005 tenebrarum
1285 3950 1497 4005 harum.
1520 3949 1779 4006 Tenebras
1809 3959 1988 4006 autem
2010 3960 2068 4006 et

496 4047 602 4088 nox
626 4035 858 4089 mundus
892 4035 995 4091 iste
1022 4036 1241 4103 dicitur,
1286 4054 1385 4109 pro
1413 4039 1499 4096 his
1526 4041 1618 4111 qui
1666 4042 1719 4096 in
1762 4041 2065 4112 ignorantia

496 4125 703 4191 vivunt,
736 4142 835 4181 nec
862 4126 1043 4183 lumen
1074 4129 1318 4185 veritatis
1340 4131 1625 4202 recipiunt,
1650 4112 1713 4189 et
1730 4132 1852 4189 ideo
1876 4133 1942 4189 de
1962 4133 2070 4191 Ra-

499 4230 675 4272 messe
702 4217 769 4273 ad
797 4216 1032 4275 Soccoth
1060 4235 1166 4275 non
1198 4230 1499 4278 transeunt.

572 4311 735 4369 Vens.
762 4313 901 4370 5.-
925 4312 1157 4384 Profecti
1188 4316 1365 4387 igitur,
1394 4325 1504 4372 etc.
1537 4315 1660 4377 Filii
1704 4315 1869 4373 Israel
1897 4317 2074 4374 adhuc

502 4405 558 4458 in
578 4397 810 4477 Egypto
834 4405 997 4475 positi
1024 4405 1425 4476 quartadecima
1454 4407 1542 4465 die
1569 4406 1817 4465 fecerunt
1847 4410 2069 4480 pascha,

501 4502 558 4551 et
590 4493 802 4549 initium
832 4495 1102 4564 quoddam
1132 4495 1458 4553 festivitatis.
1505 4495 1763 4568 Sequenti
1797 4512 1927 4570 ergo
1964 4499 2073 4565 die,

506 4584 600 4656 qui
636 4594 722 4641 est
768 4586 975 4656 primus
1014 4603 1348 4659 azymorum,
1378 4591 1568 4662 quinto
1612 4591 1841 4660 decimo,
1872 4593 2079 4649 scilicet

505 4676 667 4746 primi
715 4678 937 4743 mensis,
984 4681 1347 4750 proliscuntur
1380 4684 1447 4740 de
1468 4682 1748 4751 Ramesse,
1777 4694 1833 4740 et
1857 4685 2081 4740 veniunt

509 4768 563 4823 in
612 4767 879 4835 Soccoth,
922 4780 984 4827 ut
1013 4772 1087 4831 ibi
1128 4773 1329 4831 faciant
1377 4775 1699 4834 festivitates
1744 4791 2078 4848 azymorum,

513 4857 598 4914 vel
624 4859 786 4915 diem.
819 4859 952 4929 Quis
971 4862 1087 4921 hac
1122 4863 1420 4939 intelligat?
1445 4868 1578 4936 Quis
1603 4869 1687 4924 vel
1717 4883 1784 4923 ex
1814 4876 1967 4938 parte
1990 4883 2083 4924 co-

511 4951 769 5023 gnoscat?
794 4952 937 5009 sicut
963 4952 1249 5025 Apostolus
1277 4957 1412 5014 dicit
1438 4974 1453 5014 :
1482 4957 1568 5013 Ea:
1606 4966 1755 5028 parte
1778 4959 2000 5023 scimus,
2032 4967 2085 5013 et

510 5061 577 5099 ea:
601 5055 747 5115 parte
773 5046 1140 5117 prophetamus
1162 5047 1217 5120 (Ι
1254 5046 1380 5104 Cor.
1407 5050 1548 5119 xm).
1587 5048 1720 5117 Quis
1756 5049 1900 5105 enim
1929 5047 2087 5105 intel-

513 5137 631 5209 ligit
654 5138 924 5209 quomodo
957 5156 1025 5197 ex
1046 5149 1202 5211 parte
1240 5141 1360 5197 dies
1379 5139 1545 5196 festos
1569 5140 1811 5212 agimus,
1836 5147 1898 5195 ut
1930 5155 2080 5195 nemo

516 5245 611 5285 nos
645 5230 848 5301 judicet
890 5235 951 5287 in
974 5243 1123 5303 parte
1151 5232 1256 5287 diei
1294 5231 1434 5300 festi,
1492 5240 1585 5285 aut
1627 5231 1938 5297 neomeniat,
1988 5238 2084 5285 aut

516 5322 759 5378 sabbati?
782 5320 1006 5395 (Coloss.
1038 5324 1125 5395 ιι.)
1157 5322 1346 5380 Omnis
1367 5321 1511 5378 enim
1530 5321 1644 5378 dies
1665 5320 1855 5389 festus,
1880 5322 1972 5393 qui
1993 5322 2087 5377 hic

518 5420 718 5493 agitur,
749 5420 804 5476 in
829 5428 986 5491 parte
1018 5419 1257 5491 geritur,
1294 5433 1402 5473 non
1448 5416 1502 5472 in
1536 5416 1744 5487 integro
1776 5433 1791 5470 :
1821 5415 1916 5471 sed
1963 5430 2086 5471 cum

519 5512 721 5569 exieris
743 5512 811 5569 de
833 5510 1089 5584 Egypto,
1136 5520 1266 5566 tunc
1310 5508 1415 5565 erit
1461 5506 1560 5563 tibi
1604 5507 1843 5577 perfecta
1883 5505 2090 5562 festivi-

522 5615 626 5665 tas.
672 5601 820 5661 Scito
854 5612 1035 5660 tamen
1081 5602 1209 5672 quia
1254 5609 1377 5672 post
1420 5599 1552 5654 illud
1594 5598 1815 5669 pascha,
1853 5595 1994 5666 quod
2035 5596 2088 5649 in

521 5696 757 5773 Egypto
780 5696 984 5754 factum
1000 5702 1087 5752 est
1109 5692 1296 5763 semel,
1324 5690 1596 5750 invenitur
1620 5688 1677 5744 in
1700 5688 1915 5744 deserto
1946 5684 2091 5744 aliud

2159 3218 2324 3283 riora,
2352 3222 2407 3271 et
2425 3214 2495 3270 ad
2522 3221 2724 3269 terram
2751 3220 3020 3278 sanctam,
3050 3211 3325 3267 caelestem
3355 3207 3577 3271 scilicet,
3607 3220 3744 3277 pro-

2158 3325 2429 3385 peramus.
3182 3324 3191 3332 ·
3234 3353 3247 3361 .

2232 3403 2397 3459 Vens.
2421 3400 2475 3455 6.
2496 3430 2567 3441 —-
2591 3398 2668 3453 De
2717 3396 2955 3453 Soccoth.
2995 3390 3204 3469 (Otum,
3251 3395 3391 3450 Imm.
3422 3390 3533 3465 27.)
3562 3389 3745 3446 Proﬁ-

2164 3494 2442 3551 ciscuntur
2476 3506 2545 3548 ex
2568 3489 2823 3555 Soccoth,
2854 3497 2982 3553 etc.,
3007 3503 3168 3559 usque
3197 3485 3265 3539 ad
3294 3494 3355 3541 ut
3375 3499 3482 3541 non
3508 3481 3583 3539 ibi
3618 3497 3743 3539 meo

2162 3594 2332 3653 retur,
2366 3583 2461 3641 sed
2494 3590 2553 3639 ut
2577 3580 2860 3637 victoriam
2889 3584 3275 3649 consequatur.

2236 3676 2304 3731 In
2334 3674 2548 3730 Etham.
2577 3672 2770 3729 Etham
2800 3684 2933 3726 sana
2956 3669 3239 3734 fortitudo,
3264 3664 3348 3722 vel
3373 3662 3660 3739 professio,
3684 3661 3746 3718 in

2165 3784 2270 3842 qua
2296 3766 2670 3824 fortitudinem
2689 3772 2746 3820 et
2771 3761 2937 3819 robur
2956 3758 3306 3826 assumimus,
3331 3773 3401 3814 ne
3436 3756 3492 3812 in
3531 3755 3617 3810 via
3642 3754 3743 3811 de-

2168 3861 2433 3918 ﬁciamus.

2242 3948 2519 4023 (manem,
2539 3946 2692 4018 epist.
2726 3945 2795 4000 ad
2816 3940 3140 4016 Fabiolam.)
3183 3939 3386 4009 Quarta
3425 3936 3636 3995 mansio
3658 3942 3748 3992 est

2166 4040 2546 4107 Phibahiroth,
2576 4047 2708 4105 etc.,
2731 4052 2895 4108 usque
2943 4035 3011 4091 ad
3054 4033 3190 4091 falso
3213 4034 3319 4090 sibi
3341 4045 3623 4089 assumens
3645 4043 3750 4084 vo-

2171 4132 2420 4190 cabulum
2443 4128 2660 4187 virtutis
2681 4137 2739 4186 et
2783 4128 3034 4194 dexterae,
3087 4142 3214 4181 cum
3242 4132 3386 4181 totus
3422 4124 3497 4180 sit
3521 4121 3576 4178 in
3617 4119 3751 4178 sini-

2174 4233 2308 4282 stra.

2244 4315 2410 4371 Vens.
2432 4313 2485 4369 8.
2508 4342 2581 4354 —
2603 4311 2672 4367 In
2702 4310 2877 4377 Maro,
2901 4317 3007 4366 etc.
3044 4306 3167 4382 (11).,
3191 4304 3345 4379 ibid.)
3370 4305 3572 4375 Quinta
3594 4318 3748 4359 man-

2177 4405 2258 4461 sio
2282 4412 2366 4460 est
2391 4402 2563 4471 Mara,
2584 4409 2716 4468 etc.,
2743 4417 2904 4474 usque
2932 4401 3001 4455 ad
3030 4415 3098 4457 ne
3123 4397 3361 4471 refugias
3404 4410 3537 4469 ergo
3577 4394 3749 4468 appli-

2176 4512 2303 4555 care
2328 4496 2396 4551 ad
2416 4488 2850 4551 amaritudinem.

2249 4586 2414 4644 Vens.
2451 4586 2505 4643 9.
2543 4618 2614 4628 —
2656 4584 2723 4640 In
2768 4584 2908 4640 Etim
2952 4584 3039 4638 ubi
3084 4589 3252 4638 erant.
3296 4575 3644 4649 Profectique
3686 4574 3753 4631 de

2181 4679 2541 4736 amaritudine
2565 4685 2828 4735 venerunt
2869 4677 2924 4732 in
2970 4675 3132 4743 Elim,
3158 4673 3271 4741 ubi
3300 4680 3425 4729 sunt
3472 4667 3751 4726 duodecim

2182 4770 2357 4828 fontes
2376 4784 2656 4840 aquarum,
2683 4775 2737 4823 et
2760 4765 3100 4838 septuaginta
3142 4763 3334 4836 palma:
3374 4768 3557 4829 erant.
3594 4754 3754 4813 Vides

2177 4871 2302 4936 post
2323 4858 2710 4917 amaritudines
2734 4864 2790 4914 et
2831 4855 3185 4913 tentationum
3232 4850 3556 4925 asperitates
3598 4858 3753 4919 quam

2182 4968 2398 5012 amoena
2421 4962 2475 5009 te
2500 4951 2795 5022 suscipiant
2820 4949 2937 5005 loca
2961 4950 2975 5003 !
3030 4946 3145 5002 Non
3168 4944 3411 5001 venisses
3430 4942 3500 4997 ad
3528 4938 3751 5013 palmas,

2182 5047 2287 5104 nisi
2330 5044 2687 5102 tentationum
2732 5039 3125 5097 amaritudines
3165 5035 3518 5109 pertulisses;
3566 5046 3670 5088 nec
3690 5029 3752 5085 ad

2187 5138 2525 5196 dulcedinem
2547 5133 2797 5200 fontium,
2818 5133 2922 5188 nisi
2943 5131 3120 5187 tristia
3139 5140 3193 5186 et
3215 5142 3401 5197 aspera
3425 5136 3752 5196 superasses.

2190 5228 2307 5286 Non
2331 5228 2473 5299 quod
2516 5227 2571 5281 in
2592 5226 2679 5281 his
2702 5224 2774 5281 sit
2794 5223 2917 5279 ﬁnis
2936 5220 3148 5277 itineris
3172 5229 3227 5276 et
3246 5216 3511 5290 perfectio
3537 5222 3756 5271 cuncto-

2192 5334 2334 5386 rum,
2356 5322 2453 5375 sed
2470 5319 2809 5389 dispensator
2829 5315 3133 5371 animarum
3158 5311 3298 5368 Deus
3319 5308 3595 5365 interserit
3617 5306 3756 5362 labo-

2194 5413 2345 5468 ribus
2389 5410 2635 5482 quaedam
2689 5405 2994 5477 refrigeria,
3046 5403 3243 5475 quibus
3286 5407 3535 5457 recreata
3588 5398 3755 5452 anima

2190 5503 2488 5573 promptior
2528 5500 2783 5555 reddatur
2803 5497 2871 5553 ad
2912 5495 3122 5564 aliquos
3158 5492 3391 5547 labores.
3418 5488 3557 5545 Elim
3601 5487 3755 5541 inter-

2189 5602 2436 5667 pretatur
2455 5593 2689 5649 arietes:
2715 5590 2910 5646 arietes
2934 5593 3061 5642 sunt
3106 5584 3271 5640 duces
3316 5579 3498 5653 gregis
3515 5618 3532 5645 ,
3558 5575 3615 5632 hi
3644 5578 3755 5667 sunt

2194 5665 2422 5760 apostoli
2444 5686 2609 5743 duces
2652 5683 2830 5758 gregis
2871 5679 3094 5748 Christi,
3122 5677 3215 5751 qui
3262 5679 3389 5732 sunt
3429 5670 3597 5730 etiam
3639 5665 3755 5724 duo.
