4006 6352
225 360 341 420 437

1267 354 1536 415 GLOSSA
1569 353 1969 414 0RDINARIA.
2008 383 2076 396 -—
2112 353 2241 415 LIB.
2284 316 2447 413 N'UM.

3402 352 3509 437 ‘53.

223 477 406 535 decim
426 446 625 532 fontes.
640 471 760 529 Sed
784 470 911 543 quia
947 486 1055 528 non
1080 452 1417 529 solum'illos
1457 472 1619 545 elegit
1660 470 1817 527 Chri-
1842 472 1897 533 Α
1992 468 2195 543 (Οιιιθ.)
2242 469 2373 526 Post
2407 470 2523 525 haec
2565 469 2789 525 veniunt
2836 470 2893 526 in
2926 468 3237 541 Raphidim,
3268 485 3391 540 qua:
3420 470 3502 528 in-

222 581 369 637 stus,
396 569 495 625 sed
532 573 590 624 et
628 564 765 622 alios
795 564 1157 637 septuaginta,
1186 564 1306 620 ideo
1345 564 1680 636 septuaginta
1724 579 1816 618 ar-

220 663 391 720 bores
430 660 745 718 scribuntur
790 671 909 714 esse
952 655 1277 729 palmarum,
1306 664 1363 711 et
1390 655 1491 726 ipsi
1516 654 1662 709 enim
1688 668 1818 726 apo-

222 748 353 808 stoli
400 748 792 814 nominantur;
839 746 983 801 unde
1024 744 1269 801 Paulus:
1319 743 1518 799 Deinde
1567 742 1817 815 apostolis

228 829 500 898 omnibus.
529 839 658 895 Haec
681 845 736 892 te
780 837 1067 893 amoenitas
1089 844 1213 907 post
1239 835 1675 902 amaritudinem,
1704 835 1818 891 htec

219 932 447 1002 requies
472 939 595 1003 post
643 928 909 997 laborem,
954 929 1073 985 haec
1120 929 1290 1004 gratia
1343 928 1600 999 suscipiat
1642 935 1816 985 tenta-

220 1026 454 1080 tionem.

293 1114 462 1171 Vsns.
493 1112 577 1168 10.
607 1142 679 1153 -
700 1109 803 1168 Sed
839 1114 1049 1167 etinde
1076 1114 1287 1184 egressi,
1318 1120 1450 1180 etc.,
1490 1127 1647 1184 super
1669 1128 1817 1167 mare

220 1205 488 1261 Rubrum.
517 1204 657 1272 Quia
684 1212 809 1273 post
838 1204 1186 1275 apostolicam
1218 1193 1520 1261 doctrinam
1548 1211 1604 1260 et
1629 1202 1816 1259 dulces

218 1298 437 1353 fructus
462 1294 884 1366 triumphorum,
921 1295 1189 1353 interdum
1233 1303 1499 1369 apparent
1541 1294 1814 1368 praeterita

217 1388 560 1444 discrimina.

288 1478 639 1549 Profectiquc
668 1478 737 1534 de
769 1478 912 1534 Elim
932 1477 1308 1550 applicuerunt
1341 1476 1498 1548 juxta
1525 1491 1677 1533 mare
1700 1475 1815 1531 Ru-

215 1571 409 1628 brum.
455 1570 592 1626 Nota
616 1571 744 1640 quia
784 1568 899 1639 jam
930 1587 1040 1643 non
1071 1569 1277 1625 intrant
1316 1569 1373 1625 in
1416 1584 1587 1634 mare,
1618 1565 1814 1623 sufﬁcit

218 1661 394 1718 semel
418 1662 687 1729 intrasse;
718 1660 817 1716 sed
842 1661 1114 1732 applicant
1137 1659 1313 1729 juxta,
1346 1669 1403 1717 et
1423 1674 1575 1715 mare
1595 1660 1814 1731 quidem

218 1756 418 1812 vident
456 1763 513 1811 et
559 1754 754 1825 undas,
807 1752 905 1813 sed
930 1763 1114 1813 motus
1156 1755 1275 1827 ejus
1321 1764 1378 1811 et
1424 1754 1658 1827 impetus
1706 1767 1815 1808 non

214 1849 436 1904 timent.

293 1942 440 1997 Mari
467 1941 668 2009 Rubro,
714 1950 821 1998 etc.
871 1940 1150 2013 (ﬂuitem,
1195 1939 1286 1995 ubi
1314 1938 1523 2012 supra.)
1548 1936 1815 1995 Hebraice

214 2040 351 2098 etc.,
382 2049 545 2104 usque
578 2033 649 2086 ad
670 2040 956 2104 postquam
984 2031 1187 2104 egressi
1210 2039 1334 2087 sunt
1363 2032 1430 2087 de
1459 2029 1741 2085 Ramesse.

292 2125 461 2183 Vsus.
488 2126 575 2181 11.
604 2157 675 2167 —-
694 2124 763 2180 In
808 2126 1012 2181 deserto
1039 2123 1157 2181 Sin.
1187 2123 1463 2197 (multum,
1494 2121 1650 2197 ibid.)
1679 2119 1816 2177 Pro-

212 2215 459 2287 fectique
493 2219 560 2273 de
580 2217 719 2272 mari
743 2217 927 2272 Rubro
951 2214 1320 2271 castrametati
1348 2220 1475 2269 sunt
1501 2212 1557 2267 in
1599 2212 1814 2268 deserto

220 2306 345 2375 Sin,
374 2317 506 2374 etc.,
551 2323 711 2378 usque
740 2307 809 2361 ad
835 2307 960 2377 quia
1006 2305 1192 2377 plures
1234 2304 1467 2362 deserta:
1496 2300 1614 2370 ﬁlii,
1648 2318 1814 2375 quam

212 2397 340 2470 ejus
367 2416 490 2471 qua:
524 2400 689 2455 habet
726 2397 924 2454 virum.

250 2541 263 2549 .
296 2492 632 2563 Profectique
681 2492 745 2546 de
793 2492 929 2546 mari
978 2489 1156 2545 Rubro
1207 2488 1597 2559 applicaverunt
1643 2487 1701 2541 in
1723 2485 1815 2541 de—

213 2595 423 2641 sertum
467 2582 589 2640 Sin.
640 2582 758 2649 Sin,
792 2583 959 2638 rubus
1000 2582 1393 2652 interpretatur
1417 2579 1502 2635 vel
1542 2578 1808 2635 tentatio:

215 2677 433 2747 ibijam
462 2678 650 2749 incipit
676 2677 921 2735 arridere
959 2676 1226 2732 bonorum
1273 2691 1418 2746 spes,
1459 2674 1553 2730 ubi
1575 2675 1641 2733 de
1674 2674 1813 2730 rubo

219 2758 480 2839 apparuit
524 2768 806 2835 Dominus,
849 2777 905 2822 et
945 2783 1204 2839 responsa
1230 2766 1379 2823 dedit
1410 2766 1598 2840 Moysi,
1632 2774 1686 2823 et
1708 2767 1813 2822 ini-

220 2859 365 2914 tium
389 2858 716 2914 visitationis
738 2858 864 2914 ﬁliis
882 2858 1066 2915 Israel.
1094 2857 1244 2915 Solet
1263 2858 1407 2914 enim
1430 2858 1483 2913 in
1513 2857 1813 2914 visionibus

214 2965 348 3005 esse
377 2949 605 3005 tentatio
630 2966 645 3016 ;
674 2948 808 3005 solet
832 2950 977 3005 enim
1023 2948 1247 3022 angelus
1292 2948 1596 3021 iniquitatis
1637 2958 1815 3005 trans-

216 3040 543 3112 ﬁgurarese
571 3040 625 3096 in
660 3040 907 3113 angelum
934 3040 1088 3106 lucis,
1122 3048 1177 3098 et
1225 3039 1347 3096 ideo
1393 3039 1623 3096 sollicite
1650 3055 1814 3113 agen-

210 3133 350 3213 dum
378 3141 465 3189 eSt
516 3141 580 3188 ut
601 3133 881 3189 discernas
932 3133 1190 3189 visiones.
1247 3132 1402 3189 Unde
1457 3132 1614 3188 Iesus
1643 3130 1809 3199 Nave,

1918 566 2250 631 terpretatur
2270 558 2389 617 laus
2424 556 2632 630 judicii.
2662 554 2809 615 Bene
2858 557 2980 613 laus
3006 558 3252 630 sequitur
3276 565 3397 629 post
3422 557 3501 614 la-

1917 649 2099 717 bores,
2124 650 2217 706 sed
2238 649 2362 706 laus
2410 648 2598 719 judicii
2624 665 2640 705 :
2678 649 2740 704 Iit
2759 665 2891 723 ergo
2912 648 3074 724 digna
3108 649 3266 705 laude
3293 650 3497 721 anima,

1917 756 2038 812 qua:
2061 749 2208 797 recte
2230 741 2440 813 iudicat
2461 750 2517 798 et
2557 741 2837 809 discernit,
2863 757 2984 813 qua:
3009 741 3220 798 scilicet
3247 741 3501 812 spiritua-

1917 832 2043 888 liter
2068 833 2326 905 dijudicat
2351 833 2557 901 omnia,
2583 841 2639 893 et
2666 849 2698 889 a
2726 833 2940 889 nemine
2969 831 3319 904 diiudicatur.

1986 924 2153 982 Vens.
2187 926 2274 981 I5.
2298 957 2370 967 —
2400 927 2468 982 In
2490 927 2695 982 deserto
2742 926 2918 984 Sinai.
2949 925 3156 998 (Ηιειι.)
3191 926 3341 983 Sinai
3364 928 3501 985 duo-

1917 1016 2125 1075 decima
2156 1020 2385 1076 mansio.
2417 1017 2614 1077 Statim
2660 1018 2757 1075 tibi
2781 1019 2961 1073 veniat
3002 1019 3058 1075 in
3099 1028 3337 1075 mentem
3366 1034 3504 1091 apo-

1917 1112 2181 1168 stolorum
2203 1126 2483 1168 numerus.
2514 1111 2632 1169 Una
2655 1114 2723 1169 de
2747 1112 3015 1184 pluribus,
3051 1113 3148 1170 sed
3175 1112 3350 1183 major
3377 1129 3501 1169 om-

1915 1206 2098 1272 nibus,
2123 1221 2231 1262 nou
2259 1216 2544 1277 separatur
2564 1206 2620 1261 in
2643 1205 2852 1272 ordine,
2893 1205 3154 1279 praecellit
3182 1207 3236 1261 in
3279 1206 3497 1262 merito.

1915 1294 1997 1350 Ad
2021 1295 2162 1350 hanc
2197 1296 2611 1369 quadragesima
2642 1296 2871 1367 septima
2918 1296 3004 1351 die
3048 1297 3373 1369 perveniunt
3414 1296 3500 1352 di-

1915 1395 2071 1442 cente
2123 1386 2445 1458 Scriptura:
2500 1387 2682 1443 Mense
2730 1388 2884 1444 tertio
2914 1390 3223 1461 egressionis
3267 1388 3502 1460 ﬁliorum

1914 1476 2090 1532 Israel
2131 1477 2195 1532 de
2242 1477 2598 1553 AE'gyptoLin
2641 1479 2740 1533 hac
2759 1478 2844 1533 die
2871 1479 3192 1534 transierunt
3233 1480 3287 1534 in
3310 1478 3502 1535 solitu-

1914 1566 2088 1623 dinem
2131 1564 2285 1623 Sinai
2342 1567 2705 1643 (Exod.x1x),
2758 1577 2883 1643 post
2930 1571 3248 1642 pervenitur
3293 1571 3351 1628 in
3404 1571 3503 1631 de-

1916 1668 2122 1715 sertum
2153 1658 2303 1715 Sina.

1988 1748 2116 1805 Sina
2137 1750 2357 1822 quidem
2386 1750 2536 1809 locus
2578 1753 2780 1810 deserti
2804 1762 2910 1822 est,
2940 1771 3062 1827 quae
3092 1771 3255 1828 supra
3284 1757 3381 1815 Sin
3405 1775 3507 1817 no-

1839 1830 2186 1896 Bminavit:
2219 1842 2317 1899 sed
2341 1841 2430 1899 hic
2457 1844 2631 1917 magis
2675 1843 2828 1901 locus
2878 1846 3105 1914 montis,
3161 1848 3253 1919 qui
3304 1848 3360 1905 in
3388 1849 3507 1921 ipso

1914 1932 2129 1989 deserto
2186 1943 2314 2000 est,
2360 1933 2682 2006 appellatur,
2730 1936 2824 2006 qui
2872 1949 2940 1991 ex
2997 1937 3259 1995 vocabulo
3304 1939 3507 1997 deserti

1915 2023 2046 2080 Sina
2076 2024 2293 2082 dicitur.
2322 2022 2616 2097 Postquam
2639 2041 2771 2099 ergo
2805 2026 3097 2084 laudabilis
3124 2028 3315 2100 judicii
3356 2027 3506 2087 facta

1913 2123 2000 2171 est
2028 2115 2230 2181 anima,
2256 2123 2313 2171 et
2332 2126 2543 2171 rectum
2588 2104 2754 2188 cc'epit
2792 2116 2994 2174 habere
3024 2117 3311 2189 judicium,
3342 2120 3505 2176 datur

1913 2206 1964 2262 ei
1990 2205 2078 2262 lex
2104 2221 2135 2261 a
2160 2204 2293 2274 Deo,
2316 2207 2444 2278 quia
2473 2222 2648 2280 capax
2694 2218 2780 2267 est
2805 2209 3113 2267 divinorum
3141 2220 3502 2283 secretorum,

1913 2306 1970 2355 et
1991 2298 2297 2356 caelestium
2324 2298 2619 2357 visionum.

1989 2391 2149 2447 Vens.
2187 2391 2275 2446 16.
2328 2422 2400 2432 -
2428 2391 2512 2447 Ad
2560 2392 2804 2466 sepulcra
2858 2396 3298 2469 concupiscentia
3323 2437 3341 2465 ,
3394 2405 3503 2457 etc.

1914 2483 2199 2558 alienos.)
2257 2483 2443 2540 Tertia
2493 2484 2706 2543 decima
2760 2473 2987 2545 mansio
3021 2488 3267 2561 sepulcra
3312 2504 3512 2547 concu-

1912 2576 2212 2648 piscentiae.
2240 2575 2335 2633 Est
2367 2585 2549 2634 autem
2580 2592 2775 2635 sensus
2816 2577 2904 2634 ille
2932 2579 2998 2636 de
3022 2579 3336 2651 Evangelio,
3363 2580 3509 2652 quod

1912 2666 2175 2724 Dominus
2208 2666 2368 2724 Iesus
2389 2666 2713 2739 baptizatus,
2738 2670 2924 2726 statim
2950 2686 2981 2725 a
3011 2668 3216 2741 Spiritu
3242 2669 3508 2730 deductus

1914 2774 2000 2820 est
2028 2767 2080 2819 in
2116 2764 2411 2833 desertum,
2442 2771 2497 2821 et
2519 2762 2831 2821 tentabatur
2852 2782 2883 2821 a
2911 2764 3128 2821 diabolo
3155 2762 3373 2838 (Matth.
3402 2764 3504 2839 1v).

1912 2856 2101 2928 Itaque
2136 2856 2303 2913 Israel
2347 2864 2474 2929 post
2518 2854 2841 2914 familiarem
2869 2872 2993 2913 cum
3038 2858 3149 2914 Deo
3177 2872 3507 2927 sermonem,

1914 2963 2202 3024 postquam
2219 2952 2375 3024 juxta
2401 2961 2646 3009 montem
2670 2944 2820 3009 Sinai
2843 2961 3213 3009 commoratus
3239 2960 3343 3019 est,
3366 2967 3511 3009 anno

1916 3032 2027 3099 uno
2057 3052 2113 3099 et
2142 3044 2334 3100 diebus
2361 3053 2614 3117 quatuor,
2653 3045 2793 3100 mira
2817 3044 3170 3117 dispositione
3203 3054 3513 3104 castrorum

1921 3150 2175 3207 egressus
2201 3143 2285 3191 est
2313 3135 2367 3191 in
2416 3132 2763 3192 solitudinem
2789 3134 3029 3207 Pharan,
3074 3152 3195 3209 quas
3242 3138 3515 3210 interpre-

216 3208 350 3282 c'um
370 3226 607 3283 visiones
634 3226 860 3293 videret,
910 3227 1209 3300 interrogat
1256 3242 1381 3283 eum
1423 3225 1516 3297 qui
1541 3195 1814 3297 apparuit,
1841 3195 1893 3260 θ
1922 3195 2069 3282 tatur
2095 3242 2323 3299 onager,
2374 3226 2461 3282 vel
2512 3227 2745 3295 feritas;
2779 3221 2965 3299 ibique
3000 3195 3306 3287 succumbit
3355 3195 3515 3287 malae

216 3314 423 3375 Noster
443 3336 530 3386 es,
560 3336 630 3375 an
662 3320 1132 3375 adversariorum?
1175 3317 1251 3374 Ita
1289 3333 1417 3390 ergo
1468 3316 1820 3391 proficiscens

215 3411 409 3469 anima
437 3425 559 3466 cum
593 3410 865 3466 invenerit
902 3410 1284 3467 discretionem
1310 3410 1580 3467 visionum
1622 3410 1820 3482 proba-

216 3505 381 3561 bitur
402 3503 663 3576 spiritalis
705 3518 846 3560 esse.
900 3502 997 3560 Est
1036 3504 1181 3561 enim
1219 3503 1362 3560 inter
1404 3503 1544 3560 dona
1585 3502 1822 3574 Spiritus

219 3600 404 3656 sancti
432 3599 687 3656 discretio
726 3599 1034 3671 spirituum.

296 3690 468 3747 Vens.
518 3692 606 3747 12.
640 3723 711 3734 -—
758 3689 826 3746 In
880 3690 1121 3763 Daphca.
1177 3689 1446 3747 Hebraice
1498 3688 1819 3763 Daphqualt,

213 3791 402 3869 mpm,
425 3781 481 3838 id
520 3790 606 3838 est
641 3780 897 3855 pulsatio.
935 3776 1069 3839 Post
1112 3795 1369 3852 responsa
1414 3779 1652 3848 Domini,
1698 3790 1824 3853 post

217 3885 483 3932 octavum
518 3890 803 3932 numerum
834 3875 1257 3935 resurrectionis
1281 3874 1506 3945 Christi,
1533 3874 1823 3948 incipimus

220 3974 581 4023 sacramenta
603 3964 839 4037 pulsare.

298 4054 515 4129 (Οιιις.)
541 4054 778 4112 Profecti
804 4056 872 4111 de
899 4056 1116 4112 deserto
1138 4054 1260 4125 Sin,
1309 4065 1576 4114 venerunt
1615 4056 1671 4113 in
1713 4057 1824 4113 Da-

231 4149 402 4220 phca,
430 4163 553 4218 quae
572 4148 966 4219 interpretatur
1006 4148 1232 4206 sanitas.
1262 4146 1401 4205 Nota
1430 4148 1675 4206 ordinem
1698 4164 1825 4222 pro-

223 4240 493 4298 fectuum.
547 4238 648 4296 Ubi
698 4238 954 4310 spiritalis
996 4238 1227 4297 eﬂicitur
1270 4239 1471 4307 anima,
1521 4248 1577 4295 et
1621 4238 1826 4296 discre-

224 4330 445 4387 tionem
498 4329 665 4385 habet
686 4330 976 4397 visionum,
1021 4331 1271 4404 pervenit
1319 4331 1388 4388 ad
1414 4332 1723 4397 sanitatem,
1765 4337 1829 4387 ut

222 4423 427 4481 merito
450 4423 628 4479 dicat:
653 4422 908 4490 Benedic,
927 4425 1107 4479 anima
1125 4440 1262 4488 mea,
1286 4422 1535 4491 Domino,
1559 4424 1648 4497 qui
1672 4430 1828 4479 sanat

1917 3321 2106 3378 bestia:
2132 3320 2417 3396 fastidiens
2449 3321 2728 3380 caelestem
2757 3338 2977 3396 panem.

1993 3411 2198 3483 (01110.)
2224 3392 2465 3473 Pro'fecti
2489 3413 2558 3469 de
2584 3412 2739 3482 Sina,
2760 3392 2992 3481 veniunt
3012 3414 3084 3470 ad
3105 3413 3353 3489 sepulcra
3381 3429 3515 3473 eon-

1920 3502 2296 3577 cupiscentiae,
2346 3502 2440 3561 ubi
2488 3503 2699 3563 scilicet
2746 3505 2973 3578 sepulta:
3025 3514 3153 3565 sunt
3200 3514 3256 3562 et
3305 3505 3516 3567 obruta

1921 3592 2398 3669 concupiscentia,
2446 3603 2503 3653 et
2544 3597 2815 3653 exstincta
2867 3597 3046 3654 omnis
3091 3596 3382 3669 cupiditas,
3435 3615 3507 3658 ne

1921 3690 2067 3748 ultra
2113 3691 2464 3763 concupiscat
2510 3707 2639 3749 caro
2676 3693 2937 3750 adversus
2964 3694 3247 3767 spiritum,
3288 3697 3516 3755 mortifi-

1923 3792 2049 3841 cata
2078 3783 2287 3841 scilicet
2311 3790 2485 3841 morte
2505 3782 2728 3841 Christi.

1996 3870 2161 3931 Vsus.
2192 3872 2281 3931 17.
2309 3906 2382 3917 -
2406 3872 2473 3933 In
2506 3872 2788 3931 Haserotlt.
2837 3875 3117 3953 (Ηιειοιί.)
3411 3876 3510 3941 de-

1924 3967 2068 4024 cima
2096 3966 2306 4022 mansio
2339 3965 2395 4021 in
2425 3963 2714 4035 Haseroth,
2768 3984 2891 4040 qua:
2934 3969 3327 4041 interpretatur
3351 3970 3514 4029 atria.

1924 4057 2003 4116 lbi
2053 4057 2234 4115 Aaron
2282 4066 2340 4115 et
2390 4056 2561 4115 Maria
2609 4067 2835 4135 propter
2876 4057 3269 4139 Ethiopissam
3321 4072 3517 4123 contra

1926 4150 2144 4224 Moysen
2167 4158 2532 4220 murmurant,
2559 4159 2615 4209 et
2642 4152 2698 4209 in
2721 4160 2907 4226 typum
2950 4153 3342 4213 murmurantis
3380 4170 3517 4213 con-

1926 4251 2011 4299 tra
2036 4242 2338 4299 Ecclesiam
2362 4242 2431 4300 de
2460 4242 2713 4317 gentibus
2754 4253 3138 4318 congregatam
3165 4246 3395 4331 populus
3418 4245 3520 4309 Ju-

1928 4334 2169 4391 dasorum
2216 4333 2367 4405 lepra
2414 4331 2781 4407 perfunditur,
2835 4349 2937 4391 nec
2988 4334 3131 4393 redit
3157 4336 3228 4393 ad
3266 4335 3519 4395 taberna-

1930 4422 2110 4481 culum
2139 4438 2262 4479 cum
2290 4422 2520 4495 pristina
2552 4423 2806 4490 sanitate,
2836 4424 3009 4480 donec
3048 4433 3315 4484 statutum
3336 4427 3517 4500 pleni-

224 4530 411 4570 οτι-πει
460 4514 741 4587 languens
789 4525 927 4571 tuos.
959 4514 1109 4571 Multi
1138 4524 1266 4571 sunt
1288 4514 1582 4588 languores
1604 4516 1824 4582 animat,
1849 4546 1906 4613 Β
1931 4513 2135 4571 tudinis
2156 4514 2399 4585 gentium
2428 4523 2638 4585 tempus
2658 4512 3014 4586 compleatur.

228 4607 473 4663 avaritia
506 4607 736 4675 scilicet,
762 4608 1034 4679 superbia,
1053 4608 1337 4681 jactantia,
1365 4607 1613 4673 formido,
1639 4609 1828 4666 incon-

225 4703 435 4759 stantia
454 4710 511 4758 et
536 4702 756 4757 similia.

296 4797 676 4852 Castrametati
703 4805 842 4851 sunt.
888 4795 1169 4869 (8191mm,
1192 4794 1349 4861 ibid.)
1370 4792 1591 4852 Decima
1616 4794 1829 4851 mansio

226 4890 288 4947 in
312 4887 509 4944 Exodo
527 4902 633 4943 non
655 4888 908 4954 habetur,
930 4895 1061 4953 etc.,
1084 4902 1250 4963 usque
1270 4886 1339 4941 ad
1363 4894 1419 4942 et
1439 4884 1653 4957 impleri
1682 4884 1831 4942 Scri-

224 4992 451 5056 pturam
478 5001 491 5038 :
525 4981 729 5038 Panem
752 4978 1061 5056 angelorum
1088 4982 1431 5037 mandueabit
1464 4984 1620 5037 homo
1646 4978 1823 5054 (Psal.

226 5071 467 5146 uxvn).

306 5164 664 5237 Profectique
705 5166 771 5223 de
808 5165 1029 5238 Daphca
1071 5166 1295 5222 veniunt
1328 5165 1383 5221 in
1425 5165 1580 5233 Aius,
1621 5165 1678 5222 id
1719 5174 1825 5236 est,

231 5260 478 5315 labores.
502 5256 614 5313 Nec
632 5258 847 5315 mireris
873 5258 919 5315 si
949 5258 1235 5315 sanitatem
1265 5266 1567 5329 sequuntur
1586 5258 1824 5330 labores,

232 5351 367 5422 quia
399 5350 523 5405 ideo
560 5357 784 5404 sanatur
825 5349 1024 5416 anima,
1063 5358 1124 5405 ut
1170 5346 1562 5405 delectabiliter
1594 5348 1824 5419 laboret,

232 5452 295 5501 et
323 5441 544 5497 dicatur
567 5441 616 5497 ei
641 5460 656 5496 :
686 5440 915 5498 Labores
934 5458 1191 5498 manuum
1213 5450 1428 5499 tuarum
1448 5445 1576 5514 quia
1601 5443 1828 5500 mandit-

233 5534 405 5595 βαίνει,
430 5533 612 5589 beatus
636 5550 690 5589 es
715 5544 763 5589 et
788 5534 912 5590 bene
936 5534 1028 5590 tibi
1057 5535 1156 5590 erit
1176 5533 1352 5607 (Psal.
1384 5534 1614 5610 cxxvn).

308 5624 485 5681 Vsus.
509 5625 595 5681 14.
617 5657 689 5667 -
708 5625 1013 5697 Baphidim.
1042 5625 1322 5699 (Bruma,
1346 5627 1499 5703 ibid.)
1524 5628 1832 5685 Castrame—

238 5719 343 5781 tati
366 5718 571 5775 suntin
588 5717 899 5790 Raphidim,
913 5726 1041 5787 etc.,
1063 5735 1224 5792 usque
1242 5719 1313 5775 ad
1333 5720 1508 5777 solent
1528 5722 1831 5790 daemonum

237 5820 585 5889 testamenta
605 5824 954 5885 consurgere.

2001 4603 2207 4677 (01ης.)
2232 4602 2364 4659 Post
2386 4602 2505 4660 hinc
2531 4602 2749 4659 venitur
2773 4603 2829 4658 in
2858 4602 3147 4672 Haseroth,
3175 4607 3319 4679 quod
3348 4609 3521 4668 inter-

1927 4707 2177 4770 pretatur
2198 4697 2337 4752 atria
2358 4696 2601 4769 perfecta
2621 4697 2708 4753 vel
2734 4696 3034 4756 beatitudo.
3052 4700 3288 4770 Intuere,
3319 4704 3515 4771 viator,

1928 4790 2239 4863 diligentius
2262 4788 2385 4862 quis
2410 4789 2483 4845 sit
2524 4789 2659 4847 ordo
2689 4789 3030 4863 profectuum
3062 4810 3077 4849 :
3119 4803 3410 4868 postquam
3434 4814 3521 4858 se-

1929 4883 2153 4957 pelieris
2203 4889 2258 4939 et
2312 4880 2729 4940 mortiﬁcaveris
2779 4885 3251 4957 concupiscentias
3302 4891 3519 4960 carnis,
3596 4948 3603 4953 .

1934 4978 2123 5037 venies
2150 4976 2218 5034 ad
2247 4977 2631 5049 amplitudines
2655 4979 2944 5048 atriorum,
2966 4989 3025 5038 et
3043 4982 3229 5040 venies
3249 4984 3320 5040 ad
3346 4984 3521 5042 beati-

1938 5070 2201 5126 tudinem.
2253 5064 2420 5125 Beata
2453 5079 2540 5127 est
2589 5070 2734 5128 enim
2785 5071 2965 5129 anima
3028 5088 3150 5145 quae
3187 5072 3305 5144 jam
3356 5075 3521 5134 nullis

1933 5163 2082 5220 vitiis
2108 5162 2291 5220 carnis
2320 5170 2561 5235 urgetur.

2005 5251 2173 5309 Vsus.
2201 5250 2288 5310 18.
2328 5283 2398 5294 -
2441 5251 2512 5309 In
2564 5250 2806 5335 Ret_bma.
2861 5253 3141 5326 (limitem,
3170 5258 3260 5315 ubi
3310 5264 3519 5335 supra.)

1933 5342 2318 5402 Castrametati
2339 5346 2538 5401 suntin
2570 5322 2827 5413 Reihma,
2850 5322 3171 5421 etc.,'usque
3194 5348 3265 5405 ad
3287 5358 3344 5408 et

1937 5439 2118 5497 sonitu
2144 5438 2496 5512 Evangelium
2532 5440 2911 5513 pmdicemus.

2009 5536 2213 5614 (01119.)
2267 5537 2396 5595 Inde
2452 5538 2664 5594 venitur
2712 5538 2769 5594 in
2817 5537 3050 5594 Rethma
3105 5539 3220 5596 sive
3276 5538 3520 5598 Pharan.

1934 5628 2172 5689 Bethma
2225 5628 2362 5685 visio
2396 5635 2768 5693 consummata
2825 5628 3250 5698 interpretatur;
3302 5628 3520 5693 Pharan

1937 5735 2067 5778 vero
2087 5735 2150 5779 os
2173 5719 2404 5777 visibile.
2429 5718 2592 5787 Quid,
2619 5717 2725 5774 nisi
2746 5717 2820 5772 ita
2850 5725 3062 5773 crescat
3084 5716 3287 5785 anima,
3311 5728 3372 5775 ut
3393 5734 3519 5778 cum

1938 5815 2158 5874 desierit
2205 5811 2472 5872 molestiis
2523 5810 2710 5869 carnis
2773 5808 2976 5882 urgeri,
3027 5807 3265 5870 visiones
3317 5811 3520 5873 habeat
