4006 6352
525 363 628 418 459

523 489 946 548 consummatas,
998 495 1054 540 et
1101 503 1282 544 rerum
1327 491 1622 561 perfectam
1677 496 1858 565 capiat
1907 497 2100 552 intelli—
2126 501 2181 558 Α

523 575 800 638 gentiam?
849 589 1040 631 causas
1094 579 1300 636 scilicet
1349 583 1736 640 incarnationis
1787 588 1936 644 verbi
1983 589 2094 658 Dei,

523 669 578 714 et
607 663 842 718 rationes
864 667 1324 736 dispensationuin
1348 672 1464 742 ejus
1492 676 1652 732 altius
1678 693 2026 748 cognoscens.

595 754 758 810 Vnus.
793 756 879 811 19.
904 787 972 797 -
1022 759 1088 813 1η
1142 761 1618 836 Remmompﬁares.
1674 768 1948 841 (litt-mos.)
1979 772 2101 828 Mali

524 845 713 902 Punici
747 850 962 914 divisio,
1014 855 1067 908 in
1122 872 1228 925 quo
1275 859 1610 930 signiﬁcatur
1657 865 1897 922 Ecclesia
1947 871 2099 939 quasi

524 938 690 993 multa
714 957 883 1009 grana
916 959 1022 998 uno
1052 947 1254 1002 cortice
1285 953 1495 1021 contegi
1523 971 1535 1006 :
1577 955 1703 1009 dum
1745 938 2102 1014 omnemtur—

522 1027 648 1084 bam
700 1034 1036 1090 credentium
1085 1037 1138 1092 in
1183 1039 1308 1094 ﬁdei
1361 1044 1625 1100 unitatem
1680 1048 1972 1104 concludit.
2003 1052 2101 1106 Vcl

523 1123 758 1180 varietas
783 1134 836 1180 et
864 1133 1215 1187 consonantia
1237 1133 1519 1203 virtutum,
1543 1139 1714 1194 unde:
1746 1140 2102 1199 Multitudinis

523 1222 847 1278 credentium
895 1236 1008 1280 erat
1045 1245 1136 1282 cor
1161 1247 1322 1285 unum
1364 1242 1413 1286 et
1447 1234 1624 1289 anima
1658 1252 1764 1290 una
1815 1237 1952 1307 (Act.
1985 1238 2096 1310 1v);

523 1314 714 1384 sicque
742 1315 904 1370 divisi
936 1327 1063 1373 sunt
1095 1320 1292 1392 singuli
1321 1322 1544 1395 gradus,
1577 1333 1634 1380 ut
1681 1341 1870 1384 omnes
1913 1329 2102 1386 eadem

523 1420 781 1476 compage
807 1416 1108 1466 teneantur.
1482 1458 1484 1460 .
1599 1410 1602 1412 ’

543 1486 546 1488 ’
596 1495 801 1570 (Οιιιο.)
847 1499 974 1556 lude
1000 1503 1214 1558 venitur
1263 1505 1317 1560 in
1349 1505 1848 1578 Remmomphares,
1879 1511 1970 1566 ubi
2001 1511 2104 1566 sci-

522 1588 650 1646 licet
675 1591 985 1648 divitiarum
1027 1604 1083 1649 et
1123 1597 1424 1654 caelestium
1471 1615 1653 1654 rerum
1697 1617 1728 1656 a
1777 1604 2007 1662 terrenis
2050 1613 2104 1660 et

523 1679 726 1735 inﬁmis
749 1683 1008 1740 discretio
1031 1686 1093 1740 ﬁt
1163 1699 1442 1744 crescente
1470 1691 1616 1746 enim
1661 1691 1940 1747 intellectu
1988 1693 2103 1748 ani-

523 1786 649 1836 mte,
681 1774 872 1829 notitia
917 1777 966 1830 ei
1018 1778 1357 1834 excelsorum
1408 1783 1697 1850 praebetur,
1743 1792 1800 1838 et
1839 1783 2104 1852 judicium

527 1861 689 1915 datur
734 1879 841 1932 quo
894 1867 1033 1920 sciat
1081 1884 1112 1922 a
1167 1846 1552 1940 temporalibus
1584 1846 1806 1940 aeterna,
1835 1846 1892 1930 et
1918 1889 1949 1928 a
1976 1889 2103 1945 per-
2130 1846 2180 1907 Β

525 1953 704 2021 petuis
726 1955 927 2011 caduca
958 1971 1232 2027 separare.

598 2046 762 2102 Vens.
792 2048 882 2102 ΞΟ.
905 2079 976 2089 -
1010 2050 1078 2105 In
1104 2049 1300 2120 Lebna,
1350 2063 1454 2110 etc.
1501 2055 1752 2114 Laterem
1794 2058 2018 2115 scilicet.
2045 2059 2106 2114 In

527 2153 630 2192 noc
679 2140 822 2195 enim
879 2145 1108 2198 transitu
1158 2161 1300 2203 nunc
1350 2150 1670 2216 crescimus,
1722 2168 1865 2208 nunc
1922 2154 2106 2210 decre-

527 2229 748 2294 scimus,
777 2239 832 2284 et
861 2241 982 2301 post
1019 2219 1216 2290 multos
1255 2237 1530 2306 profectus
1570 2256 1712 2311 sazpe
1747 2243 1815 2297 ad
1857 2243 2102 2308 laterem,

527 2318 579 2372 id
605 2327 687 2374 est
711 2323 948 2377 carnalia
976 2339 1138 2394 opera
1169 2327 1429 2384 redimus.
1462 2330 1592 2386 Post
1640 2333 1757 2388 hac
1804 2335 2022 2389 venitur
2051 2335 2106 2389 in

526 2409 732 2476 Lclma,
761 2414 904 2482 quod
933 2415 1322 2486 interpretatur
1367 2421 1655 2490 dealbatio.
1710 2425 1836 2480 Scio
1884 2427 1939 2480 in
1987 2427 2108 2483 aliis

527 2501 919 2558 dealbationem
943 2506 1282 2574 culpabiliter
1308 2513 1456 2580 poni,
1481 2521 1540 2566 ut
1564 2529 1685 2568 cum
1709 2505 1908 2571 dicitur
1929 2518 2109 2588 paries

525 2589 829 2657 dealliatus,
858 2601 914 2648 et
941 2609 1289 2653 monumenta
1314 2601 1580 2656 dealbata.
1625 2602 1726 2659 Hic
1755 2614 1936 2661 autem
1963 2608 2108 2662 deal-

525 2681 672 2737 batio
715 2692 797 2739 est
825 2685 890 2739 de
915 2701 1021 2755 qua
1050 2688 1246 2746 dicitur
1269 2709 1282 2745 :
1325 2691 1550 2750 Laoabis
1577 2711 1660 2750 me
1686 2706 1736 2751 et
1761 2715 1917 2768 super
1941 2701 2108 2754 nivem

528 2771 810 2826 dealbabor
845 2772 1016 2845 (Psal.
1042 2780 1094 2846 ι)
1115 2796 1128 2844 ;
1153 2788 1228 2845 et,
1258 2781 1305 2834 si
1325 2781 1522 2851 fuerint
1547 2795 1760 2854 peccata
1783 2797 1950 2841 vestra
1971 2789 2107 2842 sicut

529 2860 877 2930 Platenicium,
899 2879 956 2920 ut
995 2870 1160 2924 nivem
1187 2872 1458 2931 dealbabo.
1497 2875 1564 2931 Et
1591 2877 1738 2944 alibi,
1784 2879 1920 2934 Nive
1964 2881 2110 2935 deal-

529 2956 792 3028 babuntur
841 2960 896 3014 in
945 2958 1174 3018 Selmon.
1227 2965 1296 3020 Et
1339 2969 1538 3023 vetusti
1577 2969 1785 3026 dierum
1817 2972 1995 3042 capilli
2023 2973 2107 3028 di-

528 3056 725 3103 cuntur
767 3063 888 3105 esse
917 3053 1162 3119 candidi,
1206 3055 1258 3110 id
1301 3065 1403 3124 est,
1452 3057 1558 3114 albi
1597 3061 1739 3117 sicut
1788 3061 1931 3116 lana.
1981 3062 2107 3118 Haec

527 3140 694 3211 igitur
722 3142 988 3200 dealbatio
1012 3160 1080 3200 ex
1111 3147 1395 3216 splendore
1443 3165 1585 3206 verae
1611 3150 1749 3208 lucis
1789 3152 2106 3225 intelligitur

526 3235 828 3303 provenire,
873 3245 928 3294 et
969 3252 1036 3294 ex
1084 3239 1352 3297 visionum
1379 3243 1681 3300 caelestium
1732 3245 1979 3301 claritate
2005 3247 2100 3303 de-

527 3327 807 3384 scendere.
1681 3387 1695 3399 .
2106 3343 2109 3347 ’

599 3416 764 3476 Vens.
791 3419 882 3476 2i.
909 3451 982 3463 -—
1003 3421 1070 3477 In
1101 3421 1283 3480 Ressa.
1313 3424 1490 3482 Frena
1520 3427 1748 3484 scilicet.
1777 3427 1834 3484 Si
1862 3430 2008 3486 enim
2036 3430 2105 3487 ad

525 3507 788 3564 lutulenta
833 3526 1000 3583 opera
1026 3513 1427 3582 descendimus,
1477 3515 1783 3573 infrenandi
1814 3535 2020 3587 sumus,
2050 3529 2106 3578 et

528 3619 692 3659 cursu
738 3607 860 3678 vagi
889 3615 1052 3677 atque
1098 3609 1406 3682 praecipites
1448 3609 1856 3683 Scripturarutn
1901 3615 2104 3672 retina-

527 3697 662 3752 culis
691 3697 972 3768 dirigendi.

599 3787 804 3859 (0mc.)
834 3789 963 3846 Post
992 3791 1106 3848 haec
1132 3792 1193 3848 ﬁt
1214 3795 1426 3852 mansio
1454 3797 1509 3852 in
1545 3797 1737 3866 Ressa,
1768 3807 1900 3868 etc.,
1940 3815 2104 3874 usque
2137 3829 2144 3836 -

528 3879 598 3933 ad
618 3894 747 3951 ergo
767 3888 852 3936 est
877 3881 1106 3938 visibilis
1135 3885 1219 3940 vel
1243 3883 1530 3943 laudabilis
1559 3891 1808 3948 tentatio.
1876 3899 1880 3902 '

525 3987 528 3992 ·
599 3969 763 4027 Vnus.
787 3972 877 4028 25.
901 4004 973 4015 -——
999 3973 1068 4029 In
1113 3987 1289 4032 monte
1315 3977 1531 4049 Sep/ter.
1557 3981 1832 4058 (HIERON.)
1858 3984 2103 4042 Pulchri-

530 4066 747 4122 tudinis.
804 4066 956 4125 Mons
1007 4078 1187 4124 autem
1235 4072 1651 4140 pulchritudinis
1697 4086 1783 4134 est
1832 4077 2098 4135 Christus.

517 4155 798 4212 ‘Vicesima
829 4158 1042 4214 mansio
1065 4163 1121 4216 in
1157 4171 1342 4217 monte
1371 4157 1784 4234 pulchritudinis
1810 4169 2103 4224 constituta

526 4255 628 4309 est,
659 4248 725 4302 de
745 4263 850 4317 qua
891 4249 1123 4305 dicitur:
1155 4249 1400 4319 Domine,
1439 4255 1554 4324 quis
1578 4255 1833 4310 habitabit
1858 4257 1911 4310 in
1932 4243 2103 4313 faber“-

433 4367 436 4370 -
526 4340 714 4395 naculo
743 4348 830 4395 tuo
848 4341 874 4394 .9
892 4349 998 4397 etc.
1026 4339 1198 4414 (Psal.
1221 4343 1356 4415 xiv).
1385 4342 1548 4400 Vides
1583 4346 1711 4416 quid
1752 4348 1961 4417 prosint
1994 4348 2102 4406 fre-

525 4448 592 4486 na
625 4452 636 4486 :
670 4449 699 4486 a
746 4433 887 4487 vitiis
915 4448 1013 4488 nos
1041 4434 1348 4502 retrahunt,
1377 4435 1446 4490 ad
1492 4436 1754 4492 virtutum
1795 4437 1987 4496 choros
2018 4442 2100 4498 in-

527 4525 832 4592 troducunt,
855 4534 910 4581 et
941 4526 996 4581 in
1023 4525 1238 4583 Christo
1263 4538 1446 4586 monte
1469 4530 1830 4600 pulcherrimo
1856 4535 2099 4595 habitare
2122 4555 2178 4618 D

527 4617 749 4671 faciunt.

599 4709 797 4779 (Οιιιο.)
820 4710 937 4767 Alia
956 4711 1152 4768 littera.
1181 4713 1311 4769 Inde
1331 4717 1530 4771 venitur
1549 4718 1602 4772 in
1624 4728 1852 4773 montem
1873 4719 2095 4792 Sepher,

527 4806 668 4874 quod
701 4805 1017 4861 tubicinatio
1040 4807 1253 4862 dicitur.
1283 4809 1432 4866 Tuba
1472 4811 1684 4880 signum
1721 4812 1845 4867 belli
1870 4822 1973 4878 est,
2006 4815 2098 4870 ubi

525 4899 668 4951 ιιιιὶιιι
696 4913 754 4953 se
781 4897 946 4952 tantis
973 4913 1037 4952 ac
1067 4899 1264 4955 talibus
1302 4901 1591 4956 virtutibus
1631 4911 1892 4956 armatam
1936 4904 2101 4959 sentit

527 4989 730 5051 animo,
788 4987 1094 5043 necessario
1144 4990 1394 5058 procedit
1443 4991 1510 5045 ad
1556 4989 1775 5055 bellum,
1830 4993 1970 5060 quod
2017 5003 2102 5048 est

526 5091 712 5135 contra
743 5081 1078 5152 principatus
1101 5091 1156 5137 et
1197 5091 1510 5152 potestates,
1539 5090 1594 5136 et
1616 5079 1775 5149 hujus
1801 5084 1984 5138 mundi
2015 5099 2098 5139 re-

526 5185 720 5228 ctnrcs.
755 5175 852 5229 Vel
874 5174 1002 5230 tuba
1032 5175 1175 5230 canit
1208 5175 1261 5228 in
1291 5175 1454 5229 verbo
1480 5173 1576 5228 Dei
1610 5173 1868 5230 doctrinae
1895 5176 2100 5231 scilicet

525 5275 579 5318 et
605 5266 1034 5338 przctlicationis:
1063 5274 1124 5319 ut
1159 5265 1250 5334 qui
1287 5265 1519 5320 audierit
1547 5266 1748 5330 tubam,
1793 5281 2098 5337 praeparare

526 5372 586 5410 se
611 5357 777 5424 possit
803 5357 870 5411 ad
892 5356 1112 5410 bellum.

597 5445 875 5500 “135.24.
899 5476 970 5485 —
993 5444 1064 5498 In
1091 5445 1290 5498 Arada.
1335 5444 1607 5517 (Ηιειιοιι.)
1650 5445 1983 5503 Miraculum.
2028 5448 2088 5505 Et

525 5545 651 5589 nota
696 5537 962 5598 ordinem,
995 5544 1116 5602 post
1169 5540 1348 5588 trcnns
1403 5534 1454 5588 in
1487 5535 1780 5589 Ecclcsmm
1824 5535 2093 5591 intromit-

526 5629 709 5693 timur,
743 5629 866 5683 inde
903 5629 969 5682 ad
1000 5639 1234 5683 montem
1278 5629 1476 5684 Christi
1504 5630 1863 5698 ascendimus,
1905 5631 2097 5700 inquo

523 5722 684 5789 positi
713 5721 972 5777 miramur
1013 5735 1133 5791 quae
1167 5735 1266 5777 nec
1289 5722 1474 5780 oculus
1503 5725 1656 5795 vidit,
1686 5740 1784 5782 nec
1824 5726 1974 5782 auris
2003 5743 2100 5784 au-

525 5815 677 5874 divit.

1054 369 1448 430 WALAFRIDI
1488 374 1732 434 STRABI
1768 377 1972 436 FULD.
2016 381 2180 439 MON.
2224 384 2374 442 OPP.
2415 389 2616 448 PARS.
2656 393 2698 447 Ι.
2741 422 2810 433 —
2847 394 3302 456 THEOLOGICA.

3668 410 3774 466 H0

2275 500 2475 575 (Οιιις.)
2504 506 2578 561 De
2599 517 2782 565 monte
2810 511 3018 581 Sepher
3035 525 3298 571 venerunt
3326 519 3380 572 in
3404 519 3604 588 Arada,
3631 523 3779 592 quod

2206 595 2595 665 interpretatur
2619 599 2841 657 idoneus
2863 601 3102 671 eﬂ‘ectus,
3137 619 3196 660 ut
3218 608 3421 664 scilicet
3440 609 3584 666 dicat
3610 631 3624 666 :
3657 613 3781 668 Ido-

2206 705 2327 743 neos
2357 707 2450 744 nos
2481 690 2604 760 fecit
2650 694 2916 750 ministros
2947 697 3083 752 Novi
3128 698 3442 756 Testamenti
3469 703 3518 774 (Ι
3541 702 3667 759 Cor.
3693 706 3778 778 ιι).

2274 779 2440 834 Vens.
2466 780 2555 836 25.
2579 813 2650 824 —-
2695 784 2976 842 Maceloth.
3009 788 3226 858 Coetus;
3257 793 3375 848 haec
3419 803 3502 849 est
3536 796 3780 855 Ecclesia

2204 871 2270 926 de
2301 887 2407 941 qua
2435 873 2634 929 dicitur
2660 895 2672 930 :
2708 875 2846 933 Ecce
2869 898 3026 952 quam
3077 882 3266 938 bonum
3294 897 3343 939 et
3389 905 3551 956 quam
3586 890 3784 958 jucun-

2204 963 2352 1030 dum,
2380 967 2637 1032 habitare,
2663 971 2872 1039 fratres,
2901 973 2956 1028 in
2979 992 3141 1030 unum
3170 977 3223 1048 (I
3249 976 3373 1032 Cor.
3397 980 3504 1054 ιιι).
3536 981 3640 1038 Vel
3663 999 3782 1040 oon-

2203 1058 2449 1112 sonantia
2483 1061 2721 1116 omnium
2750 1063 3029 1119 virtutum.
3839 1133 3842 1136 ,

2276 1145 2477 1220 (Οιιις.)
2506 1148 2632 1205 lude
2660 1153 2874 1208 venitur
2893 1157 2958 1210 ad
2999 1155 3283 1225 Macelotb,
3324 1163 3469 1231 quod
3515 1163 3781 1236 interpre-

2204 1248 2354 1294 tatur
2383 1241 2452 1296 ab
2508 1242 2684 1298 initio.
2732 1243 3141 1317 Contemplatur
3165 1251 3310 1304 enim
3355 1253 3449 1322 qui
3489 1255 3560 1310 ad
3603 1257 3782 1326 perfe-

2207 1330 2444 1386 ctionem
2476 1334 2650 1388 tendit
2695 1336 2909 1391 initium
2930 1353 3148 1405 rerum,
3176 1340 3284 1396 imo
3333 1351 3527 1400 cuncta
3559 1347 3630 1400 ad
3661 1362 3784 1403 eum

2204 1418 2374 1474 refert
2396 1423 2488 1491 qui
2523 1432 2641 1480 erat
2678 1426 2731 1480 in
2771 1428 3038 1500 principio
3066 1433 3207 1504 apud
3235 1433 3428 1503 Deum,
3455 1450 3558 1493 nec
3577 1438 3650 1493 ab
3679 1439 3784 1496 isto

2205 1525 2444 1582 unquam
2470 1518 2675 1572 recedit
2695 1518 2868 1575 initio.
3468 1575 3478 1590 ,

2277 1603 2480 1676 (Ηιειι.)
2524 1606 2603 1662 Ex
2653 1609 2757 1665 hac
2809 1613 3022 1669 venitur
3058 1615 3113 1671 in
3161 1616 3448 1686 Maceloth,
3497 1624 3648 1692 quod
3707 1634 3788 1682 est

2203 1695 2538 1766 principatus
2563 1699 2645 1755 vel
2673 1701 2855 1774 virgae,
2884 1701 3122 1776 utroque
3145 1715 3384 1778 potestas
3413 1711 3712 1781 indicatur,
3735 1724 3787 1772 et

2207 1787 2349 1852 quod
2375 1789 2554 1843 anima
2590 1804 2826 1862 eousque
2869 1795 3184 1864 profecerit,
3231 1808 3294 1854 ut
3332 1801 3646 1859 dominetur
3677 1821 3788 1861 cor-

2207 1879 2325 1947 pori
2359 1881 2511 1948 quasi
2538 1889 2724 1938 tenens
2748 1885 2953 1956 virgam
2974 1890 3278 1957 potestatis,
3306 1892 3416 1949 imo
3438 1896 3535 1950 toti
3557 1899 3786 1967 mundo,

2209 1983 2328 2023 cum
2351 1968 2511 2024 dicit:
2541 1969 2674 2027 Mihi
2695 1976 2919 2030 mundus
2940 1979 3225 2048 crucifixus
3247 1993 3343 2048 est,
3365 1993 3471 2040 etc.
3507 1983 3658 2056 (Gal.
3685 1989 3784 2057 τι).

2277 2061 2440 2116 Vens.
2464 2062 2551 2117 26.
2581 2092 2654 2105 -—
2679 2063 2936 2122 Tltaltath.
2963 2068 3159 2137 Pavor,
3183 2073 3381 2141 quiest
3407 2086 3588 2132 custos
3610 2078 3790 2134 beati-

2209 2151 2429 2216 tudinis,
2481 2161 2540 2208 ut
2584 2155 2676 2224 qui
2727 2162 2936 2212 tantum
2989 2162 3254 2230 ascendit,
3300 2179 3408 2219 non
3456 2167 3786 2238 superbiat;

2209 2243 2404 2314 quasi:
2443 2245 2644 2300 Venisti
2675 2249 2745 2302 ad
2782 2249 3086 2316 ecclesiam,
3119 2253 3411 2309 ascendisti
3439 2255 3504 2309 ad
3540 2267 3789 2313 montem

2208 2330 2898 2410 pulcherrimum,lstupore
2927 2350 2982 2396 et
3017 2342 3277 2399 miraculo
3320 2355 3412 2400 tuo
3437 2345 3642 2402 Christi
3675 2363 3792 2403 ma-

2210 2426 2544 2496 gnitudinem
2573 2430 2871 2486 conﬁteris.
2905 2431 3069 2488 Vides
3113 2433 3186 2488 ibi
3211 2434 3410 2492 multos
3450 2437 3675 2494 virtutis
3706 2455 3791 2494 so-

2209 2517 2324 2571 cios
2352 2533 2365 2570 :
2399 2515 2526 2572 Noli
2551 2518 2716 2574 altum
2762 2539 2962 2593 sapere,
2993 2525 3083 2578 sed
3131 2542 3311 2596 sapere
3337 2527 3406 2582 ad
3444 2529 3790 2585 sobrietatem

2211 2605 2390 2678 [Rom.
2415 2609 2538 2682 xu].
2567 2610 2750 2668 Timor
2769 2613 3030 2670 virtutum
3055 2626 3257 2683 custos,
3293 2621 3554 2676 securitas
3574 2622 3790 2688 labilis,

2210 2697 2379 2751 unde:
2418 2695 2580 2768 Virga
2608 2709 2702 2754 tua
2743 2711 2790 2756 et
2816 2701 3030 2758 baculus
3067 2715 3211 2771 tuus,
3244 2707 3359 2776 ipsa
3407 2725 3486 2762 me
3509 2710 3791 2766 consolata

2209 2797 2329 2843 sunt
2376 2787 2547 2861 (Psal.
2582 2792 2699 2862 xu).
2749 2791 2864 2849 Hoc
2913 2803 2998 2851 est
3043 2797 3172 2852 dum
3201 2805 3472 2855 tormenta
3516 2799 3791 2870 formido,

2207 2879 2434 2950 gratiam
2457 2889 2731 2950 acceptam
2755 2898 2932 2940 servo.

2281 2959 2482 3042 (Οιιισ.)
2514 2971 2644 3028 Post
2670 2974 2786 3030 haec
2808 2975 2870 3029 ﬁt
2896 2977 3105 3033 mansio
3131 2979 3186 3034 in
3222 2979 3486 3049 Thabath,
3524 2985 3678 3053 quod
3703 2997 3789 3043 est

2208 3063 2547 3120 conﬁrmatio
2572 3063 2656 3119 vel
2681 3067 2960 3136 patientia.
3003 3066 3234 3125 Necesse
3272 3078 3357 3126 est
3376 3073 3517 3128 enim
3537 3089 3666 3130 eum
3693 3079 3789 3148 qui

2209 3155 2322 3209 vult
2349 3154 2470 3210 aliis
2495 3156 2768 3224 prodesse,
2809 3157 2978 3213 multa
3022 3159 3155 3228 pati,
3190 3169 3246 3216 et
3273 3171 3468 3218 cuncta
3509 3167 3792 3235 patienter

2205 3244 2387 3310 ferre;
2419 3245 2560 3301 unde
2583 3263 2595 3298 :
2631 3243 2744 3316 Ego
2769 3247 2906 3301 enim
2933 3247 3202 3303 ostendam
3227 3251 3276 3304 ei
3321 3260 3515 3322 quanta
3541 3266 3788 3324 oporteat

2205 3354 2324 3393 eum
2354 3339 2465 3409 pati
2485 3354 2579 3406 pro
2601 3339 2805 3394 nomine
2827 3356 2940 3394 meo
2973 3341 3110 3412 (Act.
3135 3340 3237 3414 IX).

2275 3427 2440 3485 Vsus.
2464 3429 2552 3484 27.
2572 3459 2643 3471 -
2665 3428 3033 3486 Castrametati
3057 3442 3179 3489 sunt
3203 3434 3259 3488 in
3283 3433 3471 3492 There.
3499 3435 3787 3512 miseos.)

2203 3521 2263 3579 Id
2289 3529 2373 3577 est
2416 3521 2645 3590 malitia,
2676 3530 2806 3590 etc.,
2838 3538 3001 3594 usque
3045 3523 3114 3580 ad
3143 3534 3200 3581 et
3236 3524 3384 3584 Elias
3409 3543 3440 3582 a
3477 3530 3657 3586 corvis
3687 3547 3788 3604 pa-

2204 3613 2391 3670 scitur.

2275 3705 2479 3778 (Oiuc.)
2512 3705 2641 3762 Inde
2668 3705 2884 3762 venitur
2908 3707 2975 3762 ad
3001 3707 3201 3776 Thare,
3240 3709 3388 3780 quod
3413 3719 3498 3768 est
3528 3721 3780 3769 contem-

2203 3797 2369 3870 platio
2395 3800 2650 3870 stuporis,
2687 3799 2742 3855 id
2778 3809 2863 3856 est
2903 3801 3108 3857 extasis
3152 3817 3278 3860 cum
3315 3803 3540 3877 alicujus
3567 3821 3786 3878 magna

2203 3891 2284 3946 rei
2306 3891 2564 3962 stupescit
2586 3891 2800 3946 animus
2819 3892 3196 3950 admiratione.

2211 4069 2216 4074 ν
2277 4001 2552 4073 (Ηιειιοιι.)
2581 4002 2758 4058 Thare
2781 4003 2983 4060 malitia
3003 4003 3087 4060 vel
3111 4012 3354 4075 pastura,
3379 4008 3521 4078 quod
3545 4009 3612 4064 ad
3641 4025 3786 4080 pra-

2204 4095 2410 4166 positos
2437 4095 2711 4161 Ecclesiae,
2736 4095 2822 4152 vel
2846 4097 2914 4152 ad
2961 4097 3260 4154 custodiam
3291 4099 3486 4154 animae
3520 4099 3782 4166 refertur,

2204 4197 2266 4244 ut
2314 4189 2577 4245 sollicitus
2621 4187 2694 4244 sit
2743 4189 2835 4260 qui
2881 4191 3077 4260 pascit,
3131 4207 3200 4247 ne
3232 4183 3477 4248 diabolus
3505 4193 3561 4248 in
3593 4194 3784 4250 caulas

2205 4282 2408 4347 ovium,
2441 4281 2496 4338 id
2520 4289 2604 4339 est
2629 4281 2884 4340 ecclesias
2918 4282 3099 4354 aliquo
3133 4283 3392 4342 vitiorum
3421 4283 3684 4343 foramine
3719 4301 3784 4342 se

2205 4378 2435 4448 ingerat.

2273 4491 2439 4547 Vsus.
2472 4489 2562 4547 28.
2587 4520 2659 4532 —
2702 4490 2964 4546 Methcha.
3012 4491 3134 4564 (1ο.)
3164 4491 3417 4549 Dulcedo.
3449 4491 3655 4560 Quasi:
3689 4508 3780 4549 as-

2203 4581 2431 4638 cendisti
2463 4580 2518 4635 in
2553 4580 2829 4637 excelsum
2864 4590 3101 4636 montem
3143 4583 3332 4652 patris,
3379 4591 3436 4637 et
3461 4584 3691 4638 miratus
3716 4598 3780 4638 es

2201 4675 2461 4728 virtutum
2492 4673 2710 4736 choros,
2741 4672 2969 4728 timuisti
3017 4674 3248 4739 ruinam,
3286 4673 3531 4743 abjecisti
3560 4674 3780 4730 insidia-

2203 4773 2368 4826 tores,
2404 4763 2524 4819 ideo
2563 4762 2734 4818 dulcis
2784 4771 2837 4818 te
2884 4761 3094 4819 fructus
3133 4763 3333 4819 laboris
3367 4764 3691 4834 insequitur,
3717 4772 3778 4817 ut

2205 4859 2350 4914 dicat
2379 4856 2662 4912 Psalmista
2694 4873 2707 4909 :
2745 4855 2915 4920 Quam
2942 4856 3119 4910 dulcia
3149 4855 3387 4926 faucibus
3415 4858 3545 4911 meis
3573 4856 3776 4925 eloquia

2206 4960 2296 5004 tua
2321 4947 2492 5020 (Psal.
2516 4947 2733 5018 cxvnt)!
2765 4947 3017 5013 Samson,
3045 4949 3136 5018 qui
3163 4950 3417 5020 abegerat
3448 4965 3480 5003 a
3509 4949 3773 5005 fructibus

2205 5043 2319 5096 suis
2342 5055 2493 5104 aves,
2529 5047 2585 5094 et
2607 5038 2794 5108 vulpes
2831 5054 2952 5108 quae
2987 5039 3350 5094 exterminant
3395 5039 3589 5095 vineas
3629 5038 3774 5096 colli-

2205 5140 2446 5204 gaverat,
2477 5131 2688 5186 leonem
2715 5146 2928 5200 quoque
2968 5129 3312 5188 interfecerat
3342 5131 3666 5204 rugientem,
3695 5129 3772 5186 fa-

2204 5235 2330 5276 vum
2362 5221 2568 5276 invenit
2587 5221 2641 5274 in
2673 5236 2768 5276 ore
2801 5222 3018 5276 mortui.

2207 5373 2210 5382 ς
2274 5332 2404 5389 Post
2443 5333 2562 5388 haec
2594 5343 2857 5388 venerunt
2902 5334 2969 5388 ad
3025 5333 3294 5400 Methcha,
3326 5337 3471 5405 quod
3519 5338 3770 5407 interpre-

2202 5435 2350 5481 tatur
2398 5440 2544 5480 mors
2592 5441 2766 5481 nova:
2821 5442 2970 5482 mors
3003 5437 3181 5482 autem
3230 5443 3365 5482 nova
3417 5436 3522 5494 est,
3562 5427 3770 5499 quantis

2204 5516 2420 5571 Christo
2469 5516 2852 5572 commorimur
2907 5525 2963 5573 ct
3013 5517 3424 5590 consepelimur,
3483 5529 3543 5576 ut
3595 5517 3769 5575 convi-

2202 5625 2390 5666 vamus
2413 5626 2462 5665 CI
2472 5650 2484 5663 .

2276 5725 2440 5779 Vens.
2463 5725 2555 5780 29.
2583 5755 2654 5765 -——
2685 5724 2969 5779 Hesmona.
3021 5724 3151 5790 Quae
3200 5723 3592 5792 interpretatur
3624 5721 3764 5776 festi-

2205 5818 2374 5885 natio,
2403 5817 2526 5888 quia
2564 5825 2686 5889 post
2711 5816 2890 5874 dulces
2924 5815 3132 5875 fructus
3159 5813 3358 5877 laboris
3389 5828 3499 5874 non
3519 5814 3766 5876 debeam

3969 3719 3971 3826 4

3969 4115 3971 4220 l
