4006 6352
209 337 317 393 441

212 540 598 597 extendamus.

294 630 502 703 (Οιιιθ.)
532 631 659 687 inde
699 632 766 686 ad
795 631 993 688 Seman
1023 634 1260 701 venitur,
1288 635 1432 705 quod
1455 649 1541 700 os,
1568 635 1653 690 vel
1682 650 1806 690 ossa

217 721 540 793 signiﬁcare
564 721 785 790 dicitur,
818 723 873 778 in
909 738 1017 794 quo
1051 725 1223 780 virtus
1251 733 1306 780 et
1346 725 1512 780 robur
1533 725 1808 797 patientia:

214 810 552 869 declaratur.
802 863 804 866 ,

295 905 465 960 Vsns.
499 904 588 959 50.
615 925 691 946 ι·-
743 905 1032 962 Moseroth.
1094 907 1369 981 (Ηιειιοιιι.)
1425 908 1673 973 Vincula,
1723 906 1808 962 vel

220 995 534 1065 disciplina.
573 995 1047 1068 Utmagistrorum
1071 1007 1308 1054 teramus
1334 999 1558 1066 limina;
1591 1006 1647 1054 et
1676 1013 1811 1068 prae-

223 1098 385 1158 cepta
414 1087 700 1154 virtutum,
731 1105 794 1144 ac
841 1090 1098 1160 mysteria
1147 1088 1571 1158 Scripturarum,
1595 1085 1810 1142 vincula

221 1186 482 1247 putemus
510 1193 630 1234 esse
673 1187 875 1234 aeterna
904 1187 1093 1234 contra
1140 1178 1337 1233 diaboli
1386 1185 1709 1249 potestatem
1757 1185 1811 1232 et

223 1268 485 1322 vincula:
535 1269 732 1338 quibus
765 1269 996 1340 diruptis
1028 1270 1157 1325 vicit
1201 1271 1385 1326 hostes
1440 1269 1691 1326 Samson.
1734 1270 1812 1325 De

228 1364 431 1434 quibus
471 1363 708 1418 dicitur:
759 1364 1018 1436 Dirupisti
1066 1365 1274 1420 uincula
1323 1383 1438 1420 mea
1462 1365 1632 1438 (Psal.
1662 1365 1806 1436 cxv).

222 1452 330 1520 Qui
359 1454 574 1510 vinculo
617 1454 818 1510 Christi
873 1455 1036 1511 fuerit
1092 1455 1306 1528 ligatus,
1358 1457 1536 1512 dicet:
1580 1457 1810 1513 Sinistra

221 1543 342 1614 ejus
369 1545 466 1598 sub
501 1546 671 1615 capite
699 1561 812 1600 meo
833 1555 882 1600 et
924 1545 1137 1602 dextera
1172 1547 1287 1618 ejus
1321 1546 1706 1618 amplexabitur
1730 1563 1812 1602 me

227 1632 462 1706 (Cantic.
491 1634 576 1706 ιι).

299 1729 505 1800 (Osuiu)
531 1730 657 1786 Inde
687 1731 752 1786 ad
783 1730 1074 1800 Moseroth,
1119 1732 1261 1803 quod
1299 1741 1386 1789 est
1406 1733 1719 1799 excludens,
1749 1739 1810 1786 ut

224 1819 342 1891 jam
364 1822 614 1877 excludat
641 1825 1011 1895 suggestiones
1033 1826 1292 1882 contrarii
1318 1827 1539 1896 spiritus
1569 1827 1636 1881 de
1668 1826 1813 1896 cogi-
1837 1805 1890 1868 Β

225 1914 526 1969 tationibus
560 1915 674 1968 suis
699 1931 712 1980 ;
751 1917 894 1970 unde
919 1935 931 1970 :
960 1915 1021 1972 Si
1041 1917 1252 1987 spiritus
1279 1927 1585 1987 potestatem
1605 1917 1816 1972 habenti

227 2004 523 2057 ascenderit
545 2021 702 2074 super
721 2020 792 2070 te,
809 2005 980 2060 locum
1004 2017 1152 2061 tuum
1181 2025 1242 2062 ne
1266 2009 1500 2062 dimittas
1518 2008 1707 2078 (Eccli.
1732 2008 1809 2079 x).

228 2091 520 2150 Tenendus
553 2103 636 2150 est
666 2111 796 2166 ergo
845 2096 1020 2163 locus,
1051 2107 1107 2153 et
1153 2098 1521 2154 excludendus
1564 2099 1817 2153 adversa-

227 2186 368 2251 rius,
409 2202 478 2241 ne
532 2187 770 2242 inveniat
817 2189 994 2244 locum
1042 2190 1096 2244 in
1155 2191 1318 2247 corde
1370 2200 1581 2258 nostro,
1633 2192 1814 2248 unde:

231 2277 418 2331 Nolite
447 2277 618 2332 locum
643 2280 771 2334 dare
785 2279 1000 2335 ‘diabolo
1027 2281 1243 2352 (Ephes.
1269 2283 1370 2354 tv).

308 2372 475 2426 Vens.
505 2372 594 2427 52.
622 2403 693 2414 —
715 2373 1050 2444 Benejaacan
1078 2385 1346 2440 uenerunt,
1378 2385 1484 2431 etc.
1539 2377 1817 2451 (HIERON.)

231 2463 363 2518 Filii
389 2465 726 2520 necessitatis
756 2463 842 2520 vel
884 2465 1132 2520 stridoris
1155 2466 1410 2521 vicesima
1445 2476 1635 2522 octava
1667 2484 1820 2524 man-

231 2557 342 2612 sio.
374 2554 508 2610 Nota
537 2571 842 2623 numerum,
875 2556 999 2627 quia
1021 2556 1066 2610 si
1098 2559 1166 2612 ab
1196 2572 1302 2612 uno
1328 2558 1576 2628 incipias,
1610 2568 1665 2614 et
1687 2575 1822 2628 pau-

235 2650 394 2705 latim
425 2649 627 2704 addens
669 2650 736 2705 ad
785 2649 1070 2720 septimum
1106 2666 1277 2722 usque
1324 2653 1629 2724 pervenias,
1681 2655 1823 2714 vice.

233 2740 410 2796 simus
435 2748 659 2796 octavus
681 2739 928 2796 ellicitur.
1137 2799 1140 2802 ,

310 2831 438 2904 (11).)
487 2831 821 2902 Benejaacan
876 2832 1262 2904 interpretatur
1324 2833 1418 2890 ﬁlii
1478 2835 1822 2892 necessitatis

233 2924 326 2979 vel
359 2923 628 2980 stridoris.
673 2923 748 2978 De
797 2923 882 2978 bis
921 2921 1045 2978 ﬁliis
1082 2923 1315 2978 dicitur:
1364 2923 1560 2994 Alfene
1597 2924 1824 2978 Domino

233 3019 380 3088 ﬁlios
399 3018 623 3071 arietum
649 3014 822 3087 (Psal.
845 3014 1062 3086 xxvm).
1090 3014 1225 3070 Cum
1254 3025 1434 3072 autem
1464 3015 1661 3071 divinis
1685 3015 1827 3070 Scri-

236 3109 420 3180 pturis
449 3108 619 3164 fueris
640 3107 904 3175 eruditus,
927 3115 986 3162 et
1012 3106 1158 3179 leges
1209 3121 1396 3163 earum
1433 3115 1487 3162 et
1517 3106 1824 3163 testimonia

238 3155 360 3180 r""
376 3155 419 3164 ’ν
449 3155 618 3164 ’“““’”“’
643 3155 904 3175 """""',
930 3155 984 3162 "
1013 3155 1156 3179 "O"
1211 3155 1292 3163 ""'
1308 3155 1396 3162 “’¹“’”
1437 3155 1486 3162 ⁷⁷
1520 3155 1824 3163 """”"'"'

238 3197 437 3255 scieris
464 3211 586 3252 esse
638 3195 852 3252 vincula
897 3196 1193 3260 charitatis,
1245 3204 1300 3251 et
1345 3197 1675 3252 contendens
1701 3211 1826 3251 cum
1853 3155 1899 3220 Ο

239 3289 575 3345 adversariis
597 3288 789 3359 ligabis
835 3303 947 3352 eos,
975 3296 1032 3344 et
1057 3287 1268 3343 vinctos
1305 3288 1470 3343 duces
1513 3288 1568 3342 in
1603 3286 1828 3357 captivi-

239 3389 436 3446 tatem,
489 3387 546 3434 et
603 3380 669 3434 de
711 3379 956 3435 hostibus
1017 3387 1072 3434 et
1115 3379 1343 3448 captivis
1388 3377 1585 3436 eﬁicies
1631 3378 1831 3433 liberos

243 3472 345 3527 Dei
372 3489 386 3536 ;
416 3481 471 3528 et
497 3470 592 3525 ﬁlii
619 3471 870 3527 stridoris
920 3473 1112 3526 timore
1157 3470 1422 3540 supplicii,
1448 3470 1538 3525 ubi
1562 3478 1648 3526 est
1674 3468 1832 3524 ﬂetus

243 3574 303 3620 et
328 3565 529 3620 stridor
553 3564 817 3632 dentium,
845 3565 1155 3621 deserentes
1187 3565 1402 3622 vincula
1427 3563 1648 3633 diaboli,
1676 3563 1833 3621 Chri-

247 3668 339 3714 sto
375 3655 512 3712 colla
543 3655 884 3712 submittent.

324 3744 528 3818 (Οιιια.)
558 3747 685 3802 Post
720 3747 838 3802 haec
877 3746 1092 3802 venitur
1116 3745 1184 3802 ad
1211 3745 1571 3817 Benejaacan,
1596 3747 1737 3818 quod
1763 3747 1836 3802 si-

249 3837 475 3909 gniﬁcat
497 3836 674 3894 fontes
707 3836 791 3892 vel
819 3837 1211 3904 excolationes,
1261 3837 1352 3894 ubi
1385 3838 1596 3895 scilicet
1631 3838 1838 3893 divino-

250 3945 377 3984 rum
407 3929 700 3983 verborum
726 3926 906 3983 fontes
943 3928 1152 3995 haurit,
1184 3944 1462 4000 usquequo
1504 3929 1716 3986 excolet
1743 3927 1870 3986 eos'

248 4021 510 4087 bibendo,
535 4030 596 4076 ut
627 4036 730 4077 nec
756 4021 1040 4077 minimum
1071 4022 1287 4092 quidem
1340 4023 1651 4078 mandatum
1699 4039 1840 4094 pra:-

247 4121 454 4179 tereat,
481 4113 589 4168 imo
631 4127 732 4169 nec
762 4130 926 4168 unum
977 4113 1106 4179 iota,
1142 4122 1235 4168 aut
1264 4129 1402 4170 unus
1427 4129 1563 4186 apex
1584 4115 1650 4171 de
1675 4115 1841 4171 verbo

250 4203 353 4262 Dei
376 4205 429 4260 in
454 4196 728 4261 intellectu
751 4204 867 4277 ejus
891 4205 1154 4261 habeatur
1182 4206 1412 4262 otiosus.

330 4295 586 4350 Montem.
618 4296 894 4368 missos.)
922 4295 1140 4367 Gadgad
1166 4296 1251 4352 vel
1278 4296 1530 4370 Galgath,
1575 4298 1844 4370 interpre—

255 4397 412 4444 tatur
429 4387 676 4454 nuntius,
698 4387 785 4443 vel
812 4388 974 4453 actio,
994 4387 1086 4442 vel
1112 4387 1369 4445 concisio.
1411 4387 1528 4444 Non
1549 4388 1693 4445 enim
1719 4403 1845 4460 pos-

1240 339 1504 397 GLOSSA
1544 339 1941 396 0RDINARIA.
1982 373 2052 384 —
2093 345 2218 401 LIB.
2261 347 2428 404 NUM.

211 465 344 506 esse
374 450 560 515 otiosi,
611 451 705 508 sed
748 450 899 507 obliti
947 451 1344 523 przeteritorum
1384 453 1440 508 in
1488 451 1672 508 futura
1699 465 1798 507 nos
1824 453 1957 512 Ain
2009 455 2290 515 Jetebatha

3370 357 3476 414 “‘2

2328 481 2340 516 :
2397 461 2676 519 Jetebatba
2739 465 3121 535 interpretatur
3169 470 3358 538 bona;
3407 475 3476 529 ad

1904 548 2104 604 bonum
2135 565 2264 623 ergo
2300 569 2407 608 non
2437 555 2539 611 nisi
2561 564 2682 626 post
2719 558 3074 614 tentationum
3111 562 3478 632 experimenta

1904 642 2137 697 venitur.

1974 729 2281 790 Jetebathaz.
2337 736 2614 807 (HIERON.)
2637 739 2876 808 Bonitas,
2901 757 3023 813 quae
3067 751 3151 800 est
3184 743 3433 802 Christus
3463 764 3475 800 :

1905 833 1968 880 ut
1986 839 2108 879 cum
2129 827 2437 884 venerimus
2457 830 2522 884 ad
2545 830 2841 899 perfectum
2866 833 3063 898 virum,
3090 836 3480 892 sacerdotalem

1907 917 2152 988 gradum,
2180 926 2236 974 et
2262 927 2478 974 attatem
2510 921 2856 990 plenitudinis
2885 923 3108 990 Christi,
3138 927 3190 981 in
3215 941 3320 996 qua
3343 927 3480 983 Eze-

1909 1011 2047 1067 chiel
2078 1021 2195 1066 erat
2217 1011 2371 1081 juxta
2397 1012 2616 1069 ﬂuvium
2638 1015 2853 1071 Cbobar
2883 1015 3098 1088 (Ezech.
3124 1019 3190 1091 ι),
3213 1019 3484 1089 possimus

1909 1121 2031 1160 cum
2056 1105 2222 1160 David
2245 1106 2296 1160 in
2319 1105 2524 1175 psalmo
2557 1123 2793 1164 canere:
2826 1108 3068 1174 Domine,
3094 1113 3150 1165 in
3195 1120 3244 1165 te
3285 1113 3486 1182 speravi

1911 1211 2014 1249 non
2043 1194 2341 1264 confundar
2362 1196 2416 1249 in
2453 1205 2704 1251 aeternum
2731 1195 2904 1268 (Psal.
2933 1199 3082 1271 xxx).
3107 1199 3300 1254 Pastor
3327 1200 3484 1264 enim,

1912 1283 2074 1339 bonus
2102 1286 2246 1355 ponit
2275 1286 2506 1340 animam
2527 1302 2680 1341 suam
2706 1304 2798 1358 pro
2821 1288 3000 1343 ovibus
3030 1291 3161 1345 suis.
3191 1288 3372 1364 (Joan.
3407 1292 3486 1362 ι.)

1985 1394 2144 1450 Vens.
2165 1396 2254 1450 54.
2286 1427 2356 1437 -
2377 1396 2644 1452 Hebrona.
2672 1398 2795 1471 (1ο.)
2819 1401 3122 1470 Transitns,
3147 1404 3200 1459 id
3230 1414 3312 1459 est
3339 1421 3492 1458 mun-

1912 1485 2030 1539 dus.
2055 1481 2299 1539 Prazterit
2329 1487 2466 1540 enim
2493 1487 2667 1556 ﬁgura
2690 1489 2848 1558 hujus
2885 1493 3091 1558 mundi,
3129 1493 3183 1547 in
3210 1507 3372 1562 quem
3400 1509 3492 1547 vc-

1912 1575 2122 1631 nientes
2146 1577 2318 1631 sancti
2344 1577 2568 1648 cupiunt
2605 1581 2672 1635 ad
2703 1581 2926 1636 meliora
2958 1585 3208 1639 transire.
3240 1583 3321 1640 Ad
3351 1586 3493 1641 hanc

1911 1669 2250 1725 mansionem
2298 1671 2448 1725 venit
2493 1687 2655 1727 verus
2701 1673 2977 1740 Hebrains,
3009 1676 3063 1730 id
3100 1685 3184 1731 est
3211 1677 3492 1741 transitor,

1913 1761 2005 1830 qui
2032 1760 2210 1816 dicere
2235 1770 2452 1830 potest:
2491 1762 2804 1826 Transiens,
2837 1766 3018 1819 videbo
3067 1767 3315 1822 visionem
3361 1769 3495 1821 hanc

1915 1872 2160 1926 magnam
2187 1855 2383 1925 (Exod.
2409 1857 2525 1927 Ill);
2552 1859 2694 1913 unde
2721 1877 2734 1912 :
2763 1857 2828 1912 Et
2853 1875 2954 1912 non
2975 1859 3218 1912 dixerunt
3242 1859 3333 1930 qui
3363 1875 3498 1928 prte-

1917 1950 2164 2015 teribant,
2189 1948 2491 2003 Benedictio
2522 1949 2732 2004 Domini
2751 1966 2908 2019 super
2928 1965 3032 2003 vos.
3051 1947 3223 2020 (Psal.
3247 1949 3496 2018 cxxvm.)

1990 2043 2197 2115 (Οιιια.)
2226 2043 2352 2097 Inde
2382 2042 2760 2114 applicuerunt
2795 2042 2849 2096 in
2901 2041 3173 2107 Hebrona,
3217 2042 3360 2111 quod
3417 2051 3500 2096 cst

1920 2133 2182 2189 transitus
2207 2151 2220 2186 :
2256 2135 2586 2188 transeunda
2609 2133 2756 2188 enim
2782 2141 2914 2188 sunt
2938 2133 3144 2198 omnia,
3169 2132 3310 2202 quod
3335 2132 3498 2187 etiam

1921 2226 1968 2281 si
2015 2227 2080 2280 ad
2125 2225 2264 2280 bona
2294 2225 2499 2288 venias,
2528 2233 2760 2293 oportet
2784 2232 2835 2278 te
2869 2224 2937 2278 ad
2985 2223 3206 2278 meliora
3242 2224 3498 2288 transire,

1921 2330 2203 2386 usquequo
2233 2316 2300 2370 ad
2327 2315 2458 2370 illud
2484 2315 2686 2371 bonum
2713 2315 2924 2380 venias,
2954 2315 3010 2368 in
3038 2329 3146 2385 quo
3165 2329 3378 2385 semper
3407 2315 3502 2370 de-

1922 2408 2053 2464 beas
2097 2422 2435 2478 permanere.

1995 2520 2157 2574 Vens.
2184 2519 2274 2573 35.
2305 2549 2376 2559 —
2399 2517 2467 2572 In
2519 2517 2861 2588 Asiongaber.
2916 2515 3120 2587 (Ηιειι.)
3167 2515 3506 2586 Asiongaber

1923 2612 2067 2680 ligna
2097 2611 2218 2665 viri.
2252 2609 2386 2676 Quia
2413 2610 2618 2665 scilicet
2645 2609 2880 2664 saltuum
2902 2617 2958 2663 et
2980 2608 3221 2663 omnium
3247 2607 3503 2662 arborum

1923 2718 2120 2774 genera
2146 2710 2372 2772 possunt
2399 2701 2798 2756 multitudinem
2822 2699 3061 2770 gentium
3089 2697 3342 2770 ﬁgurare.
3371 2697 3509 2751 Huc-

1923 2809 2094 2866 usque
2141 2793 2374 2849 solitudo
2424 2791 2636 2848 Pharan
2685 2792 2923 2848 decimas
2983 2799 3200 2845 octavas
3265 2789 3507 2844 continet

1927 2887 2256 2952 mansiones,
2289 2901 2409 2956 qua:
2435 2885 2720 2955 descriptae
2754 2885 2811 2940 in
2840 2884 3086 2956 catalogo
3129 2885 3186 2939 in
3241 2882 3512 2954 superiori

1927 2978 2122 3034 itinere
2145 2993 2250 3033 non
2278 2985 2576 3047 ponuntur.

2001 3090 2206 3163 (Omc.)
2233 3090 2362 3145 Post
2389 3091 2506 3144 hair.
2532 3089 2751 3145 venitur
2779 3089 2847 3144 ad
2875 3086 3234 3159 Asiongaber,
3257 3088 3399 3157 quod
3427 3087 3514 3141 in-

1931 3192 2263 3253 terpretatur
2319 3182 2545 3238 consilia
2592 3182 2717 3236 viri.
2749 3180 2807 3236 Si
2849 3181 2971 3252 quis
3012 3181 3172 3236 desiit
3217 3196 3353 3251 puer
3393 3194 3514 3234 esse

1932 3276 2199 3342 sensibus,
2227 3276 2475 3346 pervenit
2497 3276 2564 3331 ad
2605 3275 2831 3332 consilia
2861 3275 2988 3340 viri,
3017 3275 3159 3330 sicut
3185 3272 3274 3328 ille
3301 3274 3392 3344 qui
3424 3272 3510 3326 di-

1931 3368 2114 3423 cebat:
2135 3365 2360 3433 Quando
2373 3376 2545 3421 autem
2563 3366 2734 3436 factus
2751 3382 2867 3419 sum
2881 3365 2926 3420 vi
2932 3364 3226 3431 r,euacuavi
3238 3378 3355 3434 qua:
3366 3369 3513 3416 erant

1931 3456 2141 3528 parvuli
2175 3456 2224 3529 (1
2252 3455 2374 3511 Cor.
2405 3456 2546 3526 XIII).
2581 3455 2718 3510 Sunt
2735 3469 2865 3524 ergo
2898 3469 3092 3524 magna
3123 3452 3349 3508 consilia
3381 3450 3514 3516 viri;

1933 3547 2115 3602 unde:
2150 3546 2301 3618 Aqua
2335 3546 2445 3601 alta
2492 3545 2770 3602 consilium
2801 3547 2857 3599 in
2887 3543 3040 3598 corde
3059 3543 3176 3598 viri.
3201 3541 3382 3615 (Prov.
3400 3539 3518 3612 xx.)

2005 3656 2166 3713 Vens.
2195 3657 2285 3712 36.
2310 3689 2381 3698 —
2410 3657 2479 3712 In
2520 3658 2802 3724 desertum,
2833 3666 2937 3712 etc.
2971 3655 3282 3728 (Rumon).
3308 3654 3517 3723 Quaeri-

1937 3756 2046 3816 tur,
2073 3757 2204 3813 etc.,
2242 3765 2405 3819 usque
2433 3747 2503 3802 ad
2544 3748 2611 3802 de
2641 3749 2743 3802 hac
2784 3747 3067 3803 mansione
3094 3745 3330 3801 dicitur:
3365 3742 3520 3799 Com-

1939 3841 2158 3895 movebit
2187 3839 2442 3896 Dominus
2466 3841 2726 3896 desertum
2755 3839 2946 3895 Gades.

2011 3929 2214 4002 (Οιιιο.)
2251 3930 2386 3986 Hinc
2416 3931 2612 3986 iterum
2644 3929 2760 3996 Sin,
2799 3931 2851 3986 id
2877 3938 2961 3987 est
2989 3931 3238 4000 tentatio,
3265 3930 3392 4008 quia
3421 3943 3523 3984 nec

1940 4023 2096 4079 aliter
2121 4024 2338 4093 expedit
2365 4024 2469 4080 hoc
2503 4024 2608 4080 iter
2636 4039 2815 4095 agere.
2846 4022 3072 4080 Aurifex
3121 4024 3267 4079 enim
3299 4039 3396 4079 vas
3421 4038 3523 4078 ne-

1941 4118 2237 4187 cessarium
2297 4116 2474 4172 facere
2517 4117 2705 4172 volens
2751 4115 3064 4186 frequenter
3091 4117 3343 4170 admovet
3388 4114 3522 4185 igni,

1943 4211 2125 4268 subdit
2183 4210 2411 4276 malleis,
2476 4210 2699 4266 rasoriis
2753 4209 3092 4279 perstringit,
3150 4215 3211 4261 ut
3245 4206 3527 4276 purgatius

1946 4303 2060 4369 ﬁat,
2087 4311 2144 4360 et
2179 4303 2247 4359 ad
2275 4301 2533 4374 speciem,
2585 4316 2748 4373 quam
2777 4299 3040 4372 prospicit
3078 4295 3293 4364 artifex,
3338 4310 3526 4365 perve-

1945 4395 2079 4450 niat.

257 4501 454 4541 sumus
500 4483 682 4540 facere
738 4483 876 4540 filios
926 4484 1282 4548 necessitatis,
1332 4484 1437 4541 nisi
1484 4492 1844 4554 prazceptores
1870 4529 1925 4592 Β
2023 4482 2146 4556 (1η.)
2174 4483 2303 4538 Post
2339 4483 2452 4537 haec
2487 4489 2752 4536 venerunt
2798 4479 2866 4534 ad
2906 4478 3121 4534 Pharan
3165 4476 3362 4543 Cades,
3393 4485 3526 4542 etc.,

273 4591 314 4592 ,,
352 4591 355 4592 ,
443 4591 446 4592 ,
514 4575 526 4592 9
573 4584 584 4592 ρ
628 4574 694 4592 κιιν
724 4590 762 4592 ν-
805 4575 817 4588 ο
860 4590 939 4592 ,,,_
1068 4589 1113 4592 ,κ
1261 4584 1354 4592 ,.,.
1487 4591 1497 4592 γ
1591 4590 1603 4592 Α
1711 4584 1778 4592 ιγ.
1804 4589 1838 4592 ,_
1958 4589 2112 4592 Ah“-.-
2151 4573 2208 4592 _,J
2250 4572 2385 4592 Δις---
2418 4571 2550 4592 --.ε-Α
2596 4571 2645 4592 ζ..
2680 4568 2814 4592 -.,.11,.
2872 4568 3005 4592 ηιξ.--
3039 4569 3089 4592 2..
3133 4567 3331 4592 ..η-...ηει-
3391 4566 3525 4592 “IL...

255 4591 456 4632 eorum
511 4574 968 4640 interfecerimus,
1023 4589 1124 4631 nec
1170 4584 1360 4646 parcat
1420 4590 1611 4631 manus
1663 4584 1848 4630 nostra
1870 4566 1924 4592 ν
1951 4589 2114 4642 usque
2140 4573 2208 4624 ad
2238 4572 2389 4626 Alius
2411 4571 2555 4626 enim
2594 4571 2648 4623 in
2680 4568 2836 4634 valle,
2871 4568 3009 4624 alius
3037 4569 3092 4622 in
3129 4567 3358 4638 campis,
3391 4566 3529 4622 alius

258 4680 478 4719 armum
528 4673 626 4720 aut
677 4674 980 4720 extremum
1034 4665 1287 4722 auriculae
1335 4665 1621 4720 extrahere
1651 4665 1717 4719 de
1757 4678 1853 4719 ore

259 4756 465 4820 leonis,
491 4764 545 4811 et
568 4756 998 4812 nuntiaverimus
1024 4757 1246 4826 praemia
1270 4755 1470 4823 futura,
1497 4765 1552 4811 et
1579 4756 1852 4812 accinctos

259 4864 390 4904 esse
438 4849 491 4903 in
546 4847 854 4904 rebellando
898 4849 1277 4914 docuerimus;
1311 4848 1487 4902 unde:
1538 4847 1852 4902 Maledictus

263 4941 361 5010 qui
389 4938 518 5007 facit
561 4956 690 5010 opus
731 4939 830 4993 Dei
876 4937 1190 5009 negligenter
1240 4948 1288 4992 et
1337 4938 1567 5006 prohibet
1616 4936 1848 5008 gladium

261 5049 423 5086 suum
446 5050 478 5086 a
499 5034 752 5103 sanguine
789 5031 1006 5104 (Jerem.
1037 5031 1247 5101 XLVIII).
1270 5030 1336 5087 Et
1363 5031 1532 5086 David
1560 5050 1572 5086 :
1597 5029 1664 5086 In
1687 5040 1853 5085 matu-

264 5126 382 5179 tino
406 5123 779 5192 interﬁciebam
807 5140 985 5179 omnes
1009 5132 1301 5194 peccatores
1325 5132 1479 5176 terra:
1501 5119 1671 5193 (Psal.
1703 5120 1778 5192 ο).

343 5214 551 5286 (Οιιισ.)
583 5213 708 5270 Post
734 5216 849 5271 haec
879 5216 1028 5270 venit
1071 5215 1124 5270 in
1151 5213 1392 5285 Gadgad,
1417 5215 1560 5285 quod
1601 5215 1862 5285 interpre-

269 5313 422 5360 tatur
455 5313 869 5369 tentamentnm,
925 5305 1008 5361 vel
1034 5305 1376 5375 constipatio.
1409 5304 1687 5360 Fortitudo
1715 5321 1860 5374 qua:-

270 5397 400 5450 dam
431 5396 483 5450 in
515 5396 627 5450 Deo
668 5406 724 5451 et
751 5397 1045 5462 munimen,
1089 5403 1176 5452 est
1223 5396 1415 5451 anima:
1446 5403 1855 5450 tentamentum.

272 5488 353 5541 lla
382 5487 524 5540 enim
568 5487 858 5542 virtutibus
889 5488 1237 5554 admiscetur,
1281 5495 1341 5541 ut
1380 5487 1662 5541 videantur
1689 5502 1860 5556 usque

275 5596 344 5634 co
377 5595 477 5634 nec
506 5581 715 5635 decorze
747 5596 865 5637 esse
889 5596 988 5635 nec
1023 5580 1214 5650 plenas,
1237 5589 1292 5634 et
1343 5579 1463 5634 ideo
1506 5580 1859 5649 proﬁciscen-

277 5674 427 5728 tibus
453 5675 518 5728 ad
549 5675 801 5730 virtutem
845 5676 1007 5730 variae
1042 5684 1096 5729 et
1127 5674 1436 5743 frequentes
1478 5673 1782 5727 mansiones
1805 5672 1861 5726 in

283 5767 677 5826 tcutationibus
701 5768 854 5825 ﬁunt.
904 5767 1048 5840 Quas
1093 5783 1215 5826 cum
1240 5767 1539 5840 transieris,
1569 5766 1863 5842 applicabis

1951 4667 2183 4719 moritur
2208 4663 2262 4716 in
2287 4671 2490 4726 monte,
2521 4660 2658 4716 alius
2683 4661 2737 4715 in
2765 4669 2948 4715 monte
2982 4661 3201 4716 montis.

2026 4752 2147 4825 (1η.)
2173 4752 2300 4807 Inde
2345 4752 2646 4822 applicatur
2691 4753 2746 4806 in
2789 4761 2972 4808 monte
3007 4751 3140 4819 Hor,
3173 4753 3317 4822 quod
3370 4752 3534 4807 inter—
3592 4765 3606 4778 ο

1952 4853 2197 4915 pretatnr
2239 4851 2546 4897 montanus.
2579 4843 2739 4898 Venit
2766 4842 2909 4898 enim
2956 4843 3025 4898 ad
3062 4852 3300 4898 montem
3331 4842 3449 4907 Dei,
3473 4849 3536 4894 ut

1952 4935 2048 4990 ﬁat
2097 4948 2251 4988 mons
2282 4933 2434 4996 uber,
2468 4946 2622 4986 mons
2664 4931 2994 5003 coagulatus.
3033 4931 3132 4988 Vel
3184 4932 3251 4986 ab
3289 4945 3354 4984 eo
3389 4927 3532 4999 quod

1952 5042 2164 5095 semper
2194 5025 2246 5078 in
2274 5031 2456 5078 monte
2485 5023 2579 5078 Dei
2611 5023 2835 5089 habitet,
2865 5025 3076 5078 dicatur
3103 5031 3410 5077 montanus.

2025 5117 2188 5174 Vens.
2213 5117 2301 5173 58.
2336 5147 2402 5157 —
2425 5117 2603 5172 Aaron
2628 5118 2874 5172 sacerdos
2895 5119 2974 5184 in,
3005 5125 3112 5172 etc.
3136 5116 3311 5188 (lsm.)
3335 5115 3535 5170 Eodem

1960 5230 2102 5268 anno
2140 5221 2382 5267 mortuus
2415 5220 2498 5266 est
2547 5211 2749 5276 Aaron,
2791 5225 2898 5280 quo
2939 5223 3109 5262 novus
3154 5207 3382 5277 populus
3429 5215 3536 5262 ter-

1960 5321 2078 5359 ram
2124 5303 2497 5372 promissionis
2541 5301 2840 5355 intraturus
2867 5309 3003 5355 erat.
3029 5298 3098 5352 Et
3127 5313 3434 5369 quanquam
3480 5296 3534 5350 in

1960 5407 2162 5460 monte,
2221 5395 2478 5449 Eleazaro
2524 5392 2889 5448 sacerdotium
2944 5387 3314 5459 dereliquerit,
3356 5395 3410 5442 et
3448 5385 3538 5440 lex

1965 5507 2060 5548 eos
2101 5491 2192 5560 qui
2238 5504 2356 5544 eam
2393 5488 2736 5560 impleverint
2808 5485 3067 5556 perducat
3117 5485 3186 5540 ad
3233 5496 3532 5546 summum;

1969 5594 2147 5638 tamen
2178 5564 2291 5651 ipsa
2310 5580 2614 5635 sublimitas
2639 5595 2745 5632 non
2764 5586 3013 5632 esttrans
3042 5577 3238 5629 fluenta
3263 5572 3536 5637 Jordanis,

1967 5673 2061 5728 sed
2093 5673 2146 5725 in
2169 5671 2781 5724 extremisterrenorum
2812 5682 3036 5737 operum
3063 5664 3276 5719 ﬁnilms.
3306 5663 3369 5717 Et
3391 5661 3542 5732 plan-

1968 5767 2046 5842 git
2071 5779 2196 5824 eum
2242 5762 2473 5838 populus
2504 5761 2722 5838 triginta
2751 5759 2940 5818 diebus
2963 5773 2978 5816 :
3001 5757 3199 5826 Aaron,
3245 5754 3542 5832 plangitur,
