4006 6352
221 176 341 282 “5.

1247 220 1514 278 GLOSSA
1553 216 1948 278 ORDINARIA.
1987 250 2056 260 —
2092 218 2218 276 LIB.
2259 219 2465 279 DEUT.

3368 221 3474 281 ιιι

221 336 535 403 hendimus,
582 336 672 394 ubi
695 337 1005 409 praecipitur
1028 350 1301 392 numerari
1347 352 1377 391 a
1422 335 1614 405 viginti
1644 333 1802 389 annis
1829 331 1882 393 Α
1906 341 2172 400 movetur,
2218 350 2316 390 nec
2368 342 2653 392 revocatur
2673 335 2742 391 ad
2771 336 2986 392 veniam
3025 336 3133 394 nisi
3159 351 3260 410 per
3283 341 3474 397 condi-

220 439 280 487 et
306 445 475 502 supra
526 429 694 484 omnis
719 428 809 500 qui
834 427 1062 498 procedit
1093 427 1147 481 in
1169 428 1354 481 virtute
1384 424 1711 505 Israel,‘etc.
1743 422 1802 479 Si

219 519 349 591 quis
391 532 527 589 ergo
558 517 803 589 procedit
844 517 899 571 in
926 517 1148 583 virtute,
1180 516 1269 572 ille
1308 524 1627 572 numeratur
1654 533 1668 569 :
1700 528 1806 572 nec

218 612 279 669 in
310 611 680 684 qualicunque
708 610 910 666 virute
934 609 1024 666 vel
1062 608 1440 681 Egyptiorum
1461 648 1476 673 ,
1505 608 1593 664 vel
1632 608 1802 680 Assy-

216 702 456 769 riorum,
484 700 571 758 vel
590 701 937 771 Graecorum;
977 702 1071 759 sed
1098 703 1153 758 in
1177 703 1376 758 virtute
1403 701 1569 759 lsrael
1585 742 1600 768 ,
1622 715 1744 772 quae
1770 715 1802 755 a

218 796 338 852 Deo
352 808 452 867 per
472 792 787 865 Scriptum
809 794 1052 863 docetur,
1078 803 1134 851 et
1148 808 1249 867 per
1266 794 1426 851 ﬁdem
1452 793 1803 865 apostolicam

215 895 276 944 et
300 885 673 959 evangelicam
695 885 948 942 traditur.

291 979 501 1052 (Οιιθ.)
557 976 718 1036 Ratio
768 994 984 1050 quoque
1038 979 1276 1036 tribuum
1325 976 1604 1034 distinctio
1657 974 1805 1031 ordi-

218 1084 379 1136 num,
404 1078 551 1136 etc.,
566 1086 728 1142 usque
749 1069 821 1125 ad
846 1078 908 1125 ut
943 1070 1116 1141 possit
1140 1070 1208 1126 ad
1230 1069 1587 1126 lsraeliticum
1614 1082 1803 1124 nume-

215 1180 342 1220 rum
380 1165 676 1237 pertinere.

288 1254 458 1312 Vens.
488 1256 544 1311 7.
565 1286 637 1299 --
659 1256 741 1311 Ad
757 1255 1230 1328 septentrionalem,
1256 1262 1364 1311 etc.
1379 1255 1577 1311 Dicunt
1588 1252 1800 1309 Hebraei

217 1348 701 1418 septentrionalem
725 1348 936 1421 plagam
963 1348 1201 1418 incipere
1221 1363 1251 1403 a
1274 1349 1411 1404 mari
1433 1363 1631 1419 magno
1655 1346 1801 1418 quod

215 1436 546 1505 Palaestinae,
575 1436 848 1494 Phoenicis
873 1446 929 1494 et
954 1438 1126 1515 Syriae
1142 1439 1283 1511 (qum
1309 1439 1608 1509 appellatur
1628 1436 1798 1507 Coele)

215 1526 533 1598 Ciliciaeque
578 1528 863 1597 praetendit
910 1527 1181 1584 littoribus
1210 1569 1225 1595 ,
1261 1536 1315 1582 et
1361 1541 1461 1599 per
1506 1526 1797 1599 Egyptnm

217 1618 402 1674 tendit
425 1619 492 1674 ad
517 1618 764 1690 Libyam.
789 1618 943 1687 Quod
966 1628 1147 1676 autem
1170 1620 1390 1685 dicitur,
1419 1620 1799 1691 pervenientes

1907 441 2068 497 gnam
2100 428 2494 498 paenitentiam.

1977 519 2139 574 Vsus.
2186 518 2276 577 28.
2305 549 2377 560 —-
2400 518 2685 591 Postquam
2707 528 2881 575 autem
2902 517 2991 577 ille
3005 518 3211 576 abierit.
3255 519 3479 593 (Cum,

1905 611 2086 665 haurit.
2126 611 2162 668 6
2190 614 2245 668 in
2268 612 2490 685 Bacch.)
2530 612 2661 669 Post
2684 620 2916 669 mortem
2944 614 3142 671 summi
3180 613 3479 684 pontiﬁcis,

1905 703 2177 760 homicida
2196 703 2424 774 iubetur
2452 705 2651 762 reverti
2681 705 2736 760 in
2762 712 2963 761 terram
2992 719 3176 771 suam,
3224 704 3353 775 quia
3380 706 3482 761 hu-

1904 809 2128 849 manum
2181 810 2351 867 genus
2398 796 2675 866 peccando
2708 796 2812 852 sibi
2857 804 3089 853 mortem
3135 795 3319 853 intulit
3360 805 3487 866 post

1904 894 2135 942 mortem
2162 888 2278 943 veri
2304 888 2625 950 sacerdotis.
2651 887 2705 944 id
2723 894 2809 943 est
2827 884 3056 953 Christi,
3084 886 3483 945 absolutionem

1905 986 2090 1033 reatus
2115 979 2345 1050 accepit.

1974 1070 2141 1126 Vsus.
2154 1071 2245 1126 26.
2263 1101 2337 1113 —-
2352 1069 2437 1126 Ne
2448 1069 2696 1142 polluatis
2716 1081 2912 1126 terrane
2925 1069 3262 1127 habitationis
3275 1078 3477 1126 vestris.

1901 1154 2099 1213 Polluit
2142 1166 2341 1215 terram
2372 1159 2721 1215 habitationis
2744 1174 2855 1215 suae
2878 1160 2970 1230 qui
2997 1167 3218 1215 cruenta
3244 1169 3301 1216 et
3324 1158 3478 1215 nefa-

1905 1247 1985 1301 ria
2020 1246 2151 1305 facit
2178 1264 2364 1319 opera,
2395 1249 2675 1319 proximos
2700 1248 3113 1306 scandalizando
3141 1260 3199 1307 et
3226 1251 3481 1324 spiritua-

1901 1339 2027 1395 liter
2053 1326 2446 1398 int'erficiendo.
2495 1341 2563 1397 Et
2586 1341 2687 1397 nisi
2716 1356 2812 1412 per
2838 1340 3235 1398 confessionem
3286 1357 3482 1414 peccs-

1902 1438 2082 1486 torum
2130 1441 2186 1486 et
2225 1433 2549 1502 condignam
2578 1432 2952 1502 paenitentiam
2994 1434 3261 1491 desideria
3300 1435 3483 1497 carnis

1902 1522 2246 1589 occidantur,
2272 1532 2415 1579 terra
2446 1525 2692 1595 corporis
2716 1523 2861 1579 illius
2884 1524 3034 1582 nullo
3060 1526 3218 1582 modo
3251 1526 3481 1583 munda-

1901 1613 2070 1680 hitur,
2104 1630 2204 1671 nec
2230 1615 2456 1672 Creator
2478 1617 2721 1672 omnium
2756 1617 2810 1672 in
2831 1617 2949 1688 ejus
2981 1618 3162 1674 anima
3189 1618 3477 1687 habitabit,

217 1729 396 1785 usque
426 1716 494 1771 ad
519 1689 759 1771 montem
806 1714 1148 1781 altissimum,
1181 1689 1465 1771 autumant
1504 1712 1799 1784 signiﬁcari
1827 1689 1876 1752 Β
1902 1707 1993 1763 ubi
2039 1706 2345 1777 squalorem
2385 1708 2618 1765 sordidae
2642 1709 3074 1767 conversationis
3107 1710 3373 1768 dominari
3394 1713 3477 1769 Vi.

214 1815 460 1862 montem
508 1807 828 1875 Amanum,
866 1806 953 1863 vel
1000 1807 1237 1864 Taurum
1260 1848 1276 1875 ,
1324 1807 1467 1879 quod
1495 1805 1680 1862 verius
1713 1806 1797 1861 vi-

214 1897 395 1955 detur.

287 1988 455 2047 Vses.
484 1990 540 2048 9.
568 2022 641 2032 —
665 1989 924 2064 Ibuntque
947 1990 1195 2061 conﬁnia,
1225 2000 1331 2047 etc.
1367 1990 1413 2046 A
1442 1990 1549 2048 llne
1572 2000 1801 2061 septen-

213 2081 465 2138 trionalis
482 2080 677 2154 plagae,
701 2082 755 2138 id
776 2091 860 2139 est
877 2083 1018 2138 atrio
1034 2081 1209 2149 liena,
1225 2084 1454 2138 tendunt
1476 2084 1609 2138 lines
1624 2098 1797 2153 usque

212 2171 282 2227 ad
311 2171 604 2242 Sephama,
629 2188 792 2244 quam
821 2172 1031 2230 Hebrzci
1056 2174 1378 2246 Aphamiam
1405 2184 1619 2237 vocant,
1652 2183 1707 2229 et
1730 2176 1796 2231 de

210 2263 481 2333 Aphamia
510 2264 840 2320 descendunt
864 2265 918 2321 in
946 2266 1230 2332 Reblatha,
1256 2282 1377 2336 qua:
1402 2275 1487 2323 est
1509 2267 1794 2323 Antiochia

211 2353 411 2427 Syriae.
438 2355 593 2412 Unde
616 2357 783 2423 addit,
807 2367 989 2413 contra
1013 2358 1232 2429 fontem,
1268 2376 1425 2431 quem
1448 2362 1792 2432 perspicuum

212 2454 303 2501 est
332 2461 455 2502 esse
482 2444 689 2504 Danem
711 2489 727 2515 ,
768 2449 837 2504 de
862 2465 969 2521 quo
995 2449 1279 2508 Antiochia
1318 2451 1795 2509 abundantissimis

210 2538 421 2594 fruitur
442 2540 617 2611 aquis.

282 2629 450 2686 Vsus.
481 2629 571 2685 15.
598 2660 672 2673 -—
692 2624 823 2688 "(PO
843 2634 940 2688 erit
966 2642 1132 2697 terra,
1157 2641 1263 2690 etc.
1297 2632 1502 2707 (Οιιιῦ.)
1531 2635 1589 2691 ln
1624 2636 1792 2707 priori

208 2719 482 2777 divisione
505 2731 655 2778 trans
682 2721 970 2780 Iordanem
994 2738 1094 2795 per
1117 2724 1334 2797 Moysen
1369 2727 1574 2782 duabus
1620 2727 1790 2782 tribu-

206 2809 312 2865 bus
354 2810 543 2866 Ruben
568 2818 625 2867 et
648 2811 787 2877 Gad,
828 2822 883 2870 et
913 2815 1150 2871 dimidia:
1175 2817 1317 2872 tribu
1377 2815 1621 2872 Manasse
1644 2826 1790 2873 terra

206 2903 391 2958 divisa
436 2912 541 2968 est,
577 2913 706 2972 etc.,
742 2922 905 2978 usque
930 2907 1000 2961 ad
1053 2918 1107 2963 et
1138 2906 1269 2978 ipsis
1295 2909 1564 2965 moenibus
1603 2907 1789 2980 juncta

202 3001 580 3064 segregantur.

283 3083 410 3158 an.)
439 3085 668 3141 Videtur
695 3102 909 3158 quoque
956 3087 1304 3159 quibusdam,
1350 3099 1479 3159 etc.,
1516 3108 1680 3163 usque
1713 3092 1783 3146 ad

200 3173 273 3230 Hi
304 3184 435 3231 sunt
457 3191 586 3232 vere
628 3179 803 3233 sacris
842 3181 1081 3235 numeris
1117 3181 1257 3252 apud
1287 3181 1456 3237 Deum
1492 3184 1781 3249 numerati,

197 3266 319 3323 imo
338 3280 569 3337 quorum
591 3282 782 3325 omnes
804 3273 1071 3327 numerati
1098 3282 1226 3329 sunt
1260 3273 1438 3344 capilli
1461 3273 1677 3346 (Matth.
1702 3274 1778 3346 x).

755 3403 983 3462 CAPUT
1019 3404 1234 3464 XXXV.

276 3509 443 3569 Vnus.
470 3513 558 3569 ll.
582 3544 652 3554 —
671 3513 942 3570 Decernite
962 3533 1080 3588 qua:
1093 3516 1265 3572 urbes.
1289 3516 1473 3590 (Auo.,
1498 3528 1684 3591 quiest.
1711 3517 1783 3575 64

192 3603 261 3658 in
291 3602 483 3675 Nunt.)
511 3603 651 3673 Quid
673 3606 921 3676 estquod
946 3608 1044 3673 ait,
1085 3618 1214 3675 etc.,
1242 3626 1406 3682 usque
1435 3611 1503 3665 ad
1538 3612 1584 3666 si
1608 3612 1785 3668 mani-

192 3694 407 3752 festum
450 3696 653 3754 factum
691 3697 855 3759 fuerit
883 3699 937 3755 in
975 3699 1214 3771 judicio,
1257 3704 1403 3773 quod
1428 3704 1617 3762 nolens
1638 3707 1782 3762 occi-

192 3785 369 3841 derit.

274 3875 437 3947 (Ras.
497 3879 552 3932 in
586 3876 776 3950 Num.)
807 3877 863 3934 Si
910 3878 1048 3936 forte
1093 3896 1193 3952 pro
1217 3884 1549 3940 conscientia
1590 3900 1783 3957 pecca—

190 3974 382 4024 torum
413 3969 660 4028 civitates
687 3981 848 4028 terrae
876 3974 1249 4045 promissionis
1269 4017 1285 4042 ,
1322 3984 1452 4045 etc.,
1500 3994 1663 4047 usque
1708 3980 1779 4036 ad

188 4062 329 4134 quia
373 4062 593 4121 Sicbem
635 4066 704 4122 ab
734 4065 1050 4139 alienigenis
1084 4080 1397 4140 comparata
1441 4080 1528 4128 est
1560 4079 1779 4129 centum

185 4169 372 4228 agnis.

273 4245 437 4304 Vsus.
466 4244 553 4304 16.
574 4278 645 4292 -
670 4246 832 4320 Reus,
861 4253 914 4309 id
941 4264 1026 4311 est
1048 4263 1261 4312 aeternae
1290 4257 1453 4312 morti
1489 4256 1773 4323 obnoxius;

186 4339 365 4406 unde,
383 4338 447 4396 Si
469 4342 585 4413 quis
607 4342 1040 4402 scandalizaverit
1055 4363 1215 4401 unum
1237 4363 1302 4402 ea:
1324 4347 1528 4418 pusillis
1550 4350 1664 4405 istis
1686 4349 1775 4421 qui

184 4437 244 4489 in
276 4451 363 4489 me
397 4436 635 4502 credunt,
675 4450 781 4493 etc.
815 4436 1028 4513 (Matth.
1066 4440 1243 4514 xvm).
1282 4438 1349 4497 Et
1380 4441 1507 4498 alibi
1539 4462 1552 4497 :
1588 4440 1773 4497 Omnis

183 4529 281 4605 qui
305 4528 477 4584 oderit
496 4529 713 4602 fratrem
728 4549 905 4600 suum,
924 4533 1184 4588 homicida
1205 4544 1301 4601 est,
1328 4552 1420 4591 nec
1433 4535 1586 4591 habet
1612 4538 1773 4591 vitam

183 4630 450 4675 aeternam
498 4620 551 4694 (1
578 4618 741 4678 Joan.
788 4626 871 4696 ιιι)
949 4624 1043 4681 Hic
1084 4628 1379 4683 secundum
1411 4628 1652 4683 Exodum
1705 4629 1773 4685 ab

181 4712 350 4769 altari
365 4711 586 4784 jubetur
610 4714 763 4770 avelli
791 4716 985 4789 (Ea-od.
1010 4717 1147 4785 xxr),
1171 4718 1298 4789 quia
1314 4717 1566 4790 indignus
1591 4735 1774 4775 sacra-

182 4806 394 4865 mentis
424 4804 719 4865 Dominicis
751 4822 783 4863 a
822 4809 1235 4881 participatione
1283 4810 1423 4867 sacri
1456 4809 1645 4866 altaris
1680 4828 1770 4867 re-

1805 4401 1857 4465 D

1899 1797 2067 1854 debit.

2420 1866 2650 1925 CAPUT
2687 1866 2931 1926 XXXVI.

1967 1960 2130 2016 Vens.
2181 1959 2232 2013 l.
2275 1989 2347 2001 —-
2371 1958 2714 2015 Accesserant
2743 1970 2917 2015 autem
2958 1969 3007 2015 et
3040 1959 3335 2033 principes,
3367 1968 3491 2027 εις..

1898 2051 2055 2123 (ΗΑΒ.
2104 2054 2159 2107 in
2202 2051 2394 2118 Num.,
2438 2061 2569 2108 tom.
2616 2051 2705 2124 ll.)
2776 2050 3067 2107 Providere
3123 2051 3322 2108 debent
3368 2051 3474 2122 pia:

1897 2148 2251 2218 cogitationes
2274 2188 2289 2211 ,
2322 2156 2458 2213 etc.,
2487 2157 2647 2220 usque
2689 2146 2760 2202 ad
2804 2162 2873 2202 ne
2900 2148 2945 2202 si
2972 2162 3138 2219 prava
3175 2148 3477 2205 intentione

1896 2247 2178 2310 gerantur,
2199 2239 2268 2295 ab
2289 2239 2578 2295 immundis
2595 2238 2875 2309 spiritibus
2890 2238 3278 2308 pervadantur;
3296 2240 3437 2295 unde
3458 2257 3473 2294 :

1894 2312 2160 2386 Attendite
2187 2348 2249 2386 ne
2267 2331 2537 2401 justitiam
2560 2342 2786 2387 vestram
2812 2331 3023 2401 faciatis
3044 2347 3221 2388 coram
3242 2332 3475 2388 homini-

1895 2422 1988 2477 bus
2018 2422 2096 2494 (Μ
2101 2424 2232 2477 atlh.
2270 2422 2371 2494 γι).

1965 2516 2125 2570 Vsus.
2159 2515 2213 2570 6.
2238 2546 2308 2556 —
2334 2514 2572 2570 Nubant.
2604 2514 2790 2571 Simile
2830 2513 2965 2570 dicit
2991 2513 3285 2587 Apostolus
3315 2531 3328 2568 ε
3374 2510 3475 2569 Cui

1891 2604 1998 2660 t'ttlt
2040 2605 2220 2672 nubat,
2260 2615 2467 2659 tantum
2507 2606 2564 2660 in
2604 2604 2833 2660 Domino
2876 2603 2929 2676 (1
2960 2602 3087 2660 Cor.
3110 2604 3230 2677 vn),
3264 2604 3319 2661 id
3355 2613 3472 2672 est,

1890 2701 2009 2757 viro
2025 2701 2315 2768 catholico,
2334 2714 2403 2757 ne
2439 2701 2709 2772 possessio
2730 2700 2939 2757 scilicet
2953 2701 3219 2761 bonorum
3242 2718 3470 2774 operqu

1891 2801 1948 2848 et
1987 2802 2151 2850 rectas
2173 2792 2299 2849 ﬁdei
2341 2794 2631 2864 perdatur,
2684 2793 2731 2851 si
2768 2792 2955 2867 gentili
3004 2802 3100 2849 aut
3148 2791 3336 2850 Judmo
3363 2808 3469 2850 nuo

1928 2886 2080 2942 serit.

1928 2899 2080 2942 seru.
3498 2926 3507 2935 .

1890 2899 1925 2955 ρ
1964 2977 2315 3049 Tropologice
2343 2991 2474 3032 vero
2501 2974 2742 3042 mulieri,
2790 2974 2847 3030 id
2872 2982 2980 3042 est,
3022 2973 3126 3046 pim
3160 2972 3470 3041 intentioni,
3502 3046 3507 3051 _

1812 3041 1863 3107 θ
1891 3083 1991 3139 per
2016 3041 2226 3124 bonan;
2236 3068 2527 3133 actionem,
2558 3067 2644 3123 cui
2681 3066 2934 3132 voluerit,
2967 3041 3098 3123 licet
3138 3080 3199 3122 se
3245 3063 3472 3137 conjun-

1887 3175 2016 3231 gere
2060 3160 2260 3226 labori,
2292 3160 2372 3216 sic
2398 3163 2581 3214 tamen
2608 3167 2670 3213 ut
2694 3158 2955 3229 pietatem
2989 3166 3047 3213 et
3070 3157 3385 3227 religionem
3412 3156 3469 3215 in

1885 3250 2137 3305 omnibus
2184 3258 2506 3317 conservet,
2552 3263 2620 3304 ne
2659 3249 2841 3321 operis
2877 3248 2962 3305 sui
2984 3263 3084 3320 pro
3111 3263 3220 3321 quo
3245 3256 3469 3307 aeterna:

1883 3342 2218 3399 hmreditatis
2236 3343 2627 3414 possessionem
2654 3350 2854 3413 sperat,
2872 3341 3258 3398 detrimentum
3284 3339 3466 3413 patia-

1883 3443 1995 3497 tur,
2027 3434 2071 3489 si
2097 3434 2294 3501 alieno,
2325 3434 2379 3490 id
2405 3443 2489 3491 est
2518 3443 2735 3493 terreno
2769 3448 2830 3490 se
2865 3429 3229 3502 coniunxerit.

1953 3525 2135 3598 (llam)
2163 3524 2274 3581 Hoc
2299 3524 2358 3579 iit
2389 3539 2513 3580 cum
2532 3524 2757 3595 quilibet
2782 3525 2848 3581 de
2868 3538 3096 3581 numero
3112 3523 3455 3581 credentium

1881 3614 2189 3673 Judaaorum
2221 3617 2431 3673 doctori
2459 3619 2525 3673 de
2544 3616 2797 3689 gentibus
2825 3617 3065 3674 credenti
3093 3631 3155 3674 se
3172 3616 3371 3691 jungit,
3397 3624 3461 3677 ut

1880 3708 1998 3778 ejus
2040 3707 2353 3779 magisterio
2394 3705 2530 3764 ﬁlios
2574 3709 2778 3781 gignat,
2818 3708 2872 3764 id
2916 3718 3001 3765 est
3028 3708 3247 3779 pietatis
3273 3722 3463 3783 opera.

1879 3797 2108 3855 Nomine
2144 3799 2308 3855 etiam
2329 3800 2508 3869 patrui
2533 3799 2637 3856 dici
2670 3808 2895 3871 [rossnnt
2912 3800 2980 3859 de
3006 3799 3257 3872 gentibus
3280 3799 3463 3868 electi,

1879 3894 2005 3965 quia
2030 3892 2227 3949 fratres
2260 3902 2388 3949 sunt
2412 3903 2723 3949 sanctorum
2754 3893 3197 3964 praedicatorum,
3227 3893 3321 3965 qui
3351 3893 3469 3949 fue-

1879 3995 2006 4041 runt
2033 3986 2086 4041 in
2113 3984 2309 4064 Iudaea
2333 3986 2639 4042 constituti.
2674 3984 2793 4041 Non
2818 3985 2981 4043 debet
3005 4000 3127 4043 esse
3150 3986 3387 4042 schisma
3410 3986 3465 4042 in

1877 4075 2106 4147 spiritali
2134 4077 2474 4148 cognatione,
2499 4076 2592 4131 ubi
2618 4092 2726 4132 una
2754 4085 2839 4133 est
2860 4075 2995 4133 tides
3018 4076 3074 4132 in
3102 4075 3463 4148 professione.

1877 4169 1946 4224 Et
1987 4169 2128 4224 sicut
2171 4176 2257 4227 est
2298 4182 2439 4224 unus
2462 4176 2671 4240 pastor,
2700 4168 2860 4227 debet
2886 4183 3011 4225 esse
3063 4185 3228 4225 unum
3272 4167 3458 4225 ovile:

1879 4258 2071 4315 Omnes
2112 4260 2252 4315 enim
2298 4260 2489 4330 fratres
2530 4276 2710 4316 sumus
2738 4259 2923 4331 (Joau.
2956 4275 3024 4327 ιε
3063 4257 3258 4314 Matth.
3287 4273 3462 4326 xxut;

1878 4353 1940 4409 11
1969 4352 2091 4410 Cor.
2116 4355 2217 4424 χι).
3106 4408 3111 4413 .

1948 4448 2052 4516 Qui
2081 4448 2439 4503 humilitatem
2483 4446 2684 4502 habere
2712 4444 2913 4511 studet,
2946 4452 3004 4501 et
3042 4446 3096 4502 in
3126 4444 3462 4503 inﬁrmitati-

1876 4540 1979 4597 bus
2004 4540 2116 4595 snis
2138 4538 2435 4609 complacet
2451 4576 2467 4603 ,
2490 4537 2593 4594 sibi
2637 4536 3030 4595 solemnitatem
3073 4540 3205 4611 agit,
3225 4549 3283 4597 et
3306 4549 3467 4613 grtia

1877 4645 2101 4687 munera
2126 4629 2233 4685 Deo
2262 4629 2478 4695 tribuit,
2510 4636 2566 4685 et
2591 4642 2687 4685 rex
2729 4643 2840 4683 suae
2872 4632 3303 4691 conversationis
3346 4633 3467 4689 exi-

1877 4724 1990 4787 stit,
2025 4730 2082 4776 et
2136 4735 2423 4792 progressu
2463 4719 2723 4775 virtutum
2770 4727 3053 4789 movetur,
3078 4721 3364 4781 ambulans
3394 4724 3463 4782 do
3568 4796 3581 4807 ο

1875 4813 2075 4869 virtute
2103 4811 2157 4869 in
2176 4812 2455 4868 virtutem.

1222 5067 1531 5146 LIBER
1604 5066 2431 5151 DEUTERONOMII.

788 5253 1048 5313 Hebraice
1075 5253 1257 5311 Eun
1289 5269 1631 5313 unusunus
1660 5255 1903 5327 (av-mn
1935 5238 2088 5329 €153).
2120 5256 2177 5311 id
2205 5268 2281 5313 est
2319 5255 2451 5315 Hic
2480 5271 2620 5316 SUN'I'
2657 5272 2849 5317 Vim.

781 5515 1173 5574 PREFATIO.

259 5608 577 5667 Fasciculus
614 5609 843 5682 myrrhae
892 5609 1121 5666 delectus
1158 5612 1306 5667 mihi.
1336 5610 1575 5685 Myrrha,
1601 5609 1764 5667 arbor

1867 5516 1993 5584 scit,
2016 5512 2170 5585 cujus
2188 5523 2375 5571 cortex
2412 5522 2467 5569 et
2495 5513 2648 5570 radix
2687 5522 2746 5570 et
2796 5511 2923 5569 folia
2959 5521 3017 5571 et
3057 5514 3238 5571 omnia
3264 5529 3452 5573 amara

1865 5622 2010 5667 sunt.
2034 5608 2249 5683 Myrrha
2276 5624 2461 5665 amara
2490 5618 2573 5665 est
2597 5617 2654 5665 et
2678 5609 3031 5666 cadaveribus
3055 5609 3364 5681 apponitur,
3392 5619 3453 5667 ut

176 5701 507 5773 aromatica,
532 5700 772 5775 quinque
797 5701 995 5761 cubitis
1021 5710 1228 5761 tantum
1258 5704 1315 5762 in
1359 5703 1529 5762 altum
1573 5719 1762 5762 excre-
1863 5715 2045 5764 arceat
2088 5702 2429 5789 putrediuem
2470 5699 2759 5759 vermium.
2808 5699 2937 5760 Haec
2963 5710 3046 5761 est
3085 5701 3175 5759 lex
3201 5708 3356 5758 vetus
3395 5700 3457 5765 iu
