4006 6352
26 6241 40 6311 i

533 423 639 476 441
927 403 933 416 ‘
1035 419 1427 476 WALAFRlDl
1466 417 1714 474 STRABI
1749 415 1953 472 FULD.
1996 411 2162 468 non.
2201 411 2351 467 ore.
2392 405 2573 464 PARS
2607 408 2648 462 1.
2686 436 2755 447 -
2793 403 3251 461 THEOLOGICA.
3687 401 3800 459 448

532 538 770 608 quinque
797 535 950 591 libris
975 535 1394 603 comprehensa;
1437 548 1642 596 amara,
1676 531 1729 585 id
1757 538 1860 594 est,
1901 525 2103 582 nemini
2129 528 2182 584 Α
2208 521 2456 587 inferius,
2505 522 2577 576 ibi
2603 540 2616 575 :
2646 521 2786 575 Deus
2841 531 3046 587 noster,
3077 528 3184 574 etc.
3216 517 3324 574 Sed
3363 518 3432 575 ad
3459 532 3652 574 eorum
3685 521 3803 575 evi-

531 648 777 705 parcens,
834 631 976 686 unde
1010 639 1066 684 et
1111 628 1321 683 Maratb
1368 629 1645 698 designata
1695 633 1808 688 est;
1866 621 2108 692 apposita

529 721 916 786 cadaveribus,
955 721 1009 775 id
1060 732 1144 776 est
1190 721 1405 774 inventa
1453 733 1551 789 pro
1605 715 1996 787 peccatoribus,
2050 720 2111 766 ut

530 813 932 884 corruptionem
984 811 1274 866 criminum
1325 810 1392 864 ab
1427 809 1505 864 eis
1534 816 1760 862 arceret.
1813 802 1982 872 hujus
2031 801 2111 857 fa-

530 906 762 964 sciculus
810 912 894 960 est
940 903 1406 966 Deuteronomius,
1457 900 1510 955 id
1556 909 1638 955 est
1687 897 2111 954 ramusculorum

529 999 763 1069 plurium
793 998 848 1052 in
877 1011 1045 1051 unum
1079 995 1344 1051 collectio.
1378 994 1689 1048 Terminata
1732 992 1877 1047 enim
1899 991 2014 1055 lege
2057 990 2112 1044 in

531 1099 762 1160 quatuor
785 1087 1167 1150 voluminibus,
1191 1087 1292 1141 iste
1313 1085 1532 1155 quintus
1556 1085 1769 1138 additus
1792 1092 1893 1147 est,
1924 1080 2114 1136 diffuse

533 1187 674 1243 dicta
727 1185 780 1240 in
833 1199 1001 1238 unum
1051 1181 1290 1237 breviter
1336 1181 1611 1250 colligens,
1659 1179 1899 1248 quaedam
1949 1176 2112 1229 etiam

529 1277 894 1351 praetermissa
946 1275 1219 1345 supplens.
1279 1273 1508 1326 Additus
1556 1280 1732 1326 autem
1787 1277 1870 1323 est
1917 1267 2024 1321 illis
2057 1275 2117 1321 ut

532 1386 755 1426 numero
785 1369 942 1440 legali
973 1367 1334 1422 satisfaceret.
1371 1365 1661 1432 Quinarius
1692 1363 1834 1417 enim
1860 1375 2116 1415 numerus

531 1471 614 1516 est
637 1461 790 1531 legis,
822 1459 1208 1530 quaternarius
1255 1457 1553 1528 Evangelii,
1605 1455 1755 1510 Unde
1813 1461 1867 1508 ct
1895 1451 2117 1506 refectio

532 1553 770 1622 quinque
819 1552 1043 1606 millium
1092 1550 1370 1604 hominum
1419 1548 1472 1602 in
1503 1545 1790 1617 Evangelia
1818 1545 1884 1598 ad
1934 1552 2118 1613 patres

531 1640 744 1697 Veteris
783 1640 1117 1696 Testamenti
1148 1647 1358 1708 spectat
1389 1656 1402 1692 :
1446 1637 1671 1692 refectio
1711 1643 1942 1706 quatuor
1992 1635 2116 1688 mil-

539 1723 671 1789 lium
703 1735 769 1790 ad
791 1743 973 1805 patres
999 1734 1156 1798 novi;
1184 1734 1291 1788 illis
1311 1733 1455 1787 enim
1483 1731 1748 1802 promissa
1769 1739 1894 1786 sunt
1915 1737 1970 1784 et
1995 1729 2118 1783 data

541 1833 782 1888 terrena,
810 1839 930 1893 quae
975 1823 1216 1892 quinque
1265 1823 1511 1877 sensibus
1562 1823 1827 1876 subsunt:
1859 1820 1965 1875 illis
1987 1834 2131 1889 qua-'

536 1914 709 1977 drata,
743 1913 794 1967 id
838 1922 958 1979 est,
1005 1913 1249 1968 soliditas
1307 1920 1461 1967 terrae
1493 1913 1807 1966 viventium.
1867 1911 2118 1965 Deservit

537 2006 700 2060 etiam
740 2005 876 2060 liber
925 2007 1028 2062 iste
1077 2006 1366 2075 Evangelio
1397 2006 1448 2060 in
1493 2005 1729 2070 nomine,
1757 2004 1812 2057 in
1857 2003 2117 2072 explana-

538 2097 700 2152 tionis
737 2097 878 2152 serie
901 2138 915 2162 ,
946 2098 998 2152 in
1028 2099 1110 2153 sui
1141 2099 1413 2168 dignitate.
1449 2097 1654 2152 Dicitur
1679 2097 1821 2152 enim
1859 2095 2120 2150 Hebraicc

537 2187 688 2241 Elleh
719 2187 1098 2256 Haddebarim,
1143 2197 1360 2250 una-tn
1387 2173 1518 2253 res,
1544 2189 1597 2244 id
1641 2197 1753 2250 est,
1786 2189 1900 2242 haec
1931 2189 2116 2251 verba,

541 2277 728 2335 Graece
766 2279 1164 2354 δευτερονόμιον,
1195 2281 1336 2349 quod
1377 2290 1458 2334 est
1499 2279 1692 2335 Latine
1719 2279 1955 2334 secunda
1986 2277 2070 2332 lex
2103 2295 2115 2331 :

536 2369 652 2424 Non
701 2379 761 2425 ut
812 2373 1026 2442 quidam
1087 2374 1370 2437 dixerunt,
1401 2371 1566 2426 altera
1616 2379 1737 2440 post
1784 2370 2116 2440 praedictam,

538 2464 678 2518 unde
705 2464 759 2518 in
807 2465 1079 2533 praedictis
1104 2464 1422 2519 dicebatur:
1452 2461 1680 2516 Locutus
1710 2470 1787 2514 est
1828 2459 2118 2523 Dominus;

536 2553 626 2608 bic
651 2564 864 2620 autem,
896 2553 1124 2609 Locutus
1170 2565 1243 2609 est
1273 2553 1512 2623 Moyses;
1541 2551 1634 2605 sed
1665 2551 1922 2614 secunda,
1955 2550 2006 2603 id
2038 2557 2122 2603 est

537 2644 772 2699 secundo
808 2646 1002 2699 iterata
1028 2685 1042 2709 ,
1093 2645 1197 2698 hoc
1231 2643 1446 2698 nomine
1486 2640 1833 2711 Evangelium
1876 2639 2123 2711 praafigu-

537 2749 686 2799 rans,
716 2735 857 2804 quod
881 2736 1143 2790 successit
1165 2735 1292 2806 legi,
1319 2734 1408 2790 cui
1452 2732 1658 2787 nullum
1681 2732 1954 2787 succedet.
1986 2731 2121 2786 Cum

538 2824 702 2878 etiam
734 2825 901 2879 multa
951 2813 1189 2880 breviter
1241 2825 1442 2896 colligit
1487 2832 1542 2880 et
1593 2824 1801 2894 supplet
1853 2824 2119 2894 quaedam,

539 2915 767 2970 formam
807 2917 1076 2987 Evangelii
1105 2917 1417 2988 praetigurat
1447 2934 1460 2970 :
1492 2917 1594 2971 hoc
1629 2923 1713 2970 est
1749 2915 1892 2970 enim
1930 2915 2122 2971 abbre-

539 3005 742 3059 viatum
799 3005 1020 3060 verbum
1051 3007 1193 3076 quod
1230 3005 1356 3061 fecit
1399 3007 1658 3061 Dominus
1689 3019 1852 3075 super
1895 3013 2120 3069 terram,

543 3105 597 3150 et
629 3095 840 3166 supplet
865 3096 1177 3166 imperfecta
1210 3097 1377 3168 legis;
1421 3097 1599 3152 unde:
1633 3097 1755 3151 Non
1781 3097 1894 3151 veni
1928 3095 2123 3150 solvere

541 3185 726 3256 legem,
752 3186 841 3240 sed
867 3186 1150 3257 adimplere
1177 3185 1390 3259 (Matth.
1417 3187 1496 3258 v).
1541 3185 1673 3241 Cum
1704 3194 1881 3240 autem
1923 3185 2124 3240 dicitur

539 3277 641 3333 hoc
674 3293 808 3348 opus
829 3277 963 3333 adeo
988 3279 1203 3349 dignum
1228 3320 1241 3343 ,
1266 3279 1410 3348 quod
1449 3279 1696 3333 manibus
1726 3278 1870 3349 regis
1918 3277 2120 3349 gestari

537 3368 812 3438 iubeatur,
855 3369 1176 3440 dignitatem
1209 3369 1486 3440 Evangelii
1537 3370 1732 3439 aperit,
1782 3369 1924 3438 quod
1978 3369 2123 3424 ordi-

543 3470 730 3516 natum
775 3470 862 3518 est
905 3464 959 3517 in
988 3479 1148 3518 manu
1190 3461 1520 3518 Mediatoris.
1553 3462 1686 3518 Cum
1732 3477 1862 3534 ergo
1889 3463 1967 3518 sic
2004 3478 2120 3518 ser-

539 3555 649 3608 viat
675 3554 986 3626 Evangelio,
1019 3555 1211 3611 merito
1255 3563 1338 3610 est
1389 3555 1678 3612 fasciculus
1703 3555 1926 3612 dilectus
1970 3557 2126 3612 Chri-

543 3655 648 3713 sto,
682 3663 788 3702 non
831 3656 1038 3703 tantum
1063 3663 1162 3718 pro
1198 3663 1280 3714 se,
1305 3657 1564 3719 quantum
1596 3648 1721 3719 quia
1750 3649 1991 3704 ostendit
2034 3665 2124 3704 ro-

543 3748 651 3794 tam
701 3740 754 3794 in
781 3741 958 3796 medio
1007 3748 1159 3796 rotae.
1201 3740 1434 3796 Intentio
1463 3749 1546 3796 est
1585 3740 1948 3810 recapitulare
1989 3755 2126 3810 pra:-

544 3830 688 3884 dicta
719 3829 915 3899 triplici
943 3829 1067 3896 ﬁne,
1092 3837 1152 3884 ut
1183 3831 1385 3886 arctius
1409 3831 1684 3886 memoriae
1699 3831 2123 3896 commendetur,

544 3927 604 3973 ut
633 3919 838 3974 utilitas
876 3919 1252 3988 praedictorum
1283 3920 1598 3976 inculcetur.
1631 3920 1784 3988 Quod
1818 3920 1960 3975 enim
1996 3919 2128 3975 utile

546 4018 648 4072 est,
678 4024 819 4078 saepe
845 4009 1049 4074 dicere,
1073 4025 1176 4064 nec
1204 4011 1416 4081 pigrum
1443 4025 1564 4066 esse
1591 4010 1770 4077 debet,
1807 4019 1867 4064 ut
1892 4009 2129 4080 ait‘Apo-

547 4098 716 4154 stolus
745 4095 910 4171 (Phil.
943 4099 1044 4171 m),
1073 4115 1176 4154 nec
1203 4099 1494 4156 molestum
1522 4101 1730 4167 audire,
1765 4109 1819 4156 et
1847 4110 1910 4155 ut
1929 4101 2127 4156 duritia

547 4190 851 4248 Iudaeorum
879 4192 1299 4260 condemnetur,
1331 4195 1423 4265 qui
1474 4194 1634 4249 toties
1659 4194 1802 4248 dicta
1833 4210 1938 4249 non
1968 4194 2125 4250 intel-

547 4283 808 4338 lexerunt.
844 4282 1030 4339 Modus
1055 4286 1245 4355 agendi
1278 4299 1292 4338 :
1323 4286 1608 4340 Pra'mittit
1638 4285 1792 4356 quasi
1827 4287 2125 4357 prologum,

549 4391 656 4444 quo
680 4374 922 4430 ostendit.
940 4376 1062 4445 quis
1101 4377 1400 4446 scripserit,
1435 4385 1490 4430 et
1515 4376 1644 4444 quid
1668 4416 1681 4439 ,
1726 4385 1831 4431 etc.
1862 4377 1990 4431 Post
2010 4393 2127 4432 me-

549 4473 727 4520 morat
759 4482 922 4538 grave
952 4466 1204 4522 delictum
1242 4483 1340 4537 pro
1372 4482 1480 4536 quo
1509 4467 1787 4535 perierunt
1816 4467 1868 4521 in
1896 4468 2126 4534 deserto,

2209 613 2445 669 dentiam
2475 628 2594 683 quae
2631 612 2686 667 in
2738 611 2959 680 prologo
2978 651 2992 677 ,
3018 619 3074 664 et
3103 625 3292 665 eorum
3315 624 3434 680 quae
3462 617 3800 678 sequuntur,

2211 705 2477 775 tangenda
2533 713 2618 760 est
2681 703 3074 772 aliquantulum
3137 701 3340 757 veritas
3391 700 3654 756 historiae.
3719 702 3802 757 Ab

2210 796 2356 850 exitu
2383 796 2613 871 tiliorum
2641 793 2805 848 lsrael
2831 793 2898 848 de
2921 791 3160 864 {Egypto
3183 806 3358 862 usque
3394 805 3503 860 quo
3525 805 3799 861 pervene

2210 895 2337 941 runt
2358 889 2424 940 ad
2448 885 2767 956 campestria
2793 884 2948 938 Moab
2977 899 3138 953 supra
3162 883 3451 939 Iordanem
3478 901 3491 936 :
3521 882 3806 938 ﬂuxerunt

2213 979 2566 1050 quadraginta
2591 977 2696 1032 duo
2720 977 2867 1041 anni,
2897 977 2950 1030 in
2975 977 3171 1046 quibus
3200 976 3427 1030 diversis
3457 976 3802 1046 temporibus

2213 1068 2567 1139 quadraginta
2614 1067 2748 1122 duas
2784 1067 3093 1122 mansiones
3125 1065 3391 1120 fecerunt.
3424 1065 3656 1132 Quando
3707 1081 3802 1118 nu-

2211 1163 2309 1218 bes
2357 1162 2662 1226 levabatur,
2695 1171 2872 1216 castra
2921 1161 3307 1225 movebantur,
3352 1171 3560 1215 etcum
3594 1161 3800 1224 stabat,

2213 1253 2516 1322 figebantur
2544 1259 2597 1305 et
2625 1252 2916 1306 manebant
2944 1251 2997 1304 in
3025 1253 3214 1306 eodem
3242 1251 3361 1306 loco
3387 1266 3677 1321 quousque
3709 1251 3806 1305 ite-

2214 1359 2334 1398 rum
2360 1344 2639 1398 levabatur
2663 1345 2851 1398 nubes.
2877 1343 3058 1397 Prima
3081 1345 3290 1398 mansio
3316 1343 3488 1397 fuitin
3513 1342 3800 1404 Ramesse,

2215 1436 2404 1490 ultima
2447 1435 2499 1490 in
2531 1436 2924 1505 campestribus
2956 1433 3132 1489 Moab.
3159 1435 3204 1488 A
3230 1434 3491 1489 Ramesse
3532 1448 3712 1502 usque
3738 1433 3802 1488 ad

2216 1533 2452 1579 montem
2479 1523 2628 1586 Sina,
2643 1524 2815 1593 spatio
2836 1524 3192 1593 quadraginta
3216 1531 3421 1593 septem
3439 1523 3656 1577 dierum
3676 1523 3804 1576 duo-

2217 1618 2386 1672 decim
2416 1618 2720 1672 mansiones
2747 1615 2993 1670 feccrunt
3023 1624 3078 1670 et
3110 1617 3210 1670 hoc
3235 1617 3412 1686 primo
3434 1631 3578 1670 anno
3601 1657 3617 1680 ,
3651 1626 3706 1670 et
3735 1617 3802 1670 ibi

2218 1707 2332 1760 fere
2361 1714 2530 1760 totum
2581 1721 2782 1760 annum
2839 1714 3124 1760 steterunt.
3174 1706 3251 1761 lbi
3289 1705 3370 1760 lex
3414 1707 3542 1760 data
3591 1714 3705 1770 est,
3739 1705 3806 1760 ibi

2218 1797 2446 1853 Genesis
2496 1797 2746 1867 scriptus,
2783 1796 3022 1862 Exodus,
3066 1795 3287 1852 Numeri
3337 1796 3527 1867 scripti
3572 1803 3726 1860 sunt,
3757 1806 3808 1850 et

2151 1875 2198 1936 B
2224 1903 2414 1958 magna
2439 1903 2564 1958 pars
2593 1889 2770 1958 bujus.
2813 1887 2939 1943 lnde
2981 1889 3171 1958 pedem
3216 1897 3496 1944 moventes
3525 1903 3678 1942 anno
3726 1902 3806 1942 se-

2220 1982 2394 2035 cundo
2445 1987 2806 2051 pervenerunt
2851 1981 2907 2034 in
2953 1979 3297 2035 Cadesbarne
3333 1988 3390 2035 et
3423 1979 3477 2033 in
3506 1979 3690 2048 spatio
3721 1978 3806 2034 illo

2221 2069 2463 2126 fecerunt
2486 2070 2672 2140 viginti
2708 2071 3048 2136 mansiones;
3078 2072 3143 2126 de
3167 2068 3514 2126 Cadesbarne
3542 2071 3809 2125 miserunt

2219 2165 2605 2234 exploratores,
2654 2165 2747 2234 qui
2796 2173 3125 2220 revertentes
3172 2164 3557 2219 nuntiaverunt
3603 2173 3806 2218 terram

2219 2257 2446 2322 bonam,
2485 2257 2578 2312 sed
2621 2258 2870 2314 robustus
2909 2266 2964 2312 et
3007 2259 3254 2329 gigantes
3299 2256 3548 2312 homines
3589 2256 3808 2310 invene-

2222 2359 2366 2415 runt,
2395 2359 2451 2405 et
2470 2349 2646 2404 territi
2689 2349 2933 2406 volentes
2982 2350 3160 2406 redire
3203 2350 3258 2404 in
3309 2358 3510 2403 terram
3559 2349 3806 2420 Egypti,

2222 2444 2362 2498 unde
2395 2443 2565 2497 iratus
2611 2443 2891 2498 Dominus.
2938 2442 3202 2497 Abierunt
3249 2449 3396 2497 retro
3433 2449 3488 2496 et
3533 2439 3804 2496 lustrave-

2221 2544 2347 2591 runt
2376 2545 2614 2591 montem
2643 2533 2768 2590 Seir
2793 2551 2891 2606 per
2941 2535 3160 2606 triginta
3182 2545 3306 2590 octo
3342 2549 3530 2599 annos,
3561 2533 3640 2588 ibi
3672 2549 3809 2588 mor-

2225 2627 2301 2682 tui
2340 2636 2394 2682 et
2421 2628 2676 2697 prostrati
2711 2636 2837 2683 sunt
2863 2635 3282 2684 murmurantes.
3306 2626 3366 2683 ln
3389 2627 3807 2698 quadragesimo

2224 2735 2365 2775 anno
2387 2729 2747 2790 pervenerunt
2785 2720 2854 2776 ad
2879 2720 3224 2778 Cadesbarne
3249 2760 3263 2787 ,
3300 2718 3444 2774 unde
3468 2728 3616 2774 retro
3661 2718 3809 2772 abie-

2224 2821 2351 2866 runt
2375 2828 2472 2882 per
2501 2812 2806 2877 desertum,
2831 2819 2888 2867 et
2913 2812 2966 2866 in
3000 2811 3089 2866 illo
3117 2811 3290 2881 spatio
3315 2823 3507 2864 novem
3556 2809 3806 2863 mansio-

2225 2919 2319 2960 nes
2341 2905 2536 2960 iterum
2565 2903 2828 2960 fecerunt.
2865 2902 3126 2960 Undecim
3163 2917 3294 2958 vero
3319 2902 3434 2958 dies
3463 2899 3686 2970 Moyses
3715 2915 3805 2954 an-

2224 3005 2440 3067 tequam
2489 2997 2700 3052 veniret
2746 2996 2812 3050 ad
2864 2995 3241 3060 Cadesbarne,
3266 2993 3440 3065 legem
3467 2991 3582 3048 solo
3632 2989 3810 3045 verbo

2226 3088 2624 3159 recapitulavit,
2647 3096 2702 3144 et
2726 3088 2792 3142 de
2819 3086 3160 3142 Cadesbarne
3185 3074 3355 3156 usque
3375 3085 3442 3140 ad
3478 3084 3806 3154 campestria

2228 3179 2404 3244 Moab,
2437 3187 2492 3234 et
2537 3177 2628 3233 illo
2655 3178 2832 3247 spatio
2861 3177 3109 3232 undecim
3151 3177 3360 3231 dierum
3390 3175 3588 3245 scripto
3629 3174 3810 3229 voluit

2225 3269 2621 3326 commendare.
2680 3268 2820 3323 Ecce
2872 3268 2938 3322 de
2989 3267 3162 3337 primo
3208 3281 3350 3320 anno
3405 3265 3720 3330 duodecim,
3749 3264 3811 3319 de

2222 3359 2458 3416 secundo
2478 3375 2585 3414 una
2609 3365 2664 3414 et
2691 3357 2901 3429 viginti,
2929 3358 2994 3412 de
3018 3355 3237 3428 reliquis
3262 3364 3543 3421 novem,et
3562 3354 3636 3410 ita
3671 3369 3809 3426 qua-

2223 3451 2472 3520 draginta
2501 3450 2620 3505 dua:
2647 3449 2979 3506 mansiones.

2295 3561 2420 3617 Haec
2448 3561 2550 3618 fuit
2578 3576 2740 3616 causa
2772 3559 2931 3630 hujus
2972 3559 3115 3628 libri,
3149 3568 3210 3615 ut
3241 3559 3450 3616 scilicet
3490 3573 3611 3629 quae
3665 3557 3807 3613 facta

2227 3653 2480 3719 fuerant,
2536 3652 2774 3709 breviter
2830 3652 3083 3718 collecta,
3138 3653 3344 3708 arctius
3389 3660 3715 3707 tenerentur
3759 3653 3808 3707 in

2227 3747 2511 3814 memoria,
2556 3745 2714 3802 facile
2758 3746 2906 3802 enim
2953 3746 3252 3804 retinentur
3276 3761 3399 3820 qua:
3445 3746 3687 3803 breviter
3734 3747 3811 3802 di-

2227 3849 2443 3894 cuntur.

2298 3952 2454 4024 (Rau.
2504 3953 2559 4008 in
2605 3951 2784 4023 Deut.)
2813 3949 2943 4007 Haec
2976 3960 3096 4008 sunt
3119 3951 3291 4018 verba,
3321 3959 3431 4007 etc.
3477 3950 3809 4022 Principium

2228 4043 2626 4100 Deuteronomii
2654 4043 2842 4099 titulus
2864 4059 2984 4101 esse
3008 4045 3223 4101 videtur
3249 4045 3416 4100 totius
3441 4045 3623 4116 operis
3639 4086 3652 4109 ,
3679 4044 3806 4115 quia

2227 4151 2510 4206 personam
2537 4136 2739 4191 iudicat
2761 4137 3018 4201 auctoris,
3044 4145 3099 4191 et
3119 4136 3248 4205 quid
3275 4135 3493 4202 fecerit,
3524 4143 3580 4190 et
3609 4135 3804 4198 locum,

2227 4235 2284 4282 et
2322 4235 2550 4295 tempus.
2591 4225 2793 4280 Nomen
2823 4241 3037 4300 quoque
3063 4225 3186 4280 libri
3214 4226 3444 4296 gratiam
3471 4226 3804 4281 demonstrat

2227 4315 2362 4372 Novi
2385 4315 2736 4371 Testamenti.
2765 4315 3242 4372 Deuteronomium
3293 4309 3546 4386 namque
3571 4318 3806 4372 secunda

2229 4409 2314 4464 lex
2362 4409 2780 4479 interpretatur,
2819 4418 2877 4464 et
2919 4408 3269 4479 Evangelium
3321 4407 3619 4480 signiﬁcat,
3667 4408 3808 4478 quod

2230 4499 2444 4556 Veteris
2484 4500 2818 4557 Testamenti
2862 4509 3204 4556 sacramenta
3244 4500 3602 4570 spiritualiter
3627 4499 3806 4569 expla-

549 4562 609 4660 u,‘
788 4557 1208 4662 ῐίωῗηῗέξίῑίῗι
1245 4558 1312 4612 ad
1350 4557 1692 4662 ﬂia???“
1738 4557 1868 4662 Post
1906 4568 2208 4662 _Sel_)ara‘D
2234 4602 2346 4648 nat.
2381 4556 2548 4649 Sicut
2573 4593 2710 4648 liber
2753 4592 3152 4648 Deuteronomii
3177 4556 3425 4662 repetitio
3461 4601 3545 4647 est
3579 4556 3806 4661 quatuor

550 4646 794 4702 civitates
821 4647 1029 4718 refugii.
1053 4648 1180 4704 Post
1201 4649 1518 4719 recapitulat
1545 4649 1688 4704 dicta
1721 4659 1777 4705 et
1811 4649 1954 4705 facta
1985 4651 2127 4706 bona

551 4748 604 4794 et
667 4738 808 4794 mala
856 4740 1081 4810 supplet.
1137 4741 1267 4796 Post
1319 4741 1473 4810 jubet
1532 4744 1678 4798 hunc
1736 4743 1933 4798 librum
1997 4743 2126 4813 poni

553 4831 607 4885 in
640 4847 787 4898 arca,
821 4844 878 4887 et
917 4834 1143 4903 septimo
1172 4850 1314 4890 anno
1338 4835 1440 4907 legi
1466 4838 1612 4891 omni
1638 4836 1822 4890 lsraeli
1852 4837 1906 4890 in
1933 4851 2127 4891 sceno-

552 4923 766 4993 phegia.
795 4924 925 4979 Post
947 4925 1124 4981 subdit
1146 4927 1417 4983 canticum
1449 4945 1465 4981 :
1507 4928 1718 4993 Audite,
1743 4935 1872 4992 etc.,
1911 4927 1966 4980 in
2017 4943 2132 4984 me-

551 5016 780 5069 moriam
831 5018 1119 5072 murmuris
1171 5034 1357 5073 eorum
1389 5026 1440 5073 et
1489 5033 1680 5086 parum,
1732 5017 2050 5073 obedientiae
2077 5026 2134 5072 et

552 5106 778 5175 praemii.
811 5107 880 5162 Et
907 5118 1029 5180 post
1075 5111 1475 5167 benedictiones
1516 5107 1773 5166 t'ribuum.
1821 5110 2020 5167 Ulli-mo
2063 5110 2131 5166 de

555 5206 729 5254 morte
755 5199 941 5272 Moysi.

1059 5312 1286 5372 CAPUT
1322 5312 1610 5371 PRIMUM.

628 5465 790 5522 Vens.
825 5469 873 5522 l.
893 5499 961 5508 —
985 5468 1113 5523 Hau:
1138 5480 1257 5524 sunt
1283 5471 1457 5536 verba,
1480 5480 1584 5526 etc.
1610 5471 1897 5526 Praemittit
1922 5470 2132 5542 legisla-

557 5565 643 5612 tor
685 5559 896 5615 titulum
930 5563 1082 5632 quasi
1111 5561 1408 5633 prologum,
1457 5562 1510 5616 in
1549 5579 1654 5634 quo
1679 5563 1914 5619 ostendit
1937 5578 2133 5618 nomen

557 5651 821 5713 auctoris,
851 5661 905 5706 et
939 5652 1066 5722 quid
1115 5653 1322 5720 fecerit,
1368 5663 1424 5708 et
1457 5655 1581 5720 ubi,
1610 5665 1664 5710 et
1716 5655 1949 5725 quando.
1984 5654 2134 5710 Sicut

554 5741 715 5809 paulo
740 5751 861 5811 post
901 5744 954 5797 in
992 5743 1169 5815 glossa
1213 5745 1594 5817 distinguetur,
1625 5755 1680 5801 et
1727 5747 2050 5800 terminatur
2078 5755 2138 5801 ut

560 5830 1176 5908 quibusdamvidctur,
1230 5834 1304 5894 ibi
1352 5853 1364 5894 :
1405 5835 1852 5913 Quadragesimo,
1897 5843 2026 5908 θῑοοι
2057 5835 2140 5894 vel

2217 4685 2489 4742 librorum
2537 4683 2670 4756 legis
2703 4704 2716 4740 :
2749 4685 2826 4739 illi
2866 4687 3010 4741 enim
3051 4685 3298 4756 proprias
3333 4686 3613 4742 continent
3659 4686 3709 4740 in
3749 4701 3804 4741 se

2229 4793 2443 4844 causas,
2473 4777 2578 4833 iste
2605 4777 2829 4848 replicat
2857 4779 3132 4847 universa,
3161 4779 3326 4836 habet
3363 4785 3421 4836 et
3448 4779 3566 4850 ipse
3589 4779 3802 4852 prapria

2231 4879 2589 4926 sacramenta.

2301 4977 2423 5051 (ln.)
2454 4979 2585 5035 Haec
2607 4991 2728 5036 sunt
2752 4983 2921 5037 verba.
2950 4982 3066 5039 Hoc
3088 4982 3158 5040 de
3195 4999 3254 5040 se
3279 4994 3538 5054 tanquam
3571 4986 3638 5041 de
3679 4985 3798 5051 alio,

2235 5082 2368 5138 etc.,
2394 5091 2555 5144 usque
2580 5075 2648 5128 ad
2677 5083 2738 5130 ut
2772 5091 2931 5132 nemo
2969 5078 3141 5148 possit
3169 5076 3417 5134 dubitare
3445 5077 3667 5150 Moysen
3705 5079 3801 5134 ista

2236 5180 2538 5234 SCI‘lpSISSQ.

2306 5279 2534 5336 Locutus
2555 5291 2649 5336 est.
2681 5281 2890 5352 Moyses
2935 5282 3022 5338 lex
3051 5292 3205 5340 vetus
3231 5291 3336 5350 est,
3363 5299 3485 5354 quae
3509 5293 3658 5340 trans
3685 5281 3798 5338 Jor-

2234 5371 2449 5438 danem,
2476 5373 2528 5427 id
2563 5381 2646 5427 est
2691 5383 2815 5428 ante
2856 5374 3201 5445 baptismum,
3231 5374 3587 5432 lsraeliticum
3631 5374 3803 5430 docuit

2236 5464 2513 5533 populum.
2554 5465 2610 5518 in
2657 5463 2889 5520 Jordane
2938 5466 3082 5521 enim
3131 5465 3474 5538 signiﬁcatur
3516 5465 3802 5536 baptismus

2240 5557 2294 5610 in
2325 5572 2432 5626 quo
2461 5557 2762 5627 baptizatus
2803 5567 2888 5613 est
2921 5559 3170 5615 Christus
3201 5575 3216 5613 :
3251 5561 3304 5614 in
3335 5558 3622 5615 solitudine
3668 5570 3803 5612 cam-

2239 5648 2427 5718 pestri,
2460 5649 2512 5702 id
2539 5656 2623 5702 est
2651 5648 2704 5703 in
2747 5651 3032 5706 sterilitate
3079 5652 3315 5708 carnalis
3336 5650 3540 5725 populi,
3563 5649 3652 5720 qui
3697 5647 3800 5702 fru-

2241 5749 2388 5797 ctum
2415 5741 2678 5795 virtutum
2703 5757 2810 5797 non
2835 5743 3032 5798 attulit.

2312 5831 2383 5890 In
2422 5832 2704 5892 solitudine
2725 5877 2739 5906 ,
2770 5836 3056 5900 sterilitate
3095 5839 3292 5916 plebis,
3319 5839 3408 5901 cui
3435 5839 3634 5900 dicitur
3659 5851 3674 5894 :
3704 5831 3802 5894 Βι-
