4006 6352
252 383 364 442 449

1289 381 1560 442 GLOSSA
1598 358 1997 440 oriolNAmA.
2040 413 2110 425 —
2146 384 2275 442 un.
2317 385 2528 444 osor.

3413 395 3523 456 450

253 503 527 572 linquetur
573 497 716 555 vobis
761 498 947 554 domus
993 503 1159 554 vestra
1183 498 1388 554 deserta
1412 576 1414 578 ν
1437 497 1650 570 (Matth.
1680 513 1843 563 xxxx;
1872 501 1927 562 Α
1951 497 2071 563 bon,
2101 507 2206 555 etc.
2239 499 2413 572 (1510.)
2445 499 2502 554 ln
2528 498 2612 556 bis
2639 493 2896 572 regibus,
2929 504 3058 566 etc.,
3105 515 3268 573 usque
3315 504 3384 557 ad
3429 505 3525 561 sed

258 592 386 647 Luc.
428 591 572 660 xm).

327 683 525 739 Contra
573 665 750 737 mare:
792 680 928 750 Quia
969 679 1246 753 generatio
1279 693 1444 750 prava
1473 684 1550 735 'et
1589 690 1842 748 perversa

253 775 590 831 ablutionem
618 780 966 843 peccatorum
1006 771 1062 826 in
1101 770 1362 842 sanguine
1389 767 1591 825 Christi
1622 767 1844 822 credere

251 867 447 924 noluit.

325 958 477 1013 Inter
492 957 734 1013 Pharon.
755 957 968 1013 Pharan
992 964 1217 1023 auctus;
1243 955 1506 1028 ThOphel,
1531 954 1838 1020 insulsitas;

253 1055 465 1121 Laban,
496 1054 796 1120 dealbatio;
829 1052 1119 1118 Haseroth,
1150 1051 1309 1106 atria.
1339 1049 1548 1105 Auctus
1577 1056 1661 1103 est
1696 1047 1841 1102 enim

252 1136 490 1216 populus
517 1157 742 1198 numero
765 1142 1065 1205 hominum,
1096 1140 1341 1196 doctrina
1361 1139 1494 1210 legis
1520 1131 1576 1194 et
1605 1136 1838 1206 prophe-

252 1243 470 1299 tarum;
499 1232 594 1288 sed
627 1231 864 1287 insulsus
892 1231 1014 1295 fuit,
1035 1229 1162 1300 quia
1190 1228 1269 1284 sal
1299 1227 1580 1299 sapientia:
1604 1241 1712 1281 non
1745 1225 1841 1279 ha-

251 1327 394 1391 buit,
420 1324 702 1380 dealbatus
721 1337 852 1379 vero
879 1321 1014 1393 legis
1037 1319 1376 1376 caeremoniis
1396 1317 1669 1386 variisque
1689 1331 1844 1370 mun-

251 1419 425 1485 ditiis,
451 1432 588 1488 quas
611 1431 679 1471 ex
715 1415 892 1470 littera
949 1415 1083 1485 legis
1131 1427 1192 1468 se
1219 1412 1420 1467 habere
1459 1410 1706 1465 credidit.
1738 1407 1840 1475 Qui

253 1512 396 1567 bene
445 1526 541 1580 per
585 1509 724 1565 atria
773 1508 1128 1579 signiﬁcatur,
1176 1515 1436 1576 tanquam
1485 1520 1582 1575 per
1630 1504 1840 1560 divinas

253 1599 568 1670 Scripturas
598 1599 664 1653 ad
713 1599 993 1653 introitum
1050 1597 1176 1652 ﬁdei
1222 1607 1465 1666 paratus,
1494 1595 1636 1649 unde
1685 1592 1840 1647 multi

252 1692 309 1746 in
339 1692 576 1746 adventu
610 1689 812 1746 Christi
861 1689 1072 1746 facilius
1112 1696 1502 1759 susceperunt,
1527 1701 1686 1757 quem
1713 1695 1841 1742 ante

250 1785 574 1856 praedictum
603 1791 955 1854 agnoverunt,
986 1783 1126 1838 unde
1151 1783 1432 1852 Philippus
1463 1798 1476 1834 :
1513 1779 1678 1847 Quem
1702 1781 1837 1834 scri-

1941 589 2078 644 foris
2108 601 2386 646 manentes
2408 607 2620 661 semper
2647 592 2902 662 operibus
2933 593 3185 648 insistant
3213 595 3413 663 pravis.

2013 681 2178 736 Vsus.
2207 682 2425 737 5.—In
2454 693 2593 737 terra
2617 682 2794 738 Moab.
2835 683 3005 738 Exlex
3055 684 3320 754 siquidem
3360 701 3530 759 popu-

1943 769 2027 825 lus
2053 767 2175 836 fuit,
2200 771 2293 840 qui
2321 771 2494 842 legem
2517 772 2814 842 spiritalem
2838 789 2944 829 non
2967 775 3176 828 habuit.

2014 861 2180 917 Vens.
2211 863 2264 917 6.
2288 892 2359 902 —
2384 862 2642 917 Dominus
2677 863 2818 918 Deus
2845 867 3037 920 noster.
3066 864 3124 920 In
3153 866 3293 922 libro
3324 867 3526 926 Nume-

1941 971 2127 1012 rorum
2149 955 2218 1010 de
2242 953 2578 1026 profectione
2599 955 2835 1011 ﬁliorum
2853 957 3019 1013 Israel
3045 959 3111 1014 de
3133 959 3352 1016 deserto
3373 960 3524 1018 Sinai

1941 1056 2214 1112 narratur,
2251 1046 2344 1102 sed
2378 1055 2708 1117 praeceptum
2743 1049 2956 1104 Domini
2995 1050 3062 1104 ad
3109 1050 3325 1122 Moysen
3349 1053 3414 1108 de
3435 1069 3526 1109 eo-

1943 1143 2065 1198 dem
2092 1141 2322 1196 transitu
2351 1157 2461 1196 non
2492 1141 2718 1207 dicitur;
2743 1142 2839 1198 sed
2867 1143 2934 1197 de
2959 1144 3102 1199 nube
3126 1159 3248 1214 qua:
3274 1146 3526 1201 taberna-

1942 1234 2124 1290 culum
2156 1235 2407 1306 tegebat,
2445 1243 2500 1290 et
2531 1235 2748 1304 quando
2792 1235 3242 1304 proﬁciscendum
3280 1247 3400 1292 erat
3440 1253 3527 1294 re-

1942 1327 2166 1382 cedebat
2194 1343 2207 1380 :
2241 1334 2296 1382 et
2320 1325 2388 1380 ad
2417 1325 2594 1380 locum
2625 1325 2961 1396 ﬁgendorum
2984 1336 3288 1383 castrorum
3318 1342 3524 1398 praece-

1943 1416 2124 1472 debat.
2157 1414 2250 1471 Sic
2276 1416 2420 1471 cnim
2449 1416 2711 1484 scriptum
2739 1424 2858 1471 est:
2884 1417 3035 1472 Anno
3057 1418 3282 1472 secundo
3302 1459 3315 1481 ,
3345 1433 3523 1474 mense

1942 1506 2189 1571 secundo,
2223 1505 2469 1576 vigesima
2500 1505 2584 1560 die
2603 1506 2814 1572 mensis,
2842 1505 3041 1561 elevata
3061 1517 3138 1562 est
3167 1509 3327 1563 nubes
3353 1510 3418 1563 de
3438 1519 3524 1562 ta—

1943 1593 2221 1649 bernaculo
2267 1594 2494 1664 fwderis,
2545 1607 2594 1649 et
2635 1596 2869 1650 recubuit
2912 1597 2970 1652 in
3005 1597 3284 1653 solitudine
3307 1598 3526 1655 Pharon

1943 1686 2134 1757 (Num.
2164 1686 2240 1759 x).
2278 1685 2383 1742 Sed
2415 1687 2763 1742 manifestum
2795 1695 2879 1744 est
2912 1689 3202 1743 transitum
3239 1690 3392 1744 illum
3428 1690 3524 1746 Dei

1941 1786 2213 1848 prmeepto
2241 1792 2363 1834 esse
2390 1777 2731 1847 dispositum,
2760 1778 2886 1833 licet
2911 1779 2986 1834 ibi
3019 1795 3125 1834 non
3173 1780 3243 1834 sit
3285 1795 3525 1836 comme-

249 1881 352 1950 psit
379 1879 585 1951 Moyses
610 1879 667 1933 in
687 1879 816 1949 lege,
838 1877 1460 1950 etprophetteinvenimus
1474 1873 1838 1944 Jesumﬁlium
1865 1873 1916 1932 B
1945 1877 2236 1923 moratum.
2271 1869 2424 1925 Unde
2458 1870 2584 1925 alibi
2611 1871 2665 1924 in
2701 1870 2839 1926 libro
2865 1870 3087 1926 Numeri
3131 1872 3196 1926 ad
3239 1872 3526 1941 imperium

248 1973 448 2042 Joseplt
479 1991 512 2026 a
550 1972 821 2027 Nazaretlt
872 1972 1052 2042 (Joan.
1095 1971 1157 2041 ι).
1207 1971 1450 2038 Quatuor
1496 1970 1553 2024 hi
1602 1975 1837 2034 montes,

249 2073 486 2134 quatuor
527 2063 821 2135 Evangelia
849 2062 1184 2134 signiﬁcant,
1215 2061 1410 2132 quibus
1450 2059 1693 2116 Ecclesia
1735 2058 1844 2113 cir-

247 2153 560 2210 cumdatur.

305 2243 490 2300 ~Vsns.
531 2245 585 2300 2.
633 2275 704 2287 -—
758 2243 1009 2300 Undecim
1056 2244 1257 2300 diebus.
1317 2243 1428 2298 Lex
1479 2257 1578 2314 per
1619 2241 1842 2314 Moysen

246 2336 506 2392 undecim
551 2337 740 2392 diebus
797 2336 1102 2406 explanata,
1151 2333 1390 2390 Iudaica:
1441 2333 1618 2404 plebis
1665 2339 1842 2387 trans-

245 2429 586 2498 gressionem
616 2427 671 2483 in
693 2427 963 2482 mandatis
989 2425 1238 2496 Decalogi
1261 2425 1534 2496 signiﬁcat
1566 2440 1580 2478 :

328 2519 588 2576 Undecim
606 2519 722 2574 dies
743 2528 870 2574 sunt
891 2518 1139 2573 undecim
1163 2517 1390 2588 apostoli
1411 2523 1508 2587 per
1527 2530 1662 2586 quos
1683 2513 1841 2587 (Juda

248 2611 564 2683 reprobato)
607 2611 955 2683 Evangelium
1005 2609 1205 2678 Christi
1236 2611 1588 2681 praedicatum
1643 2619 1726 2665 est
1783 2609 1839 2664 in

245 2707 473 2760 mundo.

318 2795 400 2850 De
434 2793 627 2850 IIoreb.
657 2793 760 2863 Qui
814 2794 1080 2851 Hebraice
1117 2794 1317 2850 Choreb
1369 2791 1553 2864 (2-111);
1578 2793 1842 2864 incipiens

241 2905 350 2961 per
380 2887 524 2952 Seir,
553 2889 608 2943 id
637 2897 720 2944 est
755 2889 985 2960 pilosum
1015 2897 1070 2942 et
1095 2889 1372 2944 sordidum
1409 2887 1556 2942 vitiis
1585 2885 1841 2956 populum

243 2982 528 3037 transiens
555 2982 707 3037 venit
740 2981 807 3036 ad
827 2982 1171 3038 Cadesbarne
1197 3001 1208 3035 :
1243 2981 1336 3051 qui
1370 2990 1730 3036 commutatus
1755 2981 1842 3036 vel

241 3075 459 3129 electus
511 3073 598 3128 vel
627 3073 825 3129 nobilis
852 3074 1258 3144 interpretatur,
1295 3073 1608 3142 signiﬁcans
1635 3072 1840 3127 littera-

243 3163 358 3219 lem
382 3163 516 3234 legis
538 3178 756 3218 sensum
782 3163 837 3216 in
860 3163 1158 3233 spiritalem
1187 3177 1283 3233 per
1309 3162 1657 3230 Evangelium
1697 3177 1844 3217 com-

1941 1958 2158 2014 Domini
2188 1961 2427 2030 ﬁgebant
2456 1961 2711 2027 tentoria,
2754 1970 2809 2017 et
2848 1961 2917 2017 ad
2947 1961 3235 2033 imperium
3261 1962 3404 2018 illius
3432 1962 3528 2020 de-

1939 2053 2213 2122 ponebant
2241 2053 2431 2125 (Num.
2462 2054 2564 2125 1x).
3168 2124 3173 2129 _

2012 2143 2212 2214 Sufﬁcit
2239 2144 2410 2210 vobis,
2443 2152 2551 2200 etc.
2585 2144 2904 2216 Praecipitur
2944 2147 3114 2218 Moysi
3143 2156 3206 2202 ut
3246 2147 3464 2204 recedat
3495 2163 3528 2203 a

1941 2243 2125 2290 monte
2151 2235 2206 2288 in
2228 2250 2336 2306 quo
2363 2235 2534 2306 legem
2563 2247 2866 2306 acceperat,
2896 2239 3023 2308 quia
3046 2240 3237 2294 doctor
3256 2253 3363 2294 non
3387 2254 3527 2293 sem-

1941 2343 2040 2399 per
2093 2329 2256 2384 debet
2320 2331 2523 2386 instare
2571 2330 3052 2400 contemplationi,
3099 2331 3194 2386 sed
3237 2329 3528 2400 aliquando

1943 2419 2238 2475 descendat
2262 2427 2322 2474 ut
2347 2421 2431 2476 sui
2457 2429 2513 2474 et
2537 2421 2910 2491 proximorum
2935 2437 3123 2477 curam
3159 2430 3334 2492 gerat,
3360 2421 3520 2485 unde,

1945 2512 2066 2568 Sive
2094 2522 2263 2568 mente
2283 2512 2578 2568 excedimus
2609 2513 2740 2579 Deo,
2771 2513 2876 2568 sive
2897 2513 3060 2568 sobrii
3080 2530 3262 2568 sumus
3287 2514 3452 2568 vobis.

2014 2605 2178 2660 Vens.
2211 2605 2264 2659 9.
2289 2635 2362 2645 —
2383 2604 2608 2675 ltitique
2647 2605 2786 2659 vobis
2819 2605 2873 2658 in
2912 2603 3004 2658 illo
3025 2613 3282 2675 tempore,
3312 2615 3419 2660 etc.
3451 2605 3529 2661 De

1946 2701 2052 2756 hac
2081 2699 2346 2756 divisione
2372 2708 2700 2770 potestatum
2733 2699 2787 2754 in
2822 2699 3009 2755 Exodo
3043 2703 3342 2769 antequam
3380 2699 3528 2756 veni-

1942 2799 2069 2847 rent
2091 2792 2158 2847 ad
2187 2799 2428 2846 montem
2458 2789 2629 2856 Sinai,
2654 2791 2915 2860 scriptum
2939 2799 3024 2846 est
3050 2791 3195 2861 quod
3223 2789 3414 2846 Jethro
3438 2807 3529 2846 sa-

1945 2885 2136 2940 cerdos
2173 2883 2386 2938 Madian
2419 2892 2680 2955 cognatus
2720 2883 2888 2954 Moysi
2917 2884 3023 2938 hoc
3064 2883 3167 2953 ipsi
3197 2884 3528 2954 suggesserit

1945 2973 2143 3042 (Exod.
2169 2974 2349 3045 xvm).
2381 2973 2532 3029 Unde
2564 2974 2757 3029 merito
2803 2974 3063 3043 quaeritur
3100 2975 3369 3044 quomodo
3411 2976 3528 3030 haec

1945 3063 2048 3118 sibi
2075 3064 2255 3128 modo,
2277 3071 2333 3118 et
2360 3061 2450 3118 illo
2477 3070 2715 3132 tempore
2740 3063 3098 3118 conveniant?
3129 3063 3236 3118 Sed
3263 3063 3406 3134 quod
3435 3063 3524 3120 hic

1947 3153 2150 3209 dicitur
2176 3153 2381 3208 dixisse
2409 3152 2624 3224 Moyses
2646 3155 2700 3210 in
2729 3154 2822 3209 illo
2850 3161 3091 3223 tempore
3122 3171 3135 3207 :
3163 3153 3287 3208 Non
3316 3170 3529 3224 possunt

238 3233 541 3310 mutatum.
597 3252 787 3308 omnia
813 3256 951 3308 enim
995 3255 1051 3308 ίη
1094 3255 1264 3325 ﬁgura
1314 3254 1676 3324 contingebant
1704 3253 1832 3320 suis,
1867 3233 1912 3297 C
1944 3243 2087 3299 solus
2108 3244 2364 3298 sustinere
2383 3261 2491 3310 vos,
2522 3256 2655 3312 etc.,
2695 3260 2802 3300 non
2837 3245 2967 3300 illud
3003 3252 3214 3315 tempus
3237 3244 3524 3315 signiﬁcat,

240 3346 449 3414 scripta
475 3345 544 3399 ad
569 3347 939 3400 correctionem
965 3355 1218 3410 nostram,
1256 3346 1312 3398 in
1349 3361 1479 3416 quos
1517 3343 1648 3413 ﬁnes
1673 3360 1836 3398 stecu-

241 3437 426 3489 lorum
451 3437 764 3490 devenerunt
811 3436 864 3508 (Ι
888 3436 1011 3490 Cor.
1042 3436 1120 3507 Χ).
1158 3437 1267 3492 Lex
1297 3438 1444 3493 enim
1479 3451 1586 3490 non
1614 3443 1699 3492 est
1747 3450 1837 3491 so-

243 3527 388 3590 luta,
418 3526 513 3580 sed
558 3526 864 3596 adimpleta,
913 3543 1002 3580 nec
1045 3545 1204 3581 unum
1244 3529 1351 3581 iota
1392 3535 1484 3580 aut
1526 3542 1662 3580 unus
1705 3541 1838 3596 apex

240 3619 543 3690 prteteribit
573 3619 736 3673 donec
759 3621 934 3674 omnia
959 3620 1092 3688 ﬁant
1120 3619 1334 3692 (Matth.
1366 3621 1441 3692 v).

327 3730 491 3787 Vens.
521 3731 575 3785 5.
596 3762 667 3772 -
692 3730 1106 3802 Quadragesimo
1133 3749 1292 3796 anno,
1325 3731 1600 3786 undecimo
1627 3746 1802 3786 mense
1819 3770 1837 3798 ,

239 3825 458 3894 prima,
495 3830 600 3878 etc.
646 3821 818 3894 (Isto.,
863 3824 919 3875 in
955 3823 1140 3889 Deut.,
1176 3831 1307 3877 tom.
1343 3821 1434 3892 ν.)
1473 3821 1839 3893 Quadraginta

244 3914 407 3979 anni,
439 3920 569 3979 etc.,
600 3930 762 3984 usque
787 3913 855 3967 ad
883 3913 999 3968 sine
1028 3915 1373 3984 corruptione
1395 3913 1708 3968 manebunt.

322 4027 802 4099 Quadragenarius
841 4043 908 4083 ex
953 4027 1172 4083 denario
1207 4036 1262 4081 et
1303 4027 1653 4098 quaternario
1702 4043 1836 4084 con-

245 4129 389 4186 stat,
419 4128 473 4172 ct
501 4119 634 4188 legis
665 4119 937 4190 Evangelii
981 4119 1344 4189 impletionem
1389 4119 1687 4191 signiﬁcat,
1719 4137 1841 4192 quae

246 4214 315 4266 lit
349 4213 404 4265 in
439 4211 681 4268 Ecclesia
702 4253 718 4278 ,
749 4213 935 4267 decem
975 4230 1207 4284 namque
1237 4215 1302 4268 ad
1333 4215 1502 4286 legem
1530 4215 1837 4286 pertinent,

244 4309 494 4376 quatuor
524 4321 652 4360 vero
681 4305 750 4360 ad
779 4307 1146 4376 Evangelium.

329 4414 620 4470 Undecimo
645 4432 838 4478 mense,
871 4425 977 4473 etc.
1011 4415 1164 4474 Sicut
1191 4419 1244 4473 in
1274 4418 1560 4477 undecima
1583 4433 1842 4489 expressa

245 4517 344 4565 est
372 4508 508 4579 legis
549 4509 942 4578 transgressio,
969 4510 1050 4565 sic
1088 4511 1144 4564 in
1189 4510 1366 4581 prima
1394 4511 1481 4566 die
1519 4511 1744 4581 pervigil
1773 4512 1841 4567 ad

244 4597 560 4655 docendum
610 4597 929 4668 legislatoris
974 4599 1233 4666 intentio;
1271 4599 1364 4670 qui
1404 4615 1469 4655 ex
1515 4615 1624 4670 quo
1653 4600 1839 4656 inobe-

248 4693 422 4748 diens
447 4689 676 4760 populus
703 4689 874 4761 legem
907 4691 1213 4762 transgredi
1246 4706 1356 4746 non
1383 4691 1589 4756 timuit,
1621 4693 1834 4757 statim,

247 4781 610 4856 praedicando
633 4789 689 4836 et
717 4782 1069 4853 corrigendo,
1095 4782 1423 4839 voluntatem
1461 4784 1671 4838 Domini
1701 4785 1838 4839 insi-

249 4889 438 4930 nuare
467 4871 706 4937 studuit,
733 4881 786 4926 et
817 4887 912 4927 eos
939 4875 1006 4928 ad
1041 4873 1263 4929 meliora
1295 4875 1514 4930 trahere
1538 4874 1623 4929 vel
1647 4889 1843 4944 provo-

251 4977 391 5019 care
422 4961 602 5017 verbis
627 4971 680 5018 et
709 4961 970 5031 exemplis
992 4977 1100 5018 non
1129 4963 1377 5018 cessavit.

331 5078 504 5134 Vens.
530 5077 586 5133 4.
607 5109 673 5118 -
702 5077 992 5148 Postquam
1011 5077 1266 5149 percussit
1292 5075 1486 5144 Sehon,
1514 5084 1620 5132 etc.
1642 5075 1844 5132 Notan-

254 5175 394 5229 dum
421 5171 585 5242 quod,
611 5170 722 5226 inte
730 5169 911 5225 rfectis
925 5170 1132 5226 duobus
1151 5169 1592 5224 Amorrhaeorum
1605 5169 1843 5238 regibus,

255 5269 352 5325 lex
382 5266 773 5336 recapitulatur
800 5274 854 5319 et
875 5264 1102 5334 pepulus
1123 5263 1429 5329 instruitur,
1453 5262 1600 5332 quia,
1621 5261 1845 5317 remotis

257 5358 542 5416 scandalis
563 5365 621 5412 et
645 5357 914 5427 superatis
941 5356 1197 5410 vitiorum
1227 5354 1419 5410 turmis
1435 5394 1452 5422 ,
1476 5361 1847 5424 competenter

258 5449 530 5505 doctrina:
558 5447 825 5503 insistitur
855 5457 908 5501 et
939 5446 1061 5501 ﬁdei
1091 5447 1270 5501 lumen
1298 5446 1457 5516 digne
1491 5446 1844 5501 desideranti-

259 5541 372 5594 bus
397 5539 656 5609 aperitur.

343 5632 610 5688 Debemus
637 5632 788 5704 prius
816 5632 870 5686 in
899 5631 1053 5687 nobis
1077 5631 1208 5686 vitia
1232 5631 1478 5687 occidere
1506 5638 1560 5684 et
1588 5629 1668 5684 sic
1695 5643 1848 5684 man-

259 5726 403 5781 data
433 5725 613 5780 divina
639 5725 851 5796 populis
881 5724 1113 5780 tradere.

345 5817 522 5873 Sehon
547 5835 714 5889 regem
740 5818 1167 5874 Amorrhworum
1194 5818 1284 5888 qui
1313 5815 1561 5870 habitavit
1598 5815 1654 5868 in
1686 5811 1850 5868 "ese-

1939 3353 2048 3409 quo
2075 3338 2141 3393 de
2183 3336 2362 3392 Horeb
2405 3337 2920 3408 proﬁciscebantur,
2962 3337 3057 3393 sed
3103 3347 3274 3392 totum
3318 3343 3531 3406 tempus

1942 3441 2050 3496 quo
2086 3425 2310 3496 profecti
2340 3425 2407 3480 de
2434 3424 2668 3496 Egypto
2689 3427 2743 3481 in
2771 3425 3060 3481 solitudine
3081 3425 3450 3489 morabantur,
3475 3433 3532 3479 et

1941 3516 2153 3589 Moyses
2199 3533 2306 3572 non
2337 3533 2404 3572 ex
2437 3533 2535 3573 suo
2563 3517 2780 3588 cognati
2818 3516 2902 3571 sui
2933 3515 3160 3572 consilio
3201 3515 3305 3570 hoc
3332 3513 3531 3585 populo

1941 3626 2042 3666 suo
2067 3611 2354 3680 persuasit.

2010 3700 2117 3755 Illo
2145 3710 2394 3772 tempore.
2422 3700 2616 3758 Omnia
2640 3699 2846 3755 faciunt
2872 3699 3046 3755 sancti
3066 3698 3124 3754 in
3153 3704 3394 3769 tempore
3417 3711 3515 3769 op-

1937 3801 2192 3864 portuno,
2223 3793 2302 3849 sic
2327 3792 2468 3849 Deus
2487 3805 2698 3863 quoque
2718 3791 2812 3846 ubi
2836 3789 2986 3846 venit
3007 3787 3285 3859 plenitudo
3306 3797 3514 3858 tempo-

1941 3885 2040 3950 ris,
2070 3883 2216 3940 misit
2244 3883 2440 3939 Filium
2471 3899 2626 3938 suum
2654 3880 2796 3953 (Gal.
2822 3880 2918 3952 tv).

2014 3975 2178 4032 Vens.
2205 3976 2292 4030 ll.
2318 3975 2657 4030 —Dominus
2685 3974 2824 4029 Deus
2853 3983 3063 4044 patrum
3108 3982 3392 4028 vestrorum
3425 3971 3526 4027 ad-

1942 4069 2068 4136 dat,
2113 4077 2222 4124 etc.
2266 4069 2432 4124 Docet
2476 4069 2726 4123 doctores
2774 4068 2840 4122 de
2886 4065 3132 4137 profectu
3190 4067 3524 4121 subditorum

1943 4161 2196 4231 gaudere,
2231 4161 2432 4232 gratias
2459 4174 2619 4231 agere
2647 4167 2701 4212 et
2729 4173 2944 4229 semper
2973 4157 3198 4212 meliora
3224 4165 3433 4227 optare.

2012 4252 2095 4305 Ad
2114 4252 2253 4305 hunc
2295 4265 2603 4313 numerum,
2655 4257 2758 4302 etc.
2809 4245 3103 4301 DilIinitum
3148 4245 3286 4314 apud
3333 4246 3524 4298 Deum.

1945 4345 2107 4400 Novit
2135 4345 2224 4415 qui
2252 4352 2373 4398 sunt
2407 4343 2520 4412 ejus
2551 4341 2638 4413 qui
2668 4348 2905 4394 numerat
2937 4337 3322 4392 multitudinem
3351 4335 3527 4389 stella-

1946 4452 2064 4492 rum
2093 4435 2180 4507 (11
2209 4435 2345 4489 Tim.
2369 4434 2454 4504 ιι).

2003 4525 2184 4597 (ΗΑΒ.)
2211 4524 2346 4581 Vide
2365 4537 2528 4593 quam
2555 4520 2949 4576 observandum
2971 4519 3041 4575 sit
3065 4516 3206 4589 quod
3233 4515 3361 4572 alibi
3389 4515 3530 4572 Scri-

1940 4627 2100 4688 ptura
2128 4616 2292 4672 dicit:
2319 4613 2448 4680 Fili,
2464 4630 2526 4667 ne
2550 4613 2604 4666 in
2624 4611 2802 4665 multis
2825 4610 2929 4666 sint
2949 4619 3096 4664 actus
3117 4611 3192 4663 tui
3218 4609 3408 4680 (Eccli.
3423 4608 3522 4678 ιι).

1942 4710 2124 4764 Verba
2147 4723 2364 4778 quoque
2389 4705 2579 4761 Jethro
2603 4703 2886 4760 consilium
2912 4703 3089 4759 dantis
3111 4702 3420 4767 considera,
3446 4701 3525 4756 ait

1943 4802 2088 4856 enim
2114 4819 2126 4854 :
2152 4799 2292 4853 Audi
2314 4816 2429 4865 me,
2454 4808 2501 4852 et
2523 4797 2796 4852 consilium
2825 4797 2959 4851 dabo
2986 4797 3110 4863 tibi,
3153 4805 3202 4850 et
3241 4797 3338 4850 erit
3387 4795 3526 4850 Deus

1945 4903 2112 4948 tecum
2137 4874 2336 4964 (Exod.
2368 4889 2544 4962 xvm).
2568 4889 2792 4944 Videtur
2819 4887 3113 4960 signiﬁcari
3157 4888 3317 4942 nimis
3344 4887 3525 4941 inten-

1945 4993 2058 5042 tum
2085 4985 2323 5040 animum
2355 4984 2660 5040 actionibus
2682 4983 2952 5049 humanis,
2985 4984 3094 5038 Deo
3128 4981 3527 5052 quodammodo

1945 5077 2198 5142 vacuari,
2230 5091 2337 5146 quo
2371 5084 2524 5131 tanto
2549 5076 2608 5130 ﬁt
2635 5075 2864 5147 plenior,
2894 5083 3096 5146 quanto
3125 5075 3179 5128 in
3211 5087 3445 5142 superna
3470 5079 3522 5127 et

1947 5178 2149 5226 aeterna
2178 5168 2401 5223 liberius
2427 5167 2756 5224 extenditur.

2018 5257 2184 5312 Vens.
2224 5256 2310 5311 15.
2343 5288 2413 5298 -
2437 5257 2572 5312 Date
2612 5273 2677 5312 ea:
2717 5256 2880 5312 vobis.
2918 5255 3053 5311 Date
3091 5269 3220 5322 vos,
3252 5268 3361 5310 non
3387 5268 3520 5326 ego;

1947 5350 2127 5421 quasi,
2159 5349 2282 5404 nolo
2306 5349 2459 5404 vobis
2486 5349 2769 5418 imperare,
2803 5347 2900 5402 sed
2927 5345 3166 5402 obedire.

2021 5441 2226 5496 Ponant
2246 5458 2351 5496 eos.
2381 5440 2548 5507 Nota,
2578 5441 2804 5496 subditis
2835 5438 3151 5494 electionem
3181 5437 3400 5502 tribuit,
3430 5451 3525 5505 po-

1947 5535 2198 5590 sitionem
2222 5535 2324 5588 sibi
2353 5534 2595 5597 retinuit,
2618 5548 2684 5587 ne
2707 5531 2856 5601 plebs
2876 5535 3187 5584 contemnat
3208 5537 3302 5581 aut
3323 5526 3520 5591 oderit,

1947 5627 1992 5682 si
2023 5641 2129 5682 non
2162 5626 2314 5681 licuit
2337 5626 2537 5680 habere
2567 5639 2726 5694 quem
2745 5621 2940 5694 _voluit.

2022 5718 2298 5773 Tribunos.
2329 5717 2675 5778 Millenarios,
2705 5713 2888 5769 Graece
2936 5712 3271 5786 χύἔεάρχονς,
3313 5706 3405 5780 qui
3451 5706 3519 5764 de

1949 5824 2044 5882 spe
2073 5808 2279 5864 scilicet
2310 5807 2495 5863 aeterni
2526 5804 2732 5874 puemii
2761 5803 2956 5858 docent
2981 5799 3269 5871 subjectos.
