4006 6352
532 502 635 562 451

1034 493 1428 554 WALAFRIDI
1469 489 1719 548 STRABI
1756 487 1960 543 FULD.
2007 482 2172 540 MON.
2214 483 2362 539 OPP.
2404 484 2584 541 PARS
2621 485 2663 541 1.
2703 514 2774 527 ——
2811 481 3268 542 THEOLOGIGA.

3693 481 3792 538 459

600 621 671 676 Et
690 617 1036 674 centuriones.
1055 613 1432 674 Centuriones,
1451 607 1636 662 Gr:ece
1659 605 2102 680 ἑκατοντάρχουςε
2133 607 2186 665 Α
2210 600 2386 654 dicens
2411 615 2430 654 :
2457 599 2605 653 Mitte
2641 599 2778 653 viros
2803 599 2892 668 gui
2930 596 3257 651 considerent
3298 604 3496 651 terram
3534 593 3794 651 Chanaan

527 712 626 784 qui
649 709 890 768 coelestia
921 706 1174 762 mandata
1201 701 1454 772 perfectis
1482 701 1720 754 tradunt.
1751 696 1882 751 Jure
1905 709 2110 764 prtt‘po-

532 816 750 866 nuntur,
780 801 870 871 qui
915 796 1224 854 centenario
1257 807 1512 858 numero,
1553 792 1603 846 id
1635 801 1748 857 est,
1779 789 2109 860 perfectione

528 891 738 965 przediti
763 905 777 944 :
801 887 956 960 quasi
981 875 1194 942 centum
1225 891 1449 954 regunt,
1481 883 1606 937 dum
1634 881 1700 935 ad
1723 879 2110 950 perfectionem

529 985 849 1056 perducunt.

600 1073 670 1128 Et
713 1070 1210 1145 quinquagenarias.
1254 1066 1440 1123 Graece
1480 1065 1951 1141 πεντεκοσιὰρχους
1977 1080 1988 1114 :
2016 1060 2108 1131 qui

526 1183 691 1239 opera
719 1164 1057 1236 ptenitentiae
1088 1160 1432 1214 annuntiant.

599 1254 858 1322 Decanos,
887 1255 1176 1329 δοκὰρχους
1200 1267 1214 1306 :
1241 1251 1332 1320 qui
1359 1249 1568 1305 denarii
1589 1247 1920 1320 perfectione
1939 1245 2110 1300 vinea:

528 1351 809 1408 denarium
836 1353 1235 1418 exspectantes,
1258 1343 1499 1412 ejusdem
1525 1341 1734 1396 denarii
1757 1340 1954 1394 multos
1970 1351 2109 1408 prte-

524 1452 722 1515 parant
746 1441 1056 1512 participes.

599 1532 764 1587 Vens.
796 1531 884 1584 17.
909 1527 1144 1594 —-Quia
1185 1525 1282 1579 Dei
1313 1523 1581 1594 judicium
1631 1531 1738 1586 est;
1776 1537 1884 1576 non
1927 1519 2104 1575 homi-

525 1639 674 1689 num,
703 1621 830 1692 quia
852 1618 1146 1688 judicando
1177 1617 1272 1672 Dei
1301 1616 1488 1670 vicarii
1515 1616 1666 1682 estis,
1698 1616 1790 1684 qui
1818 1628 2104 1684 personam

524 1729 633 1770 non
661 1711 880 1782 accipit.

597 1803 748 1870 Quod
772 1803 819 1856 si
845 1799 1072 1872 diﬁicile.
1096 1797 1299 1868 Majora
1319 1807 1548 1866 quasque
1573 1804 1628 1850 et
1645 1793 1880 1850 difficilia
1904 1796 2105 1850 discer-

525 1907 658 1949 nere
711 1900 766 1947 et
807 1889 1055 1961 judicare
1106 1889 1304 1944 debent
1353 1885 1613 1955 majores,
1648 1900 1812 1956 parva
1849 1894 1904 1940 et
1929 1885 2104 1941 facilia

527 1998 789 2039 minores.

601 2074 758 2129 Vens.
790 2074 875 2130 19.
896 2104 960 2112 -
975 2071 1204 2142 Cumque
1225 2070 1537 2124 venissemus
1559 2071 1612 2122 in
1629 2067 1976 2135 Cadesbarne,
1994 2078 2099 2124 etc.

520 2163 679 2231 Quod
708 2163 945 2219 secundo
970 2175 1114 2217 anno
1141 2159 1471 2232 egressionis
1499 2175 1611 2214 sua:
1647 2160 1875 2230 populus
1916 2161 1970 2214 in
2005 2162 2101 2215 de-

525 2266 671 2312 serto
701 2257 936 2321 Pharan,
965 2255 1108 2324 quod
1135 2263 1218 2309 est
1241 2251 1430 2317 Gades,
1470 2242 1706 2320 venerit;
1743 2255 1830 2308 ubi
1871 2255 2104 2310 reversis

521 2346 952 2420 exploratoribus
981 2361 1106 2401 cum
1135 2345 1402 2400 fructibus
1423 2353 1601 2408 terrm,
1626 2353 1681 2399 et
1707 2359 1826 2414 quae
1857 2345 2105 2402 viderant

524 2441 934 2505 nuntiantibus,
998 2446 1474 2493 murmuraverunt
1523 2445 1716 2492 contra
1774 2437 1994 2508 Moysen
2050 2447 2106 2493 et

525 2532 741 2596 Aaron,
776 2541 832 2585 et
875 2531 996 2584 ideo
1036 2529 1180 2598 longi
1229 2528 1439 2582 itineris
1479 2527 1735 2582 taedio-et
1775 2528 2105 2582 mortalitate

525 2623 703 2679 affecti
734 2623 1084 2677 interierint:
1117 2621 1205 2675 hic
1243 2620 1394 2674 locus
1439 2619 1786 2673 manifestum
1829 2620 1978 2673 dabit
2018 2620 2102 2673 in-

524 2715 745 2772 dicium.
779 2713 880 2769 Ubi
913 2713 1206 2767 notandum
1235 2711 1376 2782 quod
1411 2712 1770 2782 quadraginta
1801 2712 1918 2766 dua:
1947 2727 2101 2765 man-

523 2808 728 2872 siones,
757 2819 894 2876 quas
923 2805 990 2860 ait
1025 2803 1263 2876 Egypto
1295 2817 1465 2873 usque
1495 2803 1560 2857 ad
1584 2802 1871 2859 Jordauem
1897 2805 2102 2858 habue-

525 2905 686 2961 runt,
719 2895 882 2950 trium
923 2902 1130 2949 tantum
1176 2909 1476 2964 congruere
1521 2893 1774 2948 videntur
1819 2894 2103 2948 curriculis

525 3002 830 3044 annorum:
861 2987 1021 3056 primi
1055 2985 1296 3051 scilicet,
1329 2986 1583 3051 secundi,
1613 2995 1667 3040 et
1703 2987 2102 3058 quadragesimi

521 3078 850 3150 egressionis
863 3077 929 3132 de
941 3076 1194 3149 Egypto.
1211 3076 1427 3131 Primus
1448 3085 1596 3131 certa
1614 3075 1957 3131 distinctione
1975 3092 2101 3132 con-

521 3169 660 3225 tinet
685 3168 987 3234 duodecim,
1020 3169 1250 3239 primam
1279 3167 1556 3234 Ramesse,
1587 3168 1988 3238 quintodecimo
2015 3169 2100 3223 die

524 3261 687 3332 primi
713 3261 914 3316 mensis
929 3260 1250 3331 ingressam,
1277 3259 1521 3314 ultimam
1547 3260 1888 3314 solitudinem
1919 3261 2092 3324 Sinai,

2213 689 2399 759 (Num.
2436 703 2532 752 xu,
2566 687 2709 758 χιιι).
2742 687 2895 755 Quod
2941 701 3011 742 ne
3057 685 3304 756 proxima
3353 693 3479 756 post
3523 685 3792 740 Haseroth

2211 783 2493 836 mansione
2520 779 2733 848 jussum
2769 780 3075 848 factumque
3100 787 3342 849 putetur,
3379 779 3476 833 sed
3503 778 3562 832 in
3604 777 3794 832 ultima

2211 886 2399 926 eorum
2419 911 2434 937 ,
2465 886 2584 940 qua:
2611 872 2709 925 sub
2742 871 2958 924 nomine
2994 869 3211 924 Pharan
3245 869 3579 934 continetur,
3607 867 3796 939 implo-

2107 997 2112 1020 ε
2212 969 2324 1016 tum
2345 1002 2361 1026 ,
2411 961 2550 1016 infra
2597 962 2861 1030 scriptum
2911 970 2993 1016 est
3031 980 3042 1014 :
3089 960 3396 1031 ﬂeret-sique
3435 960 3794 1031 exploratores

2209 1062 2364 1107 teme
2403 1063 2516 1122 post
2557 1053 2906 1123 quadraginta
2945 1053 3054 1108 dies
3087 1053 3227 1108 omni
3263 1054 3472 1123 regione
3493 1055 3792 1118 circumita,

2209 1155 2458 1200 uenerunt
2487 1146 2556 1199 ad
2603 1145 2821 1216 Moysen
2849 1147 2904 1200 in
2945 1143 3184 1211 Pharan,
3227 1146 3366 1216 quod
3398 1155 3473 1201 est
3513 1145 3707 1200 Gades.
3739 1146 3794 1202 ιιι

2211 1235 2631 1290 Deuteronomio
2679 1249 2895 1304 quoque
2942 1235 3076 1290 dicit
3121 1235 3333 1306 Moyses
3381 1235 3580 1306 populo
3614 1254 3628 1289 :
3659 1234 3795 1290 Cum

2207 1327 2471 1380 uenissetis
2494 1327 2548 1379 in
2568 1324 2917 1390 Gadesbarne,
2947 1327 3060 1381 dixi
3085 1328 3226 1382 vobis
3249 1342 3267 1381 :
3307 1327 3530 1382 Venistis
3553 1329 3624 1382 ad
3647 1345 3796 1383 mon-

2208 1424 2308 1469 tem
2329 1415 2643 1480 Antorrltmi,
2668 1425 2802 1483 etc.,
2829 1427 2876 1470 et
2904 1418 3148 1472 dixistis:
3180 1417 3328 1473 Mitte
3347 1419 3484 1474 viros
3507 1419 3600 1490 qui
3621 1420 3794 1473 consi-

2206 1505 2384 1559 derent
2427 1515 2653 1570 terram,
2683 1515 2787 1560 etc.
2831 1504 3008 1578 (Deut.
3055 1505 3116 1576 ι).
3144 1506 3299 1574 Quod
3331 1518 3515 1562 autem
3538 1509 3793 1565 eamdem

2207 1596 2543 1652 mansionem
2565 1598 2801 1652 secundo
2822 1613 2964 1654 anno
2985 1599 3312 1669 egressionis
3333 1601 3607 1666 adierunt,
3631 1617 3660 1656 a
3682 1616 3792 1672 quo

2207 1699 2385 1744 tamen
2429 1698 2650 1759 peccato
2694 1693 3136 1747 murmurationis
3170 1693 3399 1758 reverti,
3451 1703 3507 1750 et
3551 1696 3646 1751 diu
3693 1713 3793 1768 per

2203 1786 2474 1840 desertum
2533 1802 2761 1852 errare,
2814 1795 2871 1842 et
2931 1788 3132 1858 passim
3185 1789 3383 1844 cadere
3434 1801 3787 1859 meruerunt,

2207 1887 2436 1948 testatur
2470 1878 2683 1950 Moyses
2723 1879 2777 1933 in
2807 1879 3186 1948 sequentibus,
3223 1879 3409 1936 dicens
3431 1894 3445 1933 :
3471 1878 3698 1936 Sedistis
3737 1901 3790 1938 ιιι

2131 1982 2178 2040 Β
2205 1967 2532 2026 Cadesbarne
2559 1969 2721 2024 multo
2763 1979 3020 2040 tempore,
3055 1970 3372 2041 profectique
3406 1972 3529 2026 inde
3557 1974 3790 2028 uenimus

2203 2061 2260 2114 in
2285 2061 2620 2116 solitudinem
2650 2079 2766 2132 qua:
2788 2061 2932 2116 ducit
2957 2061 3026 2114 ad
3045 2078 3187 2116 mare
3210 2061 3470 2127 Rubrum,
3495 2064 3631 2118 sicut
3651 2066 3792 2119 dixe-

2204 2160 2284 2202 rat
2308 2151 2434 2204 mihi
2461 2152 2732 2218 Dominus,
2761 2161 2808 2206 et
2835 2152 3220 2228 circumivintus
3242 2163 3467 2206 montem
3487 2153 3610 2209 Seir
3628 2154 3785 2226 longe

2203 2253 2428 2316 tempore
2455 2285 2468 2310 ,
2505 2255 2554 2299 et
2583 2246 2722 2300 intra
2760 2253 2960 2314 tempus
2988 2259 3089 2314 quo
3137 2245 3520 2302 ambulavimus
3567 2248 3638 2302 de
3685 2248 3790 2303 Ca-

2181 2341 2458 2395 vdesbarne
2480 2358 2641 2412 usque
2667 2341 2734 2396 ad
2765 2350 3046 2396 torrentem
3067 2338 3260 2396 Zareth
3286 2352 3480 2398 octavo
3511 2344 3790 2399 tricesimo

2205 2450 2348 2489 anno
2372 2435 2492 2500 fuit,
2526 2435 2699 2490 donec
2721 2445 3134 2492 consumeretur
3163 2436 3342 2490 omnis
3365 2437 3649 2506 generatio
3677 2437 3791 2516 bel-

2203 2524 2455 2581 latorum.
2485 2527 2680 2581 Zaretlt
2706 2536 2885 2582 autem
2913 2544 3020 2582 non
3046 2537 3129 2583 est
3154 2543 3350 2583 nomen
3371 2528 3608 2599 alicujus
3637 2545 3789 2584 man-

2201 2618 2370 2672 sionis
2390 2617 2457 2672 de
2476 2619 2831 2689 quadraginta
2859 2619 3088 2685 duabus,
3120 2621 3216 2676 sed
3241 2621 3502 2676 torrentis
3533 2620 3604 2675 ad
3625 2638 3787 2691 quem

2205 2708 2366 2779 (sicut
2388 2710 2440 2762 in
2460 2709 2597 2763 libro
2613 2709 2970 2764 Numerorum
2991 2711 3208 2783 legitur)
3231 2721 3572 2782 transgressa
3591 2723 3788 2768 octava

2201 2803 2410 2858 decima
2440 2803 2718 2858 mansione
2743 2803 2960 2859 nomine
2988 2803 3260 2860 Jeabarim
3293 2813 3562 2862 venerunt
3580 2846 3594 2871 ,
3623 2821 3790 2876 quem

2202 2893 2592 2962 relinquentes,
2614 2894 2806 2963 inquit,
2832 2897 3202 2951 castrametati
3225 2904 3351 2952 sunt
3369 2907 3560 2953 contra
3573 2898 3787 2967 Aman,

2203 2998 2323 3052 quae
2368 2993 2451 3038 est
2496 2984 2552 3038 in
2584 2985 2816 3048 deserto,
2870 2994 2926 3040 et
2960 2989 3230 3055 prominet
3275 2988 3328 3042 in
3367 2987 3567 3044 ﬁnibus
3586 2989 3784 3044 Amor-

2203 3075 2366 3138 rhtei,
2404 3075 2546 3144 quod
2594 3076 3010 3147 quadragesimo
3054 3094 3194 3133 anno
3227 3087 3440 3150 gestum
3480 3079 3650 3136 fuisse
3679 3095 3786 3136 non

2202 3167 2355 3232 latet,
2377 3167 2468 3236 qui
2496 3167 2716 3222 ultimus
2741 3184 2837 3237 per
2866 3170 3136 3224 desertum
3159 3169 3486 3242 longissima:
3514 3172 3614 3227 via:
3638 3189 3786 3227 man-

2201 3261 2382 3313 siones
2407 3260 2651 3314 continet
2677 3261 2861 3314 decem
2891 3279 2904 3314 :
2934 3277 3162 3331 quarum
3185 3264 3359 3331 prima
3381 3279 3582 3334 magno
3601 3264 3784 3321 labore

522 3323 695 3423 prima
735 3352 822 3406 die
870 3323 1016 3406 tertii
1047 3323 1251 3407 mensis
1293 3336 1562 3417 addittim;
1610 3360 1663 3406 et
1708 3367 1805 3422 per
1849 3323 2095 3406 undecim
2125 3323 2168 3385 Ο
2202 3350 2446 3419 repetita,
2469 3350 2658 3404 eadem
2684 3352 2889 3406 scilicet
2916 3353 3031 3421 ipsa
3053 3352 3231 3409 Gades
3251 3355 3448 3410 deserti
3473 3323 3593 3422 Sin,
3618 3373 3780 3427 quam

521 3443 807 3498 continuos
845 3457 1059 3498 menses
1100 3443 1445 3498 construendi
1497 3441 1862 3507 tabernaculi,
1912 3452 1964 3498 et
2003 3445 2098 3497 do-

515 3533 706 3592 eendm
735 3535 868 3607 legis
894 3535 1099 3606 gratia,
1129 3533 1350 3588 minime
1377 3533 1645 3590 relictam.
1678 3533 1918 3600 Quarum
1965 3535 2097 3588 duo-

521 3629 694 3685 decim
740 3629 1080 3683 mansionum
1127 3642 1319 3681 novem
1368 3633 1574 3680 tantum
1614 3626 1668 3680 in
1702 3626 1886 3680 Exodo
1912 3626 2092 3694 expri-

513 3727 742 3776 muntur
788 3718 1138 3783 nominatim,
1191 3723 1300 3772 tres
1341 3716 1396 3770 in
1443 3716 1702 3770 vocabulo
1748 3715 1947 3770 deserti
1998 3713 2095 3768 Sin

519 3813 689 3886 (quod
715 3811 914 3866 dicitur
941 3819 1059 3865 esse
1081 3810 1226 3864 inter
1249 3809 1387 3863 Elim
1410 3816 1464 3862 et
1495 3807 1670 3877 Sinai)
1705 3807 1993 3862 indiscrete
2023 3807 2095 3861 si-

520 3903 863 3976 gnificantur.
888 3902 1166 3957 Secundus
1193 3916 1366 3956 annus
1385 3901 1762 3971 complectitur
1786 3901 2094 3955 mansiones

519 3994 711 4065 viginti
738 4000 794 4047 et
821 4007 1004 4047 unam.
1029 3991 1234 4058 Quibus
1276 3993 1330 4046 in
1364 3992 1554 4046 ordine
1603 3991 1840 4046 historia:
1885 3991 2094 4046 cunctis

522 4086 891 4143 indifferenter
919 4087 1019 4140 sub
1045 4085 1260 4140 nomine
1291 4084 1598 4139 solitudinis
1618 4084 1832 4138 Pharan
1855 4099 2096 4156 compre-

521 4179 737 4246 hensis,
767 4177 939 4249 prima
970 4185 1178 4232 tantum
1208 4185 1264 4231 et
1287 4175 1552 4241 secunda,
1583 4183 1638 4230 et
1659 4174 1844 4229 ultima
1866 4215 1882 4241 ,
1908 4175 1961 4230 id
1989 4185 2094 4242 est,

521 4269 783 4340 Sepulcra
799 4266 1268 4338 concupiscentiae,
1293 4265 1580 4331 Haseroth,
1602 4273 1657 4320 et
1680 4265 1870 4329 Gades,
1903 4266 2096 4321 distin-

518 4371 754 4434 guuntur
781 4359 1018 4416 nomine.
1053 4357 1159 4414 Sed
1190 4357 1244 4411 in
1285 4357 1528 4428 catalogo
1576 4357 1913 4412 mansionum
1950 4357 2096 4427 pari-

521 4462 606 4509 ter
631 4469 821 4508 omnes
851 4461 984 4522 quot
1030 4451 1084 4506 in
1128 4465 1352 4505 numero
1395 4449 1558 4514 fiunt,
1601 4449 1685 4504 vel
1729 4465 1836 4519 quo
1878 4451 2096 4506 nomine

519 4546 680 4601 dictae
722 4545 1045 4600 ostenditur.
1095 4542 1275 4597 Prima
1327 4543 1568 4608 mansio,
1614 4541 1668 4595 id
1702 4550 1806 4607 est,
1837 4540 2094 4612 Sepulcra

2197 3450 2324 3494 ante
2354 3456 2524 3494 annos
2563 3451 2688 3496 octo
2732 3451 2787 3496 et
2827 3443 3046 3512 triginta
3085 3444 3239 3514 culpa
3285 3446 3534 3516 exigente
3573 3458 3695 3518 post
3724 3464 3782 3504 se

2198 3532 2402 3586 reversi
2431 3531 2789 3601 reliquerunt,
2825 3534 2890 3589 de
2920 3549 3026 3604 qua
3055 3536 3316 3604 scriptum
3355 3546 3476 3593 est:
3514 3537 3780 3594 Venerunt

2197 3621 2295 3690 ﬁlii
2343 3621 2514 3677 Israel
2537 3623 2592 3677 in
2631 3624 2891 3678 desertum
2931 3623 3028 3680 Sin
3051 3641 3227 3680 mense
3254 3627 3459 3697 primo,
3497 3639 3546 3682 et
3591 3632 3780 3683 mansit

2195 3714 2418 3786 populus
2445 3717 2498 3770 in
2529 3713 2719 3784 Gades,
2760 3727 2809 3772 et
2851 3729 3060 3773 mortua
3085 3729 3158 3774 est
3187 3721 3259 3774 ibi
3289 3720 3464 3776 Maria
3492 3733 3541 3776 et
3579 3724 3778 3792 sepulta

2195 3804 2250 3858 in
2280 3806 2458 3860 eodem
2491 3805 2624 3861 loco.
2655 3807 2887 3881 Cumque
2909 3810 3160 3882 indigeret
3203 3829 3342 3882 aqua
3369 3814 3616 3884 populus,
3645 3817 3779 3870 coie-

2197 3906 2316 3949 runt
2339 3897 2613 3952 adversum
2647 3899 2860 3971 Moysen
2890 3912 2938 3956 et
2960 3903 3156 3970 Aaron,
3179 3912 3310 3967 etc.,
3341 3921 3514 3974 usque
3531 3907 3602 3961 ad
3630 3908 3734 3962 hoc
3757 3949 3772 3973 ,

2199 3985 2329 4062 Ηαςε
2354 3979 2428 4042 est
2453 4006 2590 4060 aqua
2617 3992 3066 4059 contradictionis,
3087 4002 3191 4049 etc.
3219 3991 3409 4064 (Num.
3439 3996 3554 4069 xx).
3577 3997 3778 4053 Notan-

2197 4078 2322 4133 dum
2352 4081 2492 4148 quod
2517 4081 2704 4134 eadem
2751 4081 2942 4148 Gades,
2969 4092 3022 4137 et
3053 4085 3107 4138 in
3136 4085 3352 4141 deserto
3371 4085 3609 4155 Pharan,
3641 4099 3698 4143 et
3726 4092 3776 4144 in

2197 4171 2411 4226 deserto
2457 4170 2551 4226 Sin
2590 4172 2735 4228 facta
2766 4182 2884 4239 est,
2915 4175 3055 4230 sicut
3081 4173 3359 4248 Scriptura
3391 4178 3588 4245 refert,
3637 4183 3780 4238 unde

2196 4265 2511 4334 conjicimus
2558 4275 2765 4336 partem
2815 4267 3014 4322 deserti
3057 4267 3270 4324 Pharan
3319 4270 3410 4324 ubi
3445 4269 3619 4326 Gades
3659 4282 3776 4336 est,

2197 4354 2509 4423 specialiter
2559 4353 2656 4410 Sin
2695 4356 2952 4426 appellari
2986 4371 3000 4410 :
3037 4358 3116 4413 sin
3163 4368 3343 4414 autem
3385 4377 3492 4417 non
3529 4372 3615 4418 est
3660 4364 3776 4434 ipsa

2195 4445 2561 4516 Gades,quam
2585 4463 2709 4502 mox
2739 4457 3076 4520 transgresso
3104 4451 3239 4506 mari
3269 4451 3451 4508 Rubro
3474 4454 3618 4508 inter
3636 4456 3776 4510 Elim

2195 4546 2250 4593 et
2285 4537 2432 4593 Sinai
2481 4541 2950 4610 pertransierunt,
2992 4542 3086 4597 sed
3133 4543 3238 4597 alia
3283 4557 3541 4614 prorsus,
3573 4554 3628 4600 et
3653 4545 3774 4601 aliis

519 4639 988 4710 concupiscentia,
1004 4637 1240 4693 secundo
1261 4650 1443 4692 mense
1461 4636 1698 4705 ejusdem
1724 4638 1944 4692 secundi
1966 4639 2092 4693 anni
2121 4673 2172 4731 Ι)
2197 4629 2335 4699 apud
2366 4629 2620 4686 Hebraeos
2651 4633 2848 4703 scripta
2874 4633 3084 4689 litteris.
3111 4632 3354 4689 Secunda
3381 4651 3512 4691 vero
3535 4636 3772 4708 ejusdem

519 4731 752 4788 secunda
776 4730 1033 4785 vicesima
1060 4728 1146 4782 die
1174 4729 1378 4784 mensis
1401 4729 1620 4783 introita
1645 4737 1747 4782 est.
1772 4728 1932 4784 Anno
1948 4730 2092 4783 enim

517 4824 755 4880 secundo
775 4821 859 4893 (ut
887 4821 1166 4890 Scriptura
1197 4821 1350 4892 dicit)
1377 4836 1562 4876 mense
1577 4822 1813 4875 secundo
1839 4822 2093 4876 vicesima

517 4916 605 4972 die
634 4914 836 4971 mensis
865 4921 1150 4969 moverunt
1178 4923 1355 4969 castra
1382 4915 1448 4968 de
1478 4915 1690 4968 deserto
1718 4912 1864 4966 Sinai
1884 4954 1898 4979 ,
1928 4923 1982 4968 et
2009 4929 2094 4968 re-

515 5005 703 5062 cubuit
728 5003 782 5060 in
813 5003 1103 5059 solitudine
1123 5002 1338 5058 Pharan
1368 5002 1561 5067 nubes,
1604 5001 1939 5073 profectique
1969 5014 2096 5060 sunt

518 5098 586 5152 de
611 5106 796 5151 monte
824 5095 1042 5151 Domini
1066 5094 1208 5150 viam
1249 5094 1411 5148 trium
1442 5093 1684 5159 dierum,
1726 5094 1898 5150 donec
1939 5097 2091 5150 veni-

519 5195 641 5244 rent
666 5187 732 5240 ad
760 5186 940 5242 locum
971 5185 1302 5248 mansionis,
1331 5199 1451 5254 quae
1481 5185 1675 5240 merito
1703 5186 1880 5256 ponuli
1902 5203 2094 5243 carnes

511 5279 952 5348 concupiscentia
993 5277 1362 5347 sepulcrorum
1412 5278 1857 5347 concupiscentiae
1898 5295 2094 5335 nomen

519 5369 750 5440 accepit.
784 5370 1039 5426 Ultimam
1083 5369 1276 5424 barum
1297 5409 1310 5432 ,
1341 5368 1394 5422 id
1425 5375 1528 5433 est,
1559 5368 1758 5434 Gades,
1799 5381 1964 5439 quoto
2007 5372 2095 5428 die

517 5459 603 5514 vel
630 5475 817 5515 mense
841 5458 1080 5528 ejusdem
1110 5458 1235 5511 anni
1272 5458 1498 5528 ingressi
1529 5466 1684 5521 sunt,
1718 5474 1824 5514 non
1853 5459 2050 5515 dicitur
2077 5479 2091 5516 :

511 5565 638 5626 qua:
661 5551 915 5606 tamenin
936 5549 1226 5604 solitudine
1248 5548 1458 5603 Pharan
1485 5550 1587 5603 sita
1610 5558 1714 5616 est,
1743 5554 1866 5621 quia
1899 5554 2089 5610 eodem

514 5659 662 5698 'tnno
691 5643 835 5698 adita
864 5641 1046 5706 fuerit,
1079 5654 1186 5694 non
1227 5648 1452 5695 tacetur.
1484 5641 1755 5712 Scriptum
1782 5653 1866 5698 est
1900 5647 2044 5700 enim
2071 5665 2084 5700 :

523 5727 756 5802 Populus
791 5749 893 5788 non
913 5741 988 5786 est
1013 5740 1184 5786 motus
1213 5733 1276 5786 de
1305 5731 1396 5786 illo
1417 5733 1528 5787 loco
1555 5735 1715 5789 donec
1746 5747 1984 5791 revocata
2016 5749 2090 5793 est

523 5821 716 5874 Maria.
760 5822 1140 5894 Profectusque
1183 5833 1257 5878 est
1293 5824 1356 5878 de
1396 5824 1652 5881 Haseroth
1703 5828 1824 5896 ﬁxis
1856 5830 2088 5883 tentoriis

521 5913 574 5966 in
598 5914 798 5968 deserto
824 5914 1055 5981 Pharan,
1082 5917 1166 5970 ubi
1195 5917 1395 5972 locutus
1425 5929 1497 5975 est
1519 5920 1770 5976 Dominus
1794 5921 1860 5974 ad
1879 5922 2089 5992 Moysen

2197 4725 2594 4796 quadragesimi
2626 4727 2752 4780 anni
2781 4727 2989 4782 mansio
3018 4737 3099 4783 est
3129 4743 3284 4783 mons
3313 4728 3441 4792 Hor,
3467 4731 3522 4784 in
3543 4745 3650 4801 quo
3675 4745 3772 4786 oc-

2197 4818 2382 4871 cubuit
2409 4817 2588 4871 Aaron
2613 4819 2788 4887 primo
2815 4819 2902 4875 die
2924 4820 3099 4890 quinti
3127 4821 3325 4877 mensis
3350 4841 3362 4876 :
3387 4821 3597 4888 ultima,
3629 4839 3772 4877 cam-

2199 4908 2398 4976 pestria
2441 4907 2596 4962 Moab
2649 4923 2810 4978 super
2839 4909 3133 4965 Jordanem
3183 4921 3371 4967 contra
3400 4911 3650 4980 Jericho,
3680 4915 3770 4968 ubi

2196 4997 2670 5054 Deuteronomium
2741 4999 3066 5056 meditantes
3097 5043 3112 5068 ,
3172 5012 3536 5071 manserunt,
3599 5007 3769 5061 donec

2197 5100 2412 5144 mortuo
2448 5089 2652 5162 Moyse,
2681 5089 2846 5147 Josue
2871 5091 3027 5157 duce,
3057 5093 3232 5163 primo
3261 5095 3348 5151 die
3376 5096 3572 5152 decimi
3615 5113 3768 5153 men-

2195 5183 2272 5237 sis
2317 5181 2605 5238 Jordanem
2653 5185 3007 5239 transierunt.
3055 5183 3217 5240 Fiunt
3277 5201 3408 5258 ergo
3461 5189 3768 5245 mansiones

2191 5274 2355 5343 primi
2368 5275 2494 5329 anni
2509 5275 2814 5340 duodecim,
2830 5276 3050 5331 secundi
3067 5277 3256 5346 viginti
3283 5284 3340 5332 et
3363 5293 3491 5346 una,
3519 5279 3692 5334 ultimi
3711 5287 3763 5335 et

2195 5367 2311 5435 ipsa
2341 5367 2598 5423 vicesima
2625 5369 2800 5436 prima
2833 5382 2951 5437 quae
2985 5377 3072 5424 est
3093 5369 3284 5436 Gades,
3325 5379 3380 5427 et
3406 5371 3526 5428 aliae
3551 5387 3759 5438 novem,

2195 5457 2354 5511 simul
2387 5459 2594 5512 scilicet
2621 5473 2812 5514 omnes
2837 5460 3194 5531 quadraginta
3223 5462 3362 5516 dum.

2267 5559 2431 5613 Vens.
2461 5559 2550 5612 9.2.
2572 5590 2642 5598 —
2669 5559 2737 5613 Et
2762 5563 3050 5616 accessistis
3079 5563 3147 5615 ad
3176 5580 3274 5617 me.
3300 5564 3356 5618 In
3383 5563 3524 5620 libro
3544 5561 3758 5620 Numeri

2196 5650 2454 5720 scriptum
2503 5660 2613 5715 est,
2647 5651 2933 5706 Dominum
2980 5653 3180 5709 dixisse
3209 5654 3411 5727 Moysi,
3441 5664 3503 5710 ut
3531 5656 3757 5711 mitteret

2197 5743 2368 5804 viros,
2398 5742 2487 5809 qui
2512 5741 2918 5798 considerarent
2963 5753 3203 5800 terram:
3234 5745 3323 5802 hic
3365 5762 3497 5802 vero
3539 5748 3757 5818 populus

2197 5832 2395 5884 dixisse
2425 5833 2653 5901 legitur:
2689 5833 2960 5888 Mittamus
3007 5838 3144 5890 uiros
3180 5839 3269 5908 qui
3309 5841 3628 5893 considerent
3659 5847 3754 5890 ter-

2200 5942 2328 5987 ram,
2363 5924 2452 5978 sed
2487 5924 2711 5992 populus
2744 5925 2845 5979 hoc
2875 5926 3023 5995 prius
3050 5928 3212 6000 Moysi
3246 5931 3530 6001 suggessit,
3556 5929 3752 5998 Moyses
