4006 6352
198 448 310 509 453

1234 430 1507 493 GLOSSA
1542 427 2033 489 ORDINARIA.—
2068 428 2444 487 LlBJDEUT.

3368 426 3479 487 464

200 561 274 619 ad
312 559 605 615 Dominum
649 550 839 609 retulit
861 592 876 619 ,
918 546 1216 608 secundum
1258 547 1415 617 cujus
1459 552 1792 617 praeceptum
1818 547 1874 606 Α
1896 542 2166 613 superatis
2192 542 2462 611 hostibus,
2491 541 2729 599 ctelestis
2755 542 2947 614 patria
2982 541 3179 613 gaudia
3212 543 3481 608 promissa

198 663 395 729 postea
424 650 808 723 exploratores
836 645 1005 702 misit.

276 748 446 804 Vens.
474 744 565 800 25.
592 772 660 785 ——
688 739 815 796 Misi
850 755 917 795 ea:
951 736 1114 792 vobis.
1160 733 1335 808 (Ism.)
1374 730 1667 787 Duodecim
1693 744 1792 784 ex—

196 842 509 917 ploratores
529 836 681 893 missi
699 836 765 890 ad
783 829 1170 903 explorandam
1185 829 1406 884 uberem
1422 834 1642 890 terram,
1659 829 1764 917 etc.
1775 862 1792 889 ,

1895 649 2313 705 consequamur.

1965 726 2283 783 Cavendum
2319 734 2406 785 est
2441 741 2511 783 ne
2547 734 2950 789 murmurantes
2974 737 3163 785 contra
3194 728 3483 787 Dominum

1896 816 2255 873 ascendamus
2280 817 2335 872 in
2365 827 2603 875 montem
2630 818 2916 889 superbiae,
2950 827 3203 889 putantes
3230 836 3331 879 nos
3351 836 3487 893 pro-

202 908 390 1004 iisque'
419 930 488 985 a‘d
528 929 657 1000 quia
687 939 787 982 nec
814 922 1063 980 Christus
1110 922 1231 977 sine
1258 921 1399 993 lege,
1426 933 1529 974 nec
1558 917 1646 972 lex
1675 912 1795 972 sine
1893 908 2030 1004 priis
2070 908 2276 965 Viribus
2324 908 2522 965 salvari
2561 925 2741 981 posse,
2786 924 2857 967 ne
2903 914 3162 973 continuo
3202 916 3486 976 tradaniur

200 1024 586 1173 ω’ἓιῗὶῗιξοεω.
615 1110 682 1166 iii
713 1110 964 1166 doctores
992 1106 1249 1163 Ecclesiae
1284 1103 1632 1177 signiﬁcant,
1660 1114 1799 1173 quo-

206 1224 329 1267 rum
381 1207 471 1263 alii
508 1219 679 1277 prava
720 1203 963 1259 docendo
1007 1200 1262 1272 populum
1313 1202 1673 1269 pervertunt:
1704 1193 1798 1250 alii

216 1310 357 1358 'ecta
383 1297 731 1371 praedicando
755 1294 1067 1367 proﬁciunt.

274 1392 448 1449 Vens.
475 1391 566 1447 3'5.
585 1420 660 1431 —
682 1387 850 1443 Nocte
870 1384 1162 1441 ostendens.
1200 1380 1316 1437 Nox
1339 1381 1663 1452 peccatoris,
1680 1378 1799 1436 dies

206 1485 319 1540 vita
340 1480 493 1552 justi.
541 1480 601 1536 in
624 1478 872 1535 columna
905 1476 1045 1544 ignis
1073 1473 1333 1529 malorum
1361 1471 1655 1536 damnatio,
1677 1470 1801 1541 qui-

205 1574 310 1629 bus
341 1570 597 1627 terribilis
638 1566 919 1638 apparebit
951 1564 1211 1619 Dominus
1242 1561 1297 1616 in
1328 1560 1571 1632 judicio:
1604 1560 1659 1614 in
1702 1573 1798 1615 eo-

207 1665 396 1720 lumna
426 1662 587 1720 nubis
614 1660 749 1716 levis
773 1668 831 1713 et
852 1658 1049 1714 hianda
1087 1656 1245 1723 visio,
1293 1666 1400 1726 qua
1445 1653 1803 1711 consolabun-

209 1768 298 1814 tur
325 1756 505 1813 electi.

280 1853 380 1907 Die
414 1866 508 1922 per
552 1849 869 1904 columnam.
910 1845 968 1899 In
1011 1850 1144 1899 testu
1182 1842 1343 1912 hujus
1388 1839 1570 1897 saeculi
1605 1838 1798 1895 obum-

1894 1002 2244 1071 Ainorrlunis,
2271 1003 2325 1060 id
2346 1011 2435 1061 est
2457 1004 2807 1061 daemonibus.

2519 1130 2753 1191 CAPUT
2793 1098 2858 1190 u.

1975 1271 2136 1328 Vsus.
2163 1273 2216 1329 i.
2237 1303 2309 1314 —
2326 1269 2398 1328 Et
2422 1273 2756 1329 circuivimus
2786 1282 3013 1331 montem
3043 1273 3183 1343 Seir,
3207 1284 3315 1335 etc.
3362 1278 3487 1339 Seir

1899 1371 1984 1421 est
2027 1379 2185 1419 mons
2232 1362 2288 1417 in
2333 1372 2477 1421 terra
2514 1363 2710 1431 Edom,
2740 1362 2794 1419 in
2831 1379 2941 1434 quo
2965 1366 3229 1423 habitavit
3256 1368 3397 1425 Esau
3428 1370 3487 1427 in

1901 1455 2120 1527 regione
2173 1453 2447 1511 Gabalena
2476 1495 2491 1519 ,
2542 1455 2635 1511 ubi
2684 1455 2949 1512 habitavit
2991 1467 3150 1515 antea
3201 1458 3486 1520 Cborraaus

1901 1556 2061 1613 quem
2098 1540 2370 1598 interfecit
2403 1540 2889 1610 Chodorlahomor;
2920 1546 3011 1617 qui
3049 1548 3119 1602 ab
3140 1546 3284 1607 Esau
3310 1549 3491 1621 piloso

1902 1640 1957 1688 et
1978 1631 2209 1703 hispida,
2236 1630 2380 1697 Seir,
2408 1632 2463 1688 id
2485 1643 2570 1689 est
2588 1634 2768 1704 pilosi,
2802 1651 3001 1693 nomen
3027 1640 3257 1711 accepit.
3308 1640 3489 1699 Chor-

1903 1724 1997 1779 raei
2028 1724 2168 1779 sicut
2202 1734 2411 1779 caeteras
2447 1734 2656 1796 gentes,
2693 1742 2829 1796 quas
2852 1741 3266 1799 superaverunt,
3297 1734 3389 1803 qui
3420 1734 3490 1792 de

1900 1814 2334 1884 patriarcharum
2358 1815 2566 1871 semine
2587 1817 2983 1875 descenderunt
2999 1859 3014 1883 ,
3038 1822 3304 1893 malignos
3323 1825 3488 1896 spiri-

206 1904 395 2011 brans,
414 1904 480 2000 'et
505 1948 814 1998 sustentans
841 1937 1175 2003 fortitudine,
1206 1904 1663 2005 et-propitiatione
1685 1945 1797 1988 suae
1824 1920 1875 1980 Β
1900 1912 1989 2010 ⁸υῆ
2010 1904 2095 1960 vel
2118 1905 2247 2011 vim
2271 1906 2602 2011 “ﬁrmum,
2628 1923 2750 2011 qui}?
2768 1908 2849 2011 im
2876 1923 3173 2011 exfupefaf
3174 1925 3489 2011 {99550113,

278 2050 414 2089 ιἠιε.

278 2050 414 2089 rms.

210 2050 449 2180 calleas.
476 2120 566 2177 3i.
585 2151 658 2163 -—
675 2120 902 2175 Jurauit.
940 2116 1058 2172 Non
1084 2124 1168 2170 est
1194 2116 1337 2170 Deus
1364 2110 1668 2185 pa‘ssibilis,
1699 2126 1802 2167 nec

208 2214 342 2270 vitio
392 2210 688 2269 iracundiae
734 2208 1031 2279 subjectus.
1098 2205 1202 2259 Sed
1260 2218 1359 2275 per
1402 2204 1521 2259 haec
1562 2202 1801 2257 charitas

210 2307 385 2380 Moysi
428 2321 557 2378 erga
600 2301 853 2373 populum
892 2298 1293 2362 manifestatur,
1336 2303 1389 2350 et
1428 2294 1521 2350 Dei
1561 2294 1798 2360 bonitas,

208 2416 332 2473 quae
364 2415 581 2456 omnem
617 2410 832 2453 sensum
869 2399 1110 2464 superat.

280 2492 452 2547 Vsus.
475 2486 566 2545 35.
587 2518 658 2530 -
679 2485 804 2541 Non
845 2484 1035 2539 uidebit
1060 2482 1340 2554 quispiam.
1386 2478 1575 2535 Simile
1604 2478 1804 2535 dicitur

209 2584 280 2641 de
315 2582 445 2648 illis,
489 2582 584 2652 qui
625 2579 835 2635 invitati
878 2576 944 2631 ad
1002 2590 1213 2632 orenam
1259 2580 1659 2629 exeusaverunt
1699 2585 1799 2627 se:

213 2675 386 2733 Nemo
416 2676 646 2730 uirorum
680 2671 891 2725 illorum
919 2669 1009 2740 qui
1058 2667 1223 2722 vocati
1269 2675 1390 2721 sunt
1426 2666 1655 2739 gustabit
1699 2682 1802 2719 ca:-

212 2772 338 2820 riam
368 2781 539 2819 meam
572 2762 722 2836 (Luc.
756 2760 891 2833 xxv).

236 2880 243 2889 -
282 2854 529 2910 Pessima
579 2852 853 2923 generatio
894 2864 1003 2905 non
1048 2848 1288 2921 possidet
1329 2857 1529 2904 terram
1569 2850 1800 2916 bonam,

209 2945 340 3015 quia
365 2942 570 3000 Christi
597 2956 703 2997 non
729 2942 903 2998 credit
931 2942 1379 2996 incarnationem.

281 3031 454 3088 Vens.
485 3032 575 3088 57.
594 3058 668 3073 —-
689 3031 802 3086 Nec
822 3031 1086 3085 miranda.
1127 3031 1227 3085 Hic
1258 3031 1389 3085 dicit
1414 3030 1645 3102 Moyses,
1670 3044 1802 3101 pro-

207 3136 353 3199 pter.
372 3122 651 3196 populum,
698 3123 898 3177 iratum
942 3123 1045 3178 sibi
1080 3122 1366 3178 Dominum
1401 3123 1621 3188 dixisse,
1660 3124 1804 3193 quod

208 3219 267 3273 in
314 3226 517 3273 terram
560 3214 936 3286 promissionis
986 3230 1091 3268 non
1132 3214 1528 3285 ingrederetur,
1575 3230 1699 3269 eum
1746 3215 1802 3270 in

208 3312 357 3366 libro
382 3308 602 3365 Numeri
636 3309 846 3380 legatur
876 3326 891 3361 :
922 3306 1069 3363 Dixit
1105 3308 1358 3363 Dominus
1392 3307 1461 3363 ad
1502 3306 1719 3380 Moysen
1757 3319 1805 3364 et

209 3406 401 3459 Aaron
427 3418 445 3455 :
473 3403 610 3469 Quia
654 3420 760 3457 non
800 3402 1092 3456 credidistis
1130 3403 1280 3467 mihi,
1315 3411 1372 3455 ut
1406 3403 1805 3472 sanctiﬁcaretis

208 3506 298 3554 me
320 3515 495 3553 coram
519 3496 645 3566 ﬁliis
673 3495 872 3562 Israel,
906 3512 1007 3550 non
1035 3495 1376 3549 introducetis
1395 3497 1488 3549 hos
1515 3494 1731 3567 populos
1752 3496 1807 3550 in

208 3598 413 3643 terram
442 3603 598 3658 quam
626 3586 762 3641 dabo
798 3587 890 3641 eis.
936 3586 1042 3641 Sed
1082 3587 1347 3641 sententia
1390 3601 1620 3656 sequens
1658 3587 1809 3643 vide-

211 3689 308 3737 tur
330 3679 541 3735 solvere
567 3679 918 3749 quaestionem
953 3696 966 3733 :
998 3677 1124 3733 Haec
1149 3688 1240 3739 est,
1274 3680 1474 3751 inquit,
1511 3696 1648 3750 aqua
1679 3697 1806 3735 con-

210 3770 571 3835 tradictiom's,
606 3769 693 3823 ubi
720 3768 926 3840 jurgati
953 3779 1073 3823 sunt
1099 3767 1200 3838 ﬁlii
1227 3768 1396 3824 Israel
1424 3780 1604 3824 contra
1634 3770 1812 3825 Domi-

212 3878 382 3927 num,
414 3868 522 3915 etc.
550 3858 740 3931 (Num.
773 3856 888 3931 xx).
927 3856 1171 3929 Iurgium
1204 3859 1348 3913 enim
1381 3867 1437 3914 et
1466 3860 1688 3915 rebellio
1714 3876 1811 3930 po-

210 3950 333 4023 puli
382 3964 548 4006 causa
594 3948 695 4005 fuit
740 3951 834 4005 ira:
881 3959 936 4005 et
982 3950 1254 4016 vindictae,
1305 3959 1415 4006 tam
1452 3950 1507 4007 in
1554 3952 1807 4023 populum

212 4056 389 4114 quam
418 4043 471 4097 in
502 4039 720 4113 Moysen
741 4048 797 4096 et
820 4040 1024 4095 Aaron.

300 4130 421 4186 Nec
451 4140 507 4185 tu
536 4131 844 4202 ingrederis.
889 4129 1061 4202 (iam)
1087 4128 1314 4186 Videtur
1354 4131 1409 4186 in
1450 4130 1644 4198 Maria,
1675 4138 1808 4199 etc.,

214 4236 393 4295 usque
430 4220 499 4275 ad
536 4236 659 4275 eum
700 4228 956 4290 tanquam
996 4221 1197 4278 montis
1234 4221 1527 4277 eminentia
1564 4221 1812 4280 Christus

213 4314 476 4373 excelsus
510 4313 841 4383 agnoscitur.

291 4408 466 4464 Vitas.
498 4404 917 4480 lin—Cumque
949 4408 1207 4467 instructi.
1243 4408 1369 4469 Haec
1407 4413 1674 4469 sententia
1712 4410 1812 4469 hu-

215 4515 446 4557 manam
502 4499 734 4570 percutit
778 4500 1086 4571 superbiam
1112 4543 1128 4569 ,
1174 4516 1296 4573 quae
1334 4503 1400 4559 de
1449 4503 1561 4559 suis
1606 4504 1811 4559 viribus

215 4591 526 4665 praesumit,
571 4606 671 4647 nec
722 4592 773 4646 in
818 4588 914 4648 Dei
952 4592 1173 4649 conﬁdit
1212 4595 1471 4664 potentia.
1512 4596 1812 4652 Amorrhtei

214 4687 397 4751 enim,
442 4686 495 4741 id
539 4693 643 4752 est,
692 4686 1072 4752 amaricantcs,
1119 4689 1304 4743 hostes
1346 4696 1486 4749 sunt,
1518 4688 1807 4759 spiritales,

216 4776 319 4849 qui
352 4775 604 4830 habitant
634 4776 689 4830 in
720 4776 993 4832 montibus
1018 4778 1302 4847 superbize,
1330 4787 1385 4833 et
1416 4788 1808 4849 praesumptuo-

214 4881 317 4923 sos
354 4873 573 4931 necant,
602 4864 667 4921 de
705 4865 827 4922 Seir
854 4881 1026 4936 usque
1056 4867 1275 4934 Horma,
1311 4868 1363 4923 id
1395 4876 1476 4923 est
1504 4884 1535 4923 a
1564 4869 1813 4939 squalore

214 4958 487 5013 vitiorum
534 4972 708 5028 usque
756 4958 823 5013 ad
873 4958 1271 5013 damnationem
1316 4974 1596 5030 poenarum
1635 4978 1647 5014 :
1692 4959 1813 5015 Seir

213 5062 468 5119 namque
515 5048 719 5119 pilosus
754 5091 768 5114 ,
813 5049 1013 5105 Horma
1060 5050 1448 5120 interpretatur
1498 5051 1803 5106 anathema.

216 5137 489 5209 Quisquis
514 5139 657 5193 enim
685 5138 938 5194 vitiorum
964 5140 1213 5196 sordibus
1242 5154 1351 5195 non
1392 5141 1585 5198 metuit
1618 5142 1814 5215 pollui,

218 5231 379 5285 hunc
424 5242 644 5285 necesse
690 5236 811 5297 est,
864 5245 962 5300 pro
1009 5232 1213 5288 meritis
1242 5274 1256 5298 ,
1306 5233 1519 5305 ignibus
1562 5234 1817 5307 gehennae

220 5321 397 5387 tradi.
450 5322 730 5377 Darmones
760 5336 993 5393 namque
1014 5323 1198 5379 volunt
1224 5340 1323 5380 nos
1353 5326 1631 5396 implicare
1666 5327 1817 5397 cupi-

218 5413 499 5470 ditatibus
521 5415 767 5479 terrenis,
796 5422 852 5470 et
875 5416 919 5470 si
945 5428 1355 5485 perseveramus
1386 5418 1441 5471 in
1470 5419 1737 5488 peccatis,
1761 5426 1817 5474 et

216 5504 287 5562 in
320 5513 559 5560 montem
580 5506 846 5574 superbia:
870 5508 1163 5562 ascendere
1187 5523 1293 5563 non
1322 5509 1647 5574 desistimus,
1681 5511 1818 5583 igni-

216 5594 304 5652 tis
328 5592 526 5665 jaculis
554 5598 843 5653 concidunt
863 5606 917 5653 et
936 5599 1238 5669 perducunt
1271 5598 1337 5655 ad
1377 5601 1665 5656 anathema
1698 5616 1819 5671 per-

1901 1998 1993 2069 qui
2016 2006 2327 2054 sanctorum
2348 1998 2572 2054 Patrum
2594 2001 2832 2074 vestigiis
2852 2011 2907 2058 et
2926 2004 3186 2061 doctrinis
3208 2006 3489 2077 insistunt,

1901 2106 1957 2151 et
2001 2096 2299 2166 spiritalem
2348 2096 2597 2153 militiam
2638 2098 2740 2154 sub
2784 2113 2911 2171 rege
2944 2099 3160 2158 Christo
3194 2112 3385 2175 agunt,
3421 2103 3493 2161 de

1902 2203 2009 2258 qua
2038 2187 2238 2244 dicitur
2271 2205 2285 2242 :
2318 2187 2443 2242 Non
2481 2198 2555 2243 est
2593 2188 2740 2244 nobis
2770 2189 3073 2246 colluctatio
3102 2193 3350 2275 aduersu!
3377 2212 3493 2251 car-

1903 2296 2020 2335 nem
2046 2290 2096 2335 et
2121 2280 2462 2350 sanguinem,
2494 2281 2585 2335 sed
2610 2281 2860 2337 adversus
2886 2284 3147 2355 principes
3179 2295 3228 2341 et
3264 2297 3493 2357 potesta-

1902 2380 2001 2439 tes,
2031 2379 2138 2427 etc.
2171 2369 2388 2443 (Epltes.
2410 2370 2513 2445 γι).

1976 2462 2142 2518 Vens.
2181 2461 2234 2517 9.
2255 2491 2329 2502 —
2353 2460 2403 2515 F
2404 2461 2512 2517 iliis
2537 2460 2671 2518 Loth
2696 2461 2912 2520 tradidi.
2955 2464 3033 2522 Ar
3062 2467 3379 2540 metropolis
3406 2478 3495 2527 est

1904 2554 2260 2613 Moabitarum
2296 2596 2313 2622 ,
2360 2571 2521 2627 super
2570 2556 2745 2627 ripam
2791 2559 3048 2616 torrentis
3092 2560 3277 2619 Arnon
3310 2581 3327 2619 :
3362 2564 3493 2622 olim

1903 2658 2152 2717 possessa
2178 2662 2209 2703 a
2239 2657 2398 2719 gente
2425 2650 2717 2705 veterrima
2742 2650 2943 2718 Emim,
2978 2662 3165 2722 postea
3212 2664 3424 2713 retenta
3458 2672 3495 2714 ι

1906 2741 2034 2796 ﬁliis
2066 2740 2232 2807 Loth,
2266 2741 2321 2795 id
2365 2748 2448 2797 est
2489 2740 2761 2809 Moabitis,
2805 2743 3079 2801 subversis
3110 2747 3329 2805 accolis.
3370 2748 3497 2807 Haec

1904 2833 2213 2890 ostenditur
2234 2833 2396 2890 hodie
2418 2834 2473 2889 in
2502 2835 2708 2891 vertice
2731 2838 2951 2904 montis,
2988 2847 3201 2897 torrens
3238 2857 3369 2899 vero
3397 2858 3499 2916 per

1907 2928 2132 2997 abrupta
2158 2928 2511 2993 descendens,
2543 2928 2599 2982 in
2637 2944 2789 2985 mare
2826 2929 3095 2987 Morinum
3120 2932 3260 2989 ﬂuit.
3305 2934 3384 2989 Ar
3412 2936 3496 2993 in-

1906 3027 2237 3090 terpretatur
2276 3020 2583 3086 suscitavit;
2624 3019 2827 3086 Emim,
2868 3023 2923 3078 id
2962 3033 3045 3080 est
3085 3026 3354 3084 terribiles
3386 3046 3401 3084 :
3432 3028 3493 3087 hi

1908 3121 2033 3166 sunt
2069 3112 2375 3177 dmntones,
2411 3111 2504 3182 qui
2542 3111 2667 3168 lites
2696 3114 2979 3182 suscitant,
3012 3126 3066 3172 et
3094 3121 3491 3190 contentiones,

1908 3213 1969 3260 et
1994 3205 2096 3261 tela
2120 3206 2377 3276 nequitiae
2412 3215 2609 3277 parant
2639 3218 2829 3266 contra
2858 3210 3061 3269 ﬁdeles.
3106 3212 3331 3271 Enacim
3364 3233 3500 3289 quo-

1833 3278 1880 3350 C
1910 3310 2015 3366 que
2050 3297 2116 3353 de
2151 3297 2319 3368 stirpe
2343 3295 2494 3353 Euac
2518 3302 2811 3369 procreati,
2840 3310 2895 3358 et
2919 3304 3226 3376 gigantibus
3252 3278 3493 3378 proceri-

1912 3396 2024 3444 tate
2047 3390 2264 3459 aequati,
2291 3391 2586 3446 secundum
2627 3378 2824 3449 nomen
2858 3410 3016 3451 suum
3056 3396 3365 3471 signiﬁcant
3389 3401 3498 3458 dte-

1912 3496 2139 3547 mones,
2194 3499 2317 3538 nam
2364 3484 2563 3540 monile
2604 3485 2744 3542 collo
2786 3488 3001 3546 sublimi
3048 3491 3493 3563 interpretantur.

1913 3573 2188 3645 Superbiae
2212 3577 2357 3631 enim
2390 3574 2531 3633 fastu
2557 3578 2686 3634 elati
2721 3595 2937 3636 omnem
2965 3582 3170 3639 militiae
3198 3600 3310 3641 suae
3329 3602 3494 3659 para-

1910 3674 2086 3721 turam
2116 3668 2391 3723 ascribunt
2426 3671 2657 3740 propria!
2698 3670 2905 3739 virtuti,
2945 3682 3001 3730 et
3030 3674 3151 3731 ideo
3189 3675 3296 3734 illis
3337 3676 3499 3737 facile

1911 3756 2127 3822 cedunt,
2164 3756 2259 3826 qui
2289 3757 2344 3812 in
2375 3758 2576 3815 virtute
2601 3760 2697 3817 Dei
2723 3761 3019 3830 conﬁdunt,
3044 3774 3240 3823 etcum
3269 3766 3499 3825 Psalmi-

1913 3854 1995 3901 sta
2022 3845 2209 3901 dicunt
2233 3861 2247 3900 :
2275 3845 2559 3903 Fortitudo
2596 3866 2709 3905 mea
2738 3860 2787 3906 et
2819 3851 2936 3908 laus
2986 3871 3101 3911 mea
3137 3855 3413 3927 Dominus,
3447 3864 3497 3915 el

1913 3936 2084 4007 factus
2109 3946 2183 3992 est
2204 3938 2330 3993 mihi
2352 3938 2407 3992 in
2431 3937 2654 3995 salutem
2682 3940 2853 4013 (Psal.
2878 3946 3067 4018 (τινα).

1983 4029 2148 4085 Vens.
2197 4029 2474 4086 M.—De
2516 4031 2866 4091 Cadesbarne.
2910 4034 3185 4110 (HIERON.,
3227 4041 3377 4112 epist.
3427 4042 3501 4099 ad

1913 4116 2239 4192 Fabiolam.)
2265 4121 2607 4179 Cahesbarne
2632 4132 2716 4181 est
2739 4125 2890 4184 locus
2911 4129 2964 4183 in
2991 4131 3224 4198 deserto,
3251 4135 3343 4203 qui
3369 4150 3498 4190 con-

1908 4209 2155 4282 jungitur
2222 4213 2426 4267 civitati
2484 4212 2659 4271 Petrae
2710 4216 2766 4272 in
2809 4216 3009 4275 Arabia
3053 4239 3067 4275 :
3103 4220 3196 4276 ubi
3241 4226 3500 4281 occubuit

1914 4299 2101 4368 Maria,
2133 4310 2188 4358 et
2214 4302 2425 4376 Moyses
2458 4320 2591 4377 rupe
2630 4321 2887 4376 percussa
2931 4324 3123 4381 aquam
3159 4313 3365 4370 sitienti
3406 4330 3498 4386 po-

1912 4388 2038 4464 pulo
2079 4393 2245 4449 dedit.
2289 4394 2621 4453 Monstratur
2665 4399 2828 4454 etiam
2872 4414 3043 4471 usque
3094 4401 3254 4461 hodie
3296 4406 3496 4466 ibidem

1915 4485 2219 4556 sepulcrum
2250 4485 2432 4542 Mariae
2454 4528 2470 4554 ,
2500 4489 2595 4544 sed
2619 4497 2676 4545 et
2703 4490 2975 4564 principes
3005 4492 3230 4554 Amalec
3258 4496 3334 4555 ibi
3372 4502 3498 4559 cassi

1916 4584 2043 4632 sunt
2068 4591 2101 4631 a
2124 4575 2612 4636 Chodorlahomor.

1822 4642 1893 4753 ,Β
1989 4666 2151 4723 Vens.
2182 4668 2273 4722 26.
2296 4697 2367 4709 —
2389 4668 2514 4724 Misi
2543 4686 2665 4743 ergo
2688 4673 2917 4742 nuntios,
2950 4684 3057 4735 etc.
3105 4676 3289 4739 Sciron
3317 4683 3499 4743 diabo-

1918 4758 2027 4813 lum
2072 4756 2359 4830 signiﬁcat,
2403 4762 2548 4831 quod
2589 4772 2672 4819 est
2714 4779 2934 4837 germen
2972 4769 3197 4837 inutile,
3227 4775 3308 4829 vel
3336 4777 3501 4834 arbor

1919 4848 2272 4916 infructuosa,
2300 4851 2383 4907 vel
2411 4852 2602 4909 elatus.
2634 4852 2798 4911 Israel
2821 4860 3077 4929 populum
3102 4863 3494 4936 Christianum,

1919 4942 2012 5014 qui
2038 4958 2136 5013 per
2157 4944 2301 4999 viam
2334 4946 2519 5000 mundi
2551 4947 2712 5017 hujus
2735 4951 2884 5022 cupit
2910 4955 3164 5023 transire,
3196 4967 3250 5013 et
3282 4958 3350 5013 ad
3382 4974 3497 5017 ete-

1917 5032 2075 5091 le$tia
2114 5046 2278 5107 regna
2308 5037 2609 5106 pervenire.
2663 5039 2765 5097 Hic
2800 5043 2970 5102 mittit
3004 5046 3075 5103 ad
3105 5044 3282 5104 Sehon
3314 5048 3498 5109 verbis

1918 5125 2193 5199 paciﬁcis,
2234 5127 2556 5196 promittens
2595 5145 2654 5187 se
2696 5148 2806 5189 non
2845 5135 3208 5193 habitatorum
3256 5141 3311 5195 in
3353 5149 3497 5199 terra

1920 5218 2056 5287 ejus,
2091 5218 2186 5273 sed
2224 5224 2431 5274 tantum
2472 5223 2844 5294 transiturum,
2868 5235 2924 5282 et
2944 5228 3112 5300 regali
3138 5229 3224 5285 via
3254 5231 3499 5291 incessu-

1920 5324 2060 5365 rum.
2105 5308 2219 5364 Hoc
2250 5310 2476 5382 quisque
2506 5316 2776 5385 promisit,
2807 5334 2928 5374 cum
2950 5319 3184 5392 primum
3208 5324 3277 5380 ad
3301 5342 3496 5398 aquam

1918 5408 2169 5479 baptismi
2203 5412 2448 5479 pervenit
2468 5453 2482 5478 ,
2506 5421 2560 5467 et
2579 5413 2755 5483 prima
2778 5412 2902 5470 ﬁdei
2928 5400 3203 5487 sign'acula
3234 5421 3493 5492 suscepit.
3562 5480 3567 5485 ,

1918 5499 2333 5558 Abrenuntiavit
2358 5503 2501 5559 enim
2529 5506 2742 5562 diabolo
2764 5515 2819 5563 et
2839 5508 3050 5580 pompis
3078 5506 3213 5580 ejus,
3245 5520 3299 5568 et
3316 5513 3497 5584 operi-

1919 5595 2022 5651 bus
2047 5593 2181 5665 ejus,
2214 5605 2268 5652 et
2291 5598 2439 5653 omni
2463 5598 2709 5666 servitio,
2746 5606 2801 5654 et
2830 5600 3191 5672 voluptatibus
3219 5602 3354 5673 ejus.
3381 5603 3497 5664 Hoc

221 5696 481 5760 petuum.
544 5687 667 5743 ideo
711 5705 817 5744 non
859 5691 1155 5745 secundum
1199 5688 1587 5761 Pelagianistas
1621 5693 1687 5747 de
1724 5706 1821 5747 no-
1922 5688 2165 5761 estquod
2192 5690 2426 5747 dicitur:
2460 5692 2598 5759 Quia
2621 5691 2793 5748 Israel
2812 5710 2917 5749 non
2938 5694 3215 5752 declinabit
3237 5698 3291 5753 in
3313 5714 3499 5772 agrum

222 5784 351 5834 atra
373 5791 760 5846 prmsumamus
781 5781 1015 5850 potentia
1032 5821 1045 5845 ,
1073 5780 1164 5836 sed
1190 5779 1558 5837 inﬁrmitatem
1581 5793 1817 5838 nostram

220 5868 663 5938 considerantes,
703 5872 930 5928 Domino
970 5888 1067 5944 per
1112 5872 1293 5929 omnia
1336 5872 1721 5946 obsequemur,
1761 5880 1819 5931 ut

1922 5781 2054 5851 ejus,
2098 5778 2174 5837 vel
2206 5784 2261 5838 in
2304 5785 2503 5840 vineam
2544 5785 2687 5855 ejus,
2728 5794 2777 5841 et
2811 5803 3001 5857 aquam
3028 5788 3230 5845 delacu
3254 5792 3368 5863 ejus
3393 5808 3499 5850 non

1924 5874 2120 5947 potabit
2165 5873 2354 5948 (Nam.
2396 5876 2535 5949 XXI),
2565 5876 2619 5932 id
2648 5885 2752 5945 est,
2781 5875 3122 5949 disciplinam
3153 5880 3237 5935 vel
3272 5882 3499 5939 astrolo-
