4006 6352
534 417 640 474 455

1029 412 1422 472 WALAFRlDl
1463 409 1711 471 STRABI
1747 411 1952 470 FULD.
1992 407 2157 466 MON.
2198 406 2349 464 OPP.
2384 403 2564 464 PARS
2601 407 2643 464 l.
2684 437 2755 450 —
2791 406 3256 467 THEOLOGICA.

528 535 659 604 gic:e
703 530 786 588 vel
824 529 1066 604 magicae,
1091 531 1177 587 vel
1203 531 1483 601 cujuslibet
1507 529 1797 594 doctrinm,
1826 543 1945 598 quae
1969 542 2100 582 con-
2131 530 2183 588 Α
2208 523 2342 577 siam
2375 531 2635 593 pugnant,
2680 521 2774 579 sed
2815 525 3070 580 resistere
3113 539 3220 580 non
3263 522 3470 592 valent,
3510 524 3791 584 traduntur

533 634 616 679 tra
656 625 912 693 pietatem
956 632 1056 686 est,
1101 623 1330 693 amplius
1363 637 1469 677 non
1504 630 1679 676 sumet
1709 637 1722 674 :
1747 621 1842 675 sed
1867 619 2015 674 bibet
2037 619 2105 674 de

527 713 766 769 fontibus
807 712 1134 780 Salvatoris,
1181 729 1291 769 non
1333 712 1668 782 derelinquet
1708 711 1910 784 fontem
1953 724 2106 778 aquae
2149 783 2163 790 κ

528 807 684 871 vivae,
717 815 776 861 ut
801 806 950 863 bibat
970 807 1036 862 de
1061 805 1208 862 fonte
1239 804 1443 870 Sehon,
1465 805 1558 861 sed
1582 804 1793 860 incedet
1820 803 1905 857 via
1933 803 2100 874 regia,

527 914 650 970 quae
673 907 756 955 est
782 899 1049 968 Christus,
1075 901 1165 970 qui
1191 900 1322 955 dicit
1351 918 1362 953 :
1395 898 1509 971 Ego
1535 915 1651 953 sum
1678 899 1780 964 uia,
1804 898 2014 963 ueritas,
2054 905 2103 950 et

529 996 634 1048 vita
656 993 838 1064 (Joan.
867 994 981 1065 xlv)
1000 1035 1016 1060 ,
1046 1003 1101 1050 et
1127 1009 1244 1060 rex,
1267 996 1561 1049 secundum
1590 993 1739 1058 illud,
1768 992 1931 1058 Deus,
1954 991 2104 1062 judi-

523 1085 658 1139 cium
686 1094 832 1139 tuum
873 1085 978 1156 regi
1007 1086 1077 1139 da
1107 1083 1278 1156 (Psal.
1326 1085 1497 1156 Lxx1).
1548 1085 1664 1139 Non
1708 1085 2000 1140 declinabit
2045 1084 2102 1141 in

524 1191 734 1244 agrum,
764 1191 940 1247 neque
971 1178 1024 1232 in
1049 1177 1261 1233 vineam
1286 1176 1426 1247 ejus,
1452 1178 1520 1233 ad
1543 1193 1708 1247 opera
1747 1177 1972 1243 scilicet,
2017 1176 2103 1230 vel

525 1268 592 1322 ad
630 1283 825 1337 pravos
859 1282 1049 1322 sensus
1088 1267 1222 1338 ejus.
1273 1268 1572 1324 Amorrhzei
1610 1268 1890 1338 loquentes
1935 1267 2103 1322 inter-

522 1367 810 1426 pretantur
833 1396 850 1424 ,
885 1357 970 1413 vel
1007 1358 1364 1413 amaricantes
1389 1398 1404 1423 ,
1439 1359 1565 1427 quia
1598 1358 1767 1412 Deum
1800 1357 1867 1412 ad
1904 1358 2103 1412 amari-

523 1446 762 1502 tudinem
787 1455 1104 1517 provocant,
1133 1455 1188 1502 et
1214 1448 1266 1502 in
1289 1447 1468 1503 verbis
1490 1455 1700 1502 tantum
1721 1448 2014 1511 conlidunt,
2041 1455 2102 1502 ut

520 1545 713 1606 poette,
743 1537 1020 1609 astrologi,
1060 1539 1382 1609 philosophi,
1425 1539 1516 1608 qui
1556 1539 1734 1592 inania
1776 1538 2096 1608 loquuntur;

519 1643 744 1698 regnum
773 1640 952 1686 autem
985 1631 1081 1690 Dei
1109 1647 1216 1686 non
1243 1642 1326 1687 est
1357 1632 1409 1685 in
1434 1646 1686 1687 sermone
1706 1673 1722 1698 ,
1748 1632 1841 1687 sed
1877 1632 2096 1686 virtute.

520 1718 720 1773 Volunt
758 1719 942 1776 ﬁdeles
991 1736 1114 1776 cum
1158 1737 1292 1792 pace
1343 1722 1593 1787 transire,
1640 1731 1694 1776 et
1730 1721 1939 1792 paciﬁci
1978 1735 2099 1777 esse

520 1810 684 1865 etiam
715 1826 837 1866 cum
872 1811 1106 1868 inimicis
1138 1813 1326 1882 pacis:
1355 1813 1449 1868 sed
1483 1827 1547 1868 eo
1595 1813 1767 1882 magis
1799 1813 2095 1883 principem

2206 617 2334 673 victi
2372 618 2426 674 in
2459 633 2649 674 manus
2679 629 2990 676 sanctorum
3012 636 3136 676 cum
3165 621 3488 677 habitaculis
3515 623 3650 679 suis.

2809 754 3039 811 CAPUT
3085 754 3172 812 lll.

2275 889 2438 945 Vens.
2469 890 2520 944 1.
2545 919 2616 933 -
2650 889 2836 962 Itaque
2874 895 3129 949 conversi.
3168 893 3252 948 Ad
3297 893 3398 966 Og,
3427 894 3521 966 qui
3567 903 3657 953 est
3694 912 3789 956 rex

2203 977 2400 1048 Basan,
2430 996 2532 1036 nec
2557 981 2760 1053 legatos
2791 982 3082 1054 dignantur
3107 985 3346 1049 mittere,
3372 1001 3474 1042 nec
3498 989 3784 1044 transitum

2203 1085 2302 1141 per
2322 1081 2523 1129 terram
2547 1074 2664 1144 ejus
2694 1082 2878 1144 petere
2903 1093 2917 1129 :
2943 1075 3198 1131 continuo
3221 1076 3524 1148 confligunt
3551 1095 3678 1134 cum
3701 1096 3780 1146 eo,

2205 1171 2523 1235 superantes
2546 1179 2668 1218 eum
2699 1172 2753 1218 et
2778 1165 3034 1234 populum
3058 1181 3233 1221 suum.
3265 1166 3434 1222 Basan
3458 1168 3781 1240 interpreta-

2206 1264 2294 1310 tur
2333 1253 2860 1325 turpitudo:merito
2890 1272 3018 1329 ergo
3062 1271 3161 1313 nec
3201 1257 3359 1330 legati
3407 1260 3700 1315 mittuntur
3723 1263 3786 1316 ad

2204 1357 2416 1421 gentem
2463 1347 2652 1412 istam,
2698 1362 2798 1404 nec
2841 1350 3100 1405 transitus
3147 1352 3378 1421 petitur;
3425 1352 3608 1408 nullus
3644 1356 3782 1409 enim

2203 1443 2464 1497 transitus
2491 1441 2647 1497 debet
2681 1443 2838 1498 nobis
2872 1459 3014 1510 esse,
3041 1445 3128 1500 vel
3165 1461 3424 1502 ascensus
3451 1450 3520 1503 ad
3552 1451 3782 1520 turpitu-

2203 1536 2403 1599 dinem,
2435 1551 2555 1606 qnae
2593 1538 2774 1591 statim
2812 1539 3186 1608 expugnanda,
3213 1548 3268 1593 et
3295 1541 3520 1595 omnino
3547 1543 3781 1598 cavenda

2202 1637 2303 1681 est.
2349 1624 2429 1696 0g
2464 1633 2646 1681 autem
2685 1627 3070 1697 interpretatur
3099 1629 3404 1694 conclusio;
3438 1631 3688 1686 carnalia
3717 1632 3782 1686 si-

2200 1718 2441 1789 gniﬁcat,
2470 1735 2699 1789 quorum
2739 1719 3007 1776 desiderio
3034 1721 3213 1775 anima
3261 1722 3588 1789 excluditur,
3615 1735 3676 1779 et
3703 1740 3783 1781 se-

2201 1820 2426 1882 paratur
2447 1826 2478 1865 a
2511 1812 2638 1867 Deo.
2667 1812 2941 1868 Adversus
2977 1813 3094 1868 haec
3129 1813 3211 1870 sic
3249 1822 3331 1869 est
3367 1815 3709 1883 bellandum,
3731 1830 3784 1872 ut

523 1899 706 1954 mundi
733 1898 1032 1967 offendunt,
1068 1917 1176 1972 quo
1214 1917 1271 1957 se
1307 1917 1428 1957 cum
1465 1902 1554 1957 illo
1593 1903 1733 1958 nolle
1776 1903 1975 1958 morari
2014 1903 2097 1956 di-
2124 1897 2175 1960 Β
2200 1900 2405 1956 nullum
2433 1901 2773 1972 relinquatur
2793 1903 3004 1958 vitium.
3034 1902 3263 1972 Nullum
3292 1906 3437 1960 enim
3461 1916 3689 1976 oportet
3713 1923 3785 1963 re-

523 2000 672 2058 cunt,
712 2007 814 2048 nec
843 1991 1044 2062 aliquid
1065 1992 1181 2062 ejus
1202 1993 1531 2063 contingere.
1584 1993 1714 2048 lude
1741 1994 2098 2048 exacerbatus

522 2084 694 2155 magis
737 2084 1098 2154 persequitur,
1140 2085 1378 2154 pericula
1419 2085 1663 2150 suscitat,
1705 2085 1978 2140 cruciatus
2015 2084 2100 2138 in-

521 2182 714 2240 tentat,
746 2184 1036 2246 congregat
1062 2176 1313 2247 populum
1345 2193 1498 2230 suum
1529 2218 1543 2243 ,
1567 2177 1678 2231 exit
1701 2177 1986 2247 confligere
2005 2177 2100 2231 ad-

520 2281 733 2322 versum
765 2267 928 2323 Israel
954 2285 966 2320 :
992 2267 1220 2338 populus
1247 2268 1364 2339 ejus
1384 2277 1509 2323 sunt
1531 2267 1826 2338 principes,
1874 2278 1928 2323 et
1957 2267 2100 2336 judi-

516 2371 610 2412 ces
643 2358 848 2425 mundi,
876 2359 1164 2429 cunctique
1193 2360 1447 2428 nequitiae
1485 2359 1739 2425 ministri,
1779 2360 1868 2429 qui
1909 2373 2097 2430 perse-

517 2458 757 2516 quuntur
801 2450 1056 2519 populum
1100 2451 1195 2506 Dei
1225 2466 1239 2504 :
1268 2451 1360 2506 sed
1402 2459 1458 2506 et
1501 2452 1615 2520 ipse
1649 2451 1796 2506 venit
1844 2452 1899 2505 in
1947 2450 2094 2517 Jasa,

517 2541 657 2621 quod
698 2541 1085 2612 interpretatur
1119 2545 1356 2598 mandati
1394 2545 1649 2612 impletio.
1696 2543 1798 2611 Qui
1841 2544 1986 2599 enim
2028 2544 2096 2599 ad

517 2633 874 2703 expletionem
930 2635 1305 2692 mandatorum
1357 2636 1450 2690 Dei
1498 2637 1744 2700 venerit,
1789 2635 1967 2691 Sehou
2012 2636 2098 2692 vel

517 2724 814 2779 exercitum
859 2723 975 2793 ejus
1027 2726 1336 2781 saevientem
1384 2741 1490 2781 non
1549 2727 1776 2782 timebit.
1851 2726 2095 2782 Mandata

516 2815 663 2870 enim
713 2815 807 2870 Dei
864 2815 1136 2886 complere
1161 2857 1176 2881 ,
1226 2825 1308 2873 est
1346 2815 1615 2873 diabolum
1647 2858 1661 2882 ,
1703 2824 1760 2872 et
1797 2818 2095 2873 exercitum

517 2906 634 2977 ejus
681 2921 954 2978 superare.
1013 2907 1106 2964 Sic
1145 2909 1288 2963 enim
1331 2909 1562 2964 conterit
1602 2908 1742 2964 Deus
1784 2907 1951 2963 Satan
1993 2909 2093 2963 sub

515 2993 740 3062 pedibus
775 2993 1006 3059 nostris,
1033 3002 1087 3048 et
1109 2993 1202 3048 dat
1224 2993 1376 3048 nobis
1401 2993 1695 3062 potentiam
1730 2993 1972 3048 calcandi
1996 3009 2089 3049 su-

515 3097 614 3152 per
647 3091 925 3152 serpentes
945 3093 1001 3138 et
1025 3083 1365 3153 scorpiones,
1393 3093 1447 3139 et
1479 3099 1640 3154 super
1671 3099 1885 3140 omnem
1921 3085 2092 3140 virtu-

517 3180 626 3228 tem
651 3172 875 3228 inimici.

583 3265 746 3320 Vsus.
793 3265 881 3321 50.
904 3297 974 3308 —
997 3266 1134 3334 Quia
1176 3267 1528 3334 induraveml.
1583 3266 1765 3338 Longa
1802 3267 2081 3337 patientia,
2111 3252 2158 3317 C

510 3369 616 3410 non
660 3357 997 3426 corrigendo,
1037 3356 1180 3412 unde
1219 3357 1275 3410 in
1301 3349 1536 3412 Exodo:
1562 3354 1674 3426 Ego
1721 3357 1962 3411 induraui
1995 3373 2086 3411 cor

513 3441 811 3500 Pharaonis
846 3444 1044 3516 (Exod.
1087 3449 1174 3518 x');
1225 3455 1282 3502 et
1324 3446 1605 3502 Psalmista
1639 3465 1652 3501 :
1681 3445 1943 3501 Convertit
1996 3463 2086 3500 cor

511 3553 711 3604 eorum,
745 3548 802 3591 ut
823 3538 1026 3593 adirent
1063 3537 1312 3609 populum
1356 3537 1470 3608 ejus
1511 3535 1682 3608 (Psal.
1734 3535 1862 3607 CIV).
1911 3535 2084 3610 Causa

515 3643 643 3683 vero
688 3627 1042 3686 indurationis
1078 3631 1312 3696 additur,
1352 3638 1410 3684 ut
1457 3629 1751 3683 traderetur
1798 3629 1852 3682 in
1900 3645 2084 3682 manus

509 3728 650 3784 tuas,
682 3719 737 3773 id
765 3727 1307 3776 estntcontereretur
1327 3734 1359 3773 a
1386 3728 1466 3785 te;
1498 3719 1640 3788 quod
1667 3733 1774 3774 non
1803 3718 1955 3774 ﬁeret
1980 3719 2085 3773 nisi

510 3809 809 3876 resisteret,
838 3828 937 3868 nec
967 3813 1243 3867 resisteret
1272 3812 1376 3866 nisi
1397 3811 1675 3866 induratus
1702 3823 1863 3868 esset.
1916 3811 2086 3880 Hujus

512 3899 590 3954 rei
612 3897 881 3966 justitiam
904 3900 949 3955 si
974 3901 1367 3970 quaesierimus,
1401 3899 1765 3956 inscrutabilia
1803 3900 2086 3970 suntjudi-

510 3990 594 4046 cia
623 3991 759 4061 ejus,
792 3991 886 4046 sed
909 3991 1163 4060 iniquitas
1185 4008 1290 4046 non
1311 4002 1394 4046 est
1415 3991 1552 4061 apud
1576 3990 1764 4046 Deum.

586 4081 748 4137 Vsus.
796 4081 1450 4152 55.—Percussimusque
1485 4099 1622 4136 eum.
1672 4083 1772 4149 Qui
1817 4092 1942 4138 sunt
1974 4085 2086 4140 veri

509 4173 786 4240 Israelita,
823 4189 929 4230 non
961 4188 1124 4229 carne
1162 4173 1352 4240 Judaei,
1384 4174 1479 4228 sed
1515 4172 1732 4242 spiritu,
1761 4175 2006 4230 habitant
2031 4177 2086 4230 in

510 4269 760 4327 omnibus
781 4266 1091 4324 civitatibus
1112 4267 1570 4333 Amorrhaaorum,
1587 4282 1709 4322 cum
1727 4268 1779 4321 iu
1792 4269 1938 4322 omni
1953 4270 2086 4325 orbe

509 4370 779 4416 terrarum
812 4359 1010 4416 Christi
1034 4360 1286 4415 Ecclesia:
1307 4372 1692 4430 propagentur,
1722 4370 1777 4416 et
1799 4363 2086 4432 unusquis-

507 4465 615 4523 que
651 4457 897 4507 nostrum
926 4450 1116 4507 civitas
1139 4449 1241 4504 fuit
1264 4452 1407 4522 regis
1421 4449 1603 4506 Sehon
1630 4464 1644 4506 :
1676 4453 1801 4523 quia
1829 4454 2086 4524 regnabat

506 4541 561 4595 iu
598 4539 756 4596 nobis
792 4540 1042 4608 stultitia,
1077 4542 1346 4610 superbia,
1385 4542 1654 4612 impietas,
1683 4551 1737 4596 et
1756 4545 1934 4597 omnia
1963 4559 2083 4614 quae

507 4632 752 4688 diabolus
779 4635 1032 4704 suggerit.
1085 4633 1191 4689 Sed
1220 4635 1310 4690 ubi
1347 4635 1518 4690 victus
1549 4643 1634 4690 est
1666 4634 1839 4700 fortis,
1875 4644 1931 4691 et
1953 4653 2080 4692 vasa

507 4722 622 4792 ejus
656 4723 886 4794 direpta,
923 4723 1048 4780 facti
1080 4740 1264 4781 sumus
1297 4726 1542 4782 civitates
1578 4727 1757 4792 Israel,
1797 4727 2081 4782 haereditas

506 4823 852 4882 sanctorum,
887 4817 1068 4872 excisa
1102 4818 1251 4887 prius
1287 4818 1480 4873 arbore
1520 4819 1883 4884 infructuosa,
1907 4829 1963 4874 et
1991 4820 2082 4874 de-

499 4906 645 4979 jecto
670 4907 811 4963 elato
836 4922 983 4980 rege,
1007 4915 1062 4962 et
1093 4917 1350 4977 regnante
1379 4909 1433 4963 in
1469 4908 1625 4963 nobis
1654 4919 1951 4975 mansueto,
1988 4912 2081 4980 qui

507 4999 638 5054 dicit
663 5016 678 5054 :
701 4997 898 5053 Discite
924 5016 958 5052 a
988 5016 1069 5054 me
1089 5040 1103 5064 ,
1138 5001 1262 5071 quia
1291 5000 1428 5054 mitis
1460 5017 1577 5054 sum
1600 5009 1648 5054 et
1668 4999 1879 5055 humilis
1903 5002 2077 5067 corde,

506 5103 612 5150 etc.
664 5093 878 5166 (Matth.
922 5093 1022 5165 xl).
1081 5093 1307 5149 Nomina
1350 5109 1563 5164 quoque
1595 5093 1834 5148 locorum
1881 5106 2080 5148 conve-

507 5183 664 5238 niunt
692 5201 704 5237 ε
732 5184 905 5239 Aroer
945 5198 1177 5253 namque
1211 5183 1496 5238 sublevans
1532 5183 1943 5253 interpretatur;
1978 5182 2082 5236 Ar-

508 5289 634 5338 non,
667 5289 890 5330 acervus
925 5275 1186 5339 tristitiae;
1231 5273 1455 5338 Galaad,
1497 5288 1720 5329 acervus
1765 5273 2077 5329 testimonii.

507 5364 590 5420 Ab
620 5363 791 5420 Aroer
813 5381 960 5436 ergo,
989 5382 1104 5437 qua:
1129 5374 1202 5419 est
1234 5379 1388 5434 super
1421 5364 1586 5434 ripam
1608 5365 1849 5419 torrentis
1873 5367 2077 5432 Arnen,

505 5465 611 5512 etc.
659 5455 794 5522 Quia
829 5457 1005 5511 omnis
1038 5470 1266 5525 persona
1301 5451 1583 5520 cujuslibet
1620 5456 1892 5526 dignitatis
1933 5455 2077 5511 fastu

509 5548 772 5616 superbia:
795 5546 877 5601 vel
902 5561 1096 5616 pompa
1123 5545 1400 5601 conﬁdens
1435 5545 1722 5610 mundana,
1748 5562 1869 5602 cum
1895 5563 2080 5617 perse-

508 5640 784 5695 cutoribus
821 5639 914 5708 qui
953 5638 1120 5692 variis
1157 5635 1590 5692 tribulationibus
1622 5637 1955 5693 Christianos
1983 5654 2078 5693 an-

507 5734 774 5805 gustiant;
821 5747 993 5803 usque
1037 5733 1108 5805 ad
1152 5731 1526 5787 haereticorum
1573 5732 1943 5798 conciliabula,
1985 5735 2078 5804 qui

511 5804 829 5884 testimoniis
877 5804 1276 5898 Scriptui'arum
1317 5823 1622 5893 depravatis
1663 5834 1851 5880 contra
1895 5825 2077 5881 Eccle-

2200 1988 2367 2062 linqui
2409 1993 2466 2048 in
2520 2007 2687 2064 regno
2735 1994 3114 2065 turpitudinis;
3156 1995 3353 2052 debent
3398 1998 3545 2052 enim
3610 2001 3782 2069 turpia

2201 2082 2457 2148 resecari,
2481 2091 2541 2136 ut
2572 2083 2798 2138 honesta
2820 2092 2876 2138 et
2901 2083 3151 2155 religiosa
3173 2087 3384 2154 possint
3417 2087 3705 2143 aediﬁcari.
3732 2089 3784 2144 In

2199 2184 2365 2240 regno
2393 2161 2572 2226 Sébon
2608 2171 2695 2226 vel
2729 2171 2886 2226 Moab
2933 2188 3041 2227 non
3094 2175 3198 2228 hoc
3239 2174 3574 2245 praecipitur.
3628 2175 3783 2233 Forte

2198 2259 2342 2313 enim
2371 2274 2438 2314 ex
2463 2259 2568 2315 illis
2609 2260 2811 2331 aliquid
2841 2262 2996 2318 nobis
3024 2278 3158 2333 opus
3203 2273 3323 2330 est,
3351 2281 3459 2336 quo
3496 2266 3778 2338 multiplex

2196 2351 2479 2422 praesentis
2512 2352 2636 2408 vitae
2675 2369 2802 2408 usus
2827 2365 2950 2424 eget
2975 2371 2988 2408 :
3011 2355 3250 2424 alioquin
3287 2355 3611 2413 deberemus
3639 2359 3782 2414 exire

2198 2443 2265 2498 de
2293 2444 2396 2498 hoc
2417 2445 2638 2500 mundo.
2671 2446 2746 2501 De
2768 2445 2943 2501 Basan
2969 2462 3122 2511 vero,
3146 2448 3197 2501 id
3217 2456 3301 2503 est
3327 2448 3392 2502 de
3421 2449 3780 2519 turpitudine,

2197 2531 2329 2586 nihil
2359 2533 2735 2604 relinquimus,
2767 2535 2894 2604 quia
2923 2536 3093 2591 nihilo
3127 2537 3446 2609 indigemus.
3479 2538 3778 2596 Honestum

2195 2622 2361 2678 etiam
2388 2638 2508 2680 esse
2535 2640 2640 2680 non
2668 2633 2862 2695 potest,
2888 2628 3031 2696 quod
3064 2636 3219 2698 turpe
3245 2639 3346 2684 est.

2268 2715 2434 2770 Vens.
2458 2715 2512 2770 4.
2537 2747 2605 2756 —-
2629 2715 2934 2788 Sexaginta.
2965 2717 3313 2788 Superiorem
3335 2736 3557 2778 sensum
3580 2725 3779 2780 conﬁr-

2195 2817 2327 2864 mat.
2363 2809 2759 2881 Sexagenarius
2782 2810 2978 2881 quippe
3023 2826 3307 2876 numerus,
3341 2815 3482 2869 sicut
3505 2818 3776 2882 senarius,

2191 2900 2582 2972 perfectionem
2608 2903 2891 2973 signiﬁcat.
2927 2894 3072 2958 Bene
3098 2913 3276 2959 autem
3307 2908 3590 2979 sexaginta
3616 2910 3778 2965 urbes

2194 3004 2458 3051 memorat
2492 3005 2732 3052 vastatas
2757 2998 2808 3051 in
2838 2998 3056 3068 regione
3100 2997 3181 3070 0g
3209 2999 3353 3069 regis
3375 2999 3587 3068 Basan,
3619 3003 3677 3056 id
3702 3014 3779 3057 est

2193 3087 2412 3154 diaboli,
2437 3089 2529 3159 qui
2560 3097 2643 3145 est
2668 3103 2764 3144 rex
2804 3089 3191 3159 turpitudinis;
3222 3090 3348 3159 quia
3381 3091 3628 3161 perfecte
3661 3108 3776 3148 om-

2192 3182 2342 3238 nium
2381 3182 2637 3238 vitiorum
2676 3180 3082 3237 delectationem
3109 3182 3495 3238 destruendam
3537 3199 3665 3240 esse
3711 3186 3777 3240 si-

2189 3273 2427 3344 gniﬁcat.
2466 3273 2646 3344 Argob
2693 3282 2885 3337 nime,
2920 3271 2972 3327 id
3001 3279 3084 3327 est
3109 3271 3398 3328 maledicta
3441 3273 3772 3339 sublimitas,

2191 3377 2462 3422 terrenam
2495 3365 2798 3436 superbiam
2834 3364 3132 3438 signiﬁcat,
3154 3382 3275 3436 quae
3315 3367 3372 3421 in
3411 3367 3538 3422 filiis
3567 3369 3667 3423 ira:
3695 3384 3775 3423 re-

2188 3465 2318 3527 gnat
2342 3475 2354 3510 :
2381 3457 2670 3512 destructis
2697 3457 2940 3522 urbibus,
2967 3457 3112 3512 viros
3135 3471 3200 3511 ac
3215 3457 3472 3514 mulieres
3498 3475 3565 3515 ac
3579 3476 3775 3530 parvu-

2189 3549 2270 3604 los
2293 3549 2422 3603 dicit
2451 3547 2784 3614 interfectos,
2805 3547 3045 3616 jumenta
3067 3556 3122 3602 et
3147 3547 3318 3618 spolia
3349 3548 3588 3619 direpta,
3622 3551 3768 3622 quia,

2187 3640 2484 3695 munitione
2509 3639 2705 3694 diaboli
2733 3647 3004 3708 superata,
3027 3638 3289 3708 quidquid
3313 3639 3366 3692 in
3390 3654 3559 3695 carne
3585 3650 3772 3695 nostra

2188 3730 2409 3797 rebelle,
2437 3728 2697 3800 quidquid
2735 3729 2995 3784 lascivum
3022 3731 3352 3786 senserimus
3378 3747 3501 3787 cum
3535 3732 3773 3801 parvulis

2187 3821 2626 3892 cogitationibus,
2641 3819 2757 3876 zelo
2770 3820 2963 3876 Dei'est
2977 3822 3361 3877 conterendum
3380 3839 3394 3887 ;
3411 3822 3674 3893 quidquid
3687 3807 3771 3878 sui

2189 3923 2294 3968 tem
2319 3913 2372 3967 in
2402 3911 2750 3982 simplicitate
2778 3911 2898 3982 puri
2926 3926 3134 3978 sensus,
3161 3911 3248 3967 vel
3285 3913 3654 3970 membrorum
3683 3931 3772 3970 or-

2187 4013 2334 4069 natu,
2358 4003 2578 4058 servitio
2595 4003 2690 4058 Dei
2711 4010 2896 4072 aptum
2921 4003 3274 4067 inveniemus,
3293 4018 3577 4061 reservare
3603 4006 3768 4062 debe-

2186 4110 2325 4150 mus.

2256 4182 2420 4238 Vens.
2455 4181 2976 4256 l2.—-Terramque.
3006 4182 3218 4254 (Cum,
3242 4183 3338 4240 lib.
3368 4200 3518 4241 xxvn
3545 4183 3766 4250 Hora!"

2183 4289 2303 4344 cap.
2332 4274 2444 4346 10.)
2473 4273 2610 4328 Sunt
2636 4274 2787 4329 multi
2813 4275 2865 4329 in
2894 4274 3150 4339 Ecclesia,
3176 4285 3306 4343 etc.,
3335 4294 3499 4346 usque
3527 4279 3598 4332 ad
3626 4293 3766 4331 vana

2184 4365 2391 4421 scilicet
2419 4365 2684 4420 desideria
2714 4374 2770 4421 et
2802 4366 3203 4423 irrationabiles
3230 4368 3396 4423 animi
3423 4377 3620 4424 motus.

2256 4457 2439 4512 Ruben
2460 4466 2510 4512 et
2541 4456 2678 4512 Gad.
2715 4456 2897 4529 (ΚΑΒ.)
2930 4458 3114 4513 Ruben
3147 4459 3541 4529 primogenitus
3574 4460 3761 4524 Jacob,

2187 4555 2315 4611 etc.,
2343 4563 2504 4617 usque
2528 4547 2596 4600 ad
2627 4547 2723 4601 sed
2749 4562 2870 4601 cum
2894 4547 3026 4616 ipsis
3047 4546 3361 4602 mulieribus
3381 4558 3435 4602 et
3465 4548 3762 4604 infantibus

2184 4638 2515 4692 contendunt
2544 4638 2776 4691 transire
2809 4646 2865 4692 et
2889 4637 2956 4691 ad
2980 4638 3210 4706 patriam
3236 4640 3538 4708 pervenire.

2256 4728 2418 4782 Vens.
2447 4727 2534 4782 ‘28.
2558 4758 2629 4768 —
2655 4725 2890 4798 Prtecipe
2939 4727 3122 4794 Iosue,
3151 4737 3256 4784 etc.
3308 4728 3502 4801 Magna
3539 4731 3758 4803 dispen-

2184 4819 2392 4874 satione
2437 4819 2532 4872 Dei
2569 4817 2773 4874 factum
2823 4827 2925 4882 est,
2971 4834 3039 4874 ne
3087 4818 3260 4874 Moses
3285 4860 3301 4886 ,
3345 4823 3436 4890 qui
3479 4831 3562 4876 est
3603 4832 3759 4893 typus

2180 4909 2334 4981 legis,
2368 4908 2735 4964 introduceret
2759 4909 3012 4978 populum
3035 4909 3090 4963 in
3119 4918 3321 4964 terram
3359 4913 3753 4994 promissionis,

2183 5002 2310 5071 quia
2336 5001 2419 5056 lex
2451 5001 2720 5056 neminem
2755 5001 2822 5055 ad
2851 5000 3150 5070 perfectum
3189 5000 3446 5067 adduxit;
3473 5001 3638 5060 Iosue
3662 5019 3756 5058 au-

2185 5100 2292 5146 tem
2325 5100 2482 5162 typus
2504 5091 2731 5156 Christi,
2769 5091 2861 5161 qui
2894 5091 3129 5146 salvator
3166 5091 3754 5164 interpretatur,(Chri-

2182 5188 2298 5236 stus
2342 5181 2488 5235 enim
2531 5180 2787 5250 populum
2829 5196 2984 5234 suum
3033 5180 3332 5253 salvavit),
3375 5186 3753 5239 convenienter

2182 5271 2288 5325 dux
2308 5279 2365 5326 et
2383 5271 2634 5341 princeps
2661 5271 2717 5326 in
2742 5279 2945 5326 terram
2967 5271 3340 5340 promissionis
3364 5274 3661 5330 introduxit

2789 5403 3017 5462 CAPUT
3068 5407 3158 5462 ιν.

2249 5545 2413 5603 Vsus.
2441 5546 2493 5599 1.
2518 5574 2587 5584 ---
2608 5544 2676 5598 Et
2700 5560 2857 5610 nunc,
2882 5543 3077 5611 Israel,
3101 5547 3227 5600 audi
3250 5556 3510 5618 pracepta
3538 5543 3746 5616 cliuli-

2177 5642 2280 5693 cia.
2337 5637 2460 5692 Non
2508 5638 2729 5692 adoletis.
2763 5635 2931 5692 Docet
2968 5653 3212 5694 normam
3240 5640 3532 5710 aequitatis,
3559 5647 3613 5693 et
3633 5650 3745 5692 om-

2180 5746 2302 5785 nem
2332 5729 2577 5784 haeresim
2603 5728 2854 5798 percutit.
2901 5729 3060 5783 Vetat
3097 5731 3240 5785 enim
3286 5740 3450 5784 recta!
3494 5727 3743 5785 doctrina:

2179 5823 2378 5892 aliquid
2410 5836 2588 5893 prava:
2613 5820 2927 5878 intentionis
2952 5820 3179 5886 addere,
3214 5821 3295 5876 vel
3323 5821 3526 5892 aliquid
3553 5819 3712 5874 verita
