4006 6352
187 463 296 523 457

1258 464 1522 524 GLOSSA
1558 462 1947 521 0RDINABIA.
1987 493 2058 506 —-
2094 465 2220 520 LIB.
2257 465 2463 523 DEUT.

3337 465 3445 520 458

185 577 261 634 tis
286 573 610 632 subtrahere
635 587 650 630 :
673 575 760 631 via
790 578 934 633 enim
965 576 1112 648 regia
1151 576 1504 632 incedendum
1528 583 1630 640 est,
1660 589 1766 629 non
1793 578 1841 636 Α
1868 573 2011 628 Deus
2063 584 2183 630 tuus
2224 593 2358 631 unus
2413 583 2486 630 est
2526 573 2703 644 (Deut.
2749 574 2858 646 vr);
2886 581 2947 629 ut
2976 574 3081 630 hoc
3108 574 3315 631 scilicet
3347 593 3446 632 au-

185 669 259 724 ad
305 668 589 724 dexteram
635 667 721 723 vel
768 668 837 723 ad
877 668 1185 734 sinistram;
1221 668 1403 724 unde:
1433 666 1572 734 Quia
1621 676 1773 720 recta:

184 761 286 817 uia:
311 759 548 824 Domini,
578 769 628 814 et
645 760 780 829 justi
799 760 1142 816 ambulabunt
1170 761 1224 816 in
1253 761 1326 815 eis
1350 758 1495 833 (Ose.
1521 759 1654 832 xlv).
1689 756 1791 812 Si-;

184 851 394 908 militer
422 851 498 905 ait
524 848 763 906 Joannes
790 869 803 906 :
833 852 896 907 Si
933 852 1050 923 quis
1086 851 1384 923 opposuerit
1410 851 1479 904 ad
1507 850 1649 916 haec,
1675 867 1771 921 ap—

181 953 341 1013 ponet
369 941 514 996 Deus
549 957 706 1012 super
739 941 891 996 illum
924 942 1107 1014 plagas
1145 944 1369 1012 scriptas
1391 942 1447 995 in
1474 941 1606 994 libro
1637 941 1770 1003 isto;

183 1037 231 1090 si
261 1035 383 1106 quis
419 1034 743 1100 diminuerit,
775 1033 976 1104 auferet
1014 1033 1157 1090 Deus
1177 1042 1378 1105 partem
1407 1032 1520 1102 ejus
1550 1032 1614 1086 de
1639 1031 1771 1086 libro

183 1125 307 1180 vitae
336 1123 525 1196 (Apoc.
555 1124 718 1196 xxn).

253 1212 420 1270 Vsus.
449 1214 594 1267 7.—
616 1212 729 1268 Nec
761 1222 838 1268 est
875 1213 1005 1280 alia,
1033 1221 1141 1270 etc.
1187 1211 1304 1268 Non
1341 1220 1428 1269 est
1468 1211 1573 1266 alia
1619 1210 1771 1266 natio

182 1314 296 1361 tam
331 1304 572 1376 grandis,
601 1304 881 1373 dignitate,
923 1304 1130 1360 scilicet
1171 1304 1460 1370 donorum,
1490 1318 1599 1358 non
1628 1302 1770 1358 mul-

184 1399 416 1454 titudine
449 1397 788 1469 populorum.
841 1397 951 1454 Nec
981 1399 1126 1454 enim
1164 1414 1296 1469 gens
1338 1395 1645 1452 Judmorum
1673 1411 1773 1450 nu-

181 1503 339 1544 mero
364 1489 613 1543 vincebat
636 1489 772 1544 alias
799 1498 987 1560 gentes
1021 1497 1114 1545 aut
1137 1489 1405 1560 potentia,
1428 1489 1524 1544 sed
1551 1496 1770 1558 patrum

181 1579 544 1650 praerogativa
571 1586 628 1634 et
651 1579 964 1650 dignatione
988 1580 1190 1635 divina.
1627 1654 1633 1658 η

253 1673 421 1728 Vsus.
447 1672 502 1727 9.
523 1701 595 1712 —
616 1670 748 1737 Quae
777 1672 1036 1727 uiderunt.
1068 1673 1227 1729 Visus
1263 1673 1406 1728 inter
1437 1687 1627 1728 omnes
1648 1687 1774 1728 sen-

180 1780 274 1821 sus
294 1764 506 1820 obtinet
524 1765 888 1836 principatum
907 1784 919 1820 :
948 1767 1067 1821 ideo
1081 1782 1180 1837 pro
1193 1767 1340 1822 omni
1358 1782 1516 1823 sensu
1532 1766 1768 1838 ponitur.

249 1858 418 1912 Vens.
453 1856 908 1929 I6.—Sculptam
933 1859 1351 1914 similitudinem.
1377 1860 1561 1931 (Auc.,
1580 1866 1768 1931 quiest.

1871 666 2044 731 dicns,
2074 681 2239 720 unum
2268 667 2435 723 Deum
2466 665 2682 720 Patrem
2707 666 2874 733 colas,
2919 681 3026 722 non
3063 667 3262 722 multos
3316 669 3447 724 deos

1873 756 2157 826 suscipias.
2188 759 2496 813 Secundum
2526 758 2756 828 pertinet
2780 758 2848 812 ad
2872 757 3092 824 Filium,
3125 759 3191 814 de
3219 775 3328 830 quo
3357 761 3448 815 hic

1871 845 2106 900 dicitur:
2144 845 2269 902 Non
2297 863 2532 901 assumes
2558 864 2744 902 nomen
2795 846 2888 902 Dei
2937 848 3014 902 tui
3048 865 3103 903 in
3141 863 3349 914 uanum,
3394 849 3450 904 id

1871 943 1974 1001 est,
2001 950 2106 990 non
2134 936 2368 991 aestimes
2393 944 2698 991 creaturam
2738 951 2858 992 esse
2878 935 2974 992 Dei
3000 936 3215 992 Filium.
3259 937 3449 993 Omnis

1869 1030 2016 1086 enim
2042 1040 2293 1086 creatura
2321 1029 2562 1099 subjecta
2589 1039 2674 1086 est
2696 1031 2947 1097 vanitati,
2981 1030 3074 1086 sed
3098 1031 3289 1087 credas
3324 1046 3448 1086 eum

1869 1123 2132 1195 aequalem
2158 1123 2332 1190 Patri,
2365 1124 2531 1179 Deum
2570 1124 2816 1191 deorum,
2843 1125 3012 1180 Deum
3059 1126 3201 1196 apud
3255 1127 3445 1188 Deum.

1868 1229 1969 1285 per
2005 1231 2165 1288 quem
2216 1214 2398 1270 omnia
2447 1214 2590 1270 facta
2619 1223 2763 1270 sunt.
2793 1214 3038 1270 Tertium
3064 1215 3132 1270 ad
3162 1214 3446 1286 Spiritum,

1871 1303 2024 1373 cujus
2071 1305 2212 1361 dono
2266 1305 2481 1374 requies
2511 1312 2709 1360 mterna
2737 1304 3071 1375 promittitur
3097 1322 3113 1360 :
3149 1306 3274 1376 quia
3300 1305 3448 1361 enim

1873 1395 2106 1466 Spiritus
2136 1405 2355 1452 sanctus
2375 1396 2572 1452 dicitur
2598 1395 2948 1466 septiformis,
2979 1398 3099 1452 ideo
3153 1399 3444 1470 septimum

1871 1487 2013 1542 diem
2043 1487 2397 1542 sanctiﬁcavit
2416 1485 2574 1542 Deus.
2610 1487 2669 1541 In
2689 1487 2808 1543 aliis
2837 1489 2981 1544 enim
3011 1489 3198 1545 diebus
3221 1506 3448 1560 operum

1873 1578 2230 1634 sanctiﬁcatio
2271 1593 2376 1634 non
2404 1579 2737 1645 nominatur,
2776 1580 2880 1636 nisi
2911 1581 2966 1635 in
2993 1581 3242 1648 sabbato,
3267 1583 3321 1637 in
3340 1599 3448 1654 quo

1872 1672 2136 1742 requievit
2157 1672 2317 1727 Deus.
2351 1672 2517 1728 Recte
2540 1689 2670 1746 ergo
2712 1674 2818 1729 hoc
2856 1677 3169 1731 mandatum
3213 1679 3452 1748 pertinet

1875 1765 1941 1819 ad
1964 1765 2220 1836 Spiritum
2255 1784 2268 1820 :
2303 1773 2414 1820 tum
2453 1775 2678 1837 pr0pter
2730 1769 3172 1825 sanctiﬁcationis
3221 1788 3446 1839 nomen;

1875 1864 1987 1909 tum
2037 1865 2256 1926 propter
2313 1866 2568 1912 aeternam
2613 1859 2878 1928 requiem,
2911 1861 2980 1915 ad
3025 1861 3222 1916 donum
3276 1866 3449 1919 sancti

178 1951 211 2004 4
242 1951 299 2004 in
319 1949 504 2020 Deut.)
530 1950 782 2006 Forsitan
811 1951 895 2007 his
922 1951 1132 2008 duobus
1155 1930 1430 2008 vocabulis
1459 1930 1622 2007 unam
1646 1966 1761 2006 rem
1793 1930 1840 1990 Β
1871 1944 2104 2015 Spiritus
2127 1947 2508 2017 pertinentem.
2545 1946 2753 2004 Dicitur
2778 1951 2924 2005 enim
2951 1951 3030 2007 sic
3057 1969 3069 2004 :
3105 1951 3367 2008 Memento
3391 1966 3448 2008 ut

177 2039 523 2110 signiﬁcavit,
547 2049 681 2108 etc.,
709 2059 871 2114 usque
895 2045 964 2098 ad
991 2046 1133 2114 quod
1157 2045 1222 2099 de
1253 2045 1562 2101 hominibus
1590 2045 1762 2100 usita-

180 2139 293 2185 ιυιιι
323 2139 426 2186 85L

247 2220 413 2276 Vens.
443 2220 529 2276 18.
551 2252 623 2263 -
646 2221 752 2289 Qui
778 2223 895 2278 sub.
928 2222 1109 2296 (Auc.,
1135 2234 1317 2296 quaest.
1345 2224 1424 2297 5.)
1451 2225 1533 2280 An
1565 2240 1760 2298 aquam

177 2323 382 2371 terram
420 2317 644 2390 intelligi
691 2319 877 2383 voluit,
912 2329 1045 2388 etc.,
1087 2338 1252 2393 usque
1297 2323 1368 2377 ad
1410 2331 1466 2379 et
1507 2325 1761 2382 animalia

177 2416 394 2464 terrena
416 2409 619 2465 habere
647 2427 753 2468 non
779 2420 980 2482 posset.

245 2500 414 2556 Vsus.
454 2502 537 2558 I9.
560 2533 632 2543 --
667 2501 798 2570 Qua:
828 2505 1038 2560 creavit.
1082 2504 1274 2577 (Auc.,
1300 2516 1484 2579 quiest.
1519 2507 1612 2580 6.)
1644 2510 1758 2567 Non

173 2595 248 2648 ita
276 2593 480 2648 dictum
522 2604 626 2660 est,
667 2604 794 2662 etc.,
827 2612 989 2668 usque
1018 2597 1087 2650 ad
1114 2596 1208 2652 sed
1237 2613 1343 2653 non
1370 2598 1575 2656 cultum
1599 2617 1760 2673 quem

175 2688 389 2743 habent.
407 2687 525 2743 alite
553 2697 764 2759 gentes.

245 2779 412 2833 Vsus.
442 2779 533 2834 25.
555 2810 627 2820 -
647 2779 917 2853 Sculptam
955 2782 1370 2838 similitudinem.
1402 2784 1582 2856 (Aue.,
1606 2803 1658 2859 q.
1683 2785 1760 2856 7.)

171 2872 270 2928 Ilic
300 2873 631 2944 generaliter
678 2872 908 2944 loquens
950 2874 1362 2930 similitudinem
1403 2877 1602 2946 posuit,
1637 2878 1764 2932 ima-

167 2966 352 3035 ginem
381 2965 571 3030 tacuit,
596 2965 726 3035 quia
751 2964 796 3019 si
821 2965 892 3020 sit
913 2965 1061 3020 nulla
1083 2965 1404 3032 similitudo,
1433 2982 1533 3023 nec
1558 2967 1757 3038 imago.

239 3056 408 3113 Vens.
433 3055 524 3112 26.
544 3087 618 3098 —
640 3056 817 3111 Testes
843 3057 1025 3110 invoco
1051 3057 1205 3111 hodie
1228 3057 1434 3123 calum,
1461 3067 1563 3114 etc.
1597 3066 1764 3118 Μετο-

166 3156 396 3224 νυμικῶς
424 3164 524 3220 per
552 3149 608 3204 id
639 3149 784 3220 quod
821 3149 1067 3204 continet
1091 3148 1146 3203 id
1177 3150 1320 3219 quod
1353 3149 1663 3206 continetur
1691 3152 1764 3207 si-

164 3240 414 3314 gniﬁcat.

237 3335 410 3390 Vens.
433 3333 520 3388 50.
537 3363 606 3373 —
621 3330 918 3387 Nouissimo
941 3342 1132 3386 autem.
1153 3330 1764 3392 Conversionem'lsrae-

163 3427 231 3482 lis
262 3426 337 3481 ad
364 3426 524 3481 ﬁdem
551 3423 754 3481 Christi
801 3423 1150 3496 praenuntiat,
1180 3431 1238 3478 ut
1265 3432 1550 3495 postquam
1590 3428 1763 3497 pleni-

163 3519 302 3574 tudo
330 3517 570 3590 gentium
594 3515 902 3582 intraverit,
931 3515 1108 3571 omnis
1133 3513 1301 3570 Israel
1329 3514 1510 3571 salvus
1538 3516 1651 3572 ﬁat.

237 3610 410 3665 Vens.
441 3608 530 3663 52.
556 3638 627 3648 --
647 3607 694 3661 Α
713 3623 916 3662 summo
951 3605 1099 3662 coslo.
1128 3605 1312 3679 (Auc.,
1337 3615 1523 3676 qutest.
1553 3607 1632 3682 8.)
1654 3609 1763 3665 Cur

160 3720 274 3761 non
303 3701 509 3758 dixerit
535 3700 786 3756 similiter
816 3716 847 3755 a
882 3715 1096 3756 summo
1125 3708 1305 3764 terrae,
1338 3706 1472 3764 etc.,
1500 3715 1662 3771 usque
1691 3702 1760 3756 ad

160 3811 291 3852 cum
322 3794 429 3850 hoc
461 3795 527 3849 de
561 3791 855 3849 novissima
898 3791 1195 3847 electorum
1235 3791 1652 3862 congregatione
1679 3792 1763 3848 di-

161 3897 354 3944 eam"
809 3951 1038 4010 CAPUT
1059 3953 1126 4010 v.

235 4075 410 4130 Vens.
443 4069 766 4136 I.—Autli,
812 4068 1004 4136 Israel,
1049 4077 1153 4125 etc.
1205 4068 1396 4143 (Auc.,
1427 4079 1610 4142 qutest.
1643 4071 1677 4128 9
1704 4055 1760 4127 in

160 4165 356 4236 Deut.)
384 4165 468 4218 Au
499 4163 619 4218 ideo
647 4162 853 4218 dictum
883 4170 988 4226 est,
1021 4169 1153 4228 etc.,
1182 4178 1345 4233 usque
1370 4162 1440 4216 ad
1470 4170 1524 4218 et
1547 4163 1756 4231 videre,

159 4265 216 4312 et
249 4255 470 4320 audire,
497 4261 554 4308 et
579 4251 839 4308 memoria
868 4251 1138 4307 retinere?

235 4345 410 4401 Vsus.
448 4343 505 4398 4.
529 4373 601 4383 —
624 4341 788 4397 Facie
838 4342 908 4396 ad
935 4342 1146 4412 faciem,
1185 4349 1292 4398 etc.
1353 4343 1536 4417 (Auc.)
1588 4344 1756 4403 Paulo

157 4449 294 4498 ante
336 4438 630 4493 admouere
655 4435 883 4501 curavit,
914 4443 1044 4501 etc.,
1074 4451 1238 4507 usque
1261 4435 1331 4490 ad
1376 4437 1625 4508 quamvis
1653 4437 1755 4494 ali-

157 4532 256 4606 qui
279 4532 391 4586 hoc
418 4527 777 4599 speraverint.

1866 2039 2003 2092 diem
2031 2039 2233 2099 sabbati
2255 2040 2546 2108 sanctifices
2578 2056 2598 2094 :
2627 2057 2719 2095 sea:
2743 2042 2923 2096 diebus
2972 2045 3290 2114 operaberis,
3333 2056 3442 2101 etc.

1863 2129 1920 2184 In
1947 2145 2107 2199 opere
2128 2145 2224 2185 sex
2249 2129 2482 2196 dierum,
2505 2132 2870 2198 etc.,vidctur
2897 2149 2990 2189 sex
3020 2135 3246 2190 millium
3277 2152 3448 2192 anno-

1836 2232 1984 2276 rum
2040 2222 2282 2293 operatio
2339 2224 2562 2295 signari,
2615 2225 2670 2278 in
2723 2226 2951 2295 septimo
2986 2235 3196 2297 tempus
3233 2236 3451 2284 aeternae

1863 2315 2084 2386 quietis,
2109 2315 2160 2370 in
2193 2331 2300 2386 quo
2328 2327 2447 2386 post
2477 2317 2618 2372 bona
2649 2333 2811 2388 opera
2859 2319 3017 2388 quies
3061 2329 3263 2375 aeterna
3318 2337 3447 2391 pro-

1863 2407 2116 2463 mittitur.
2147 2407 2416 2478 Quidquid
2444 2423 2576 2480 ergo
2603 2409 2833 2480 agimus,
2861 2411 2907 2464 si
2949 2419 3171 2483 propter
3208 2411 3446 2467 futuram

1866 2501 2110 2570 requiem
2145 2499 2400 2568 facimus,
2434 2503 2716 2558 sabbatum
2747 2502 3118 2560 observamus.

1935 2591 2098 2646 Vens.
2127 2591 2212 2646 I6.
2248 2622 2317 2632 ——
2335 2590 2558 2647 Honora
2570 2601 2770 2664 patrem
2793 2602 2941 2647 tuum
2969 2605 3015 2649 ct
3039 2603 3277 2661 matrem,
3312 2597 3449 2650 sicut

1864 2683 2110 2752 ρτωοερὶε
2126 2683 2239 2736 tibi.
2256 2682 2498 2738 Posttria
2509 2691 2778 2754 praecepta
2793 2684 3091 2740 succedunt
3102 2694 3308 2756 septem
3328 2702 3449 2757 quae

1866 2774 1932 2829 ad
1945 2773 2249 2843 proximum
2275 2775 2567 2846 pertinent.
2597 2776 2743 2831 Inter
2762 2785 2968 2847 septem
2995 2779 3250 2847 primum,
3267 2780 3361 2836 scd
3391 2781 3446 2836 in

1863 2866 2052 2921 ordine
2065 2866 2303 2922 omnium
2320 2875 2568 2938 quartum
2581 2876 2664 2924 est
2679 2883 2692 2922 :
2711 2867 2929 2924 Honora
2941 2880 3141 2941 patrem
3154 2882 3324 2940 tuum,
3337 2883 3444 2930 etc.

1863 2958 1909 3011 A
1947 2958 2266 3028 parentibus
2292 2961 2436 3016 enim
2459 2961 2622 3016 homo
2643 2962 2829 3018 oculos
2851 2963 3046 3033 aperit,
3091 2974 3146 3020 et
3198 2966 3309 3022 vita
3331 2968 3449 3022 haec

1866 3052 1933 3106 ab
1973 3049 2161 3108 eoruin
2210 3052 2500 3109 dilectione
2545 3055 2829 3111 exordium
2870 3058 3035 3112 sumit
3077 3075 3092 3114 :
3141 3059 3282 3114 unde
3343 3060 3447 3116 hoc

1864 3142 2198 3208 mandatum,
2228 3145 2524 3199 maximum
2561 3152 2617 3198 et
2643 3145 2880 3215 primum
2935 3147 3133 3202 dicitur
3184 3150 3238 3204 in
3275 3151 3445 3207 altera

1867 3233 2074 3289 scilicet
2096 3233 2294 3290 tabula.
2330 3232 2592 3290 Jubemur
2617 3249 2749 3306 ergo
2777 3245 3033 3306 parentes
3065 3239 3359 3308 honorare,
3391 3252 3446 3296 et

1863 3325 2097 3382 oﬁicium
2147 3328 2364 3398 pietatis
2414 3337 2470 3382 et
2521 3337 2878 3386 reverentiam
2925 3331 3004 3385 eis
3028 3331 3318 3399 exhibere;
3351 3337 3444 3404 qui

1863 3425 2010 3480 enim
2060 3425 2162 3480 hoc
2223 3425 2540 3494 parentibus
2587 3438 2696 3478 non
2749 3422 2899 3489 facit,
2955 3426 3227 3494 quomodo
3282 3425 3445 3482 faciet

1863 3517 2016 3572 aliis?
2052 3517 2305 3584 Quintum
2331 3535 2343 3570 :
2365 3515 2490 3570 Non
2516 3515 2868 3570 moechaberis.
2897 3515 2952 3571 Id
2976 3526 3060 3572 est
3090 3530 3288 3589 praeter
3309 3520 3442 3592 legi-

1863 3608 2052 3662 timam
2075 3622 2299 3662 uxorem
2320 3606 2452 3661 nulli
2479 3605 2816 3662 misceberis.
2841 3606 3067 3663 Sextum
3095 3625 3107 3662 :
3143 3607 3264 3663 Non
3306 3613 3441 3666 occi-

1863 3703 1973 3758 des.
1997 3701 2208 3759 OcCidit
2239 3703 2404 3757 etiam
2442 3703 2533 3773 qui
2561 3701 2704 3758 fame
2750 3702 2833 3757 vel
2856 3702 3098 3758 nuditate
3131 3705 3439 3774 proximum

1862 3795 2002 3851 mori
2028 3795 2195 3861 videt,
2234 3810 2337 3850 nec
2377 3795 2630 3850 subvenit
2657 3795 2713 3850 in
2741 3804 3000 3867 quantum
3031 3803 3229 3867 potest.
3265 3796 3443 3869 Septi-

1859 3903 2010 3944 mum
2042 3906 2055 3941 :
2093 3886 2218 3942 Non
2246 3888 2448 3958 furtum
2471 3887 2652 3958 facies.
2691 3887 2752 3944 In
2779 3903 2887 3959 quo
2931 3903 3148 3945 omnem
3196 3890 3443 3960 rapinam

1857 3981 2127 4055 prohibet.
2177 3979 2443 4037 Octavum
2473 3999 2485 4034 :
2513 3979 2636 4036 Non
2663 3981 2856 4051 falsum
2899 3983 3251 4037 testimonium
3277 3984 3438 4040 dices.

1858 4074 2075 4130 Crimen
2103 4072 2372 4129 mendacii
2399 4080 2453 4128 et
2477 4071 2726 4127 falsitatis
2778 4071 3142 4129 abominatur.
3184 4074 3395 4130 Nonum
3423 4094 3438 4130 :

1861 4166 1985 4224 Non
2013 4168 2340 4238 concupisces
2371 4182 2588 4222 uxorem
2610 4183 2833 4237 proxim:
2857 4168 2953 4221 tui.
3001 4166 3060 4221 In
3111 4183 3218 4236 quo
3272 4169 3435 4224 etiam

1859 4260 2215 4318 adulterinum
2290 4259 2674 4332 cogitationem
2738 4259 3031 4314 interdicit.
3100 4259 3374 4314 Decimum
3424 4279 3437 4314 :

1859 4351 1985 4407 Non
2036 4351 2364 4420 concupisces
2409 4365 2516 4404 rem
2568 4349 2795 4420 proximi
2843 4349 2941 4402 tui.
3014 4348 3070 4402 In
3113 4364 3220 4418 quo
3269 4351 3442 4404 ambi-

1858 4443 2064 4500 tionem
2089 4451 2145 4498 ct
2175 4440 2668 4512 concupiscentiam
2735 4438 2987 4508 percutit.
3021 4436 3263 4493 Primum
3310 4455 3442 4512 ergo

1857 4538 2103 4609 prohibet
2118 4535 2552 4606 subreptionem;
2577 4533 2890 4599 secundum,
2914 4547 3186 4600 errorem;
3221 4536 3438 4592 tertium

234 4621 412 4677 Vens.
431 4617 714 4674 5.-—-Inter
735 4634 823 4672 uos
843 4627 892 4672 et
922 4616 1109 4672 Deum.
1125 4615 1252 4690 (11).,
1277 4629 1461 4690 quast.
1487 4619 1600 4694 I0.)
1615 4620 1755 4678 Tan-

1867 4629 2043 4688 saeculi
2065 4627 2304 4684 amorem
2322 4643 2336 4692 ;
2357 4634 2632 4696 quartum,
2659 4623 2988 4694 impietatem
3008 4640 3022 4690 ;
3041 4626 3308 4695 quintum,
3326 4626 3436 4684 for-

153 4729 335 4787 quam
363 4711 624 4767 Dominus
644 4717 788 4764 esset
809 4707 864 4764 in
902 4707 1041 4775 loco,
1086 4720 1216 4775 etc.,
1245 4726 1408 4782 usque
1435 4711 1506 4765 ad
1518 4712 1747 4770 audiens

157 4809 231 4867 de
261 4805 450 4864 medio
475 4803 615 4876 ignis
639 4817 824 4858 vocem
866 4801 961 4857 Dei
1011 4801 1240 4860 dicentis
1261 4803 1572 4876 decalogum
1594 4805 1750 4875 legis.

231 4922 407 4979 Vens.
432 4920 487 4976 9.
529 4947 600 4957 —
624 4915 866 4970 Reddens
899 4914 1246 4984 iniquitatem,
1276 4923 1382 4972 etc.
1416 4916 1589 4988 (Ism.)
1616 4918 1756 4972 Sunt

153 5017 254 5090 qui
292 5017 372 5070 ita
400 5011 720 5074 edisseram,
751 5016 857 5063 etc.
881 5047 896 5072 ,
928 5023 1090 5079 usque
1113 5007 1182 5061 ad
1203 5008 1299 5063 sed
1320 5010 1639 5064 sententiam
1662 5011 1754 5066 diu

195 5107 408 5164 iﬂ'erat.

195 5109 408 5164 iﬂerat.
891 5136 895 5140 μ

153 5109 192 5168 d
232 5197 340 5253 His
387 5193 480 5266 qui
513 5192 735 5247 oderunt
779 5205 884 5256 me,
931 5199 978 5243 et
1003 5189 1201 5258 faciens
1234 5189 1648 5244 misericordiam
1700 5194 1756 5246 in

155 5291 337 5348 multa
377 5285 547 5343 millia
573 5282 910 5354 diligentibus
931 5298 1033 5350 me,
1057 5289 1164 5338 etc.
1181 5282 1277 5338 His
1289 5282 1517 5349 scilicet,
1534 5284 1625 5354 qui
1642 5283 1755 5338 hac-

153 5383 431 5444 reditaria
456 5378 731 5451 impietate
751 5375 1036 5431 Dominum
1055 5376 1305 5432 oderunt.
1330 5376 1650 5431 Pervcrsum
1673 5385 1758 5433 est

153 5476 316 5532 enim
363 5476 583 5542 peccata
611 5474 826 5536 patrum
862 5463 988 5520 ﬁliis
1032 5481 1138 5520 non
1193 5465 1542 5536 peccantibus
1583 5468 1755 5536 impu-

155 5567 294 5630 tari,
331 5579 454 5617 cum
484 5575 582 5630 per
595 5555 934 5612 Ezechielcm
960 5555 1163 5611 dictum
1187 5556 1259 5610 sit
1290 5573 1302 5609 :
1331 5554 1505 5610 Filius
1520 5573 1621 5611 non
1635 5573 1756 5627 por—

152 5661 297 5715 tabit
325 5656 675 5727 iniquitatem,
698 5660 806 5709 etc.
836 5651 1057 5722 (Ezecb.
1081 5648 1258 5719 xvm).

235 5748 408 5804 Vsus.
443 5746 769 5801 II.—Non
815 5743 1093 5813 usurpabis
1163 5757 1348 5797 nomen
1403 5741 1616 5797 Domini
1667 5741 1760 5797 Dei

157 5849 397 5917 frustra,
431 5851 536 5899 etc.
568 5843 813 5898 Primum
841 5839 1160 5895 mandatum
1185 5835 1249 5890 ad
1280 5837 1496 5891 Patrem
1523 5837 1762 5908 pertinet

155 5939 316 6008 quod
355 5938 552 5993 dicitur
581 5938 632 5990 in
673 5933 1023 6004 sequentibus
1056 5948 1068 5985 :
1101 5928 1260 5992 Audi,
1281 5927 1467 5994 Israel,
1503 5929 1756 5984 Dominus

457 6032 730 6090 ΡΑτιιοι..
777 6026 975 6091 CXIII

1858 4723 2183 4782 nicationem
2203 4737 2216 4786 ;
2240 4727 2474 4782 sextum,
2502 4716 2908 4782 crudelitatem;
2933 4718 3248 4788 septimum,
3278 4735 3434 4790 rapa-

1859 4822 2110 4884 citatem;
2136 4823 2410 4878 octavum,
2443 4811 2760 4876 falsitatem;
2791 4825 3013 4878 nouum,
3055 4811 3435 4882 cogitationem

1859 4907 2142 4974 adulterii;
2182 4905 2471 4966 decimum,
2503 4901 2848 4971 cupiditatem
2888 4903 3092 4957 mundi.
3143 4901 3211 4956 Et
3243 4909 3438 4958 notan-

1861 5005 2008 5068 dum,
2046 4999 2189 5071 quod
2219 4996 2382 5063 sicut,
2400 4995 2584 5050 decem
2625 4993 2796 5064 plagis
2847 4994 3222 5062 percutiuntur
3264 4993 3434 5066 Egy»

1860 5095 1978 5166 ptii,
2006 5093 2084 5149 sic
2121 5092 2304 5146 decem
2362 5086 2646 5158 praeceptis
2693 5085 2899 5155 regitur
2943 5084 3172 5155 populus
3214 5084 3334 5150 Dei,
3381 5093 3436 5140 et

1859 5189 2132 5242 daemones
2154 5182 2493 5239 occiduntur.

1929 5277 2089 5333 Vens.
2117 5274 2363 5331 22.—Iu
2387 5273 2592 5327 duabus
2639 5270 2830 5326 tabulis
2881 5268 3101 5342 lapideis
3153 5285 3282 5339 quas
3323 5279 3435 5324 tra-

1857 5372 1991 5426 didit
2013 5369 2157 5424 milti.
2177 5366 2349 5439 (Ism.)
2365 5366 2479 5422 Duo
2493 5365 2861 5430 Testamenta,
2879 5369 3010 5425 etc.,
3029 5376 3191 5428 usque
3215 5360 3284 5413 ad
3312 5376 3433 5415 sen-

1859 5462 2014 5519 sibile
2039 5460 2248 5517 scilicet
2275 5468 2332 5514 ct
2351 5455 2710 5527 iutelligibile.

1931 5555 2093 5610 Vsus.
2124 5553 2212 5608 29.
2247 5582 2314 5591 -
2347 5549 2478 5616 Quis
2524 5549 2607 5603 det
2638 5546 2793 5601 talem
2831 5561 2918 5600 eos
2940 5544 3128 5599 habere
3177 5543 3438 5598 mentem?

1859 5648 1986 5704 V'ult
2013 5649 2153 5702 Deus
2185 5643 2408 5715 intelligi
2436 5642 2608 5713 gratia
2665 5655 2760 5694 sua
2799 5639 2901 5692 hoc
2935 5635 3258 5692 beneﬁcium
3304 5650 3436 5689 cou-

1857 5739 1998 5804 cedi,
2029 5745 2090 5792 ut
2118 5739 2171 5792 in
2199 5735 2450 5792 omnibus
2506 5733 2577 5786 sit
2613 5729 2824 5799 iustitia
2872 5727 2966 5782 Dei
3018 5742 3084 5780 ex
3139 5726 3264 5793 ﬁde,
3325 5741 3430 5778 mm

1857 5831 2008 5901 quasi
2037 5827 2255 5900 propria
2282 5840 2349 5880 ex
2377 5824 2514 5894 lege,
2543 5821 2684 5875 unde
2716 5837 2728 5872 :
2764 5818 3014 5888 Λαίαν-(ιω
3043 5817 3116 5870 eis
3161 5833 3250 5869 cor
3298 5816 3437 5886 lupi-

1857 5925 2031 5988 deum,
2059 5931 2104 5976 et
2133 5919 2269 5973 dabo
2305 5934 2394 5971 cor
2434 5930 2680 5969 eumeum
2732 5911 2944 5982 (Ezecli.
2992 5908 3198 5979 mm),
3238 5907 3287 5962 id
3329 5923 3434 5977 est,

2920 6004 2993 6064 15
