4006 6352
556 401 667 460 459
1053 393 1449 454 WALAFRIDI
1488 390 1739 452 suum
1770 390 1979 450 rum.
2019 386 2185 451 non.
2224 341 2381 447 ora:
2418 386 2607 446 rans
2642 386 2688 444 ι.
2727 415 2800 428 -
2837 368 3303 442 THEOLOGICA.
3686 438 3691 441 _
3732 381 3842 443 suo

553 527 854 587 sensatum,
897 529 1028 573 caro
1063 513 1210 570 enim
1248 527 1464 569 sensum
1485 510 1668 578 habet,
1698 508 1835 579 lapis
1854 516 1990 563 ‘vero
2030 521 2143 563 non
2166 507 2222 568 Α
2241 504 2515 562 bustiores
2540 503 2669 571 sint,
2695 503 2754 559 in
2785 502 3085 559 tentatione
3112 501 3421 559 sentimus:
3454 501 3660 558 huius
3692 502 3847 561 enim

556 612 754 677 habet;
796 616 851 666 et
903 606 1034 664 alibi
1063 624 1077 660 :
1106 603 1334 660 Idoneos
1387 619 1481 657 nos
1525 601 1647 671 fecit
1680 600 1951 655 ministros
2006 595 2148 652 Novi
2247 599 2442 655 militat
2458 598 2512 653 in
2542 596 2801 653 membris
2836 594 3041 651 nostris
3063 593 3362 651 carnalium
3388 593 3689 650 delectatio
3716 609 3847 665 pas.-

558 701 896 765 Testamenti,
924 714 1027 754 non
1052 697 1231 751 littera
1250 694 1343 749 sed
1358 693 1567 765 spiritu.

1169 783 1396 840 CA‘PUT
1428 781 1517 837 Vl.

627 883 793 939 Vsus.
823 879 878 935 5.
909 906 979 923 —-
998 875 1199 948 Diliges
1230 874 1533 929 Dominum.
1564 873 1757 945 (Δηὼ,
1782 869 1879 927 lib.
1910 884 1928 924 ι
1953 869 2018 925 de
2035 867 2146 923 Do-

558 972 729 1026 ctrina
751 967 1076 1029 Cltristt'ana,
1108 981 1157 1021 c.
1197 964 1286 1029 26,
1315 963 1405 1027 27,
1437 962 1573 1034 28.)
1604 961 1854 1018 Charitas
1901 974 2011 1015 non
2051 973 2148 1015 an-

557 1063 786 1128 feretur,
814 1069 945 1127 etc.,
974 1074 1137 1129 usque
1164 1056 1234 1110 ad
1257 1055 1351 1127 qui
1378 1071 1477 1127 pro
1506 1054 1748 1110 locorum
1772 1061 1830 1109 et
1845 1060 2147 1125 temporum

557 1153 644 1210 vel
686 1150 1053 1224 quarumlibet
1098 1162 1281 1203 rerum
1333 1145 1737 1217 opportunitate
1775 1142 1948 1215 magis
1993 1139 2148 1196 nobis

558 1245 835 1319 conjuncti
861 1251 1010 1300 sunt.

614 1336 841 1408 '(Gnsu.,
873 1333 966 1389 lib.
1006 1347 1081 1387 vn
1130 1329 1351 1395 Morat.,
1400 1343 1520 1401 cap.
1572 1326 1685 1397 10.)
1724 1324 1927 1396 Diliges
1958 1322 2148 1379 Domi-

555 1446 681 1486 num
702 1429 874 1484 Deum
926 1436 1098 1492 tuum,
1156 1432 1264 1480 etc.
1317 1421 1420 1477 Per
1465 1435 1707 1476 amorem
1758 1417 1855 1475 Dei
1906 1415 2147 1488 gignitur

554 1537 710 1578 amor
754 1514 1012 1593 proximi,
1070 1523 1200 1581 etc.,
1250 1530 1411 1586 usque
1460 1511 1530 1567 ad
1562 1511 1618 1567 in
1662 1509 1821 1566 bonis
1846 1506 1994 1565 enim
2037 1520 2147 1561 non

557 1614 870 1690 agnoscitur
894 1611 1126 1677 amicus,
1157 1608 1288 1664 etin
1325 1606 1483 1662 malis
1513 1619 1622 1661 non
1659 1600 2011 1660 absconditur
2048 1598 2150 1653 ini-

557 1720 754 1761 Inicus.

2244 690 2477 751 sionum,
2510 703 2674 759 quam
2703 686 2878 745 studia
2899 686 3185 751 virtutum,
3242 701 3365 756 qua:
3398 700 3609 740 summa
3656 688 3846 743 cordis

2244 790 2299 838 et
2340 781 2586 854 corporis
2636 779 2964 837 contritione
3012 781 3389 850 acquiruntur.
3448 779 3663 836 Harum
3706 796 3847 852 gen-

2247 875 2380 931 tium
2410 874 2660 946 regiones
2683 872 3045 944 possidemus,
3077 887 3200 928 cum
3226 871 3446 927 lsraelis
3470 874 3761 940 exercitu,
3791 875 3845 931 id

2247 974 2332 1023 est
2349 965 2640 1037 virtutibus
2685 965 2817 1020 vitia
2856 979 3194 1037 superamus.
3236 964 3308 1021 Ut
3340 964 3396 1019 in
3424 966 3593 1022 corde
3646 977 3847 1024 nostri

2246 1036 2423 1112 locum
2464 1055 2839 1113 fornicationis
2867 1054 3093 1111 castitas
3143 1055 3417 1122 obtineat;
3454 1054 3639 1111 locum
3686 1057 3845 1113 fun-

2244 1148 2340 1213 ris,
2362 1147 2654 1217 patientia;
2689 1147 2869 1205 locum
2894 1146 3152 1214 tristitiae,
3176 1146 3435 1205 salutaris
3459 1146 3695 1214 laetitia;
3723 1162 3849 1206 ace-

2246 1238 2348 1297 diae
2368 1238 2546 1294 locum
2568 1237 2772 1295 incolat
2794 1237 3081 1302 fortitudo;
3110 1236 3291 1293 locum
3320 1238 3615 1308 superbiat,
3660 1239 3847 1296 Immi-

2247 1330 2390 1396 litas,
2424 1331 2507 1387 sic
2528 1330 2752 1401 singulis
2782 1330 2927 1389 vitiis
2950 1330 3192 1401 expulsis
3229 1309 3351 1387 loco
3388 1347 3583 1387 eorum
3602 1340 3847 1404 regnent

2246 1421 2343 1477 ﬁlii
2367 1422 2554 1488 Israel,
2583 1422 2635 1477 id
2671 1433 2778 1487 est,
2798 1422 2996 1477 anima:
3022 1422 3192 1479 Deum
3216 1424 3486 1480 videntes.
3514 1423 3665 1481 Cum
3710 1440 3845 1485 vero

2245 1515 2477 1571 Abraba)
2505 1514 2571 1570 de
2591 1513 2786 1570 futuris
2811 1513 3126 1585 loqueretur
3145 1516 3305 1581 Deus,
3340 1530 3448 1572 non
3484 1525 3706 1589 septem
3756 1520 3846 1576 sed

2244 1608 2433 1663 decem
2461 1616 2650 1677 gentes
2684 1621 3000 1663 numerasse
3030 1607 3243 1678 legitur,
3271 1624 3505 1679 quorum
3554 1618 3712 1664 terra
3762 1626 3845 1665 se-

2247 1698 2382 1753 mini
2408 1699 2525 1770 ejus
2569 1698 2929 1769 promittitur,
2980 1698 3205 1767 abjectis
3255 1699 3467 1757 scilicet
3516 1701 3847 1758 idololatriis

626 1795 669 1849 Τ
674 1761 883 1866 riplicis
918 1801 1129 1849 natura:
1154 1799 1238 1847 est
1257 1788 1438 1845 anima
1467 1804 1480 1840 :
1511 1787 1634 1843 ideo
1672 1786 1894 1857 iubetur
1920 1782 2146 1856 diligere
2171 1862 2214 1866 _
2250 1761 2514 1861 gentiu'm,
2537 1761 2875 1860 biasphemia
2914 1761 3256 1858 'Judéorum,
3306 1806 3497 1849 errore
3548 1795 3845 1851 ἣξει-αἶα).

556 1862 861 1958 tripliciter.
892 1882 1009 1939 Non
1041 1882 1157 1938 vult
1182 1883 1326 1937 Deus
1351 1893 1593 1936 amorem
1623 1892 1781 1933 suum
1826 1874 2043 1947 partiri,
2085 1882 2147 1929 ut
2171 1862 2221 1921 Β
2247 1899 2367 1939 tum
2386 1925 2403 1950 ,
2426 1885 2624 1954 quibus
2653 1892 2779 1940 ante
2829 1886 3077 1941 notitiam
3119 1885 3217 1941 Dei
3251 1894 3308 1941 ei
3368 1888 3607 1958 gratiam
3654 1888 3841 1959 bapﬁ-

556 1980 718 2037 simul
742 1979 1031 2052 diligamus
1054 1976 1245 2043 Deum,
1287 1982 1341 2029 et
1393 1988 1610 2038 aurum,
1657 1970 1743 2025 vel
1782 1982 2027 2033 uxorem,
2062 1965 2147 2021 vel

556 2073 714 2130 filios.
748 2072 918 2127 Nemo
945 2077 1111 2141 potest
1150 2067 1353 2123 duobus
1400 2064 1626 2119 dominis
1671 2062 1869 2118 servire
1914 2058 2141 2133 (Matth.

555 2165 650 2236 vr),
681 2165 795 2237 ipse
817 2177 981 2234 super
1001 2159 1183 2216 omnia
1208 2157 1536 2231 diligendus,
1576 2153 1695 2224 ejus
1744 2151 1963 2209 dilectio
2004 2163 2146 2223 prte-

554 2260 794 2329 ponitur.

629 2351 790 2407 Vsus.
817 2349 870 2405 8.
896 2378 967 2389 —-
996 2346 1060 2405 Et
1078 2344 1264 2418 ligabis
1281 2361 1344 2399 ea
1370 2344 1525 2415 quasi
1543 2343 1772 2412 signum.
1805 2338 1923 2394 Hoc
1954 2336 2144 2393 Phari-

555 2444 647 2501 saei
680 2443 819 2499 male
846 2443 1293 2511 interpretantes,
1324 2438 1380 2493 in
1411 2433 1803 2491 membranulis
1826 2431 2144 2501 decalogum

554 2538 760 2611 (idest,
807 2536 995 2592 decem
1032 2532 1221 2604 verba)
1253 2530 1589 2595 scribebant,
1613 2536 1669 2584 et
1694 2527 1859 2598 ligata
1888 2526 1943 2581 in
1968 2524 2145 2579 fronte

554 2629 866 2703 portabant.
900 2624 1056 2693 Quod
1083 2638 1254 2694 usque
1280 2621 1442 2677 hodie
1495 2619 1703 2675 faciunt
1739 2616 2037 2688 Babylonii,
2084 2622 2147 2671 ut

557 2729 818 2795 putentur
847 2715 1107 2787 religiosi.
1134 2713 1287 2770 Unde
1316 2730 1329 2765 :
1360 2710 1601 2765 Dilatant
1639 2709 1777 2763 enim
1820 2705 2145 2779 phylacteria

552 2829 672 2877 sua,
695 2820 744 2867 at
768 2806 1111 2879 magniﬁcam
1137 2803 1375 2875 ﬁmbrias
1409 2800 1627 2874 (Matth.
1654 2798 1833 2870 XXIII).

625 2902 794 2959 Vitas.
850 2898 938 2956 15.
982 2928 1054 2939 —-
1092 2894 1202 2950 Per
1243 2911 1433 2951 nomen
1488 2892 1634 2948 illius
1678 2890 1912 2963 jurabt's.
1956 2887 2142 2961 (Auu.,

553 3006 739 3071 (μείρει.
771 2993 883 3065 12.)
906 2991 1301 3047 Permittuntur
1319 2986 1508 3057 jurare
1528 3001 1629 3057 per
1650 2997 1848 3041 nomen
1872 2982 1990 3047 Dei,
2009 2990 2142 3047 etc.,

555 3105 718 3162 usque
743 3087 811 3142 ad
841 3085 933 3156 qui
958 3091 1138 3139 autem
1160 3081 1382 3139 omnino
1404 3096 1515 3136 non
1542 3079 1710 3144 iurat,
1746 3076 1906 3147 longe
1948 3089 1980 3128 a
2016 3088 2142 3144 per-

549 3179 696 3252 jurio
717 3186 822 3234 est.
1266 3230 1277 3251 ,

630 3272 790 3327 Vsus.
839 3270 926 3325 16.
952 3298 1025 3310 -
1048 3267 1173 3323 Non
1200 3263 1424 3320 tentabis
1446 3263 1732 3319 Dominum
1757 3261 1948 3316 Deum.
1972 3259 2144 3314 Deum

561 3373 754 3429 tentet,
797 3362 892 3434 qui
922 3362 1129 3417 habens
1155 3356 1297 3428 quod
1326 3353 1511 3420 faciat,
1544 3355 1662 3410 sine
1690 3353 1902 3408 ratione
1923 3366 1980 3405 se
1999 3364 2146 3404 com-

556 3457 728 3515 mittit
771 3453 1031 3527 periculo,
1082 3450 1371 3507 exueriens
1412 3457 1596 3503 utrum
1645 3446 1819 3517 possit
1867 3442 2086 3499 liberari
2113 3458 2145 3497 a

552 3549 690 3605 Deo.

1136 3626 1364 3689 CXPUT
1398 3628 1509 3685 VII.

629 3748 793 3805 Vnus.
843 3748 894 3803 1.
922 3777 989 3791 -—-
1018 3743 1207 3801 Gentes
1242 3743 1458 3798 multas.
1515 3738 1736 3811 Septem
1787 3746 1977 3810 gentes
2016 3746 2145 3794 sunt

553 3850 761 3912 septem
782 3836 1101 3910 principalia
1133 3835 1284 3899 vitia,
1315 3848 1438 3904 quae
1454 3847 1552 3903 per
1589 3831 1688 3887 Dei
1728 3830 1959 3903 gratiam
1984 3829 2145 3899 spiri-

555 3932 681 3991 talis
700 3929 859 3985 miles
872 3941 1210 3997 exsuperans
1238 3924 1611 3981 exterminare
1644 3922 1890 3993 jubetur.
1926 3919 2144 3988 Maioris

555 4022 770 4082 numeri
798 4021 1072 4083 dicuntur,
1094 4018 1222 4087 quia
1266 4016 1421 4086 plura
1442 4023 1570 4071 sunt
1596 4014 1727 4071 vitia
1763 4028 1928 4083 quam
1976 4012 2147 4067 virtu~

558 4126 663 4175 tes.
694 4114 755 4171 ln
785 4111 1030 4182 catalogo
1067 4109 1324 4164 dicuntur
1355 4112 1560 4175 septem
1583 4105 1855 4170 nationes,
1896 4102 1951 4158 in
1976 4116 2144 4173 expu-

558 4206 821 4282 gnatione
838 4203 959 4259 sine
1011 4213 1241 4254 numero
1271 4203 1579 4267 ponuntur;
1607 4194 1721 4260 sed,
1753 4210 1871 4248 cum
1900 4192 2143 4247 deiecerit

555 4309 731 4373 gentes
759 4295 954 4352 multas
982 4309 1163 4348 coram
1193 4301 1260 4347 te.
1291 4289 1642 4346 Numerosior
1670 4289 1815 4344 enim
1842 4296 1947 4353 est,
1981 4301 2142 4356 quam

553 4389 746 4453 Israel,
774 4385 1003 4459 populus
1030 4382 1330 4441 carnalium
1352 4381 1690 4452 passionum,
1707 4380 1797 4449 qui
1820 4379 2144 4450 multiplica-

556 4488 649 4537 tur
676 4480 743 4534 de
765 4477 1073 4548 septenario
1102 4474 1289 4531 fomite
1319 4473 1598 4529 vitiorum.
1622 4472 1700 4527 De
1736 4471 2141 4543 gastrimargia,

2246 1976 2373 2041 smi,
2403 1976 2457 2032 in
2512 1977 2779 2047 spirituali
2826 1976 3061 2050 Egypto
3115 1989 3544 2043 commorantur,
3608 1981 3843 2050 subiecti

2246 2074 2391 2124 Sunt.
2423 2067 2529 2123 Sed
2555 2068 2644 2138 qui
2674 2068 2798 2124 inde
2836 2070 3133 2138 egreditur,
3165 2078 3220 2127 et
3246 2085 3343 2143 per
3391 2074 3632 2143 gratia
3656 2075 3758 2130 Dei
3782 2077 3845 2131 ad

2245 2173 2489 2215 eremum
2551 2159 2886 2230 spiritualem
2942 2163 3210 2232 pervenit,
3289 2163 3357 2221 ab
3426 2164 3871 2237 impugnatione-

2247 2252 2413 2307 triutu
2464 2254 2707 2322 gentium
2748 2253 3027 2318 liberatur,
3091 2260 3281 2310 contra
3333 2263 3544 2326 septem
3609 2272 3844 2329 congn-

2246 2342 2423 2398 ditur.

2315 2434 2596 2491 Htetbeant
2637 2444 2690 2493 et
2735 2434 3091 2505 Ger-gemam,
3124 2445 3235 2493 etc.
3265 2435 3519 2509 (menon.
3557 2438 3630 2494 de
3676 2436 3839 2495 Nam.

2246 2527 2433 2597 Helm,
2487 2538 2616 2585 tom.
2656 2527 2766 2599 III.)
2796 2527 3098 2595 Hethaeum,
3125 2538 3253 2594 ete.,
3302 2524 3466 2600 ascite
3509 2530 3582 2584 ad
3633 2530 3691 2587 id
3742 2542 3842 2598 est,

2245 2621 2508 2677 calcatum
2540 2621 2654 2677 sive
2688 2635 2929 2691 praesepe
2968 2636 3176 2676 eorum.

2318 2711 2519 2779 Septem
2544 2723 2740 2783 gentes.
2766 2712 2999 2768 Abrahae
3012 2713 3337 2782 peritissim
3362 2724 3447 2770 est
3474 2719 3625 2787 quod
3654 2718 3845 2774 decem

2245 2802 2588 2859 delerentur:
2626 2810 2753 2858 tunc
2780 2802 2926 2861 enim
2972 2804 3158 2861 decem
3196 2814 3381 2871 erant,
3418 2807 3519 2861 sed
3558 2823 3697 2864 eum
3750 2808 3842 2866 ΓΕ

2244 2895 2411 2951 Israel
2482 2896 2778 2955 transirent
2824 2898 2894 2953 ad
2940 2896 3257 2963 Iordanem,
3302 2896 3417 2967 jam
3470 2908 3583 2957 tres
3650 2902 3845 2959 delete

2244 2995 2422 3042 erant.
2478 2987 2601 3043 Filii
2646 2987 2791 3043 enim
2838 2986 2980 3045 Loth
3028 2989 3347 3047 detererqu
3384 2991 3677 3064 gigantes;
3738 2993 3835 3049 ﬁlii

2246 3079 2388 3135 Esau
2442 3079 2724 3146 Horraeos;
2768 3079 3187 3151 Cappadocesve
3234 3094 3444 3154 partem
3486 3085 3839 3143 Heraeorum.

2320 3172 2391 3226 Et
2407 3173 2740 3228 robustiores.
2769 3173 3052 3244 Spiritales
3074 3178 3331 3247 nequitiae
3356 3178 3677 3237 subtiliores
3690 3192 3840 3249 sunt

2249 3272 2305 3321 et
2329 3264 2449 3334 plus
2472 3263 2655 3319 valeat
2682 3266 2750 3322 ad
2781 3266 3176 3337 decipiendum,
3205 3282 3368 3339 quam
3397 3269 3697 3329 infirmitas
3742 3274 3841 3330 bo-

2248 3356 2452 3411 minum
2481 3358 2548 3414 ad
2584 3360 2978 3416 sustinendum.

2321 3449 2485 3504 Vens.
2534 3450 2947 3508 M.—Sterilia.
3000 3452 3257 3521 Quaedam
3308 3456 3524 3512 steriles
3563 3458 3722 3527 apud
3746 3457 3842 3515 Ju-

2248 3538 2393 3594 dacos
2414 3537 2655 3606 fuerunt,
2685 3542 2778 3597 sed
2802 3542 2938 3599 adeo
2957 3559 3162 3616 paucas,
3190 3554 3251 3601 ut
3272 3546 3340 3601 ad
3368 3551 3841 3619 comparatiouan

2240 3620 2602 3684 fecundarum
2634 3628 2950 3687 viderentur
2978 3634 3156 3689 nullm.

2319 3717 2485 3773 Vens.
2514 3719 2926 3794 20.—Insuper
2949 3734 2998 3779 et
3022 3730 3324 3793 crabrones,
3344 3736 3453 3783 etc.
3490 3726 3608 3784 Non
3640 3730 3843 3803 legitur

2247 3808 2442 3865 alicubi
2493 3811 2549 3866 in
2598 3811 2843 3878 historia,
2876 3815 3017 3884 quod
3062 3816 3356 3873 crabrones
3405 3818 3489 3873 vel
3536 3836 3745 3890 vespas
3784 3823 3839 3879 in

2245 3895 2429 3953 hostes
2459 3913 2647 3953 eorum
2700 3899 2842 3956 Deus
2891 3902 3235 3971 praemiserit.
3293 3904 3399 3961 Sed
3433 3922 3532 3977 per
3570 3911 3834 3966 animalia

2244 3988 2487 4063 aculeata
2513 3991 2723 4049 timoris
2748 3994 3194 4065 compunctiones
3223 3997 3489 4071 designat,
3514 4001 3720 4071 quibus
3744 4003 3832 4059 bo-

2246 4087 2356 4135 stes
2388 4083 2604 4139 territos
2634 4082 2875 4155 fugabat.

2327 4193 2491 4249 Vens.
2531 4193 2843 4252 22.—Non
2900 4202 3111 4271 poteris,
3166 4211 3274 4259 etc.
3324 4202 3643 4263 Cavendum
3711 4226 3835 4268 esse

2244 4285 2501 4350 ostendit,
2536 4301 2608 4342 ne
2638 4287 2804 4354 forte,
2833 4293 3076 4362 expulsis
3102 4296 3344 4365 peccatis
3368 4313 3401 4352 a
3427 4312 3597 4357 carne
3622 4314 3835 4367 nostra,

2244 4375 2490 4447 inwrgat
2522 4377 2781 4448 spiritalis
2804 4380 2999 4449 bestia,
3040 4384 3092 4439 id
3118 4395 3202 4441 est
3236 4387 3524 4459 jactantia,
3556 4395 3834 4464 superbia,

2241 4466 2327 4521 vel
2361 4482 2500 4523 vana
2540 4468 2732 4539 gloria,
2784 4486 2903 4540 quae
2948 4471 3219 4531 diiIicilius
3254 4478 3635 4550 exstirpantur
3668 4500 3833 4555 quam

555 4569 902 4635 comessatio,
928 4568 1204 4633 ebrietas;
1245 4565 1312 4622 de
1358 4562 1740 4629 fornicatione,
1788 4562 2139 4647 unpiloquia,
2168 4589 2219 4649 υ
2243 4559 2479 4662 carnalia
2506 4562 2657 4662 vitia.
2848 4563 3018 4631 enim,
3056 4567 3150 4637 qui
3173 4569 3228 4623 in
3265 4567 3518 4627 Sodomis
3548 4576 3831 4644 continuit,

558 4660 883 4723 scurrilitas,
918 4658 1146 4724 ludicra,
1178 4664 1233 4712 et
1259 4655 1628 4727 stultiloquia;
1672 4653 1742 4711 de
1790 4654 2139 4726 philargyria,

558 4749 921 4814 mendacium,
946 4745 1115 4812 fraus,
1138 4745 1300 4811 furta,
1341 4746 1599 4816 perjuria,
1638 4745 1813 4816 turpis
1864 4745 2004 4803 lucri
2051 4761 2142 4817 ap-

554 4841 781 4916 petitus,
814 4838 950 4894 falsa
982 4836 1309 4904 testimonia,
1334 4836 1609 4901 violentia,
1670 4837 2060 4904 inhumanitas,
2088 4847 2145 4895 et

555 4933 865 5007 rapacitas;
891 4931 959 4987 de
984 4931 1068 4987 ira
1104 4929 1479 4995 homicidium,
1503 4929 1709 4985 clamor
1728 4938 1785 4985 et
1807 4930 2139 5002 indignatio;

553 5027 624 5084 de
654 5024 899 5091 tristitia,
938 5036 1154 5087 rancor,
1208 5018 1648 5091 pusillanimitas,
1706 5020 2035 5087 amaritudo,
2087 5033 2142 5078 et

556 5118 885 5188 desperatio,
916 5122 974 5171 et
1001 5112 1254 5186 pigritia;
1290 5111 1357 5166 de
1395 5111 1603 5179 acedia,
1630 5113 1897 5179 otiositas,
1930 5130 2143 5172 somno-

573 5210 746 5277 entia,
774 5206 1183 5281 importunitas,
1213 5203 1531 5274 inquietudo
1561 5207 1759 5263 mentis
1784 5215 1841 5263 et
1866 5211 2137 5279 corporis,

576 5300 903 5365 nstabilitas,
933 5296 1262 5361 verbositas,
1288 5302 1345 5350 et
1365 5294 1687 5363 curiositas;
1721 5298 1787 5354 de
1814 5300 2136 5368 cenodoxia,

556 5395 957 5458 contentiones,
986 5392 1242 5456 haereses,
1265 5387 1551 5458 iactantia,
1575 5398 1627 5445 et
1648 5392 1999 5461 prmsumptio
2042 5409 2140 5450 no-

552 5485 822 5552 vitatum;
852 5485 919 5540 de
959 5481 1235 5553 superbia,
1258 5488 1624 5553 contemptus,
1677 5483 1903 5551 invidia,
1954 5486 2139 5542 inube-

555 5579 785 5649 dientia,
810 5575 1173 5648 blasphemia,
1200 5576 1581 5642 murmuratio,
1620 5575 1904 5641 detractio,
1938 5588 1996 5634 et
2032 5579 2138 5657 alia

553 5670 731 5744 plura.
761 5670 887 5727 Haec
916 5682 1039 5723 cum
1064 5664 1290 5735 majoris
1310 5666 1522 5722 numeri
1553 5666 1664 5733 sint
1685 5683 1851 5739 quam
1886 5669 2136 5739 virtutes,

555 5761 785 5819 devictis
828 5770 1007 5817 tamen
1064 5759 1453 5834 principalibus
1494 5774 1683 5817 omnes
1725 5760 2033 5832 quiescunt,
2084 5774 2142 5821 et

555 5860 817 5925 perpetua
844 5867 975 5908 nece
1000 5852 1268 5908 delentur.
1297 5852 1451 5921 Quod
1478 5862 1660 5910 autem
1704 5853 1788 5912 hac
1840 5864 2024 5926 pestes
2052 5873 2139 5913 ro-

2246 4652 2300 4709 in
2352 4660 2537 4707 monte
2584 4652 2940 4711 fornicatione
2968 4656 3205 4727 pollutus
3250 4668 3337 4715 est
3366 4659 3522 4731 (Gen.
3550 4665 3687 4737 xix).
3730 4667 3831 4722 Ex-

2245 4742 2401 4814 pulso
2454 4744 2586 4801 vitio
2636 4747 2820 4802 statim
2866 4748 3039 4804 virtus
3076 4750 3353 4822 plantetur
3400 4768 3471 4809 ne
3524 4757 3831 4815 immundus

2245 4834 2469 4905 spiritus
2520 4837 2736 4906 redeat,
2790 4847 2850 4895 et
2912 4843 3135 4901 domum
3204 4860 3488 4903 vacantem
3564 4850 3825 4907 iuream.

2246 4926 2459 4999 (Manli.
2492 4928 2619 5001 ιιι).

2319 5018 2497 5090 (Ras,
2531 5018 2725 5095 Casu.)
2747 5020 3079 5091 Quibusdam
3107 5029 3310 5101 majora
3341 5030 3485 5087 bona
3528 5031 3676 5091 Deus
3721 5035 3827 5100 dat,

2248 5126 2350 5167 nec
2374 5113 2583 5169 minora
2620 5116 2889 5183 concedit,
2930 5126 2991 5175 ut
3023 5135 3238 5193 semper
3261 5124 3477 5181 animus
3518 5141 3711 5184 eorum
3738 5129 3823 5184 lia-

2245 5204 2373 5261 beat
2408 5208 2547 5263 unde
2573 5223 2632 5265 se
2673 5209 3057 5279 reprehendat,
3087 5221 3144 5269 et
3169 5215 3297 5271 dum
3336 5218 3566 5288 perfecti
3595 5238 3717 5278 esse
3743 5238 3827 5293 ap-

2246 5306 2437 5368 petunt
2471 5314 2573 5355 nec
2594 5308 2843 5372 possunt,
2870 5304 3094 5361 minime
3122 5321 3183 5362 se
3207 5308 3471 5367 extollant
3494 5312 3553 5367 in
3586 5314 3675 5371 his
3710 5331 3823 5387 quae

2248 5389 2473 5456 habent,
2510 5391 2602 5460 qui
2630 5407 2729 5462 per
2752 5410 2813 5450 se
2846 5410 3010 5464 parva
3058 5412 3164 5453 non
3206 5399 3408 5457 habere
3436 5402 3643 5461 valent.
3694 5406 3823 5463 Hinc

2244 5490 2329 5539 est
2374 5484 2518 5553 quod
2569 5484 2738 5543 fortes
2782 5497 2838 5545 et
2886 5498 3138 5560 potentes
3180 5493 3527 5553 adversarios
3568 5499 3821 5556 exstinxit

2242 5573 2624 5646 Pbilisthazos;
2653 5588 2707 5635 et
2739 5579 3079 5641 Chananzeos
3106 5586 3197 5642 diu
3222 5591 3546 5656 reservavit,
3572 5601 3635 5647 ut
3662 5595 3715 5648 in
3746 5594 3821 5648 eis

2242 5672 2551 5729 erudiretur
2596 5671 2763 5729 Israel
2793 5674 2999 5732 habens
3044 5688 3232 5735 contra
3276 5696 3419 5752 quos
3446 5694 3729 5756 pugnaret,
3756 5700 3818 5739 ne

2244 5765 2311 5821 de
2336 5763 2632 5833 majoribus
2658 5767 2886 5824 devictis
2924 5786 3047 5827 sese
3093 5774 3399 5832 extolleret.
3450 5777 3655 5833 Eadem
3696 5794 3819 5848 erm

2242 5873 2398 5914 mens
2442 5856 2611 5929 pollet
2640 5874 2707 5914 ex
2737 5858 2964 5930 virtute,
3002 5862 3248 5921 lassescit
3286 5882 3355 5923 ex
3387 5868 3720 5933 infirmitate,
3764 5876 3821 5923 ut
