4006 6352
213 371 320 429 ³61

203 574 505 634 humiliter
545 579 746 629 servet.
795 570 1038 641 Superna
1071 583 1284 640 quoque
1320 570 1467 642 regio
1512 570 1567 624 in
1601 569 1809 625 civibus

211 667 335 724 suis
395 680 462 721 ex
519 669 675 734 parte
729 661 927 716 damna
983 658 1230 730 pertulit,
1277 674 1344 713 ex
1395 667 1549 730 parte
1595 659 1811 714 fortiter
1891 661 1896 664 ’

205 757 412 813 Stetit:
450 763 512 810 ut
546 754 708 809 electi
759 751 939 823 angeli
988 751 1119 806 dum
1167 750 1306 806 alios
1360 766 1458 822 per
1499 750 1809 820 superbiam

215 846 485 904 cecidisse
536 842 933 913 conspicerent,
981 849 1128 898 tanto
1173 841 1444 896 robustius
1471 851 1675 910 quanto
1704 842 1804 896 hu—

200 940 399 996 milius
445 941 676 994 starent.
719 934 811 991 Sic
841 936 900 996 in
923 948 1247 1004 unaquaque
1275 934 1451 988 anima
1488 933 1700 1004 agitur,
1747 942 1806 989 ut

205 1034 451 1091 maxima
505 1032 657 1087 lucra
705 1027 1011 1094 conferant,
1047 1027 1335 1098 aliquando
1388 1026 1610 1081 minima
1651 1026 1805 1082 dam-

203 1131 366 1182 haut.

292 1219 458 1273 Vsus.
483 1215 573 1272 26.
591 1215 982 1270 —Anathema.
1013 1212 1135 1273 ’Δπὸ
1154 1211 1240 1270 τοῦ
1273 1215 1532 1280 ἀναθήναι,
1565 1213 1618 1268 id
1641 1220 1745 1279 est,
1773 1227 1806 1267 a

211 1325 430 1366 sursum
467 1307 735 1378 ponendo,
772 1305 857 1360 vel
881 1305 1276 1375 suspendendo,
1310 1305 1449 1360 sicut
1488 1304 1708 1359 donaria
1751 1303 1806 1358 in

207 1401 428 1471 templis
461 1399 944 1470 suspendebantur,
977 1405 1032 1452 et
1061 1399 1128 1452 ab
1175 1397 1254 1453 eis
1304 1397 1396 1468 qui
1443 1397 1642 1452 dabant
1675 1397 1804 1452 alie~

205 1495 502 1558 nabantur.

797 1561 1026 1618 CAPUT
1076 1559 1211 1617 Vill.

281 1675 446 1732 Vsus.
481 1675 536 1730 2.
577 1705 647 1716 -
702 1675 1067 1746 Quadraginta
1119 1677 1290 1732 annis.
1343 1675 1467 1732 ldeo
1514 1678 1658 1733 enim
1707 1694 1803 1749 per

199 1770 571 1842 quadraginta
601 1783 773 1824 annos
791 1769 1042 1839 permisit
1081 1785 1174 1826 eos
1213 1769 1396 1842 allligi,
1420 1780 1480 1826 ut
1508 1785 1801 1842 cognosce-

191 1871 330 1918 .rent
350 1869 566 1932 quantae
596 1859 904 1931 fragilitatis
933 1870 1134 1916 essent.

279 1953 350 2008 Ut
371 1955 613 2026 adtigerat
651 1963 720 2008 te.
747 1953 928 2024 (AUG.,
957 1963 1144 2024 qutest.
1176 1953 1286 2024 l3.)
1317 1953 1417 2009 Hic
1446 1955 1684 2025 apertius
1710 1955 1792 2009 di-

204 2056 352 2105 ctum
396 2055 500 2112 est,
527 2055 657 2113 etc.,
680 2063 845 2116 usque
886 2045 955 2098 ad
985 2047 1129 2116 quod
1157 2047 1200 2101 si
1230 2047 1473 2113 dixisset,
1497 2047 1796 2119 intelligen-

203 2139 333 2195 dum
371 2147 510 2204 erat,
536 2139 748 2210 cognita
777 2137 999 2202 faceret.

280 2230 440 2286 Vsus.
465 2231 517 2285 3.
549 2260 620 2271 -
653 2229 873 2284 Manna.
899 2229 1128 2286 Carnem
1183 2229 1406 2296 Christi,
1439 2246 1544 2300 qua
1596 2230 1792 2287 refecti

203 2323 274 2378 ad
302 2337 486 2379 veram
534 2322 908 2394 promissionis
960 2330 1160 2376 terram
1203 2323 1506 2378 veniamus.
1541 2320 1792 2390 Quadra-

199 2413 359 2488 ginta
390 2413 546 2468 annis
575 2427 770 2467 manna
809 2412 1164 2478 comedimus,
1193 2412 1246 2466 id
1273 2421 1379 2479 est,
1406 2421 1520 2468 toto
1549 2422 1793 2483 tempore

201 2513 419 2569 nostro,
445 2504 585 2574 quod
634 2511 864 2574 quatuor
890 2504 1350 2560 vicissitudinibus
1383 2504 1648 2572 volvitur,
1687 2505 1792 2562 Do-

203 2595 395 2652 minici
427 2595 671 2665 corporis
707 2603 1048 2651 sacramento
1083 2597 1375 2666 pascimur.

280 2685 406 2742 Non
436 2688 487 2741 in
514 2687 624 2742 solo
644 2704 779 2759 pane
800 2689 916 2741 vivit
945 2677 1117 2752 ltomo,
1151 2689 1239 2741 sed
1261 2689 1316 2741 in
1352 2689 1514 2753 omni,
1535 2695 1638 2743 etc.
1670 2687 1792 2758 Spi-

209 2779 389 2834 ritalis
417 2779 570 2834 cibus
600 2780 1026 2844 commendatur,
1055 2780 1195 2835 unde
1225 2781 1418 2834 animae
1442 2780 1497 2834 in
1527 2789 1790 2836 internum

199 2871 430 2926 victurae
473 2871 756 2925 satiantur.
801 2871 996 2926 Manna
1044 2873 1112 2925 de
1163 2872 1300 2928 coelo
1336 2873 1519 2928 datum
1569 2889 1788 2929 carnem

167 2959 408 3017 ‘Christi
441 2961 732 3034 signiﬁcat,
764 2961 854 3031 qui
887 2963 963 3017 ait
994 2981 1006 3016 :
1043 2961 1152 3033 Ego
1196 2979 1311 3017 sum
1353 2964 1504 3033 panis
1543 2965 1680 3030 vine,
1706 2964 1789 3018 hic

197 3063 274 3108 est
296 3054 448 3124 panis
469 3054 556 3126 qui
571 3053 634 3108 de
653 3052 778 3108 caelo
795 3055 1057 3108 descendit
1082 3056 1264 3126 (Joan.
1283 3056 1380 3124 τι),
1403 3056 1524 3125 quia
1549 3057 1789 3112 Verbum

199 3158 336 3200 caro
361 3144 561 3200 factum
592 3154 698 3210 est,
719 3154 773 3200 et
797 3145 1060 3200 habitavit
1084 3146 1139 3199 in
1169 3147 1340 3202 nobis.
1371 3144 1473 3212 Qui
1502 3147 1790 3201 manducat

193 3241 340 3294 hanc
368 3251 601 3306 carnem,
625 3241 777 3296 habet
805 3243 962 3296 vitam
996 3252 1264 3295 (sternam.

272 3329 404 3384 Non
431 3330 486 3384 in
506 3330 618 3385 solo
648 3349 804 3401 pane,
829 3339 934 3386 etc.
967 3330 1246 3402 Signiﬁcat
1274 3331 1542 3403 geminam
1580 3339 1789 3388 natum

195 3413 406 3476 nostra:
432 3420 816 3476 substantiam.
845 3419 1018 3476 Homo
1047 3422 1191 3476 enim
1236 3437 1303 3477 ex
1353 3423 1539 3476 anima
1570 3429 1625 3477 et
1661 3439 1787 3478 cor-

194 3527 337 3584 pore
359 3521 569 3567 conslat
599 3531 610 3566 :
645 3527 864 3583 corpus,
892 3513 1034 3582 quod
1057 3528 1120 3567 ex
1147 3521 1289 3567 terra
1318 3522 1420 3577 est,
1451 3520 1667 3568 terreno
1690 3513 1788 3568 ali-

195 3613 289 3660 tur
322 3604 482 3670 cibo;
513 3605 694 3658 anima
721 3619 848 3659 vero
895 3605 1028 3660 vivit
1076 3605 1142 3659 de
1181 3606 1348 3660 verbo
1373 3604 1468 3659 Dei
1494 3621 1508 3670 ;
1538 3605 1786 3674 spiritum

194 3712 336 3754 vero
363 3697 599 3752 hominis
639 3696 878 3751 viviﬁcat
925 3696 1146 3766 Spiritus
1191 3695 1306 3760 Dei,
1331 3695 1376 3749 si
1409 3702 1583 3748 tamen
1625 3696 1786 3750 homo

152 3787 158 3792 ’
193 3799 278 3845 est
309 3790 366 3843 in
395 3803 620 3858 corpore
645 3787 920 3853 Ecclesiae,
951 3787 1103 3842 idest
1125 3786 1348 3851 Christi,
1373 3794 1426 3840 et
1451 3785 1504 3840 in
1533 3786 1636 3840 ﬁde
1665 3786 1784 3842 Filii

189 3875 324 3934 'Dei.
349 3877 473 3933 ldeo
504 3878 652 3933 addit
679 3894 694 3931 :
734 3875 1107 3931 Vestimentum
1145 3875 1257 3944 ejus
1291 3883 1544 3929 vetustate
1568 3892 1671 3928 non
1696 3875 1784 3929 de-

196 3974 394 4043 ﬁcere;
427 3971 552 4042 quia
598 3970 724 4026 novi
769 3970 1004 4025 hominis
1051 3967 1392 4024 conversatio
1440 3967 1495 4020 in
1545 3967 1784 4021 novitate

196 4064 332 4117 vitae
355 4062 512 4116 debet
547 4075 888 4132 permanere,
921 4059 1073 4131 cujus
1099 4075 1194 4130 pes
1223 4073 1328 4113 non
1371 4066 1455 4114 est
1501 4058 1779 4122 subtritus,

199 4154 334 4224 quia
375 4167 594 4224 gressus
635 4167 856 4222 operum
903 4151 1018 4220 ejus
1063 4159 1312 4206 servatur
1357 4150 1596 4205 illzzcsus:
1644 4149 1782 4215 Quia

195 4247 345 4300 novit
369 4245 626 4301 Dominus
646 4248 783 4301 viam
796 4245 1087 4316 justorum,
1105 4255 1153 4300 et
1177 4246 1275 4299 iter
1295 4244 1574 4315 impiorum
1599 4243 1782 4313 peribit

196 4337 384 4412 (Psal.
411 4341 473 4412 ι).

267 4429 443 4486 Vsus.
473 4431 557 4486 11.
586 4463 655 4471 -
675 4430 912 4486 Iudicia.
943 4431 1073 4498 Quae
1098 4445 1194 4501 per
1217 4429 1439 4502 Moysen
1458 4437 1582 4498 post
1607 4428 1782 4500 legem

1211 361 1482 420 GLOSSA
1517 361 1918 420 0RDINARIA.
1955 393 2023 406 --
2059 363 2192 420 LIB.
2231 363 2436 422 DEUT.

210 484 349 544 dum
407 480 602 555 quaerit
640 479 782 552 quod
828 477 1029 534 habere
1077 492 1186 534 non
1230 478 1396 544 valet,
1445 479 1587 548 quod
1631 478 1796 534 habet
1817 480 1873 542 Α

3381 370 3486 429 462

2515 477 2743 536 CAPUT
2784 477 2875 534 1X.

1989 589 2151 646 Vsus.
2192 591 2246 645 5.
2273 622 2342 631 —
2386 590 2568 663 Neque
2593 593 2753 658 enim,
2797 601 2901 648 etc.
2933 593 3114 666 (Auc.,
3161 608 3348 668 qumst.
3373 599 3484 673 14.)

1891 681 2002 756 _lsti
2024 683 2257 752 suntqui
2282 699 2390 739 non
2437 695 2752 738 meruerunt
2795 685 2975 754 perire
3011 685 3065 742 in
3092 687 3326 750 deserto.
3353 700 3481 756 etc.,

1911 791 2073 845 usque
2098 792 2166 829 aa
2199 777 2289 832 ubi
2314 777 2389 832 illi
2411 779 2870 836 exacerbaverunt
2897 781 3207 852 Dominum,
3229 787 3321 856 qui
3373 803 3489 845 me-

1879 864 2015 924 ...rito
2070 881 2168 922 suo
2221 866 2278 922 in
2338 875 2537 926 terram
2591 872 2968 942 promissionis
3031 875 3324 934 introducti
3376 894 3486 934 non

1883 1025 1890 1030 ι
1909 964 2052 1012 sunt.

1979 1050 2145 1105 Vsus.
2181 1053 2265 1107 10.
2298 1082 2369 1094 —-
2393 1053 2673 1128 Deditque,
2701 1069 2804 1114 etc.
2848 1060 3030 1130 (Auc.,
3071 1077 3257 1136 quaest.
3284 1072 3396 1146 15.)
3425 1078 3486 1138 In

1907 1137 2093 1196 Exodo
2132 1141 2330 1214 legitur
2361 1146 2506 1216 quod
2554 1148 2766 1206 tabulas
2811 1151 2980 1224 Moysi
3025 1155 3283 1218 Dominus
3325 1137 3487 1224 dede?

1908 1232 2000 1300 rit,
2030 1245 2161 1302 etc.,
2189 1253 2350 1309 usque
2369 1239 2438 1293 ad
2459 1237 2618 1294 durat
2645 1241 2696 1296 in
2727 1245 2999 1301 szeculum.

2525 1411 2751 1470 CAPUT
2791 1415 2856 1471 X.

1978 1537 2141 1594 Vsus.
2167 1541 2223 1594 4.
2240 1571 2312 1582 -—
2331 1541 2651 1617 Scripsitque
2673 1549 2749 1603 in.
2774 1549 2929 1620 (Anc.
2945 1556 3204 1624 quiest.“
3227 1559 3283 1613 in
3301 1559 3486 1636 Deut.)

1903 1630 1962 1685 In
1992 1630 2178 1687 Exodo
2201 1633 2432 1705 Moyses,
2468 1646 2596 1701 etc.,
2625 1655 2788 1709 usque
2819 1643 2889 1696 ad
2913 1644 3028 1713 ipse
3053 1657 3234 1703 autem
3264 1630 3488 1723 adjuvat

1883 1720 2058 1777 home
2086 1723 2380 1782 voluntatis
2401 1729 2707 1785 arbitrium.

1975 1813 2136 1872 Vsus.
2167 1817 2219 1872 6.
2246 1849 2318 1858 —
2358 1819 2427 1874 In
2474 1820 2707 1891 Mosera,
2733 1834 2840 1882 etc.
2877 1829 2932 1882 ln
2982 1830 3118 1887 libro
3164 1833 3386 1893 Numeri
3427 1840 3482 1895 in

1897 1916 2082 1963 monte
2104 1907 2216 1963 Hor
2235 1919 2480 1969 mortuus
2503 1916 2793 1984 scribitur,
2825 1921 2918 1975 sed
2951 1922 3176 1980 forsitan
3211 1927 3362 1984 iocus
3399 1940 3484 1988 est

1878 1996 2190 2055 rbinomius.
2217 2001 2417 2059 Beroth
2447 2005 2590 2060 enim
2623 2007 2854 2066 ﬁliorum
2899 2012 3068 2070 Jacan
3113 2017 3263 2076 locus
3303 2032 3387 2078 est
3425 2025 3484 2080 in

1876 2091 2133 2159 sdeserto,
2161 2095 2303 2151 sicut
2329 2096 2559 2166 Mosera,
2583 2100 2675 2156 ubi
2697 2103 2831 2158 obiit
2853 2107 3053 2173 Aaron,
3079 2112 3222 2168 sicut
3250 2115 3302 2170 in
3328 2116 3482 2174 libris

1895 2183 2137 2241 locorum
2178 2188 2396 2260 legitur.
2428 2192 2496 2247 Et
2543 2197 2847 2252 ostenditur
2888 2215 3061 2271 usque
3107 2204 3266 2262 hodie
3295 2209 3348 2263 in
3385 2210 3479 2266 de-

1879 2277 2038 2333 cimo
2073 2279 2250 2350 lapide
2275 2283 2428 2339 urbis
2453 2283 2630 2342 Petrae
2659 2289 2716 2342 in
2741 2292 2942 2346 montis
2967 2296 3174 2352 vertice

1875 2391 1880 2396 ο
1967 2369 2128 2427 Vens.
2154 2372 2207 2427 8.
2236 2404 2307 2414 —
2336 2375 2551 2431 Tribum
2574 2378 2714 2435 Levi.
2751 2381 2866 2438 Nisi
2911 2399 3009 2454 per
3035 2387 3175 2444 hanc
3200 2391 3475 2462 signiﬁca-

1893 2469 2047 2517 retur
2088 2479 2247 2520 onme
2277 2469 2457 2538 regale
2505 2473 2884 2541 sacerdotium,
2937 2480 3080 2548 quod
3125 2485 3359 2550 pertinet
3405 2489 3474 2543 ad

1892 2553 2099 2611 Novum
2151 2557 2578 2629 Testamentum,
2631 2581 2736 2621 non
2791 2571 3016 2626 auderet
3058 2575 3220 2631 homo
3269 2579 3472 2647 dicere,

1892 2649 1983 2718 qui
2009 2650 2074 2703 de
2100 2665 2162 2706 ea
2191 2655 2331 2709 tribu
2356 2672 2462 2712 non
2500 2669 2654 2716 erat:
2686 2660 2821 2720 Pars
2861 2683 2973 2721 mea
3014 2669 3269 2728 Dominus
3299 2674 3471 2746 (Psal.

2128 2752 2184 2798 et
2207 2744 2333 2905 ilibi
2367 2765 2379 2802 :
2411 2748 2669 2808 Dominus
2686 2772 2809 2825 pars
2835 2759 3156 2816 htereditatis
3183 2739 3336 2831 metu,
3361 2775 3465 2824 etc.

1984 2848 2000 2884 ι
2047 2871 2085 2897 .,
2115 2848 2202 2887 xv.

1984 2848 2085 2897 ta.,
2115 2848 2202 2887 xv.

1867 2943 1870 2946 θ
1965 2923 2127 2980 Vsus.
2159 2926 2248 2980 14.
2282 2957 2346 2970 --
2371 2929 2572 2987 Caelum
2595 2936 2730 3003 caeli,
2753 2948 2858 2995 etc.
2891 2941 3120 3009 Quidam
3143 2945 3332 3002 dicunt
3359 2958 3470 3005 tres

1889 3029 2014 3071 esse
2067 3019 2255 3086 caelos,
2297 3039 2514 3092 aereum,
2545 3031 2858 3099 mthereum,
2885 3045 2943 3091 et
2989 3038 3279 3095 sidereum.
3324 3041 3466 3099 Non-

1889 3105 2024 3160 nulli
2053 3116 2280 3179 septem,
2313 3116 2544 3183 primum
2577 3136 2798 3188 :ereum,
2828 3127 3120 3182 secundum
3146 3132 3463 3200 aethereum,

1811 3211 1862 3276 ε
1894 3197 2115 3252 tertium
2145 3199 2465 3272 Olympium,
2499 3221 2750 3278 quartum
2800 3213 3012 3284 igneum
3032 3257 3046 3281 ,
3079 3219 3324 3288 quintum
3377 3197 3470 3278 ﬁr-

1893 3300 2246 3360 mamentum,
2281 3307 2492 3354 sextum
2519 3317 2772 3372 aqueum,
2804 3309 3088 3376 septimum
3131 3312 3465 3382 angelorum.

1965 3380 2130 3437 Vens.
2172 3385 2258 3440 16.
2304 3418 2375 3428 -
2422 3391 2808 3463 Circumcidite,
2850 3408 2953 3454 etc.
3001 3380 3307 3471 Spiritalem
3359 3406 3467 3461 dir-

1861 3475 1864 3478 ’
1890 3476 2273 3534 cumcisionem
2299 3481 2584 3552 signiﬁcat,
2617 3486 2670 3540 id
2700 3497 2784 3542 est
2825 3491 3021 3546 mentis
3060 3496 3382 3562 custodiam,
3413 3508 3469 3553 et

1889 3581 2074 3622 veram
2126 3571 2528 3632 abstinentiam.
2571 3577 2770 3646 Quasi,
2816 3598 2936 3638 cum
2987 3585 3251 3641 luxuriam
3287 3591 3468 3646 carnis

1887 3659 2288 3727 exstinxeritis,
2321 3665 2483 3719 etiam
2513 3669 2709 3723 mentis
2731 3671 2995 3740 superﬂua
3041 3685 3302 3732 resecato.
3345 3679 3464 3734 Cir-

1888 3749 2223 3806 cumcidendi
2251 3763 2376 3809 sunt
2405 3772 2592 3814 omnes
2619 3775 2827 3817 sensus.
2877 3763 3033 3820 Unde
3062 3765 3270 3838 Moyses
3297 3784 3355 3824 se
3385 3771 3461 3825 in-

1888 3843 2266 3911 circumcisum
2304 3848 2461 3906 labiis
2515 3857 2894 3924 conqueritur;
2931 3867 2984 3914 et
3026 3858 3330 3932 Stephanus
3369 3863 3460 3919 Ju-

1888 3935 2017 3990 dazis
2048 3954 2060 3988 :
2089 3936 2475 4009 Incircumcisi,
2519 3945 2712 4015 inquit,
2743 3950 2900 4004 corde
2947 3963 2996 4005 et
3049 3955 3297 4020 auribus,
3353 3966 3458 4012 etc.

1889 4023 2026 4096 (Act.
2071 4027 2188 4099 vn).
2232 4029 2371 4086 Vere
2420 4048 2548 4103 ergo
2577 4037 2928 4094 circumcisus
2978 4049 3082 4108 est,
3126 4044 3217 4114 qui
3248 4045 3456 4099 obturat

1887 4138 2040 4176 aures
2067 4140 2129 4177 ne
2151 4125 2336 4180 audiat
2355 4131 2684 4199 sanguinem,
2700 4144 2746 4187 et
2767 4134 2963 4190 claudit
2986 4137 3181 4204 oculos,
3205 4157 3267 4194 ne
3289 4142 3458 4196 videat

1885 4213 2119 4281 malum;
2150 4217 2240 4286 qui
2273 4235 2378 4274 non
2415 4222 2679 4293 delinquit
2717 4226 2771 4280 in
2803 4227 3005 4298 lingua,
3036 4230 3186 4298 cujus
3216 4249 3310 4287 cor
3350 4250 3454 4288 non

1881 4319 2138 4376 gravatur
2161 4314 2377 4382 crapula
2413 4324 2467 4368 et
2497 4317 2780 4385 ebrietate,
2809 4322 2897 4390 qui
2941 4323 3082 4378 lavat
3121 4326 3263 4381 inter
3308 4329 3462 4384 inno-

1885 4407 2070 4454 centes
2096 4417 2287 4458 manus
2316 4421 2463 4472 suas,
2487 4416 2540 4462 et
2589 4409 2657 4463 ab
2699 4412 2845 4465 omni
2893 4413 2977 4466 via
3027 4415 3166 4470 mala
3213 4419 3462 4488 prohibet

207 4521 399 4578 datam
431 4521 658 4578 diversis
711 4489 1040 4593 temporib'us
1086 4489 1281 4592 ῥορυιο
1309 4489 1588 4592 'pmc'epta
1633 4489 1776 4584 εὖιηῖ
1807 4573 1858 4593 ἢ
1883 4489 2240 4593 pedeslsuos;
2281 4494 2400 4593 qui.
2428 4497 2661 4593 castigat.
2698 4514 2894 4569 corpus
2942 4517 3095 4558 suum
3126 4514 3181 4559 et
3211 4508 3454 4562 servituti

195 4632 325 4688 qua:
354 4615 406 4671 in
432 4613 615 4672 Exodo
635 4615 1049 4685 iustiﬁcationes
1080 4615 1433 4686 appellantur.

269 4707 348 4762 Et
370 4710 726 4762 cmremonias.
768 4707 1268 4771 Circumcisionem,
1297 4706 1435 4761 ritus
1481 4704 1777 4760 sacriﬁcio-

199 4816 350 4856 rum.
370 4797 522 4854 Unde
539 4799 855 4854 Ambrosius
884 4815 1044 4870 super
1063 4797 1356 4867 Epistolam
1381 4796 1448 4851 ad
1472 4796 1772 4850 Romanos:

191 4890 429 4962 Triplex
461 4891 678 4964 (inquit)
709 4893 792 4947 lex
835 4899 937 4958 est,
959 4893 1134 4960 prima
1180 4905 1308 4960 pars
1339 4891 1405 4943 de
1436 4894 1777 4944 sacramento

200 4983 544 5049 divinitatis;
588 4983 821 5039 secunda
876 4982 1127 5052 congruit
1174 4981 1278 5051 legi
1337 4977 1609 5046 naturali,
1657 4995 1778 5048 quae

197 5084 491 5147 peccatum
538 5077 841 5141 interdicit;
879 5075 1039 5131 tertia
1088 5073 1346 5130 festorum
1393 5071 1544 5141 legis,
1575 5071 1630 5126 id
1673 5082 1775 5138 est,

203 5168 458 5235 sabbata,
490 5169 806 5231 neomeniae,
837 5176 892 5223 et
917 5166 1278 5222 circumcisio.

287 5267 455 5323 Vsus.
480 5263 568 5320 l5.
597 5295 665 5305 —
687 5265 762 5319 Ac
785 5264 982 5333 dipsas.
1005 5264 1188 5318 Genus
1215 5262 1414 5333 aspidis
1442 5276 1560 5332 qua:
1585 5260 1776 5317 Latine

207 5362 411 5417 dicitur
439 5355 618 5422 situla,
662 5368 1032 5425 quemcunque
1061 5353 1430 5417 momorderit,
1461 5353 1551 5408 siti
1594 5353 1774 5422 perit;

212 5454 350 5510 adeo
393 5465 558 5523 parva
603 5457 662 5503 ut
707 5463 829 5502 cum
873 5446 1116 5502 calcatur
1160 5460 1267 5500 non
1306 5443 1569 5500 videatur.
1609 5445 1776 5516 Cujus

211 5557 484 5601 venenum
517 5550 642 5597 ante
671 5539 984 5610 exstinguit,
1011 5553 1171 5608 quam
1211 5538 1500 5603 sentiatur,
1531 5551 1634 5593 nec
1673 5537 1774 5592 tri-

199 5636 419 5695 stitiam
449 5635 611 5690 sentit
637 5633 950 5687 moriturus.

284 5728 527 5800 Mystice.
558 5727 704 5782 Varii
742 5730 1015 5794 serpentes
1067 5723 1303 5778 hmreses
1353 5730 1480 5779 sunt
1527 5723 1670 5778 inter
1721 5738 1781 5777 se

213 5819 435 5892 quidem
461 5819 705 5884 diversae,
735 5817 826 5872 sed
852 5829 1039 5872 omnes
1065 5813 1372 5872 mortiferae.

1805 4573 1860 4634 D
1886 4580 2124 4649 subjicit,
2149 4592 2204 4636 et
2256 4586 2403 4639 omni
2455 4589 2697 4643 custodia
2753 4600 2932 4646 servat
2977 4609 3073 4649 cor
3115 4611 3291 4652 suum.
3325 4599 3455 4654 Bina

1887 4685 2100 4741 quoque
2125 4673 2536 4732 circumcisione
2569 4679 2886 4751 indigemus,
2918 4698 2986 4738 ne
3009 4699 3076 4739 ex
3117 4686 3202 4742 his
3242 4703 3456 4758 quaera-

1881 4777 2004 4816 mus
2047 4779 2239 4818 vanam
2269 4767 2514 4837 gloriam,
2545 4785 2611 4824 ne
2658 4769 2788 4826 foris
2815 4774 2994 4829 mundi
3023 4816 3038 4840 ,
3074 4786 3126 4832 et
3171 4779 3316 4835 intus
3358 4781 3458 4835 im-

1883 4855 2068 4909 mundi
2104 4857 2291 4923 simus,
2327 4868 2383 4913 et
2421 4861 2686 4918 simulata:
2713 4867 3016 4923 sanctitatis
3062 4884 3249 4938 ptenas
3286 4873 3452 4928 susti-

1885 4963 2130 5016 neamus,
2155 4951 2298 5024 sicut
2324 4951 2620 5010 Sichimiue
2639 4958 2730 5027 qui
2759 4960 3188 5029 patriarcharum
3218 4965 3452 5019 circum-

1885 5041 2147 5098 cisionem
2187 5044 2378 5098 imitati
2408 5057 2552 5113 sunt,
2577 5065 2682 5104 non
2707 5050 2799 5108 Dei
2842 5068 3045 5120 amore,
3089 5054 3180 5110 sed
3219 5055 3288 5110 ob
3328 5071 3456 5110 cau-

1885 5149 2000 5190 sam
2045 5134 2272 5192 luxuriaa
2319 5152 2335 5191 :
2382 5140 2504 5195 ideo
2542 5141 2676 5196 nihil
2718 5146 2982 5218 mercedis
3024 5146 3449 5216 acquisiverunt,

1883 5229 1977 5282 sed
2017 5229 2104 5284 die
2134 5230 2292 5284 tertia
2325 5232 2464 5286 intra
2502 5234 2737 5292 civitatis
2783 5252 2894 5294 suae
2932 5238 3117 5293 ruinas
3153 5241 3449 5308 perierunt.

1884 5316 2040 5375 Tales
2061 5321 2201 5376 enim
2235 5321 2288 5375 in
2317 5331 2556 5394 tempore
2576 5328 2982 5384 resurrectionis
3008 5331 3304 5397 evacuatis,
3333 5335 3449 5402 qui-

1881 5413 1985 5468 bus
2029 5414 2395 5482 conﬁdebant,
2423 5418 2728 5485 virtutibus,
2754 5421 2808 5475 in
2833 5427 3095 5478 :eternum
3127 5425 3449 5480 moriuntur.

1955 5525 2118 5582 Vens.
2153 5527 2241 5582 22.
2270 5559 2339 5570 --
2365 5528 2752 5586 Descenderam
2774 5540 2949 5601 patres
2969 5533 3047 5588 tui
3066 5534 3121 5588 in
3140 5533 3449 5606 diggptum.

1887 5619 2240 5675 Descenditur
2294 5621 2346 5676 in
2404 5621 2694 5693 Egyptum
2741 5642 2753 5676 :
2805 5622 3003 5679 Facilis
3052 5633 3126 5679 est
3174 5625 3448 5680 descensus

1891 5711 2096 5765 Auerni.
2125 5711 2178 5766 In
2221 5712 2519 5768 Jerusalem
2549 5714 2874 5780 ascenditur,
2901 5715 3024 5783 quia
3057 5722 3205 5768 arcta
3237 5723 3319 5770 est
3360 5715 3443 5774 via

1891 5819 2012 5878 Quae
2033 5807 2179 5864 ducit
2201 5807 2268 5864 ad
2301 5808 2488 5876 vitam,
2512 5815 2566 5863 et
2597 5808 2763 5872 tendit
2784 5809 2837 5868 in
2869 5808 3034 5864 ardua
3067 5806 3237 5870 virtus
