4006 6352
568 380 677 444 465

1179 490 1406 548 CAPUT
1440 488 1530 544 Xl.

637 633 804 692 Vens.
828 635 915 690 10.
941 663 1010 676 —-
1047 631 1124 686 De
1168 647 1273 700 qua
1313 629 1488 683 existi.
1522 624 1718 688 Mente,
1751 622 1889 679 duce
1934 621 2136 692 Moyse,

569 729 628 784 id
652 735 737 782 est
765 726 993 781 docente
1021 722 1134 793 lege
1165 727 1411 776 terrenas
1433 715 1737 786 voluptates
1763 713 2060 783 despicere,
2084 717 2140 766 et

567 831 769 878 terram
797 814 1170 890 promissionis
1194 823 1330 868 duce
1347 809 1474 866 Jesu
1505 797 1728 864 intrare.

639 913 706 968 In
732 918 1023 966 hortorum.
1055 907 1191 974 Quia
1212 902 1457 959 carnales
1487 901 1686 972 quique
1707 903 2029 968 prmsentem
2057 891 2137 948 fe-

565 1005 828 1060 licitatem
865 1009 920 1056 et
975 998 1184 1069 copiam
1230 1008 1413 1050 rerum
1457 989 1837 1062 temporalium
1883 991 2141 1057 appetunt

567 1098 669 1154 sibi
695 1093 1074 1165 multiplicare.

637 1189 803 1244 Vens.
835 1186 918 1239 12.
947 1183 1081 1235 -Α
1119 1179 1373 1252 principio
1420 1177 1562 1231 anni.
1605 1175 1688 1230 Ab
1736 1171 1892 1228 initio
1932 1169 2140 1226 scilicet

565 1283 721 1338 bona:
741 1277 1032 1334 voluntatis
1059 1289 1230 1343 usque
1272 1271 1341 1326 ad
1375 1267 1768 1340 perfectionem
1803 1263 1931 1318 boni
1957 1261 2140 1332 operis

566 1387 786 1428 cursum
821 1369 946 1423 vita:
986 1365 1188 1436 dirigit.
1213 1363 1355 1418 Deus
1398 1361 1534 1415 enim
1564 1367 1637 1412 est
1662 1357 1752 1428 qui
1793 1363 2038 1425 aperatur
2084 1353 2139 1406 in

565 1466 712 1521 nobis
734 1461 860 1518 velle
879 1470 924 1514 et
945 1458 1192 1529 perﬁcere
1218 1472 1311 1526 pro
1345 1455 1477 1508 bona
1501 1449 1766 1504 voluntate
1797 1444 2020 1517 (Philip.
2051 1442 2139 1512 ιι).
2171 1459 2186 1472 ο

634 1556 798 1611 Vens.
827 1553 916 1609 M.
937 1582 1008 1593 —-
1046 1549 1473 1618 Temporaneam,
1499 1542 1765 1609 etc.,Quia
1797 1539 1984 1595 electis
2025 1537 2140 1592 suis

561 1647 744 1718 priore
768 1653 1008 1712 tempore
1031 1639 1164 1710 legis
1191 1636 1524 1692 intellectum
1554 1631 1811 1695 contulit;
1845 1628 2138 1685 serotinam

563 1716 798 1810 pluviam
829 1731 1038 1795 tribuit,
1069 1729 1197 1798 quia
1240 1725 1429 1780 ultimo
1470 1731 1710 1794 tempore
1751 1716 2138 1775 incarnationis

564 1844 675 1886 suae
700 1825 1015 1900 mysterium
1042 1819 1298 1891 patefecit
1327 1817 1502 1873 nobis.
2013 1863 2016 1866 .
2115 1818 2124 1832 '

1059 371 1453 432 WALAFRIDI
1493 365 1740 426 STRABI
1777 365 1980 423 FULD.
2025 365 2190 424 MON.
2226 366 2378 452 OPP.
2420 365 2602 422 PARS
2638 365 2679 421 l.
2722 394 2792 406 —
2831 360 3293 420 THEOLOGICA.

2163 1849 2214 1911 B

3727 363 3828 419 564

2165 489 2220 550 Δ
2246 493 2355 550 tur,
2395 483 2486 556 qui
2526 499 2624 554 per
2665 498 2855 539 omnes
2893 495 3060 535 venas
3107 476 3464 536 diﬂunditur:
3492 479 3676 548 ipsum
3714 480 3832 534 ani-

2241 590 2385 630 mam
2412 583 2591 642 vocat,
2630 576 2684 631 id
2713 583 2817 641 est,
2857 573 3102 644 corporis
3127 573 3317 638 vitam,
3345 585 3467 641 qua:
3496 579 3679 626 morte
3715 571 3830 627 fini-

2241 673 2349 721 tur.
2379 665 2604 736 Mystice
2643 674 2822 720 autem
2866 664 3133 730 innuitur,
3184 670 3244 717 ut
3285 661 3538 717 carnales
3581 662 3831 719 homines

2241 771 2273 810 a
2319 756 2546 826 pristina
2604 755 3015 811 conversatione
3069 753 3412 808 discedentes
3441 793 3458 820 ,
3509 753 3568 808 in
3623 753 3832 808 unitate

2241 843 2365 900 fidei
2415 854 2471 900 et
2522 829 2788 901 bonorum
2815 860 3041 915 operum
3068 843 3356 909 sociantes,
3389 859 3583 898 eorum
3614 859 3831 900 errores

2239 937 2296 992 in
2318 953 2473 994 usum
2491 947 2733 994 nostrum
2761 954 2867 995 non
2893 945 3303 1004 convertemus;
3339 939 3438 993 sed
3459 937 3830 1004 effundamus,

2240 1027 2296 1082 id
2321 1037 2423 1094 est,
2459 1044 2556 1098 per
2583 1028 2978 1084 confessionem
3007 1027 3248 1099 prolatos
3282 1035 3514 1083 terrente
3539 1027 3828 1098 fragilitati

2241 1119 2596 1189 deputemus,
2645 1128 2699 1176 et
2749 1121 2904 1191 quasi
2968 1119 3216 1192 indignos
3269 1119 3402 1176 viris
3450 1119 3828 1190 spiritualibtts

2240 1210 2577 1280 abjiciamus.

2841 1304 3069 1362 CAPUT
3118 1305 3251 1362 XIII.

2311 1437 2474 1492 Vens.
2505 1438 2559 1492 1.
2584 1469 2655 1478 -
2683 1437 2742 1494 Si
2779 1443 3088 1496 surrexerit.
3137 1441 3262 1497 Vult
3299 1442 3550 1514 intelligi,
3601 1459 3669 1500 ea
3709 1460 3830 1515 qua:

2239 1543 2270 1583 a
2298 1527 2496 1598 divinis
2546 1545 2654 1584 non
2701 1533 2995 1586 secundum
3047 1533 3215 1588 Deum
3265 1535 3553 1601 dicuntur,
3603 1535 3826 1592 etiamsi

2236 1619 2536 1685 evenerint,
2568 1635 2676 1675 non
2706 1636 2827 1677 esse
2861 1623 2940 1678 sic
2973 1623 3308 1694 accipienda,
3352 1634 3412 1679 ut
3439 1625 3576 1680 ﬁant
3605 1641 3734 1696 qua:
3763 1627 3829 1681 ab

2236 1708 2317 1764 eis
2342 1709 2728 1779 praedicuntur,
2756 1726 2858 1766 nec
2884 1721 3079 1782 prieter
3105 1722 3425 1784 potestatem
3455 1729 3616 1770 suam
3647 1725 3830 1771 osten-

2239 1798 2320 1854 dit
2345 1814 2488 1866 esse,
2531 1815 2652 1870 qua:
2693 1801 2768 1856 ita
2803 1803 3152 1882 contingunt.
3194 1803 3301 1859 Sed
3338 1819 3512 1875 quare
3541 1807 3830 1876 permittat

636 1921 704 1974 Et
733 1891 1039 1982 serotinum,
1077 1922 1190 1969 etc.
1216 1912 1352 1982 Quia
1393 1909 1686 1966 novissima
1715 1909 1850 1963 hora
1878 1914 1980 1971 est,
2013 1920 2137 1961 cum

2261 1891 2512 1982 supponit,
2558 1893 2627 1948 ad
2668 1895 3101 1963 cognoscendum
3143 1895 3350 1952 scilicet
3395 1906 3666 1966 quantum
3709 1897 3832 1951 dili-

563 2009 876 2087 prtedicatio
905 2008 1020 2079 ejus
1062 2006 1129 2062 ad
1148 2021 1249 2062 nos
1278 2002 1542 2076 pervenit,
1570 2000 1660 2071 qui
1701 1999 1870 2055 dicit:
1900 1995 2138 2087 Elevatio

564 2085 815 2160 manuum
874 2114 1110 2155 mearum
1168 2095 1490 2164 sacriﬁcium
1547 2090 1890 2163 vespertinum
1952 2085 2136 2160 (Psal.

561 2196 710 2266 est)

634 2287 796 2341 Vens.
825 2283 1000 2340 20.—-
1027 2281 1231 2336 Scribes
1254 2297 1314 2335 ea
1339 2293 1495 2350 super
1520 2285 1711 2348 postes.
1739 2275 1922 2346 (Auc.,
1950 2278 2135 2345 quiest.

563 2377 676 2450 17.)
699 2377 812 2432 Hoc
858 2373 1156 2430 secundum
1204 2371 1440 2426 litteram
1493 2383 1560 2422 an
1604 2364 1951 2438 hyperbolica
1984 2378 2137 2420 com-

561 2468 834 2527 mendatio
867 2475 974 2532 est,
1000 2466 1141 2521 sicut
1159 2462 1327 2518 multa
1355 2459 1649 2517 dicuntur?

633 2563 798 2616 Vens.
842 2561 1024 2616 29.-—
1045 2557 1278 2613 Montem
1303 2553 1557 2610 Garizim.
1587 2550 1827 2607 Garizim
1868 2549 2138 2618 interpre-

563 2661 708 2706 tatur
730 2649 934 2705 Divisio
949 2647 1036 2702 vel
1049 2645 1302 2711 Advena;
1334 2642 1524 2706 Hebal,
1542 2642 1754 2710 Vorago
1781 2649 1936 2694 vetus
1966 2637 2136 2692 inter-

559 2750 826 2816 pretatur.
858 2739 962 2807 Qui
999 2738 1146 2792 enim
1175 2753 1203 2791 a
1231 2735 1378 2790 vitiis
1407 2749 1464 2789 se
1503 2740 1777 2804 separant,
1807 2739 1861 2786 et
1891 2743 1954 2785 se
1977 2729 2141 2784 adve-

558 2849 666 2894 nas.
705 2842 761 2890 et
801 2832 1121 2904 peregrinos
1170 2829 1224 2884 in
1270 2831 1374 2884 hoc
1419 2827 1619 2883 mundo
1663 2825 1928 2897 judicent,
1973 2823 2138 2877 etiam

558 2937 814 2985 aternam
851 2931 1128 2980 merentur
1158 2920 1614 2977 benedictionem.
1660 2918 1762 2986 Qui
1789 2932 1920 2972 vero
1949 2916 2004 2972 in
2039 2929 2137 2970 vo-

558 3020 805 3090 raginem
833 3015 1035 3072 veteris
1069 3015 1192 3069 vita:
1215 3027 1274 3068 se
1301 3011 1673 3082 praecipitant,
1705 3007 2014 3065 carnalibus
2047 3006 2140 3062 de-

560 3112 776 3168 sideriis
827 3109 1128 3166 servientes
1151 3147 1166 3174 ,
1217 3115 1431 3162 aeternae
1481 3101 1848 3160 maledictioni
1894 3097 2139 3170 subiace-

559 3205 694 3262 bunt

1091 3309 1096 3314 λ
1159 3285 1387 3345 CAPUT
1423 3284 1534 3341 XII.

634 3446 797 3501 Vens.
854 3443 906 3500 6.
947 3474 1018 3485 ——
1064 3442 1307 3497 Decimus
1353 3449 1401 3495 et
1437 3438 1729 3510 primitias,
1785 3444 1890 3493 etc.
1951 3435 2136 3508 (Auc.,

558 3548 744 3613 quiest.
773 3536 884 3609 18.)
939 3535 1300 3603 Quaerendum
1343 3541 1428 3588 est
1463 3532 1734 3603 quomodo
1765 3527 1954 3598 iubeat
1992 3529 2138 3585 deci-

558 3631 825 3686 mationes
873 3629 1112 3683 omnium
1164 3625 1438 3682 fructuum
1484 3633 1537 3680 et
1561 3623 1834 3694 primitiva
1897 3622 2139 3678 omnium

557 3734 814 3791 pecorum
852 3733 960 3773 non
1001 3716 1346 3778 manducari,
1391 3715 1494 3770 nisi
1539 3715 1592 3768 in
1629 3713 1848 3769 civitate
1876 3712 1968 3766 ubi
2005 3721 2140 3767 tem-

560 3812 706 3883 plum
747 3818 902 3876 erat,
943 3823 1066 3863 cum
1111 3822 1202 3862 eas
1247 3805 1452 3861 Levitis
1499 3805 1615 3860 dari
1667 3804 1722 3858 in
1767 3803 1884 3874 lege
1935 3817 2142 3874 praece-

559 3902 720 3972 perit.

634 3993 797 4047 Vens.
853 3990 936 4044 l5.
965 4020 1022 4028 —
1062 3987 1198 4044 Cave
1249 4003 1311 4041 ne
1355 3987 1568 4055 offeras.
1622 3981 1977 4038 Occasionem
2021 3997 2138 4036 am-

559 4091 713 4156 putat
741 4082 896 4136 idolis
922 4077 1286 4135 sacrificandi.
1321 4077 1446 4130 Ideo
1478 4075 1620 4129 enim
1648 4074 1894 4144 praecipit
1923 4073 1978 4127 in
2005 4082 2142 4128 tern-

558 4174 649 4248 plo
690 4182 748 4229 et
788 4174 852 4226 ad
888 4171 1058 4225 altare
1091 4168 1304 4222 Domini
1352 4167 1558 4221 hostias
1593 4163 1795 4229 ofl‘crri,
1846 4171 1904 4218 ut
1938 4163 2029 4218 ubi
2059 4164 2141 4218 in—

559 4273 709 4336 tegra
755 4271 838 4317 est
883 4260 1096 4329 religio,
1154 4256 1225 4312 ibi
1275 4255 1453 4310 cultus
1483 4269 1756 4325 congruus
1799 4253 2138 4308 exhibeatnr.

557 4355 781 4426 Mystice
833 4360 1012 4406 autem
1063 4350 1239 4404 innuit
1294 4347 1501 4402 nullum
1550 4361 1746 4401 munus
1810 4345 2141 4416 acceptabile

557 4460 680 4502 esse
704 4446 814 4500 Deo
843 4451 994 4499 extra
1026 4441 1357 4498 catholicam
1382 4437 1708 4505 Ecclesiam,
1755 4438 1844 4492 hic
1878 4437 2025 4493 enim
2055 4444 2144 4493 est

556 4535 714 4592 locus
768 4551 928 4604 quem
982 4535 1124 4589 Deus
1175 4532 1356 4604 elegit,
1386 4538 1447 4585 ut
1470 4537 1702 4598 poneret
1741 4543 1938 4585 nomen
1981 4542 2138 4584 suum

559 4626 655 4690 ibi,
685 4633 742 4680 et
765 4625 973 4680 habitet
1013 4625 1066 4678 in
1095 4638 1180 4680 eo.

639 4717 797 4772 Vens.
845 4714 1248 4786 l6.—Absque
1299 4732 1412 4770 esu.
1461 4714 1824 4770 Homicidium
1868 4711 2139 4785 prohibet.

559 4807 794 4880 Sanguis
836 4824 935 4878 pro
978 4808 1156 4862 anima
1188 4809 1429 4878 ponitur,
1465 4809 1589 4877 quia
1644 4807 1800 4863 sedes
1844 4807 2058 4874 animae,
2087 4807 2144 4862 id

554 4908 640 4957 cst
671 4899 917 4952 humanae
942 4898 1083 4964 vita},
1116 4899 1167 4952 in
1201 4900 1467 4970 sanguine
1495 4907 1596 4952 est.

627 4990 788 5045 Vens.
824 4990 908 5043 17.
933 5020 1001 5028 -
1033 4989 1098 5044 In
1138 4991 1362 5060 oppidis.
1409 4990 1466 5043 Id
1512 4998 1613 5055 est,
1643 4990 1853 5046 meritis
1892 4990 1998 5046 tuis
2031 5006 2140 5046 non

557 5081 890 5154 assignabis,
937 5097 1056 5151 qum
1110 5081 1290 5134 divina
1357 5081 1607 5151 largitate
1656 5083 1984 5153 perceperis,
2032 5099 2139 5140 non
2203 5127 2206 5130 ‹

555 5173 761 5227 viribus
803 5173 927 5238 tuis,
977 5173 1070 5226 scd
1100 5171 1232 5235 Deo,
1283 5171 1436 5240 cujus
1472 5187 1696 5228 munere
1729 5174 1833 5228 hoc
1884 5173 2140 5229 habueris

563 5262 704 5334 (Cal.
737 5266 832 5335 VI).

629 5355 792 5410 Vens.
821 5356 1006 5410 95.—
1033 5355 1148 5409 Iloc
1197 5354 1366 5410 solum
1409 5373 1551 5411 cave.
1600 5355 1679 5411 Ad
1725 5357 1964 5413 litteram
2008 5372 2140 5428 apo-

557 5445 679 5502 stoli
725 5448 830 5503 hoc
870 5456 1285 5517 praaceperunt:
1319 5447 1388 5501 Et
1432 5447 1486 5502 in
1513 5447 1776 5519 sanguine
1820 5448 2138 5518 prohibetur

556 5539 928 5605 homicidium,
961 5550 1015 5593 et
1043 5538 1226 5594 odium
1265 5537 1514 5593 fratrum.
1565 5537 1668 5606 Qui
1696 5539 1840 5594 enim
1879 5539 1993 5594 odit
2018 5538 2131 5595 fra-

559 5641 695 5688 trem
725 5648 880 5688 suum
917 5631 1188 5686 homicida
1215 5640 1298 5685 est
1328 5629 1560 5702 (lJoan.
1600 5631 1708 5702 ιιι).

630 5726 860 5796 Sanguis
901 5725 1036 5780 enim
1088 5741 1288 5779 eorum.
1343 5724 1476 5792 Quia
1517 5725 1734 5797 aliquod
1771 5725 1937 5780 vitale
1965 5733 2049 5781 est
2082 5725 2137 5782 in

562 5816 843 5888 sanguine,
871 5825 925 5870 et
959 5830 1057 5887 per
1088 5815 1260 5894 ipsum
1293 5815 1526 5875 maxime
1571 5816 1624 5872 in
1663 5816 1764 5872 hac
1811 5830 1976 5872 carne
2002 5816 2137 5872 vivi-

2237 1989 2368 2052 gant
2409 1981 2580 2038 Deum
2633 1983 2936 2040 servientes
2989 1986 3159 2057 ipsis,
3213 2001 3321 2042 non
3375 1987 3450 2042 illi
3497 1988 3594 2058 qui
3648 1989 3831 2044 omnia

2235 2074 2403 2130 novit.

2814 2166 3040 2224 CAPUT
3078 2167 3215 2224 XIV.

2307 2307 2471 2362 Vens.
2502 2306 2553 2360 1.
2585 2334 2656 2346 --
2685 2303 2808 2360 Νοη
2831 2321 2918 2360 vos
2949 2304 3207 2360 incidetis.
3239 2303 3422 2374 Usque
3449 2303 3618 2362 hodie
3651 2304 3836 2362 multa

2236 2409 2425 2474 gentes
2455 2397 2698 2454 incidunt
2725 2412 2783 2453 se
2817 2397 2870 2452 in
2907 2397 3189 2452 funeribus
3224 2377 3586 2451 mortudrum.
3633 2397 3791 2453 Unde
3819 2416 3832 2452 :

2239 2490 2364 2546 Non
2394 2505 2484 2543 vos
2514 2487 2892 2542 contristemini
2927 2487 3060 2542 sicut
3089 2495 3136 2540 et
3172 2487 3378 2550 cwteri,
3417 2487 3508 2556 qui
3539 2503 3689 2553 spem
3737 2505 3838 2541 non

2237 2585 2446 2640 habent.
2479 2582 2606 2638 Haec
2633 2589 2814 2637 autem
2849 2579 3060 2646 facere,
3084 2594 3272 2636 eorum
3295 2588 3380 2636 est
3411 2581 3506 2649 qui
3541 2581 3838 2652 desperant

2239 2679 2306 2735 de
2327 2675 2748 2732 resurrectione.

2309 2769 2420 2824 Nec
2456 2767 2679 2838 facietis.
2728 2763 2920 2837 Capilli
2973 2767 3158 2837 capitis
3204 2767 3362 2821 vestri
3407 2767 3678 2820 numerati
3721 2778 3838 2821 sunt

2241 2858 2452 2932 (Matth.
2479 2857 2555 2929 ιι),
2591 2857 2646 2912 id
2689 2865 2774 2912 est
2796 2857 3183 2928 cogitationes,
3225 2873 3362 2927 quas
3398 2873 3506 2913 non
3527 2867 3754 2928 oportet
3776 2861 3840 2914 ab

2238 2953 2522 3007 honestate
2555 2949 2751 3019 capitis
2795 2947 3011 3004 auferre
3057 2959 3113 3004 et
3153 2949 3368 3006 diabolo
3418 2948 3656 3016 offerre,
3703 2951 3842 3006 sicut

2237 3043 2457 3114 quidam
2473 3041 2784 3113 corporales
2805 3041 3027 3112 capillos
3053 3041 3270 3097 diabolo
3293 3042 3547 3097 oll'erunt.

2312 3136 2476 3192 Vens.
2525 3134 2579 3188 3.
2625 3161 2695 3174 —-
2745 3133 2828 3187 Ne
2872 3133 3175 3187 comedatis.
3227 3133 3495 3187 Animalia
3555 3132 3842 3188 immunda

2163 3210 2208 3274 (ἶ
2240 3239 2399 3296 sunt,
2432 3228 2527 3284 sed
2552 3243 2671 3298 qua:
2707 3224 3064 3298 significando
3100 3225 3450 3296 exprimunt,
3493 3239 3719 3292 mores,
3743 3225 3843 3280 sci-

2238 3323 2366 3379 licet
2389 3320 2695 3386 hominum,
2722 3326 2777 3375 et
2805 3327 2958 3373 actus
2976 3358 2992 3384 ,
3023 3325 3079 3372 et
3107 3317 3432 3374 voluntates.

2307 3413 2472 3468 Vens.
2518 3411 2573 3466 5.
2609 3441 2681 3451 —
2727 3408 3244 3479 Camelopardalum.
3291 3407 3394 3475 Qui
3435 3422 3573 3463 anns
3607 3408 3844 3463 maculis

2236 3519 2550 3576 respersus,
2577 3501 2753 3572 capite
2780 3501 2986 3557 camelo
3011 3499 3234 3564 similis,
3264 3499 3400 3555 collo
3435 3499 3666 3570 equino,
3691 3501 3842 3569 pedi-

2237 3598 2340 3654 bus
2375 3593 2605 3659 bubalo,
2658 3607 2756 3664 per
2799 3599 2994 3648 caetera
3039 3591 3244 3662 pardus
3280 3609 3292 3644 :
3325 3591 3379 3646 in
3408 3589 3706 3662 Ethiopia
3747 3605 3844 3646 na-

2241 3689 2432 3744 scitur.

2311 3777 2477 3832 Omne
2498 3774 2698 3830 animal
2728 3774 2867 3846 quod
2906 3774 2961 3828 in
3000 3775 3154 3829 duas.
3202 3774 3328 3829 Illos
3361 3774 3555 3843 recipit
3589 3773 3842 3831 Ecclesia

2239 3877 2294 3926 et
2320 3867 2577 3924 membris
2618 3865 2732 3920 suis
2773 3866 3119 3935 incorporat,
3161 3866 3255 3935 qui
3290 3864 3543 3936 ungulam
3587 3864 3842 3926 ﬁndunt,

2241 3962 2333 4034 qni
2379 3959 2762 4016 discretionem
2787 3958 2914 4012 boni
2943 3967 3000 4013 et
3027 3959 3152 4012 mali
3188 3959 3392 4013 habere
3415 3957 3617 4022 sciunt,
3657 3968 3722 4012 et
3755 3960 3844 4029 qui

2243 4053 2516 4106 ruminant
2533 4091 2547 4116 ,
2575 4050 2628 4104 id
2663 4056 2748 4104 est
2770 4049 3100 4103 meditantur
3131 4049 3185 4102 in
3211 4049 3328 4117 lege
3353 4049 3440 4103 die
3463 4064 3526 4102 ac
3551 4057 3740 4103 nocte.

2314 4144 2482 4198 Vens.
2515 4142 2569 4196 6.
2595 4173 2661 4182 -—
2689 4140 2845 4207 Quod
2875 4142 2931 4194 in
2957 4141 3088 4195 duas
3115 4150 3313 4210 partes.
3343 4140 3446 4207 Qui
3484 4139 3702 4195 scilicet
3741 4140 3845 4196 duo

2244 4240 2570 4287 testamenta
2613 4231 2914 4302 suscipiens
2940 4231 3099 4286 ﬁrmo
3126 4231 3297 4302 gradu
3317 4229 3544 4299 iustitia:
3582 4239 3641 4286 et
3691 4233 3846 4288 inno-

2243 4323 2436 4379 centiae
2469 4337 2588 4378 sese
2612 4323 2894 4377 constituit

2311 4413 2478 4468 Vens.
2506 4413 2559 4467 7.
2583 4443 2652 4452 —
2675 4411 3225 4468 CamelumJudzeum
3258 4413 3350 4483 qui
3391 4412 3567 4485 liquat
3587 4413 3840 4480 culicem,

2243 4515 2298 4562 et
2327 4507 2481 4578 glutit
2529 4506 2830 4572 camelum,
2873 4505 2966 4576 qui
3003 4505 3242 4560 litteram
3285 4506 3557 4570 ruminat,
3597 4507 3700 4561 sed
3740 4521 3844 4562 non

2167 4579 2224 4641 D
2246 4599 2408 4654 habet
2449 4598 2634 4655 fissam
2671 4598 2959 4668 ungulam,
3002 4597 3130 4668 quia
3153 4614 3185 4652 a
3216 4598 3409 4669 spiritu
3451 4597 3696 4653 litteram
3739 4613 3840 4653 non

2244 4692 2436 4768 dividit
2455 4733 2469 4759 ,
2497 4692 2553 4747 hi
2584 4699 2712 4746 sunt
2732 4692 2924 4747 scrist
2946 4699 3002 4747 et
3022 4691 3300 4747 Pharisaei.

2315 4783 2585 4854 Leporem.
2612 4783 2718 4838 Per
2757 4783 3147 4855 chremgyllnm
3177 4793 3233 4837 et
3265 4783 3508 4852 leporem
3539 4782 3840 4838 multitudi-

2243 4891 2366 4932 nem
2389 4875 2660 4946 significat
2679 4873 3010 4941 Judaeornm,
3047 4886 3336 4944 utrumque
3358 4875 3507 4930 enim
3528 4874 3736 4929 animal
3753 4877 3838 4930 de-

2246 4967 2355 5023 bile
2389 4976 2446 5023 et
2474 4967 2769 5023 infirmum.

2321 5079 2459 5144 Quia
2491 5079 2777 5134 ruminant.
2815 5078 3110 5134 Ruminant
3143 5077 3312 5134 Judazi
3346 5079 3513 5133 verba
3551 5078 3718 5150 legis,
3744 5079 3834 5134 sed

2247 5171 2500 5242 ungulam
2527 5187 2635 5226 non
2661 5171 2934 5238 dividunt,
2959 5172 3082 5241 quia
3107 5171 3160 5226 in
3184 5170 3401 5226 Patrem
3424 5180 3482 5225 et
3511 5168 3710 5224 Filium
3731 5182 3832 5222 non

2242 5265 2506 5329 credunt,
2568 5277 2669 5318 nec
2719 5263 2824 5318 duo
2891 5271 3210 5318 testamenta
3266 5261 3556 5332 recipiunt.
3610 5260 3831 5326 Quidam

2243 5364 2420 5410 autem
2451 5354 2694 5410 haeretici
2719 5354 2976 5425 ungulam
3004 5354 3245 5419 findunt,
3279 5353 3376 5408 sed
3401 5352 3708 5407 doctrinam
3743 5366 3830 5406 ve

2242 5449 2418 5504 ritatis
2438 5450 2493 5504 in
2517 5464 2613 5504 ore
2637 5464 2744 5503 non
2771 5448 3046 5504 ruminant
3074 5446 3259 5520 (Leuit.
3287 5447 3386 5521 ιιι).

2312 5539 2478 5594 Vens.
2503 5539 2558 5594 9.
2579 5570 2651 5580 —
2682 5537 2810 5594 Htec
2857 5538 3138 5592 comedetis
3180 5553 3244 5592 ea:
3290 5535 3531 5590 omnibus
3571 5549 3689 5606 qua:
3717 5547 3826 5586 mo-

2242 5642 2426 5688 ventur
2452 5633 2508 5687 in
2541 5634 2712 5704 aquis.
2762 5633 2867 5688 Per
2894 5633 3009 5688 haec
3033 5631 3261 5704 gentiles
3299 5629 3692 5700 intelliguntur,
3733 5625 3826 5696 qui

2243 5723 2299 5780 in
2327 5724 2482 5794 aquis
2513 5724 2764 5794 baptismi
2799 5731 3177 5779 renascuntur.

2313 5813 2444 5881 Qua:
2481 5815 2671 5874 habent
2717 5814 2979 5871 pinnulas.
3015 5814 3332 5872 Meditantes
3379 5815 3550 5886 legem
3594 5812 3826 5868 vittas:-
