4006 6352
200 337 312 392 465

1210 338 1476 398 GLOSSA
1514 337 1916 397 ORDINARIA.
1956 370 2026 380 —
2063 339 2193 396 LIB.
2235 339 2444 397 DEUT.

3366 344 3475 401 466

195 457 388 513 blimis
411 465 466 512 et
496 454 763 521 ctelestis;
810 454 938 526 quia
976 453 1278 526 ignorantia
1309 455 1503 510 divinae
1537 454 1670 527 legis
1707 453 1796 510 diu
1820 455 1876 519 Δ
1901 456 2086 524 caelis,
2141 467 2200 512 ut
2239 459 2567 528 recipiantur
2607 459 2661 513 in
2700 466 2898 514 aeterna
2952 457 3324 526 tabernacula,
3380 462 3473 518 ubi

195 553 254 607 in
284 551 542 623 gentibus
573 550 784 616 fuerat,
837 548 1086 620 pinnulas
1124 557 1177 603 et
1216 563 1468 619 squamas
1505 548 1747 622 adjungit
1777 567 1789 604 :

194 643 344 699 sicut
366 643 515 698 enim
543 643 723 713 pisces
755 641 1022 711 squamati
1050 649 1176 696 sunt
1197 641 1506 710 etpinnati,
1549 641 1629 697 sic
1669 640 1792 712 qui-

192 735 305 791 bus
333 743 417 792 est
443 734 750 808 ignorantia
783 732 1139 804 temporalis,
1185 733 1294 790 cito
1339 733 1556 789 additur
1603 732 1790 804 cogni-

192 828 276 884 tio
303 828 553 884 sublimis
583 834 640 882 et
664 825 789 880 vita:
818 824 1076 881 caelestis.

265 919 436 974 Vens.
464 918 550 974 12.
580 948 652 957 —
682 914 748 970 Et
777 917 1043 988 gryphem.
1071 915 1202 984 Quae
1225 925 1308 972 est
1333 914 1671 986 quadrupes,
1695 929 1787 970 ca-

187 1016 310 1086 pite
337 1023 394 1070 et
423 1014 523 1069 alis
572 1012 764 1084 aquilae
813 1013 1034 1078 similis,
1088 1012 1298 1081 reliquo
1337 1025 1563 1081 corpore
1611 1007 1785 1076 leoni,

189 1115 250 1159 et
269 1105 511 1161 abundat
539 1105 593 1158 in
623 1103 984 1175 Hyperboreis
1029 1101 1333 1168 montibus,
1365 1101 1520 1171 equis
1554 1099 1788 1154 maxime
1871 1129 1881 1140 -

191 1193 409 1249 infensa
431 1202 485 1248 et
512 1193 841 1247 hominibus.

265 1285 433 1342 Vens.
469 1283 558 1338 15.
597 1313 668 1322 —
699 1281 1081 1338 Strat/tionem.
1119 1283 1222 1349 Qui
1263 1297 1294 1336 a
1318 1291 1465 1338 terra
1495 1297 1606 1338 non
1639 1280 1786 1337 leva-

193 1386 307 1440 tur,
334 1377 428 1431 sed
450 1374 800 1430 saecularibus
825 1373 1056 1445 negotiis
1089 1373 1419 1444 implicatur.

269 1466 558 1520 Noctuam.
600 1466 730 1533 Quae
778 1465 832 1519 in
873 1474 1030 1520 nocte
1079 1474 1235 1520 acute
1274 1465 1446 1530 videt,
1489 1472 1544 1520 et
1579 1477 1685 1520 non
1727 1462 1782 1518 in

189 1559 302 1614 die.
351 1558 504 1613 Sicut
566 1558 658 1628 qui
687 1557 910 1612 scientia
952 1557 1087 1629 legis
1124 1557 1443 1629 gloriantur,
1499 1565 1554 1612 et
1606 1556 1781 1612 lucem

191 1648 472 1719 Evangelii
499 1664 606 1703 non
629 1649 868 1718 capiunt.

263 1739 486 1795 Larum.
513 1738 616 1806 Qui
644 1746 706 1793 ut
748 1739 864 1795 avis
912 1738 1086 1806 volat,
1118 1747 1180 1794 ut
1207 1738 1443 1810 aquatile
1470 1745 1649 1804 natat,
1687 1739 1780 1808 qui

191 1834 406 1889 scilicet
443 1832 910 1888 circumcisionem
948 1841 1240 1888 veneratur
1269 1840 1322 1888 et
1348 1831 1635 1901 baptisma.
1685 1830 1787 1884 Ta-
1813 1813 1862 1873 Β

189 1923 337 1979 libus
377 1923 576 1978 Paulus
601 1923 720 1976 ait:
756 1921 816 1978 Si
851 1922 1288 1977 circumcidimini
1311 1963 1324 1988 ,
1371 1919 1609 1977 Christus
1649 1920 1788 1976 vobis

189 2029 300 2069 non
327 2015 536 2086 prodest
561 2013 703 2086 (Gal.
735 2013 812 2086 v).

263 2107 610 2178 Accipitrem,
661 2115 766 2162 etc.
817 2105 920 2174 Qui
959 2107 1228 2165 mansueti
1260 2107 1540 2173 videntur,
1573 2106 1666 2164 sed
1689 2122 1787 2179 po-

186 2197 432 2252 tentibus
456 2205 511 2253 et
536 2198 718 2253 avaris
753 2197 1048 2253 sociantur.

261 2287 431 2344 Vens.
465 2287 552 2344 16.
585 2319 656 2329 —
685 2289 920 2360 Cygnum
944 2301 990 2343 et
1011 2289 1140 2345 ibin.
1174 2289 1267 2344 liae
1310 2289 1454 2362 longi
1485 2287 1607 2345 colli
1630 2304 1782 2355 esse,

189 2389 248 2436 et
285 2382 468 2437 cibum
499 2383 565 2437 de
591 2380 858 2452 profundo
899 2391 1053 2436 terra:
1101 2381 1318 2436 trahere
1351 2381 1600 2437 dicuntur
1637 2395 1652 2434 :
1685 2395 1783 2436 nos

186 2484 378 2531 autem
402 2475 659 2531 debemus
689 2491 930 2545 quaerere
959 2491 1150 2546 panem
1176 2477 1268 2546 qui
1304 2477 1370 2531 de
1403 2477 1541 2532 coelo
1567 2476 1784 2532 descen-

186 2566 306 2634 dit,
347 2583 446 2623 nec
480 2581 599 2623 esse
632 2565 848 2622 solliciti
891 2566 1018 2637 quid
1067 2567 1449 2622 manducemus
1483 2565 1665 2637 (Joau.
1693 2581 1775 2620 vt'

191 2661 389 2716 Matth.
418 2662 494 2734 γι)

263 2754 431 2810 Vens.
477 2755 564 2810 17.
600 2785 667 2795 —
712 2754 1128 2826 Nycticaracem.
1169 2754 1300 2822 Qua:
1351 2761 1509 2809 nocte
1546 2752 1686 2823 repit
1723 2760 1779 2808 et

187 2856 470 2918 operatur,
511 2847 824 2918 signiﬁcans
867 2861 960 2903 eos
987 2847 1081 2918 qui
1122 2847 1296 2902 noctis
1339 2846 1592 2917 operibus
1629 2845 1777 2900 dedi-

188 2948 408 3006 cantur,
439 2955 560 3010 quae
595 2949 722 2995 sunt
751 2939 1036 2997 fornicatio
1058 2979 1072 3003 ,
1103 2939 1472 3006 immunditia,
1511 2937 1774 2994 idolorum

186 3029 374 3085 cultus
401 3039 457 3086 et
484 3031 700 3085 similia.

260 3121 429 3178 Vens.
464 3123 549 3178 18.
575 3153 646 3162 —
676 3120 932 3192 Upupam.
972 3120 1102 3188 Quae
1130 3119 1333 3178 luctum
1369 3129 1533 3176 amat.
1577 3119 1771 3176 Smculi

182 3324 309 3362 mus
346 3308 401 3361 in
435 3307 660 3363 Domino
701 3307 959 3378 gaudere,
1011 3307 1066 3360 in
1109 3304 1348 3360 omnibus
1380 3305 1576 3376 gratias
1621 3321 1772 3375 agere

184 3402 277 3473 (II
302 3401 428 3456 Cor.
455 3418 568 3468 vn;
606 3401 636 3456 Ι
666 3401 821 3457 Thes.
860 3401 932 3474 v).

270 3493 724 3565 Vespertilionem,
765 3504 869 3549 etc.
899 3492 1030 3561 Qua:
1067 3493 1215 3548 circa
1249 3500 1452 3546 terram
1498 3490 1670 3558 volat,
1717 3499 1774 3548 et

181 3584 386 3656 pennis
414 3583 672 3640 ambulat.
717 3583 913 3640 Nostra
961 3591 1143 3639 autem
1171 3581 1512 3639 conversatio
1535 3581 1591 3636 in
1621 3582 1774 3639 caelis

184 3679 353 3734 debet
380 3693 502 3735 esse
526 3677 696 3750 (Phil.
731 3677 836 3751 ιιι).

260 3770 430 3825 Vens.
483 3771 573 3825 21.
625 3801 697 3811 —
741 3770 1011 3842 Quidquid
1063 3779 1258 3824 autem.
1306 3767 1529 3844 Mystice
1590 3768 1774 3839 praeci-

180 3864 338 3935 pitur
365 3863 732 3922 ecclesiastico
762 3862 910 3935 virof,
951 3873 1010 3920 ut
1043 3879 1102 3920 se
1143 3864 1197 3918 in
1225 3863 1510 3918 sanctitate
1554 3869 1770 3929 servet,

181 3968 243 4014 et
290 3974 508 4014 omnem
551 3959 758 4028 peccati
799 3957 1196 4014 immunditiam
1253 3957 1486 4023 devitet,
1533 3956 1773 4028 peregri-

186 4072 359 4121 num,
415 4055 468 4110 id
494 4063 610 4122 est,
660 4054 912 4126 gentilem
956 4055 1010 4111 in
1053 4053 1167 4110 suis
1193 4052 1442 4108 sordibus
1492 4065 1772 4106 remanere

179 4145 490 4217 permittat.

262 4236 548 4308 Peregrina
577 4239 668 4308 qui
695 4239 832 4293 intra
858 4246 1034 4308 portas
1047 4245 1163 4290 tuas
1175 4245 1268 4290 est.
1283 4233 1459 4303 Quasi'
1471 4233 1694 4305 paganis
1719 4242 1774 4288 et

183 4332 462 4386 hareticis
481 4331 756 4386 immunda
783 4332 1042 4402 relinque.
1062 4331 1198 4387 Hinc
1223 4331 1493 4386 daemones
1515 4331 1568 4384 in
1595 4329 1772 4384 Evan-

181 4421 332 4492 gelio
352 4423 737 4491 permittuntur
759 4423 836 4477 ire
883 4423 936 4476 in
975 4437 1190 4493 gregem
1235 4437 1520 4493 porcorum
1551 4420 1768 4491 (Matth.

1798 3172 1846 3236 C

182 3224 373 3270 autem
415 3216 633 3271 tristitia
673 3226 902 3271 mortem
935 3203 1193 3284 operatur
1229 3233 1244 3268 ε
1281 3213 1394 3268 Nos
1446 3230 1565 3269 vero
1621 3213 1771 3268 debe—
1798 3203 1856 3252 νη

1896 549 2220 620 epulandum
2247 559 2304 607 et
2327 551 2624 608 laetandum
2665 565 2787 606 cum
2821 551 3044 618 amicis,
3077 551 3130 606 id
3160 559 3244 607 est
3271 553 3474 610 sanctis

1894 649 1950 696 et
1977 641 2165 698 electis
2189 643 2304 698 Dei.

1965 748 2128 805 Vens.
2159 750 2251 805 26.
2277 781 2348 791 —
2370 750 2442 805 Et
2462 767 2596 806 emes
2623 766 2689 807 ea:
2711 751 2890 810 eadem
2933 751 3173 821 pecunia,
3212 757 3319 807 etc.
3351 749 3473 822 Spi-

1892 841 2162 899 ritualiter
2194 842 2528 914 praecipitur,
2551 851 2613 898 ut
2641 858 2854 914 semper
2892 842 3050 898 bonis
3085 843 3341 914 operibus
3389 842 3472 897 in-

1891 933 2177 999 sistamus,
2203 942 2470 1004 quatenus
2511 941 2635 1004 post
2658 935 2799 989 hanc
2827 933 2996 989 vitam
3029 934 3099 989 ad
3124 934 3343 990 domum
3373 947 3472 990 no-

1889 1033 2058 1082 stram
2075 1067 2089 1092 ,
2123 1026 2179 1081 id
2201 1034 2285 1082 est
2320 1027 2388 1082 ad
2413 1026 2691 1082 caalestem
2717 1026 2944 1098 patriam
2969 1033 3324 1082 revertamur.

1959 1139 2122 1195 Vens.
2143 1138 2232 1194 28.
2261 1169 2330 1178 -—
2352 1135 2527 1192 Aliam
2556 1129 2832 1201 decimam.
2863 1137 3031 1192 Extra
3063 1137 3238 1201 illam,
3265 1135 3474 1194 scilicet

1887 1247 2047 1302 quam
2071 1231 2386 1286 amanducas
2406 1245 2528 1285 cum
2562 1230 2665 1287 tuis
2692 1237 2747 1284 et
2775 1228 3006 1294 Levitis,
3047 1228 3103 1284 in
3150 1228 3269 1285 loco
3307 1241 3470 1298 quem

1885 1324 2109 1395 elegerit
2132 1323 2407 1378 Dominus.

1955 1433 2118 1489 Vens.
2145 1434 2235 1490 29.
2259 1465 2330 1474 —
2356 1433 2636 1506 Venietque
2662 1433 2877 1490 Levites.
2908 1432 3192 1490 Manifesta
3233 1432 3471 1489 ostendit

1883 1525 2025 1580 hanc
2065 1524 2328 1579 decimam
2367 1508 2475 1579 non
2514 1538 2633 1579 esse
2661 1525 2711 1579 ei
2733 1524 2826 1594 qui
2857 1522 3015 1578 offert
3059 1521 3468 1578 communican-

1887 1617 2036 1682 dam,
2065 1617 2160 1672 sed
2207 1625 2413 1671 tantum
2441 1615 2546 1671 illis
2578 1617 2774 1687 quibus
2815 1617 3072 1688 praecepit
3117 1613 3364 1686 erogari,
3409 1611 3466 1670 in

1881 1708 2076 1781 quibus
2095 1707 2360 1779 praecipue
2381 1707 2600 1763 Leviten
2629 1706 2826 1778 posuit.

2483 1862 2712 1920 CAPUT
2742 1863 2852 1921 XV.

1956 1994 2118 2052 Vens.
2150 1995 2276 2050 1.-
2301 1995 2530 2068 Septimo
2579 2015 2737 2053 anno.
2762 1999 2820 2053 In
2851 1998 2955 2055 hoc
2987 1999 3162 2070 capite
3199 1998 3372 2071 pietas
3406 2005 3463 2054 et

1885 2087 2100 2144 dilectio
2124 2089 2554 2156 commendatur,
2611 2099 2674 2145 ut
2711 2091 2973 2162 proximis
2996 2093 3370 2157 misercamur.
3407 2099 3462 2146 et

1883 2179 2165 2247 prtemium
2220 2195 2251 2234 a
2303 2179 2528 2235 Domino
2579 2190 2972 2251 exspectemus.
3004 2182 3271 2253 Tempore
3317 2183 3461 2238 enim

1884 2283 1985 2324 suo
2020 2279 2286 2326 metemus
2335 2286 2441 2326 non
2479 2271 2812 2338 deﬁcientes,
2851 2275 2918 2341 si,
2967 2274 3092 2330 dum
3121 2284 3332 2345 tempus
3365 2274 3462 2329 ba-

1883 2359 2094 2426 bemus,
2128 2376 2413 2430 operemur
2441 2362 2640 2418 bonum
2669 2365 2734 2418 ad
2764 2380 2969 2428 ntuues,
3016 2366 3250 2422 maxime
3278 2375 3458 2420 autem

1883 2453 1950 2508 ad
1992 2453 2317 2508 domesticos
2340 2453 2465 2509 ﬁdei
2507 2454 2558 2524 (1
2588 2455 2719 2510 Tim.
2753 2459 2839 2527 v);
2895 2457 3071 2512 unde:
3129 2457 3387 2512 Dimittite
3411 2470 3460 2512 et

1881 2545 2171 2601 dimittetur
2209 2546 2378 2613 vobis,
2419 2547 2540 2602 date
2583 2558 2630 2603 et
2659 2550 2872 2603 dabitur
2913 2551 3054 2606 vobis
3100 2551 3250 2623 (Luc.
3281 2554 3380 2624 γι).

1951 2656 2182 2726 Septimo
2209 2675 2370 2713 anno.
2409 2658 2543 2727 Quia
2567 2659 2621 2713 in
2652 2660 2951 2731 septiformi
2980 2660 3183 2732 Spiritu
3206 2662 3458 2718 remissio

1878 2754 1980 2802 est.
2027 2749 2225 2804 Omnes
2258 2764 2395 2819 pene
2445 2749 2577 2820 legis
2622 2750 2988 2807 solemnitates
3043 2752 3099 2806 in
3145 2753 3456 2824 septenario

1878 2853 2104 2895 numero
2131 2849 2294 2896 sunt:
2344 2842 2626 2896 sabbatum
2665 2843 2807 2897 enim
2848 2843 2902 2897 in
2927 2843 3012 2899 dic
3055 2845 3283 2914 septima
3325 2856 3452 2912 est;

1877 2940 1932 2986 et
1957 2931 2272 2989 Pentecoste
2299 2932 2464 2989 ﬁnitis
2489 2945 2690 3004 septem
2721 2936 3171 3004 hebdomadibus;
3196 2937 3456 3008 septimus

1876 3039 2090 3095 quoque
2110 3039 2282 3081 annus
2307 3026 2638 3092 celebratur;
2665 3036 2720 3082 et
2741 3026 2991 3096 jubilaeus
3020 3029 3219 3100 septies
3243 3039 3451 3102 septem

1877 3117 2035 3172 annis
2063 3117 2323 3173 succedit.
2653 3115 2657 3118 ⁴

1948 3229 2111 3286 Vens.
2140 3231 2175 3286 5
2200 3259 2271 3270 -
2299 3230 2342 3284 Α
2383 3231 2672 3301 peregrino.
2720 3230 2871 3286 Licet
2909 3231 3018 3286 sint
3037 3247 3227 3288 omnes
3264 3235 3449 3302 proxi-

1874 3325 1948 3378 mi
1977 3322 2166 3388 nostri,
2208 3322 2440 3376 maxime
2470 3334 2646 3376 tamcn
2693 3321 2798 3378 illis
2837 3324 3206 3380 misericordia
3239 3325 3451 3397 impen-

1875 3411 2044 3469 denda
2070 3421 2174 3478 est,
2228 3411 2320 3482 qui
2355 3411 2555 3468 Christi
2581 3421 2707 3468 sunt
2733 3414 3012 3470 nobiscum
3053 3416 3313 3471 membra.
3348 3417 3453 3484 Qui

1873 3505 2010 3560 enim
2033 3503 2183 3558 habet
2207 3504 2551 3558 substantiam
2572 3503 2774 3568 mundi,
2802 3514 2849 3558 et
2880 3505 3036 3575 fratri
3063 3506 3316 3578 indigemi
3347 3525 3450 3563 non

1874 3596 2142 3668 impendit,
2165 3596 2424 3667 quomodo
2452 3605 2625 3651 manet
2651 3597 2707 3650 in
2731 3613 2790 3650 eo
2813 3597 3040 3653 charitas
3054 3597 3150 3653 Dei
3166 3599 3192 3653 1’
3210 3598 3262 3672 (Ι
3287 3599 3446 3654 Joau.

1873 3690 1981 3759 ιιι.)

1943 3805 2107 3862 Vens.
2137 3806 2189 3861 6.
2213 3837 2283 3847 —
2308 3803 2632 3860 Faenerabis.
2666 3804 2828 3873 Quasi
2872 3824 2884 3860 :
2924 3805 3088 3862 ditior
3118 3807 3228 3864 eris
3275 3808 3450 3865 omni-

1871 3903 1974 3958 bus
2013 3901 2282 3974 gentibus.
2320 3898 2563 3955 Ecclesia
2601 3913 2814 3969 quoque
2843 3899 3079 3954 abundat
3109 3899 3444 3970 spiritalibus

1872 3992 2073 4048 divitiis
2103 4009 2116 4046 :
2156 3991 2270 4061 ipsa
2296 3989 2474 4054 docet,
2508 4003 2607 4045 nec
2635 3988 2798 4044 habet
2829 4003 3048 4045 necesse
3079 3988 3278 4045 doceri.

1945 4107 2104 4162 Vens.
2137 4105 2191 4160 9.
2230 4135 2299 4144 -—
2335 4100 2488 4158 Cave.
2532 4101 2711 4175 (Anc.,
2759 4111 2942 4173 qurest.
2973 4102 3087 4174 21.)
3126 4101 3270 4158 LXX
3303 4119 3317 4158 :
3360 4105 3449 4158 Λι-

1873 4200 2023 4254 tende
2051 4198 2142 4252 tibi
2164 4198 2282 4268 ipsi,
2340 4213 2403 4250 ne
2435 4195 2531 4264 ﬁat
2564 4195 2773 4249 verbum
2811 4193 3090 4258 occultum,
3120 4195 3252 4259 ctc.',
3287 4213 3448 4264 usque

1873 4292 1940 4347 ad
1979 4293 2025 4347 si
2059 4289 2350 4346 crudeliter
2391 4288 2589 4360 cogitat
2641 4286 2732 4342 illo
2779 4295 3018 4356 tempore
3062 4285 3296 4339 dandum
3338 4301 3445 4342 nou

1873 4400 2014 4448 esse,
2043 4399 2149 4454 quo
2175 4381 2407 4436 dandum
2431 4387 2515 4434 est
2540 4379 2564 4430 ?

183 4511 333 4579 vm),
372 4519 428 4566 et
452 4513 648 4568 dicitur
677 4531 689 4566 :
717 4511 844 4568 Sine
873 4521 1107 4568 mortuos
1141 4511 1357 4582 sepelire
1388 4521 1619 4564 mortuos
1644 4526 1766 4565 suos

1946 4496 2110 4550 Vens.
2153 4493 2244 4550 12.
2290 4523 2359 4532 ——
2405 4489 2535 4545 Cum
2575 4490 2668 4542 tibi
2712 4489 2966 4553 venditus,
3013 4495 3118 4543 etc.
3174 4488 3347 4561 (1510.)
3387 4489 3441 4544 Si

181 4601 344 4671 (Luc.
371 4604 469 4672 Ix).

257 4691 329 4746 In
366 4691 530 4757 tacte,
563 4693 923 4749 mediocribus
955 4693 1252 4764 disciplinis
1273 4734 1286 4758 ,
1318 4693 1415 4750 sed
1450 4691 1766 4749 austeriori-

176 4783 318 4848 bus,
348 4791 408 4837 ut
437 4793 806 4839 restaurarent
829 4799 1011 4840 amara
1034 4801 1153 4856 quae
1178 4785 1528 4855 perdiderunt
1568 4783 1764 4838 dulcia.

257 4872 425 4929 Vens.
454 4875 546 4930 22.
575 4905 645 4915 —
669 4874 956 4929 Decimum.
987 4873 1179 4941 Quasi,
1205 4873 1344 4929 bona
1367 4888 1488 4942 qua:
1515 4871 1650 4928 facis
1677 4886 1766 4926 se-

176 4967 424 5023 cundum
466 4967 661 5022 divinae
689 4967 845 5038 ,legis
886 4973 1151 5038 praecepta
1201 4964 1397 5030 facias,
1438 4973 1495 5019 et
1543 4963 1770 5020 Domino

175 5075 412 5130 separes
427 5099 441 5126 ,
470 5067 530 5115 ut
549 5061 617 5116 ad
643 5061 760 5132 ejus
787 5060 998 5116 laudem
1019 5060 1199 5115 omnia
1221 5059 1410 5116 facias.

255 5152 426 5207 Vens.
470 5152 560 5206 2'5.
583 5182 654 5192 —
683 5149 1059 5224 Primogenita.
1083 5151 1140 5208 ld
1166 5161 1249 5208 est
1274 5152 1401 5208 boui
1447 5151 1626 5221 operis
1664 5149 1770 5205 ini-

177 5243 292 5308 tia,
346 5258 467 5312 quae
513 5244 828 5300 decimauda
864 5252 1017 5312 sunt,
1053 5244 1106 5300 id
1135 5254 1258 5311 est,
1307 5243 1534 5301 Domino
1576 5259 1767 5300 conse-

175 5335 416 5390 cranda.

257 5427 428 5484 Vens.
470 5428 564 5485 21.
590 5459 662 5470 ——
693 5427 933 5485 Portare.
973 5430 1176 5499 Quasi,
1227 5432 1318 5503 qui
1371 5432 1528 5502 longe
1571 5441 1698 5487 sunt
1733 5449 1763 5488 a

173 5521 520 5595 perfectione
551 5532 858 5580 sanctorum
883 5565 898 5592 ,
939 5540 1040 5581 nec
1064 5534 1286 5596 possunt
1327 5527 1615 5581 ascendere
1658 5527 1770 5582 cul-

176 5631 312 5672 men
356 5615 646 5683 virtutum,
690 5633 792 5674 nec
841 5619 1278 5688 contemplationi
1319 5635 1512 5675 vacare
1557 5637 1569 5675 :
1623 5619 1767 5690 quod

175 5716 448 5780 possunt,
498 5719 660 5780 agant
695 5711 988 5778 humiliter,
1021 5721 1078 5767 ct
1099 5713 1321 5778 devote,
1346 5722 1399 5768 et
1425 5712 1628 5769 faciant
1662 5715 1766 5769 sibi

177 5803 402 5864 amicos
448 5804 514 5860 de
559 5819 860 5860 mammona
911 5804 1238 5877 iniquitatis,
1283 5813 1336 5861 ct
1380 5805 1662 5864 thesauros
1711 5806 1766 5862 in

1875 4590 2130 4645 Hebraeus
2172 4602 2307 4658 puer
2347 4586 2400 4640 in
2428 4584 2739 4639 servitutem
2761 4582 3059 4648 devenerit,
3104 4593 3234 4648 etc.,
3285 4601 3444 4654 usque

1873 4680 1942 4734 ad
1987 4679 2192 4734 scilicet
2223 4675 2458 4746 peccatis
2489 4675 2542 4728 in
2568 4683 2829 4728 aeternum
2853 4673 3168 4730 serviemus.

1945 4783 2076 4837 Cum
2107 4780 2199 4834 tibi
2225 4777 2480 4842 venditus,
2520 4783 2622 4831 etc.
2658 4773 2916 4830 Hebrzeus
2943 4775 3204 4831 trausitor
3245 4776 3336 4846 qui
3373 4775 3442 4830 ad

1873 4885 2130 4931 :eternam
2156 4870 2364 4927 scilicet
2397 4869 2626 4940 patriam
2656 4865 2848 4933 tendit,
2886 4878 2942 4923 et
2965 4869 3032 4924 de
3066 4869 3213 4924 vitiis
3237 4869 3303 4924 ad
3328 4871 3441 4923 vir-

1871 4977 2036 5034 tutes,
2085 4967 2152 5022 de
2193 4963 2424 5020 terrenis
2478 4961 2544 5016 ad
2575 4961 2812 5018 caelestia
2851 4963 3086 5030 transit;
3145 4964 3192 5020 si
3223 4963 3347 5018 talis
3383 4977 3443 5018 se

1869 5059 1968 5115 tibi
1996 5055 2320 5119 vendiderit,
2374 5053 2428 5108 id
2459 5059 2542 5108 est
2575 5052 2887 5122 magisterio
2930 5061 3024 5108 tuo
3067 5067 3124 5108 se
3150 5051 3436 5118 addixerit,

1871 5151 2085 5210 docebis
2121 5165 2268 5215 eum,
2322 5156 2383 5202 ut
2418 5146 2470 5200 in
2511 5146 2760 5215 praesenti
2794 5144 2907 5199 vita
2955 5147 3166 5200 studeat
3202 5145 3438 5214 Operari,

1867 5255 1930 5303 ut
1956 5245 2025 5300 ad
2061 5243 2304 5314 requiem
2332 5239 2612 5311 pervenire
2643 5238 2830 5309 possit.
2872 5237 2986 5292 Hoc
3007 5244 3107 5300 est,
3147 5253 3240 5293 sex
3279 5239 3438 5294 annis

1866 5339 2066 5398 serviet
2087 5338 2205 5404 tibi,
2245 5335 2472 5406 septimo
2498 5333 2736 5390 dimittes
2773 5347 2896 5390 eum
2927 5331 3178 5398 liberum,
3210 5347 3312 5389 nec
3343 5347 3439 5389 va-

1869 5448 2027 5490 cuum
2055 5429 2204 5486 abire
2251 5426 2505 5499 patieris;
2537 5425 2690 5495 quasi
2719 5442 2732 5479 :
2768 5433 2968 5478 aeterna
2999 5423 3222 5494 prtemia
3249 5431 3305 5479 et
3346 5437 3438 5477 ve-

1869 5542 1988 5582 ram
2026 5525 2329 5579 libertatem
2368 5519 2650 5591 promittes
2677 5518 2727 5573 ei
2759 5518 2812 5572 in
2841 5517 2946 5572 alia
2983 5517 3110 5572 vita.
3168 5515 3225 5572 Si
3257 5524 3436 5570 autem

1869 5617 2088 5681 dixerit,
2112 5613 2245 5669 Nolo
2274 5610 2481 5683 egredi,
2529 5625 2594 5665 eo
2617 5607 2760 5678 quod
2806 5607 2994 5680 diligat
3027 5617 3076 5662 te
3122 5615 3177 5662 et
3217 5608 3435 5662 domum

1870 5718 2036 5773 tuam,
2068 5706 2120 5762 id
2150 5713 2233 5760 est
2256 5704 2300 5759 si
2324 5703 2462 5757 bona
2486 5714 2604 5770 qua:
2633 5696 2760 5753 fecit
2801 5712 2906 5752 non
2933 5713 3030 5768 pro
3053 5706 3253 5751 atterna
3288 5711 3432 5750 mer—
3463 5748 3470 5752 .

1873 5801 2026 5868 cede,
2077 5796 2168 5856 sed
2197 5811 2295 5868 pro
2332 5793 2567 5849 humana
2604 5789 2784 5857 laude,
2840 5788 2993 5860 quasi
3028 5787 3255 5859 diligens
3297 5799 3434 5856 prae-
