4006 6352
560 373 666 431 467

1058 378 1448 435 WALAFRIDI
1488 379 1732 436 STRABI
1772 381 1974 438 FULD.
2019 377 2181 440 MON.
2226 384 2375 442 OPP.
2419 386 2598 443 PARS
2635 387 2677 445 l.
2715 421 2781 430 —
2819 391 3278 451 THEOLOGICA.

3717 402 3822 465 4-68

559 498 767 546 sentem
796 491 961 545 vitam
983 493 1192 556 fecerit,
1240 494 1540 562 perforabis
1575 509 1758 548 aurem
1785 496 1900 565 ejus
1928 496 2138 564 subula,
2166 501 2215 561 Α
2313 497 2474 552 Vsus.
2507 500 2559 553 5.
2588 532 2658 541 —
2691 500 2891 556 Panem
2937 504 3324 574 fermentatum.
3371 511 3697 583 Corruptam
3733 516 3824 572 do-

557 581 614 636 id
634 589 717 638 est
735 590 972 636 mentem
1003 584 1119 652 ejus
1146 591 1355 640 terrore
1376 584 1596 654 judicii;
1627 600 1954 656 compunges
1977 586 2030 641 in
2051 584 2136 655 ja-

556 687 662 727 nua
691 673 901 738 domus,
934 674 1058 742 quia
1074 672 1340 742 judicium
1363 676 1466 729 erit
1491 677 1545 730 in
1573 675 1731 745 hujus
1757 678 1882 732 vita:
1911 687 2134 748 egressu

553 769 609 818 et
636 762 857 818 alterius
897 763 1164 835 ingressu,
1207 773 1262 821 et
1299 765 1498 820 serviet
1525 767 1620 821 tibi
1667 781 1840 838 usque
1877 769 1929 822 in
1976 775 2132 824 teter-

553 868 705 919 num,
738 853 898 910 idest
945 856 1163 912 docebis
1181 872 1304 912 eum
1343 859 1386 912 si
1415 858 1667 914 saeculum
1708 860 1828 931 plus
1868 861 2132 917 amaverit

552 959 712 1017 quam
747 947 936 1013 Deum,
975 951 1190 1005 aeternis
1215 949 1490 1019 suppliciis
1514 952 1948 1023 mancipandum.
2031 965 2034 968 λ

621 1038 838 1111 (ῦηεοη
891 1042 1030 1095 hom.
1070 1041 1106 1096 5
1143 1043 1197 1096 in
1244 1043 1463 1116 Ezech.)
1521 1043 1653 1098 Cum
1703 1046 1879 1100 activa
1925 1046 2037 1102 vita
2070 1052 2128 1102 et

550 1135 965 1204 contemplativa
996 1136 1068 1190 sit
1098 1136 1252 1191 nobis
1275 1153 1339 1192 ex
1374 1138 1468 1192 Dei
1491 1140 1685 1208 gratia,
1710 1149 1840 1206 etc.,
1873 1158 2032 1213 usque
2055 1142 2123 1195 ad

546 1228 637 1280 ubi
669 1228 861 1283 subula
887 1229 1186 1284 recusantis
1214 1230 1515 1287 libertatem
1540 1249 1727 1287 aurem
1746 1233 1954 1303 perfodi
1983 1250 2126 1304 prae-

545 1321 762 1390 cipitur.
2019 1369 2022 1374 .

615 1412 777 1467 Vsus.
813 1413 900 1467 l9.
927 1443 1000 1453 —
1023 1412 1103 1468 De
1123 1416 1498 1484 primogenitis.
1546 1415 1724 1487 (Auc.,
1769 1427 1953 1488 quiest.
2004 1417 2120 1490 25.)

540 1499 903 1572 Primogeuita
930 1503 1079 1570 dicit,
1120 1511 1248 1572 etc.,
1288 1521 1450 1576 usque
1473 1505 1540 1558 ad
1568 1506 1693 1575 quia
1721 1506 1867 1563 solus
1894 1509 1960 1565 de
1989 1511 2121 1566 sub-

538 1598 736 1650 stantia
766 1595 958 1662 Patris,
1007 1606 1062 1653 et
1085 1599 1308 1668 aequalis
1341 1607 1395 1654 et
1418 1608 1738 1656 coaaternus.

611 1705 978 1776 Sanctiﬁcabis
1009 1708 1232 1763 Domino
1264 1708 1374 1763 Deo
1409 1719 1518 1764 tuo.
1576 1709 1694 1766 Non
1723 1711 1841 1775 tibi,
1877 1711 1974 1767 sed
2004 1727 2118 1766 om-

537 1799 686 1854 nium
722 1799 963 1867 largitori
997 1817 1011 1852 :
1066 1799 1202 1865 Quia
1225 1817 1372 1853 omne
1419 1801 1599 1854 datum
1636 1804 1886 1872 optimum
1933 1804 2115 1858 desur-

2237 591 2466 645 ctrinam
2499 592 2582 648 vel
2611 603 2849 648 veterem
2890 599 3377 667 conversationem,
3417 603 3595 658 unde:
3628 603 3824 675 Epulo-

2233 699 2352 738 mur
2371 685 2424 738 in
2453 687 2672 758 azymis,
2698 705 2802 743 non
2825 690 2879 744 in
2901 689 3150 759 fermento
3178 695 3349 760 veteri,
3378 704 3484 752 etc.
3516 696 3572 770 (Ι
3591 696 3722 753 Cor.
3744 698 3824 773 v).

2302 773 2526 844 Septem.
2573 778 2710 834 Toto
2754 788 2995 850 tempore
3034 785 3316 852 praesentis
3357 787 3498 844 vitae.
3543 788 3705 846 Sicut
3747 791 3824 862 illi

2230 875 2434 936 septem
2468 868 2662 923 diebus
2693 886 2882 942 azyma
2923 875 3282 930 comedebant
3303 918 3316 942 ,
3349 878 3427 933 sic
3463 894 3564 935 nos
3595 897 3740 952 pure
3769 887 3822 940 et

2229 956 2546 1026 simpliciter
2571 967 2774 1028 septem
2816 961 3003 1018 diebus
3043 963 3199 1031 hujus
3236 967 3361 1021 vitae
3403 985 3818 1041 conversemur,

2227 1045 2421 1115 quibus
2444 1049 2682 1116 quotidie
2711 1065 2878 1120 agnus
2907 1052 3204 1119 occiditur,
3253 1064 3308 1110 et
3340 1059 3541 1126 pascha
3568 1061 3820 1117 celebra-

2227 1142 2346 1200 tur,
2379 1137 2423 1191 si
2469 1137 2704 1193 innovati
2745 1141 2878 1194 nihil
2911 1157 2978 1196 ex
3004 1143 3174 1198 veteri
3213 1149 3565 1218 corruptione
3605 1152 3816 1206 retine-

2225 1242 2367 1280 mus.
2404 1227 2542 1294 Quid
2584 1231 2727 1284 enim
2755 1241 2838 1286 est
2867 1233 3008 1288 aliud
3035 1234 3379 1305 fermentum,
3408 1255 3570 1310 quam
3599 1251 3814 1300 natura

2223 1319 2535 1387 corruptio?
2560 1319 2962 1378 Fermentatum
2987 1330 3130 1380 enim
3153 1330 3356 1384 recedit
3379 1346 3409 1385 a
3432 1334 3670 1389 naturali
3694 1335 3816 1390 dul-

2223 1409 2434 1474 cedine,
2471 1419 2525 1465 et
2552 1418 2915 1484 corrumpitur
2939 1419 3244 1478 adulterino
3280 1437 3529 1480 rancore.

2292 1500 2455 1557 Vsus.
2486 1503 2539 1557 4.
2570 1535 2641 1545 -
2665 1504 2788 1562 Νοη
2813 1512 3100 1579 apparebit.
3149 1511 3437 1582 Epulemur
3470 1534 3574 1572 non
3609 1520 3668 1574 in
3705 1520 3814 1588 ferb

2219 1608 2388 1652 mento
2410 1602 2566 1654 veleri
2583 1643 2597 1667 ,
2630 1621 2790 1674 neque
2831 1607 2883 1659 in
2911 1607 3161 1675 fermento
3201 1610 3417 1666 malitite
3441 1623 3488 1667 et
3516 1616 3810 1686 nequitia,

2217 1696 2321 1743 etc.
2351 1689 2402 1760 (1
2434 1689 2556 1746 Cor.
2580 1694 2653 1763 v),
2695 1696 2880 1764 quasi:
2903 1697 3190 1768 relinquite
3216 1709 3456 1758 veterem
3485 1704 3806 1778 hominem,

2215 1789 2270 1835 et
2297 1781 2501 1837 induite
2525 1800 2741 1841 novum.

535 1906 651 1943 sum
678 1899 751 1942 es,
779 1888 919 1959 (Jac.
947 1889 1008 1960 ι).
1058 1889 1212 1957 Quod
1259 1897 1435 1945 autem
1466 1891 1582 1945 lc“,
1607 1893 1658 1946 in
1689 1901 1870 1948 nostra
1901 1897 2108 1966 cogam
2141 1877 2188 1938 Β
2272 1873 2414 1966 ΑΝοη
2441 1878 2746 1934 remanebit.
2775 1879 2829 1933 ln
2857 1879 2960 1936 hac
2984 1881 3095 1936 vita
3123 1885 3306 1940 omnia
3327 1899 3675 1945 sacramenta
3697 1889 3807 1950 Do-

535 1980 702 2044 tione,
757 1979 840 2033 vel
869 1979 1202 2034 maculosum
1239 1979 1292 2034 in
1321 1990 1506 2035 nostra
1540 1983 1976 2050 conversatione,
2024 1984 2110 2039 vel

533 2069 781 2125 claudqu
810 2069 864 2123 in
891 2085 1114 2141 operum
1141 2071 1538 2142 progressione,
1592 2073 1676 2128 vel
1698 2089 1899 2130 caecum
1950 2075 2108 2146 igno-

531 2160 708 2213 rantia
734 2160 929 2214 mentis
970 2171 1064 2214 aut
1088 2161 1265 2230 aliqua
1311 2170 1465 2232 parte
1499 2163 1742 2218 deforme
1784 2165 1866 2219 vel
1909 2165 2104 2232 debile,

528 2265 636 2305 non
663 2251 920 2306 debemus
963 2251 1074 2307 Deo
1111 2251 1410 2320 immolare,
1451 2253 1504 2308 id
1532 2263 1634 2320 est,
1673 2255 1962 2326 imputare,
2012 2256 2108 2312 sed

527 2339 704 2396 nobis.
1947 2411 1951 2416 ,

601 2453 728 2508 Νοη
750 2455 1067 2522 operaberis.
1098 2454 1311 2528 (ϐιαία,
1342 2456 1434 2511 lib.
1467 2472 1564 2512 vni
1590 2457 1810 2525 Δίον-αι,
1840 2474 1959 2530 cap.

521 2543 581 2599 ln
611 2545 970 2616 primogenito
998 2547 1151 2601 bovis
1173 2562 1350 2612 arare,
1373 2555 1500 2613 etc.,
1539 2564 1699 2618 usque
1723 2549 1792 2602 ad
1838 2550 2104 2620 deceptus

522 2636 735 2691 animus
764 2651 871 2691 non
897 2637 1261 2707 deprehendat
1289 2653 1408 2707 qua:
1438 2639 1492 2693 in
1520 2641 1601 2694 eis
1627 2647 1754 2695 sunt
1779 2639 1940 2696 mala.

593 2750 757 2804 Vens.
800 2750 885 2804 l6.
917 2749 1109 2805 --Siu
1143 2761 1316 2805 autem
1359 2752 1617 2806 habuerit.
1675 2754 1814 2808 Sunt
1856 2755 2100 2825 quasdam

521 2855 683 2911 opera
707 2853 827 2910 quae
848 2841 974 2896 licet
1002 2841 1182 2896 minus
1204 2841 1450 2911 placeant
1479 2842 1606 2909 Deo,
1661 2855 1890 2914 prosunt
1917 2855 2099 2901 tamen

519 2932 797 3003 proximo;
830 2941 886 2986 et
922 2933 964 2986 si
1001 2933 1112 2986 Deo
1139 2931 1319 2987 offerri
1345 2948 1450 2988 non
1475 2943 1720 3002 possunt,
1747 2937 1952 2991 comedi
1973 2952 2104 3005 p051

521 3032 666 3078 sunt.
705 3023 838 3078 Cum
865 3024 1008 3079 enim
1053 3023 1163 3079 Deo
1190 3023 1366 3079 minus
1395 3024 1640 3094 placeant
1665 3042 1764 3096 pro
1780 3025 1991 3082 fuscata
2019 3028 2102 3083 in-

517 3116 759 3172 temione
789 3131 950 3186 quam
975 3117 1116 3171 Deus
1146 3116 1404 3180 intuetur,
1429 3119 1687 3186 proximis
1717 3127 1893 3173 tamen
1921 3135 2102 3174 exem-

517 3207 608 3280 plo
635 3207 982 3278 opitulantur.
1040 3206 1206 3272 Quasi
1227 3225 1414 3276 caprea
1447 3218 1497 3262 et
1527 3225 1694 3264 cervo.
1746 3209 1952 3280 Caprea
1982 3211 2091 3266 sal-

516 3299 670 3354 tatim
699 3299 922 3363 incedit,
944 3314 1136 3354 cervus
1161 3300 1410 3354 inimicus
1430 3308 1512 3354 est
1535 3300 1796 3371 serpenti,
1821 3312 1875 3356 et
1901 3316 2094 3372 aspera

517 3396 573 3444 et
604 3389 820 3460 spinosa
841 3389 1166 3450 transiliens.
1199 3398 1456 3445 montana
1487 3392 1839 3460 transcendit,
1891 3403 1946 3451 et
1973 3395 2094 3451 ideo

519 3481 577 3536 in
599 3481 795 3538 bonam
820 3489 1032 3554 partem
1055 3481 1414 3553 accipiuntur.

1095 3639 1322 3698 CAPUT
1358 3640 1497 3698 XVI.

585 3775 748 3832 Vsus.
797 3775 849 3830 ί.
877 3805 950 3816 -
1000 3773 1229 3831 Observa
1281 3793 1507 3832 mensem
1551 3794 1804 3834 novarum
1853 3779 2086 3851 frugum.

513 3865 651 3934 Quia
678 3867 732 3920 in
763 3881 830 3924 eo
870 3868 1127 3938 manipuli
1159 3868 1450 3938 spicarum,
1483 3869 1537 3926 id
1562 3879 1644 3926 est
1672 3870 1944 3941 primitiae,
1994 3886 2092 3941 per

514 3961 851 4015 sacerdotem
889 3959 1252 4016 offerebantur
1275 3959 1518 4016 Domino.

592 4051 827 4110 Mensem
863 4053 1119 4124 primum,
1169 4053 1375 4108 scilicet
1419 4052 1767 4110 Hebraaorum
1813 4054 1906 4124 qui
1948 4054 2090 4125 apud

519 4159 612 4200 eos
667 4145 820 4200 nisan
866 4151 976 4231 ἴον)
1003 4185 1017 4210 ,
1091 4145 1231 4216 apud
1285 4143 1503 4201 Graecos
1555 4162 1771 4218 quoque
1824 4149 2084 4213 ξάνθικος,

517 4235 656 4308 apud
685 4235 904 4291 Latinos
928 4235 1126 4306 Aprilis
1151 4236 1362 4305 dicitur,
1396 4237 1450 4292 in
1473 4253 1580 4309 quo
1621 4253 1790 4312 agnus
1818 4241 2087 4311 paschalis

506 4330 874 4387 occidebatur.

580 4423 780 4477 Eduxit
807 4433 873 4478 te.
907 4421 1149 4494 Mystice.
1189 4421 1300 4478 Nos
1321 4437 1534 4494 quoque
1559 4423 1625 4480 de
1655 4423 1886 4496 {Egypto
1927 4424 2084 4495 hujus

506 4515 690 4570 mundi
717 4514 949 4579 liberati,
979 4529 1176 4570 novum
1218 4515 1487 4570 hominem
1516 4515 1705 4581 induti,
1751 4516 1804 4570 in
1846 4517 2082 4572 novitate

503 4608 630 4662 vita:
651 4606 1006 4671 ambulemus,
1036 4606 1305 4676 primitias
1333 4608 1596 4678 bonorum
1625 4623 1849 4679 operum
1887 4623 2080 4663 conse-
2105 4603 2161 4665 D
2185 4643 2289 4682 una
2324 4639 2407 4686 est
2429 4647 2548 4701 qua,
2573 4603 2918 4706 gompmm,
2947 4642 3014 4697 ab

503 4706 741 4763 orantes,
790 4706 845 4752 et
893 4698 1080 4768 phase,
1137 4699 1188 4753 id
1228 4706 1332 4765 est,
1377 4701 1664 4755 transitum
1698 4700 1898 4756 bonum
1936 4699 2078 4755 cele-

499 4787 742 4853 brantes,
771 4795 852 4854 ut,
872 4787 1058 4844 relicta
1086 4787 1340 4858 IEgypto,
1369 4793 1436 4848 ad
1465 4801 1668 4848 terram
1691 4791 2074 4860 promissionis

500 4882 804 4937 veniamus.

567 4975 732 5030 Vens.
757 4973 902 5029 2.-
924 4971 992 5028 Et
1015 4974 1082 5029 de
1101 4975 1259 5030 bobus
1277 4978 1332 5030 in
1359 4977 1492 5031 loco.
1523 4976 1700 5048 (Aue.,
1730 4986 1916 5046 quam.
1950 4975 2068 5049 24.)

494 5066 668 5122 Boves
703 5066 868 5131 addit,
912 5079 1036 5121 cum
1067 5067 1133 5122 de
1155 5081 1256 5122 ove
1286 5074 1497 5120 tantum
1521 5067 1857 5136 praeceperit,
1902 5082 2062 5137 quam

485 5157 651 5229 jussit
676 5157 844 5228 accipi
872 5173 939 5214 ex
962 5160 1152 5215 ovibus
1198 5168 1254 5214 et
1281 5160 1450 5216 haedis
1479 5160 1562 5214 vel
1587 5161 1784 5229 capris,
1833 5161 1916 5216 vel
1937 5175 2064 5231 pro-

490 5256 613 5318 pter
638 5248 931 5317 Christum,
979 5253 1070 5321 qui
1095 5253 1390 5307 secundum
1417 5268 1636 5308 carnem
1659 5269 1727 5309 ex
1746 5253 1910 5322 justis
1955 5254 2060 5309 fuit

490 5348 546 5394 et
573 5342 964 5410 peccatoribus.
1009 5341 1128 5398 Non
1151 5344 1294 5399 enim
1318 5346 1394 5399 ait
1421 5360 1486 5400 ex
1508 5346 1700 5428 ovibus
1725 5348 1810 5402 vel
1861 5350 2061 5419 capris,

491 5431 584 5487 sed
620 5447 687 5486 ex
725 5434 915 5489 ovibus
943 5443 996 5490 et
1018 5436 1212 5506 capris,
1268 5435 1393 5492 licet
1426 5439 1641 5508 proprie
1667 5454 1771 5494 non
1802 5439 2068 5512 intelliga-

491 5532 581 5578 tur
627 5526 742 5580 ovis
793 5541 858 5581 ex
887 5528 1087 5597 capris,
1131 5544 1202 5583 ne
1239 5528 1404 5584 Judati
1447 5530 1688 5586 dicerent
1743 5533 2068 5588 subaudien-

490 5616 616 5669 dum
647 5631 766 5672 esse
795 5634 1035 5688 caprum.
1075 5621 1254 5687 Quare
1278 5637 1408 5693 ergo
1437 5625 1602 5678 additi
1626 5633 1750 5679 sunt
1779 5625 1978 5680 boves?
1998 5641 2065 5680 an

487 5715 709 5776 propter
742 5709 846 5763 alia
881 5712 1164 5778 sacrificia,
1213 5729 1331 5783 qua:
1375 5715 1562 5771 diebus
1591 5731 1905 5788 azymorum
1943 5732 2068 5780 sunt

471 5797 820 5858 immolanda
843 5802 866 5857 ?

2211 1964 2424 2020 minics:
2452 1967 2838 2027 incarnationis
2878 1977 3303 2047 perscrutanda,
3335 1989 3391 2036 et
3428 1992 3627 2040 cuncta
3655 2001 3805 2056 pnn-

2209 2067 2361 2127 cepta
2408 2061 2524 2130 ejus
2579 2063 2845 2132 implenda
2895 2077 3022 2121 sunt
3068 2069 3285 2140 (Ep/tes.
3335 2073 3449 2145 tv),
3498 2087 3803 2154 antequam

2206 2164 2386 2214 mane,
2417 2150 2467 2205 id
2499 2159 2580 2208 est
2611 2157 2732 2209 finis
2759 2158 2962 2224 smculi,
2989 2160 3260 2217 adveniat.

2277 2241 2440 2297 Vsus.
2473 2243 2524 2296 5.
2551 2275 2622 2284 —
2653 2244 2774 2300 Non
2798 2252 3011 2317 poteris.
3054 2249 3112 2306 ln
3151 2270 3256 2308 una
3283 2255 3442 2312 domo
3477 2273 3652 2330 agnus
3697 2277 3802 2331 pa-

2205 2332 2408 2387 schalis
2431 2334 2632 2400 editur,
2659 2347 2713 2391 et
2743 2338 2796 2391 in
2819 2355 2925 2394 uno
2946 2340 3064 2396 loco
3085 2345 3254 2414 phase
3276 2346 3612 2415 immolatur,
3636 2351 3694 2407 id
3715 2363 3806 2410 est

2204 2422 2258 2478 in
2283 2425 2549 2481 catholica
2578 2427 2816 2485 Ecclesia
2842 2450 2854 2485 :
2898 2441 3049 2488 extra
3081 2434 3227 2491 illam
3266 2454 3372 2494 non
3407 2451 3554 2497 recte
3584 2446 3802 2512 pascha

2205 2515 2530 2574 celebratur.
2559 2521 2716 2576 Vetat
2744 2524 3017 2582 celebrare
3050 2539 3310 2600 mysteria
3341 2531 3542 2590 Christi
3575 2538 3633 2591 in
3663 2553 3804 2594 con-

2205 2608 2495 2664 venticulis
2516 2610 2918 2669 haereticorum.

2274 2699 2434 2755 Vsus.
2476 2702 2528 2756 6.
2575 2732 2640 2744 --
2695 2704 2914 2776 Vespere
2963 2708 3032 2762 ad
3077 2710 3222 2766 solis.
3273 2711 3579 2771 Novissima
3629 2723 3802 2775 etate

2204 2793 2411 2859 mundi,
2440 2796 2655 2863 quando
2693 2812 2854 2852 verus
2882 2799 2972 2854 Sol
3015 2801 3067 2856 in
3108 2804 3359 2873 passione
3399 2811 3688 2872 occubuit,
3748 2822 3803 2867 et

2203 2885 2580 2957 Egyptiacam
2623 2891 2987 2960 captivitatem
3037 2895 3214 2965 solvit,
3263 2913 3387 2954 cum
3434 2903 3640 2970 pascha
3685 2920 3802 2960 no-

2205 2985 2377 3032 strum
2412 2977 2722 3035 immolatus
2750 2993 2831 3037 est
2861 2982 3127 3042 Christus.

2273 3070 2439 3125 Vens.
2473 3071 2524 3124 7.
2550 3103 2622 3112 —
2657 3071 2826 3129 Vades
2845 3077 2900 3130 in
2927 3078 3286 3135 tabernacula.
3311 3081 3541 3142 Peracto
3562 3087 3798 3144 servitio

2202 3157 2413 3213 Domini
2444 3176 2602 3218 mane
2644 3168 3055 3223 resurrectionis
3097 3172 3446 3228 transibimus
3486 3177 3540 3230 in
3581 3187 3798 3234 :eterna

2121 3245 2166 3308 C
2199 3249 2566 3318 tabernacula,
2593 3264 2652 3307 ut
2678 3256 3018 3324 quiescamus
3039 3260 3108 3314 ab
3133 3264 3279 3318 omni
3302 3263 3506 3332 labore,
3535 3267 3798 3326 laetantes

2199 3339 2264 3395 de
2289 3351 2546 3412 percepta
2571 3345 2947 3403 retributione.

2266 3433 2427 3488 Vens.
2477 3434 2530 3489 8.
2562 3467 2632 3476 —
2663 3437 2762 3493 Die
2797 3441 3032 3511 septima.
3079 3443 3308 3502 Eterna
3343 3451 3563 3521 requie,
3621 3469 3796 3525 quam

2195 3531 2530 3599 septenarius
2570 3534 2873 3604 significat:
2917 3547 3136 3609 propter
3169 3535 3452 3601 sabbatum
3477 3546 3566 3602 ubi
3599 3549 3795 3605 nullus

2195 3617 2372 3686 labor,
2401 3622 2542 3677 nulla
2573 3627 2829 3696 operandi
2860 3630 3018 3685 ratio.

2268 3711 2429 3768 Vens.
2457 3714 2510 3769 9.
2541 3747 2610 3754 —
2637 3715 2844 3788 Septem
2877 3719 3252 3782 hebdomadas.
3300 3727 3359 3784 In
3397 3729 3644 3788 Levitico
3676 3734 3793 3806 ple-

2192 3803 2334 3859 nius.
2379 3803 2698 3863 Numerabis
2735 3826 2856 3881 ergo
2902 3813 2966 3867 ab
3007 3813 3173 3872 altero
3213 3819 3298 3875 die
3339 3822 3541 3878 sabbati
3581 3803 3791 3896 septem

2192 3897 2543 3955 hebdomadas
2593 3901 2772 3971 plenas
2817 3905 2888 3959 ad
2936 3906 3158 3965 alteram
3210 3913 3347 3968 diem
3399 3915 3792 3974 exelerationis

2192 3987 2530 4045 hebdomadas
2561 3995 2812 4062 septimae.

2263 4077 2442 4150 (Auc.,
2476 4094 2662 4152 quaest.
2695 4085 2810 4160 25.)
2844 4085 3050 4161 Septem
3079 4093 3452 4163 hebdomadas,
3487 4107 3590 4156 etc.
3623 4101 3690 4158 Si
3719 4106 3790 4161 ab

2188 4172 2444 4228 universo
2465 4176 2662 4244 populo
2690 4177 2805 4234 haec
2832 4179 3149 4241 Pentecoste
3169 4185 3318 4257 jussa
3346 4197 3429 4244 est
3453 4191 3750 4251 observari
3770 4234 3810 4264 ,-

2190 4265 2432 4334 nunquid
2457 4281 2645 4324 omnes
2679 4272 3007 4329 credendum
3034 4285 3117 4332 est
3135 4294 3244 4334 uno
3271 4281 3356 4337 die
3379 4280 3568 4339 falcem
3583 4283 3788 4354 jussus

2188 4355 2403 4410 mittere
2444 4357 2495 4411 in
2537 4365 2804 4416 messem?
2832 4363 2888 4419 Si
2918 4376 3096 4422 autem
3124 4371 3224 4425 sibi
3259 4374 3484 4443 quisque
3512 4376 3783 4436 observat

2187 4445 2346 4500 istam
2379 4449 2903 4523 quinquagesimam,
2943 4459 3292 4518 dinumerans
3322 4465 3389 4520 ab
3426 4466 3515 4521 illo
3540 4468 3626 4523 die
3665 4487 3784 4541 quo

2186 4535 2377 4592 falcem
2405 4541 2588 4607 mittit,
2619 4560 2727 4600 non
2755 4563 2861 4602 una
2888 4559 2971 4606 est
3005 4554 3256 4610 universo
3277 4557 3490 4626 populo.
3519 4559 3612 4614 llla
3639 4578 3781 4620 vero

3043 4645 3409 4708 immolatione
3432 4653 3650 4723 pascha
3683 4672 3778 4714 us-

2184 4735 2290 4789 que
2316 4721 2368 4776 in
2396 4723 2536 4779 diem
2570 4726 2708 4782 datae
2743 4728 2876 4799 legis
2907 4732 2962 4786 in
2995 4732 3146 4790 Sina.
3353 4733 3358 4736 ’

2255 4811 2363 4869 Nos
2387 4829 2598 4887 quoque
2639 4819 2976 4880 celebramus
3002 4824 3363 4886 Pentecosten
3384 4873 3399 4898 ,
3439 4833 3494 4890 id
3519 4843 3604 4891 est
3620 4875 3637 4900 ,
3673 4839 3776 4895 ad-

2178 4912 2399 4959 ventum
2432 4905 2668 4978 Spiritus
2691 4913 2882 4978 sancti,
2909 4917 3001 4986 qui
3030 4927 3112 4974 est
3141 4919 3336 4992 digitus
3357 4921 3472 4992 Dei,
3497 4942 3607 4996 quo
3625 4929 3774 4985 scri—

2175 5006 2266 5069 pta
2295 5008 2382 5054 est
2406 4999 2492 5056 lex
2519 5003 2572 5058 in
2601 5004 2816 5061 tabulis.

2242 5093 2405 5150 Vens.
2437 5096 2522 5151 15.
2567 5129 2638 5138 -
2677 5097 3090 5160 Solemnitalem.
3137 5107 3238 5175 Qui
3282 5118 3340 5165 ut
3377 5111 3764 5182 tabernaculo,

2169 5188 2425 5258 prmsenti
2458 5191 2657 5246 mundo
2683 5193 2871 5260 utitur,
2898 5193 3248 5255 festivitatem
3282 5217 3462 5271 agere,
3494 5213 3549 5259 et
3583 5204 3763 5260 laetari

2181 5266 2228 5330 in
2276 5291 2341 5332 eo
2387 5288 2592 5349 potest,
2627 5292 2850 5353 propter
2885 5285 3050 5341 futuri
3081 5266 3534 5360 exspectationem
3563 5313 3574 5347 :
3615 5294 3762 5360 Quia

2173 5367 2218 5420 si
2242 5377 2447 5423 terrena
2468 5371 2655 5426 domus
2689 5375 2847 5444 hujus
2868 5377 3202 5434 habitationis
3233 5381 3564 5448 dissolvatur,
3593 5385 3760 5440 habe-

2175 5455 2248 5511 bit
2271 5458 2482 5512 domum
2506 5477 2607 5515 non
2639 5465 2996 5533 manufactam
3019 5468 3073 5521 in
3096 5470 3234 5524 cwlis
3266 5469 3315 5541 (1
3341 5469 3465 5526 Cor.
3489 5472 3564 5544 v).

2243 5548 2487 5614 Quando.
2517 5551 2898 5609 Consummata
2942 5557 3271 5626 perfectione
3307 5561 3549 5616 omnium
3579 5563 3756 5618 bono-

2171 5655 2291 5694 rum
2326 5653 2382 5696 et
2408 5644 2694 5698 multarum
2725 5646 3039 5702 collectione
3080 5649 3357 5716 virtutum,
3385 5653 3666 5708 laetandum
3693 5663 3754 5710 et

2169 5735 2544 5789 cxsultandum
2575 5753 2695 5792 esse
2725 5753 2848 5791 cum
2883 5739 3072 5793 amicis
3100 5741 3387 5810 signiﬁcat.
3415 5744 3548 5800 Cum
3570 5745 3753 5802 exsnl-

2168 5827 2306 5881 tabit
2328 5830 2556 5900 quisque
2581 5831 2648 5912 de
2670 5840 2925 5902 percepta
2948 5831 3302 5893 retributione
3329 5838 3422 5903 cui
3453 5840 3542 5901 hic
3561 5839 3754 5912 largus

2562 5974 2659 5996 'W
