4006 6352
201 335 312 394 ιϐθ

1206 341 1473 400 GLOSSA
1508 341 1911 399 ORDINABIA.’
1938 373 2008 383 —-
2044 342 2171 398 LIB.
2212 340 2416 400 DEUT.

3347 343 3453 400 470

203 450 378 508 fuerit
402 452 460 509 in
488 468 747 519 munere,
774 460 903 509 tunc
923 466 1053 509 vere
1087 456 1552 513 tabernaculorum
1578 455 1776 512 solcm-
1804 458 1855 521 Α
1956 456 2117 511 Vens.
2152 458 2237 512 11.
2269 486 2339 498 --
2358 459 2539 512 Juxta.
2574 458 2732 524 Nota,
2759 472 2865 513 non
2889 460 3083 514 dicitur
3108 461 3224 525 tibi,
3246 469 3307 515 ut
3324 463 3457 517 obe-

202 542 349 599 nitas
382 552 591 615 agetur,
636 559 745 600 non
783 544 1121 601 mutabilium
1166 547 1403 611 scilicet,
1435 548 1528 603 sed
1557 555 1786 602 aeterno-

200 652 327 693 rum
350 676 368 703 ,
404 636 585 692 unde:
636 633 703 691 Ut
732 638 982 709 recipiant
1011 654 1097 693 vos
1122 638 1178 693 in
1213 650 1410 695 (eterna
1447 636 1785 694 tabernacula

205 729 365 802 (Luc.
392 728 528 803 XVI).

278 820 445 875 Vens.
491 817 575 874 16.
618 850 691 861 —
724 818 1098 877 Masculinum.
1141 820 1257 877 Non
1288 822 1615 888 femineum;
1654 822 1787 878 nihil

203 910 353 965 enim
378 910 568 977 molle,
605 910 792 985 fragile
817 920 872 967 et
901 910 1171 968 inﬁrmum
1206 913 1261 967 in
1288 922 1472 969 nostra
1501 926 1787 967 conversa-

204 1005 355 1060 tione
380 1005 539 1060 debet
564 1018 684 1061 esse
710 1024 722 1059 :
766 1004 923 1059 fortia
953 1020 1178 1077 quisque
1207 1022 1238 1060 a
1268 1007 1421 1061 nobis
1449 1005 1616 1077 exigit
1645 1005 1788 1060 Deus

204 1093 407 1165 (Exod.
440 1111 610 1163 nm,
650 1111 846 1163 xmv;
886 1096 1054 1151 Eccli.
1097 1098 1282 1168 xxxv).
1313 1080 1369 1152 Si
1397 1107 1574 1153 autem
1602 1099 1655 1152 in
1684 1098 1787 1153 fide

205 1184 493 1242 Trinitatis
531 1186 708 1243 Patris
744 1195 799 1242 et
838 1187 960 1242 Filii
997 1196 1054 1242 et
1079 1188 1312 1258 Spiritus
1354 1188 1527 1243 sancti
1573 1197 1789 1243 aeternae

204 1278 476 1334 mercedis
524 1288 774 1349 respectu
833 1289 1076 1353 tempore
1128 1285 1409 1354 praesentis
1456 1284 1579 1340 vita;
1632 1287 1789 1343 bonis

156 1414 171 1429 _
203 1367 464 1436 operibus
503 1369 858 1439 insudamus,
900 1374 1197 1429 masculum
1242 1375 1297 1430 in
1344 1385 1634 1445 conspectu
1686 1376 1791 1433 Do-

203 1457 341 1512 mini
389 1461 694 1516 statuimus.

274 1547 349 1602 In
378 1552 633 1606 omnibus.
668 1551 741 1609 Ut
773 1554 1123 1610 advenientes
1152 1554 1389 1627 undique
1419 1560 1600 1613 statim
1628 1560 1682 1615 in
1707 1561 1792 1616 in-

207 1644 401 1709 troitu,
432 1655 650 1715 paratos
692 1646 997 1713 inveniant,
1032 1666 1059 1702 a
1087 1648 1280 1719 quibus
1296 1651 1441 1721 justa
1464 1649 1663 1720 judicia
1694 1668 1787 1709 ac-

208 1734 435 1803 cipiunt.

1884 545 2021 610 dias,
2058 547 2161 601 nisi
2175 548 2326 617 juxta
2360 548 2531 618 legem
2559 550 2856 615 docuerint,
2881 550 3055 605 unde:
3081 551 3259 621 Supra
3282 553 3447 609 eatlte~

1883 636 2035 690 dram
2056 635 2227 707 Moysi
2247 639 2489 692 sederunt
2509 638 2692 694 scriba:
2710 649 2758 694 et
2778 641 3023 711 pharisai
3046 641 3259 713 (Matth.
3275 646 3453 716 mn).

1955 728 2118 783 Vens.
2148 728 2236 782 12.
2269 759 2340 769 -
2364 729 2665 785 Sacerdotis
2704 732 2939 802 imperio.
2991 731 3191 788 Christi
3236 735 3329 802 qui
3377 743 3461 790 est

1885 820 2141 875 sacerdos
2180 819 2235 874 in
2264 828 2525 875 aeternum
2567 822 2861 877 secundum
2904 823 3149 878 ordinem
3184 822 3464 879 Melchise-

1887 910 2042 976 dech,
2072 910 2163 981 qui
2205 911 2441 965 vicarios
2483 913 2583 966 sibi
2630 913 2938 978 substituit,
2974 915 3167 983 quibus
3197 915 3315 968 ait:
3358 913 3463 978 Qui

1885 1018 1973 1056 vos
2013 1002 2193 1066 audit,
2222 1018 2307 1056 nte
2332 1004 2514 1068 audit;
2542 1012 2589 1057 et
2623 1006 2712 1073 qui
2750 1020 2839 1059 vos
2862 1007 3074 1075 spernit,
3120 1023 3202 1060 me
3233 1007 3462 1077 spernit,

1887 1101 1991 1147 etc.
2027 1092 2178 1163 (Luc.
2203 1092 2282 1164 ιι).
2308 1091 2439 1149 Jure
2464 1109 2593 1165 ergo
2613 1094 2976 1151 damnationis
2996 1098 3227 1153 sustinet
3246 1106 3465 1153 senten-

1889 1183 2041 1249 tiam,
2066 1185 2157 1253 qui
2180 1185 2477 1240 contemnit
2505 1186 2800 1240 divinitatis
2827 1189 3144 1255 potentiam.

1961 1274 2124 1330 Vens.
2168 1276 2248 1329 14.
2282 1306 2351 1316 --
2388 1274 2520 1329 Cum
2562 1277 2821 1346 ingressus
2868 1277 3032 1346 fueris
3080 1287 3308 1342 terram,
3356 1285 3462 1332 etc.

1891 1364 2270 1435 (AUG.,qutt?st.
2295 1366 2409 1437 26.)
2436 1368 2611 1433 ριιιιιγί
2638 1378 2813 1437 potest
2837 1384 2933 1422 cur
2954 1369 3222 1438 displicuit
3240 1369 3467 1440 populus

1890 1453 2021 1518 Deo,
2048 1470 2168 1508 cum
2196 1470 2375 1524 regem
2398 1456 2746 1521 desideravit,
2762 1473 2884 1512 cum
2907 1457 2993 1511 bic
3022 1457 3325 1512 inveniatur
3346 1472 3465 1514 esse

1889 1548 2219 1617 permissus?
2246 1547 2351 1603 Sed
2382 1548 2780 1619 intelligendum
2818 1557 2901 1602 est
2934 1550 3131 1603 merito
3165 1564 3273 1603 non
3303 1547 3468 1603 fuisse

1892 1642 2184 1694 secundum
2210 1640 2538 1695 voluntatem
2568 1641 2682 1705 Dei,
2707 1641 2834 1711 quia
2862 1642 2963 1695 hoc
2988 1640 3102 1695 ﬁeri
3131 1656 3236 1694 non
3260 1654 3465 1709 praece-

1890 1729 1991 1799 pit,
2031 1731 2123 1785 sed
2159 1728 2593 1786 desiderantibus
2620 1732 2886 1801 permisit.
2924 1732 3305 1786 Verumtamen
3332 1746 3471 1800 prm-

278 1824 444 1879 V’sns.
486 1826 574 1881 19.
612 1856 685 1868 -—
720 1825 916 1883 Oculos
959 1832 1270 1900 sapientum.
1319 1831 1474 1902 Apud
1519 1834 1787 1901 homines,
1815 1817 2037 1890 Bcepit
2061 1836 2130 1874 ne
2174 1822 2329 1877 ﬁeret
2353 1822 2579 1888 alienus,
2626 1823 2719 1878 sed
2760 1823 2926 1877 frater
2950 1836 3017 1877 ex
3045 1822 3234 1878 eodem
3274 1822 3471 1891 populo

204 1933 313 1972 non
344 1919 487 1988 apud
530 1919 733 1985 Deum,
778 1921 974 1989 quibus
1012 1922 1246 1979 dicitur:
1293 1921 1385 1980 Va:
1409 1925 1500 1997 qui
1533 1927 1790 1998 sapientes

202 2011 331 2063 estis
362 2010 417 2063 in
442 2011 611 2065 oculis
640 2012 819 2066 uestris
848 2012 985 2083 (lsa.
1019 2014 1094 2086 γ).

276 2103 444 2157 νεκε.
468 2098 558 2157 20.
582 2134 653 2143 —
673 2103 845 2158 Juste.
871 2104 1089 2172 (Gneo,
1116 2105 1209 2161 lib.
1232 2123 1267 2160 ι
1291 2105 1509 2174 HoraL,
1533 2122 1652 2180 cap.
1679 2108 1791 2180 19.)

203 2191 412 2261 injuste
435 2195 579 2263 quod
600 2194 807 2267 justum
838 2205 921 2250 est
948 2197 1283 2266 exsequitur,
1310 2199 1399 2268 qui
1431 2199 1499 2254 ad
1528 2199 1793 2256 defensio-

205 2300 332 2339 nem
368 2283 598 2353 justitim
642 2302 750 2341 non
802 2287 1021 2342 virtutis
1056 2288 1426 2354 aemulatione,
1475 2290 1570 2345 sed
1608 2306 1793 2347 amore

204 2381 419 2449 praemii
449 2380 759 2450 temporalis
786 2381 1078 2447 excitatur,
1105 2390 1159 2437 et
1174 2380 1440 2449 justitiam
1468 2398 1629 2452 quam
1650 2398 1792 2454 pra:-

204 2471 656 2535 tendit,vendere
684 2487 789 2527 non
810 2480 1045 2527 veretur.
1089 2471 1239 2527 iuste
1263 2472 1614 2543 ergojustum
1641 2489 1793 2530 exse-

205 2561 302 2631 qui
333 2563 500 2617 estin
540 2564 837 2618 assertione
870 2562 1096 2633 iustitiae
1138 2564 1310 2634 ipsam
1347 2565 1609 2632 justitiam
1649 2582 1794 2637 quae-

207 2668 375 2710 rere:
419 2652 553 2709 Sunt
598 2657 694 2711 uia:
717 2672 834 2729 qua:
874 2656 1117 2711 videntur
1149 2656 1443 2712 horninibus
1460 2657 1655 2728 justaz,
1684 2670 1791 2715 etc.

208 2743 405 2817 (Prov.
436 2748 570 2818 xw).
602 2746 666 2802 Et
692 2763 706 2802 :
752 2746 845 2803 γρ
866 2749 955 2820 qui
978 2748 1284 2818 justiﬁcotis
1306 2764 1397 2802 vos
1417 2764 1593 2803 coram
1621 2750 1793 2805 homi-

207 2838 369 2894 nibus
391 2839 547 2913 (Luc.
581 2844 716 2911 xvi).

280 2929 451 2985 Vsus.
476 2931 565 2986 2L
591 2962 659 2973 -ρ
689 2932 812 2987 Non
853 2931 1133 3004 plantabis.
1171 2931 1524 2989 Occasionem
1564 2932 1793 2989 idolola-

205 3020 332 3075 triae
359 3030 623 3092 amputat.
651 3021 907 3078 Solebant
927 3022 1072 3077 enim
1102 3030 1289 3093 gentes
1310 3023 1592 3080 immolare
1611 3065 1627 3091 ,
1658 3025 1792 3080 etin

206 3112 456 3169 delubris
478 3123 688 3171 statuas
717 3117 964 3172 adorare.

1893 1911 2144 1982 indigena
2175 1928 2281 1968 non
2306 1914 2629 1986 alienigena.
2658 1915 2810 1983 Quod
2847 1924 3028 1971 autem
3066 1914 3177 1969 ait:
3219 1913 3345 1969 Non
3372 1930 3469 1985 po-

1892 2002 2016 2055 teris
2037 2019 2056 2057 :
2095 2003 2499 2075 intelligendum
2538 2014 2641 2071 est,
2668 2021 2773 2060 non
2794 2005 3041 2062 debebis.

1963 2092 2290 2149 Constituam
2331 2112 2505 2165 super.
2549 2096 2893 2153 Habitatorcs
2937 2106 3094 2153 teme
3137 2096 3472 2153 constituunt

1893 2184 1995 2240 sibi
2022 2201 2201 2257 regem
2234 2195 2422 2243 contra
2451 2187 2543 2243 Dei
2571 2189 2912 2244 sententiam.

1965 2275 2129 2330 Vens.
2162 2277 2249 2330 17.
2275 2306 2348 2318 --
2370 2276 2493 2331 Non
2515 2277 2739 2342 habebit,
2770 2287 2876 2333 etc.
2915 2276 3094 2350 (Auc.,
3126 2287 3314 2348 quiest.
3346 2276 3466 2350 27.)

1893 2363 2235 2421 Manifestum
2278 2374 2362 2423 est
2409 2366 2751 2424 Salomonem
2778 2370 2879 2424 hoc
2909 2379 3237 2439 praeceptum
3278 2378 3464 2425 trans-

1892 2455 2018 2522 isse,
2046 2466 2176 2523 etc.,
2198 2475 2362 2529 usque
2388 2459 2457 2513 ad
2490 2462 2771 2530 perveniat
2799 2460 2866 2515 ad
2894 2460 3245 2530 alienigenas.

1968 2547 2151 2615 Neque
2179 2552 2400 2621 argenti.
2428 2551 2608 2608 Nolite
2644 2552 3002 2608 thesaurizare
3024 2552 3164 2608 vobis
3191 2552 3463 2607 thesauros

1891 2641 1949 2696 in
1980 2651 2121 2696 terra
2147 2640 2359 2713 (Matth.
2383 2643 2480 2714 Vl).

1967 2732 2132 2789 Vens.
2169 2734 2255 2789 19.
2283 2764 2357 2775 -—
2392 2733 2666 2806 Legetque.
2720 2734 2857 2790 Nota
2904 2743 3105 2805 quanta
3148 2736 3467 2791 assiduitate

1894 2822 2074 2896 legere
2097 2826 2292 2881 debent
2318 2827 2651 2891 sacerdOtes,
2681 2841 2805 2881 cum
2843 2826 3057 2883 assidue
3081 2825 3262 2898 legant
3290 2841 3465 2897 reges.

1895 2914 2081 2972 Lectio
2110 2917 2225 2987 ipsa
2266 2917 2357 2972 lux
2385 2927 2470 2973 est
2503 2927 2558 2973 et
2594 2918 2724 2984 vita,
2756 2918 2901 2974 unde
2928 2936 2943 2972 :
2990 2915 3181 2984 Verba,
3221 2933 3341 2990 qua:
3373 2934 3468 2990 ego

1894 3007 2082 3079 loquor
2100 3008 2258 3075 vobis,
2285 3009 2499 3080 spiritus
2522 3020 2571 3064 et
2599 3010 2701 3064 vita
2729 3020 2847 3065 sunt
2876 3009 3057 3082 (Joan.
3087 3009 3185 3082 γι).

1968 3101 2132 3156 Vens.
2156 3100 2247 3156 20.
2277 3131 2346 3141 -—
2374 3099 2702 3172 Superbiam.
2731 3101 2918 3170 Quasi,
2952 3104 3087 3160 sciat
3114 3119 3174 3160 se
3199 3118 3320 3160 esse
3356 3101 3467 3159 fra-

278 3203 510 3260 Lueunt.
551 3206 723 3280 (lsm.)
754 3207 986 3274 Nemus,
1020 3207 1331 3263 frondentes
1360 3207 1584 3263 arbores
1624 3206 1794 3263 infru-
1820 3178 1868 3243 C
1899 3199 2059 3249 ίΐεω·
2096 3193 2269 3249 Unum
2294 3202 2504 3264 Patrem
2540 3195 2707 3249 Deum
2736 3209 2929 3250 οωηθθ
2954 3194 3237 3260 habemus.
3272 3196 3362 3251 συί
3392 3196 3471 3252 ἀί·

204 3306 437 3364 ctuosa,
469 3307 604 3367 etc.,
636 3316 800 3373 usque
834 3301 905 3355 ad
938 3315 1037 3356 nec
1061 3300 1327 3370 permittit
1352 3299 1621 3356 fictionem
1646 3300 1796 3357 falsi-

204 3392 349 3448 tatis
368 3392 455 3449 vel
478 3394 683 3451 erroris
706 3393 923 3451 veritati
949 3393 1233 3451 catholica:
1258 3395 1492 3451 sociare.

798 3547 1025 3606 CAPUT
1058 3547 1223 3606 XVII.

277 3663 453 3719 Vens.
484 3662 540 3718 2.
569 3694 642 3706 —
664 3661 899 3735 Cumque
933 3663 1121 3735 reperti
1144 3663 1361 3734 fuerint.
1408 3662 1517 3720 Lex
1556 3678 1799 3720 errorem

202 3765 259 3813 et
291 3756 658 3813 idololatriam
681 3758 916 3814 maxime
950 3758 1289 3813 detestatur:
1330 3757 1624 3813 maximum
1654 3757 1799 3812 enim

204 3849 396 3906 scelus
432 3858 518 3906 est
557 3850 823 3906 honorem
846 3848 1119 3906 Creatoris
1153 3849 1468 3919 impendere
1494 3857 1797 3916 creaturae;

202 3941 359 4013 quod
388 3939 594 3996 faciunt
614 3941 866 4013 gentiles,
893 3941 977 3995 vei
1000 3941 1125 3997 mali
1147 3942 1420 4008 catholici,
1443 3940 1555 4012 qui,
1582 3941 1710 3997 licet
1731 3941 1803 3997 ab

202 4031 462 4088 Ecclesia
488 4047 592 4087 non
622 4033 896 4098 recedant,
926 4043 1106 4089 tamen
1135 4032 1308 4104 magis
1334 4034 1683 4088 inveniuntur
1704 4046 1802 4102 per

204 4123 433 4179 diversa
465 4123 594 4178 vitia
624 4124 831 4181 servire
859 4124 1092 4190 diabolo,
1132 4138 1294 4196 quam
1337 4140 1435 4196 per
1468 4125 1610 4180 bona
1637 4138 1799 4195 opera

96 4277 107 4289 ι
208 4212 462 4269 militare
503 4213 641 4269 Deo.
682 4214 795 4271 Hos
830 4216 1101 4288 lapidibus
1116 4216 1273 4288 jubet
1307 4215 1462 4271 obrui
1500 4228 1637 4286 quos
1667 4215 1804 4271 irre-

204 4306 485 4364 vocabilis
512 4310 781 4365 sententia
808 4310 1142 4366 damnandos
1166 4325 1289 4366 esse
1312 4310 1576 4382 prtevitlit.

280 4398 458 4455 Vens.
492 4400 545 4456 6.
574 4428 645 4443 —-
664 4401 735 4457 In
753 4418 843 4457 ore
861 4402 1086 4456 deorum
1109 4412 1199 4456 aut
1223 4404 1382 4456 trium
1408 4400 1634 4456 testium.
1656 4401 1809 4457 Atte-

207 4493 455 4547 statiooe
484 4492 693 4549 scilicet
715 4493 850 4565 legis
873 4496 1257 4565 prophetarum
1288 4504 1342 4549 et
1368 4492 1675 4563 Evangelii,
1719 4506 1804 4548 se-

209 4585 461 4642 cundum
482 4586 610 4641 illud
637 4605 650 4641 :
684 4584 865 4643 Sermo
894 4603 1046 4658 quem
1072 4587 1277 4643 locutus
1295 4595 1390 4650 est,
1418 4588 1526 4658 ipse
1534 4585 1803 4652 judicabit

209 4695 339 4732 eum
388 4679 446 4732 in
489 4680 767 4734 nouissimo
802 4680 889 4733 die
922 4679 1106 4750 (Joan.
1129 4678 1254 4752 xu).
1300 4677 1544 4734 lutitqu
1589 4691 1804 4748 quoque

210 4768 404 4824 crucis
446 4778 559 4826 tres
594 4770 791 4840 linguae
833 4777 1098 4826 testantur
1135 4767 1410 4826 Christum
1457 4782 1580 4824 esse
1623 4782 1804 4838 regem

211 4858 532 4917 Judaeorum
566 4879 579 4914 :
609 4859 895 4927 Hebraica,
934 4860 1125 4919 Grates
1154 4868 1214 4916 et
1237 4858 1427 4914 Latina
1459 4858 1639 4931 (loan.
1668 4858 1807 4930 nx).

291 4950 471 5008 Nemo
501 4953 791 5008 occidatur.
829 4952 1002 5008 Tanta
1033 4952 1326 5009 concordia
1371 4960 1457 5007 est
1492 4949 1706 5008 Veteris
1745 4967 1810 5008 ac

213 5045 364 5104 Novi
392 5044 749 5113 Testamenti,
780 5054 839 5101 ut
867 5052 1118 5102 neutrum
1142 5046 1260 5101 sine
1286 5045 1458 5100 altero
1481 5049 1571 5100 sit.

288 5141 354 5197 in
387 5141 627 5197 humano
653 5140 857 5212 judicio
882 5141 1115 5213 primum
1161 5140 1356 5197 divinae
1393 5137 1690 5209 Scriptum
1714 5154 1811 5196 au-

218 5235 458 5291 ctoritas
484 5232 809 5304 requirenda
839 5241 940 5288 est.

291 5325 469 5382 Vens.
496 5323 585 5380 8i.
615 5354 685 5365 —
711 5322 771 5379 Si
815 5322 1041 5396 diﬁcile.
1073 5322 1399 5381 Sacerdotes
1432 5323 1687 5380 Ecclesia:
1713 5322 1812 5380 Dei

218 5419 477 5486 instruit,
509 5425 567 5472 ut
606 5416 802 5488 judicia
834 5416 1196 5473 ecclesiastica
1238 5417 1533 5471 secundum
1568 5423 1810 5487 potesta-

222 5522 340 5570 tem
372 5509 475 5565 sibi
502 5525 532 5564 a
558 5508 671 5566 Deo
698 5508 879 5563 datam
908 5516 1217 5564 reverenter
1252 5515 1434 5578 agant,
1461 5514 1514 5562 et
1541 5508 1685 5577 juste
1715 5505 1810 5560 de-

224 5609 483 5670 oemant,
519 5616 626 5658 non
654 5601 719 5657 ad
746 5600 958 5656 libitum
994 5616 1172 5665 suum,
1217 5600 1309 5653 sed
1357 5597 1650 5653 secundum
1680 5596 1815 5664 legis

228 5700 550 5765 decretum,
594 5709 664 5753 ne
709 5692 1052 5767 suscipiendo
1096 5704 1383 5762 personam
1430 5695 1640 5746 mutent
1687 5701 1815 5744 seu-

228 5791 491 5851 tendam.

1897 3286 2071 3341 cimus
2102 3302 2115 3340 ;
2144 3283 2308 3340 Pater
2335 3296 2528 3353 noster,
2563 3288 2653 3360 qui
2693 3304 2748 3342 es
2768 3287 2821 3342 in
2850 3286 3015 3354 culis,
3041 3296 3147 3344 etc.
3182 3286 3334 3361 (Luc.
3363 3288 3466 3360 XI).

1969 3376 2302 3448 Superbiam.
2348 3377 2659 3435 Benedictio
2683 3387 2768 3433 est
2805 3392 3039 3450 regnare
3079 3394 3243 3449 super
3282 3379 3475 3446 lsrael,

1898 3468 2107 3526 scilicet
2142 3469 2418 3542 regnando
2461 3468 2646 3526 facere
2689 3468 2876 3537 lsrael,
2920 3470 3127 3527 scilicet
3175 3470 3347 3526 Deum
3384 3470 3474 3527 vi-

1900 3560 2109 3617 dentes.

2460 3669 2689 3732 CAPUT
2730 3669 2913 3731 XVIII.

1972 3830 2137 3886 Vens.
2169 3830 2223 3886 1.
2250 3858 2327 3872 -
2348 3828 2479 3887 Non
2494 3830 2770 3887 habebunt.
2797 3826 2867 3887 Et
2887 3830 2943 3885 in
2965 3827 3149 3887 Veteri
3174 3836 3231 3885 et
3248 3829 3303 3885 in
3324 3827 3477 3887 Novo

1902 3920 2249 3979 Testamento
2276 3922 2540 3980 ministris
2565 3922 2753 3979 altaris
2774 3930 3101 3994 praeceptum
3129 3929 3217 3978 est
3240 3922 3310 3977 de
3329 3919 3477 3976 obla-

1903 4017 2142 4074 tionibus
2166 4024 2223 4072 et
2240 4016 2466 4074 decimis
2484 4017 2690 4083 vivere,
2718 4031 2819 4072 nec
2844 4015 3077 4071 terrenis
3110 4012 3467 4084 possessioni-

1903 4111 2005 4166 bus
2034 4108 2379 4179 aequirendis
2402 4123 2720 4166 concessum
2747 4114 2831 4164 est
2854 4106 3107 4163 inhiare:
3137 4104 3291 4161 Unde
3318 4120 3331 4157 :
3367 4101 3456 4158 No

1904 4199 1995 4255 lite
2017 4200 2281 4272 possidere
2301 4214 2491 4255 aurum
2517 4217 2680 4272 neque
2701 4208 2992 4270 argentum,
3019 4204 3123 4252 etc.
3154 4194 3370 4267 (lauit.
3392 4193 3470 4265 x);

1905 4301 1960 4350 et
1988 4302 2113 4364 post
2132 4309 2301 4365 pauca
2334 4311 2348 4348 :
2380 4292 2583 4364 Dignus
2610 4302 2686 4346 est
2727 4292 2863 4346 enim
2905 4288 3175 4360 operarius
3216 4287 3331 4340 cibo
3379 4302 3476 4341 suo

1908 4384 1963 4457 (Ι
1999 4384 2124 4441 Cor.
2154 4384 2256 4457 ιιι.)
2282 4385 2352 4440 Ει
2391 4384 2556 4439 alibi:
2591 4382 2697 4448 Qui
2725 4380 2916 4435 altario
2943 4379 3173 4433 seruiunt
3202 4392 3323 4431 cum
3344 4376 3483 4431 alta-

1910 4480 1991 4532 rio
2019 4478 2336 4549 participant
2375 4473 2567 4548 (Num.
2606 4472 2782 4543 xvm).
2826 4469 2941 4525 Non
2978 4469 3123 4524 enim
3154 4474 3389 4537 oportet,
3422 4472 3485 4520 ιιι

1907 4570 1999 4639 qui
2049 4583 2267 4638 semper
2298 4573 2478 4622 astare
2515 4565 2675 4620 debet
2720 4561 2897 4617 cilicio
2931 4561 3135 4625 divino,
3172 4559 3342 4615 inhiet
3368 4566 3479 4613 ter-

1905 4676 2040 4717 reno
2067 4660 2241 4726 lucro,
2264 4658 2351 4715 cui
2377 4656 2522 4712 Deus
2544 4654 2833 4711 hzeretlitas
2855 4662 2958 4708 est.
2980 4652 3117 4720 Quid
3145 4666 3274 4722 ergo
3295 4651 3485 4706 deesse

1906 4759 2087 4824 potest
2117 4750 2193 4807 illi
2219 4749 2311 4821 qui
2337 4748 2519 4805 omnia
2552 4745 2841 4802 habentem
2873 4743 3056 4798 habet.

1980 4846 2144 4903 Vens.
2174 4844 2231 4899 2.
2259 4872 2332 4885 -
2364 4839 2684 4896 Hereditas.
2732 4837 2839 4893 Pro
2875 4835 3191 4906 operatione
3223 4834 3388 4898 bona,
3425 4840 3488 4886 ut

1912 4940 2057 5012 quod
2084 4945 2267 4995 mente
2303 4932 2631 5004 conceperit,
2661 4943 2826 5001 opere
2865 4928 3074 5001 probet,
3106 4925 3251 4982 unde
3278 4942 3292 4978 :
3321 4920 3487 4992 Coepit

1921 5031 2073 5090 inus
2100 5031 2272 5102 facere
2293 5036 2341 5083 et
2369 5027 2554 5082 dooere
2586 5023 2727 5097 (Act.
2753 5024 2813 5095 l).

1983 5125 2149 5181 Vens.
2182 5121 2237 5177 ὅ.
2258 5150 2335 5162 --
2366 5118 2602 5174 Dabunt.
2630 5116 2765 5184 Quia
2807 5115 2861 5170 in
2887 5109 3259 5189 corporalibus
3281 5104 3490 5162 solatiis

1913 5226 1970 5275 et
1996 5213 2371 5287 spirituaiibus
2395 5208 2777 5277 emoiutnentis
2810 5206 3003 5261 devote
3042 5198 3352 5257 doctoribus
3387 5210 3490 5252 no-

1914 5310 2045 5367 stris
2074 5305 2481 5364 commuuicare
2525 5304 2808 5365 debemus,
2847 5297 2991 5352 unde
3022 5312 3036 5348 :
3066 5290 3424 5348 Communiut
3444 5289 3495 5343 is

1915 5402 2005 5475 qui
2051 5399 2408 5453 catechizatur
2433 5394 2604 5461 verba,
2641 5392 2690 5447 ei
2730 5390 2820 5462 qui
2850 5404 2902 5443 se
2929 5383 3240 5441 catechisat.
3269 5381 3325 5436 iu
3349 5379 3495 5435 omni

1920 5507 2070 5564 opere
2107 5490 2239 5544 bono
2263 5485 2406 5561 (Gal.
2433 5485 2531 5558 vr).

2000 5577 2381 5636 Ventriculutl.
2414 5576 2614 5633 Venter
2646 5567 3043 5641 receptaculum
3085 5565 3352 5627 ciborum,
3385 5572 3501 5617 om-

1922 5690 2020 5731 nes
2048 5674 2326 5731 hominum
2356 5669 2590 5733 labores,
2626 5674 2681 5721 et
2720 5670 3094 5720 momentanea
3118 5656 3261 5730 gula
3282 5651 3497 5711 blandi-

1925 5778 2109 5830 menta
2129 5779 2276 5836 sunt,
2303 5776 2535 5839 quorum
2566 5759 2732 5819 linem
2752 5754 3118 5813 condemnat:
3142 5756 3201 5808 et
3230 5744 3496 5811 manliis!
