4006 6352
495 379 591 432 471
857 338 859 348 Α
987 359 1373 421 WALAFRIDI
1413 354 1661 414 STRABI
1691 351 1899 410 FULD.
1947 346 2114 405 MON.
2157 344 2308 402 OPP.
2352 342 2532 398 PARS
2566 343 2607 399 l.
2649 373 2720 384 —
2756 333 3210 397 THEOLOGICA.
3646 330 3751 387 ΠΩ

493 496 606 549 Deo
649 488 878 544 sacratis
911 482 1144 539 ostendit
1181 488 1354 534 totum
1382 473 1527 546 quod
1561 483 1816 526 voramus
1845 468 1900 522 in
1936 481 2060 522 suc-
2091 471 2144 530 Α
2168 459 2442 530 provisum
2469 457 2659 528 liquet,
2698 464 2826 520 etc.,
2874 469 3035 524 usque
3061 451 3128 504 ad
3173 459 3464 549 percussus
3506 443 3754 501 Levitico

495 597 708 642 cessum
737 577 952 651 projici,
995 574 1175 628 unde:
1211 570 1350 625 Esca
1392 565 1578 632 ventri,
1617 571 1666 618 et
1693 570 1866 618 venter
1889 561 2062 615 escis:

493 677 634 732 Deus
666 682 840 728 autem
867 677 913 724 et
944 669 1082 723 hunc
1110 675 1158 718 et
1193 667 1328 717 hanc
1353 661 1604 715 destruet.

568 768 728 823 Vens.
759 763 814 818 4.
847 791 920 803 -
940 757 1234 813 Primitias.
1264 751 1538 808 Primitias
1565 749 1782 820 frugum
1817 746 2066 800 laboran-

495 871 603 917 tem
625 856 919 928 agricolam
939 857 1150 923 oportet
1169 847 1403 917 primum
1425 843 1491 898 de
1510 841 1777 897 fructibus
1798 837 2062 907 accipere.

2168 549 2346 623 gladio
2371 548 2633 604 moriatur
2653 561 2842 603 sensus
2865 543 3065 608 carnis,
3089 550 3149 596 ut
3168 540 3316 594 vivat
3341 538 3526 592 anima
3545 543 3750 593 vestra.

2236 639 2402 696 Vens.
2429 639 2484 695 9.
2515 670 2585 680 —
2619 638 2794 694 Addes
2841 635 2956 691 tibi.
2997 635 3056 690 In
3101 633 3242 690 libro
3269 631 3402 688 Jesu
3449 629 3624 696 Nave,
3659 641 3757 685 sex

2167 733 2415 790 civitates
2440 728 2633 801 refugii
2674 730 3042 786 decernuntur
3078 724 3276 781 talibus
3315 721 3613 778 homicidis
3641 719 3760 790 (Jo—

2166 840 2260 880 sue
2284 823 2400 895 xx).
2425 822 2599 878 Cades
2629 822 2685 877 in
2725 819 2945 877 Galiltea
2992 817 3194 874 montis
3226 813 3505 886 Nepthali,
3537 811 3759 866 Sichem

1055 905 1254 994 exierit.
1306 932 1471 1002 Quasi
1522 931 1708 986 urbem
1741 937 1797 984 et
1849 905 2066 982 domum
2169 917 2225 972 in
2253 924 2434 971 monte
2457 915 2738 986 Ephraim,
2765 923 2822 970 et
2854 911 3226 975 Cariatharbe,
3257 924 3378 980 quae
3399 915 3488 964 est
3512 905 3759 970 Hebron,

495 1037 713 1102 deserit,
742 1035 834 1106 qui
866 1031 1035 1104 gratis
1062 1030 1171 1084 Deo
1199 1025 1383 1090 servit,
1417 1030 1474 1080 et
1500 1022 1617 1078 sine
1654 1025 1870 1090 sumptu
1892 1016 2068 1072 Evan-

494 1129 691 1200 gelium
716 1126 886 1197 ponit.

2169 1007 2224 1063 in
2253 1015 2438 1062 monte
2465 1006 2623 1063 Juda.
2671 1007 2740 1061 Et
2781 1015 2931 1061 trans
2966 1004 3259 1059 Iordanem
3303 1000 3477 1056 Bosor
3509 999 3582 1055 de
3618 997 3764 1053 tribu

2169 1098 2382 1164 Ruben,
2412 1106 2469 1154 et
2497 1098 2729 1155 Ramoth
2757 1099 2815 1152 in
2839 1095 3043 1153 Galaad
3077 1096 3144 1152 de
3171 1094 3322 1165 tribu
3352 1092 3494 1160 Gad,
3523 1099 3584 1148 et
3611 1089 3760 1146 Gau-

563 1189 732 1271 Vens:
776 1215 830 1270 8.
877 1243 944 1254 —
988 1210 1240 1279 Excepto.
1295 1206 1488 1278 (Auc.,
1529 1211 1714 1275 quiest.
1749 1199 1864 1270 58.)
1915 1198 2070 1264 Quod
2170 1191 2346 1247 lon-in
2375 1190 2574 1256 Basan,
2608 1192 2675 1247 de
2699 1191 2841 1246 tribu
2873 1189 3140 1245 Manasse.

494 1308 660 1373 LXX,
692 1316 824 1372 etc.,
861 1319 1023 1374 usque
1049 1301 1118 1355 ad
1156 1315 1280 1354 eum
1316 1295 1524 1353 servari
1551 1300 1766 1365 oportet
1799 1290 1944 1362 quod
1975 1305 2069 1360 pa-

495 1401 742 1456 rentibus
768 1395 1067 1452 exhibitum
1105 1400 1209 1448 est.

2242 1283 2466 1356 (Auum,
2495 1283 2582 1338 ubi
2607 1283 2809 1355 supra.)
2847 1282 2956 1338 Sex
2996 1292 3179 1338 autem
3219 1281 3510 1336 civitatum
3552 1277 3764 1349 refugis

2171 1385 2316 1442 sunt,
2340 1383 2473 1443 etc.,
2515 1393 2678 1448 usque
2719 1376 2788 1430 ad
2827 1375 2913 1432 vel
2949 1373 3366 1431 interdictorum
3394 1369 3767 1427 declinatione

567 1493 730 1545 Vens.
762 1490 815 1546 9.
847 1518 917 1527 —
947 1485 1172 1552 Quando
1206 1485 1492 1553 ingressus.
1523 1478 1706 1550 (Aue.,
1740 1484 1926 1547 quam.
1951 1471 2067 1542 29.)
2171 1483 2514 1525 veneremur.

494 1583 758 1650 Quoniam
771 1586 1142 1651 portentorum
1159 1577 1490 1644 inspectores
1504 1567 1925 1630 interdicuntur,
1939 1573 2068 1628 etc.,

493 1691 654 1745 usque
685 1680 753 1728 ad
782 1672 860 1728 sic
888 1670 991 1725 illae
1013 1668 1376 1739 inspectiones
1409 1663 1758 1736 prodigorum
1799 1673 1830 1712 a
1867 1655 2073 1727 signiﬁ-

495 1765 798 1836 cationibus
828 1759 1214 1816 miraculorum
1241 1754 1610 1811 discernendae
1640 1758 1784 1806 sunt.

2227 1560 2408 1625 Vens.
2438 1560 2525 1614 ll.
2553 1590 2622 1600 —
2643 1557 2702 1614 Si
2723 1559 2838 1630 quis
2864 1566 3038 1618 autem
3065 1558 3184 1613 odio
3211 1556 3406 1610 habens
3431 1553 3762 1626 proximum.

2175 1649 2278 1719 Qui
2304 1650 2510 1705 malitia
2539 1649 2776 1720 aliquem
2800 1649 3057 1720 percutit,
3087 1656 3141 1704 et
3186 1647 3244 1702 in
3291 1652 3526 1700 mortem
3567 1643 3768 1698 anim

2174 1742 2338 1808 ducit,
2369 1757 2494 1798 reus
2519 1752 2604 1798 est
2645 1752 2862 1798 aeternae
2891 1742 3084 1798 mortis
3103 1783 3118 1808 ,
3162 1739 3307 1796 unde
3335 1757 3349 1792 :
3384 1739 3446 1795 Si
3468 1738 3588 1809 quis
3607 1753 3768 1792 scan-

567 1857 734 1911 Vens.
784 1854 869 1908 10.
901 1881 972 1892 --
1012 1849 1240 1903 Ariolos.
1289 1846 1390 1914 Qui
1433 1845 1775 1938 circumeunt
1819 1851 2072 1938 arasune-
2104 1821 2683 1938 B'd‘alis‘qveritjtnuin
2713 1834 2776 1889 de
2811 1833 3017 1906 pusillis
3061 1831 3152 1904 qui
3181 1831 3236 1886 in
3263 1847 3345 1885 me
3373 1831 3622 1894 credunt,
3654 1837 3766 1882 etc.

496 1947 672 2001 fandis
693 1944 969 2015 precibus,
997 1949 1052 1997 et
1077 1939 1466 1996 divinationem
1494 1936 1548 1990 in
1590 1934 1734 1990 extis
1759 1930 2075 1987 animalium
2104 1923 2152 1938 "
2177 1925 2248 1982 Et
2275 1925 2402 1981 alibi
2435 1944 2449 1980 :
2484 1925 2589 1993 Qui
2616 1927 2725 1982 odit
2753 1928 2971 1998 fratrem
3013 1925 3275 1980 homicida
3302 1934 3400 1990 est,
3445 1934 3497 1978 et
3526 1939 3632 1977 non
3669 1923 3772 1976 ha-

494 2045 759 2109 qurerunt.

565 2128 823 2198 Auguria.
858 2125 1023 2193 Quasi
1067 2123 1325 2194 avigeria,
1375 2135 1494 2192 quae
1523 2120 1578 2174 in
1621 2116 1851 2210 vocibus
1888 2114 2072 2169 avium

497 2229 774 2293 gerantur.
807 2219 904 2276 Vel
937 2217 1193 2289 avigaria,
1227 2218 1295 2270 ab
1315 2214 1492 2269 avium
1516 2211 1744 2284 garritu.

565 2313 729 2367 Vens.
769 2311 855 2364 ll.
887 2338 958 2348 -—
987 2305 1274 2378 Pythones.
1315 2303 1714 2372 Ventriloquos,
1745 2299 1814 2354 de
1845 2311 2077 2368 quorum

497 2417 684 2461 ventre
730 2404 1002 2459 daemones
1043 2400 1359 2471 loquuntur,
1412 2414 1442 2452 a
1472 2397 1716 2469 Pythone
1755 2391 1837 2448 sic
1867 2391 2074 2453 dictos,

497 2500 546 2552 id
578 2509 661 2554 est
705 2496 971 2567 Apolline,
1001 2509 1161 2564 quem
1206 2493 1364 2548 deum
1407 2487 1756 2546 divinationis
1784 2485 2077 2542 credebant

496 2605 635 2644 esse.

569 2678 731 2733 Vens.
759 2677 844 2731 15.
869 2706 936 2716 -
969 2674 1284 2744 Prophetam
1307 2672 1392 2726 de.
1430 2670 1583 2726 Licet
1619 2667 1973 2724 historialiter
2010 2665 2078 2720 de

495 2773 774 2844 prophetis
805 2769 976 2840 accipi
1004 2768 1194 2840 possit,
1231 2767 1321 2837 qui
1362 2773 1484 2836 post
1523 2763 1743 2836 Moysen
1791 2763 1845 2816 in
1877 2758 2076 2830 populo

493 2864 664 2922 Israel
691 2862 877 2932 repleti
911 2868 1035 2916 sunt
1064 2859 1264 2928 Spiritu
1291 2857 1408 2922 Dei,
1441 2855 1634 2911 melius
1663 2863 1844 2908 tamen
1870 2851 1938 2906 de
1965 2850 2073 2905 Do-

494 2957 644 3011 mino
669 2954 1055 3024 prophetarum
1088 2950 1374 3020 accipitur,
1410 2949 1476 3004 de
1503 2961 1614 3018 quo
1641 2946 1815 3000 turba:
1849 2944 1916 2998 ab
1956 2943 2075 3014 ipso

497 3050 708 3106 satiata:
737 3047 990 3102 dixerunt
1024 3061 1038 3098 :
1074 3042 1175 3096 Hic
1202 3051 1276 3096 est
1302 3057 1416 3096 vere
1437 3039 1689 3110 prapheta
1712 3036 1800 3107 qui
1831 3043 2076 3090 venturus

495 3153 573 3198 est
615 3143 672 3196 in
709 3138 964 3194 mundum
1001 3135 1184 3209 (Joau.
1213 3133 1312 3202 Vl).
1354 3133 1420 3188 Et
1454 3131 1623 3188 alibi:
1651 3128 1916 3201 Propheta
1957 3145 2075 3182 ma-

2179 2019 2315 2074 bebit
2343 2020 2502 2074 vitam
2541 2030 2791 2074 «sternam
2822 2019 3038 2093 (Matth.
3068 2034 3233 2082 xvm;
3260 2017 3291 2072 Ι
3321 2018 3484 2073 Joan.
3518 2017 3626 2088 ιιι).
3667 2015 3770 2071 Hic

2179 2110 2248 2165 ab
2273 2110 2435 2166 altari
2463 2109 2751 2178 divellitur,
2785 2121 3041 2183 tanquam
3085 2111 3444 2168 sacramentis
3469 2110 3794 2165 Dominicis.

2179 2199 2450 2272 indignus,
2483 2217 2583 2258 nec
2607 2203 2820 2258 veniam
2854 2201 2957 2258 nisi
2988 2217 3085 2272 per
3129 2201 3454 2272 condignam
3501 2199 3772 2270 poeniten-

2181 2294 2310 2349 tiam
2340 2303 2698 2366 promeretur.
2728 2295 2829 2364 Qui
2865 2304 3045 2350 autem
3071 2310 3178 2351 non
3200 2301 3389 2365 sponte
3417 2292 3642 2358 occidit,
3671 2291 3770 2345 ha-

2177 2387 2267 2444 bet
2292 2388 2453 2443 urbes
2479 2387 2694 2458 refugii,
2727 2387 3025 2443 Ecclesiam
3052 2387 3262 2443 scilicet
3296 2384 3647 2450 catholicam,
3674 2383 3768 2438 ubi

2179 2494 2238 2535 se
2284 2480 2530 2550 angustia
2558 2480 2888 2549 pmnitenlize
2931 2494 3208 2544 coercens,
3235 2493 3332 2550 per
3361 2491 3523 2532 omne
3552 2483 3773 2546 tempus

2175 2571 2460 2640 praesentis
2493 2570 2618 2625 vitae
2645 2571 2799 2626 bonis
2831 2571 3086 2641 operibus
3112 2569 3353 2635 studeat,
3385 2576 3441 2624 et
3465 2568 3510 2623 si
3532 2582 3687 2637 spem
3711 2566 3767 2620 in

2178 2674 2355 2721 morte
2401 2667 2597 2722 summi
2641 2664 2935 2737 pontificis,
2980 2665 3189 2722 scilicet
3223 2662 3602 2734 Redemptoris
3659 2663 3769 2727 sui,

2175 2759 2443 2830 posuerit,
2475 2759 2690 2814 tandem
2712 2757 3012 2815 merebitur
3034 2757 3256 2814 salvari.

2249 2850 2352 2919 Qui
2387 2850 2688 2906 fraternum
2735 2852 2918 2908 odium
2958 2851 3156 2907 retinet
3198 2850 3253 2905 in
3301 2850 3486 2915 corde,
3533 2863 3648 2904 non
3678 2862 3773 2917 po-

2178 2952 2286 3000 test
2318 2943 2648 3000 fructuosam
2681 2942 3058 3014 ptenitentiam
3099 2956 3283 3014 agere,
3321 2955 3425 2998 nec
3459 2941 3634 2996 Deum
3667 2937 3770 2994 sibi

2177 3037 2414 3110 placare.

2250 3129 2416 3183 Vens.
2437 3128 2524 3182 M.
2545 3126 2747 3182 —Non
2769 3142 3003 3182 assumes
3015 3135 3062 3181 et
3077 3123 3361 3195 transferes
3375 3123 3649 3188 terminos,
3667 3131 3769 3177 etc.

495 3251 630 3307 gnus
655 3232 882 3289 surrexit
912 3231 971 3284 in
987 3229 1133 3284 nobis
1167 3227 1318 3299 (Luc.
1348 3226 1466 3296 vn).
2105 3242 2152 3306 ρ
2182 3217 2338 3274 Unde
2379 3236 2392 3272 :
2435 3217 2518 3272 Ne
2557 3215 2963 3288 transgrediaris
3006 3215 3254 3272 terminos
3299 3229 3431 3284 quos
3483 3219 3770 3282 posuerunt

1089 3381 1315 3438 CAPUT
1352 3379 1494 3435 XIX.

571 3501 735 3558 Vens.
765 3499 821 3554 2.
850 3527 922 3539 --
947 3494 1094 3550 Tres.
1121 3493 1333 3559 Fidem,
1363 3506 1516 3563 spem
1542 3498 1600 3547 et
1633 3490 1978 3555 charitatem,
2012 3486 2081 3542 ad

498 3611 633 3668 quas
659 3607 850 3649 omnes
876 3588 1203 3660 ptenitentes
1238 3585 1436 3640 debent
1457 3581 1770 3653 confugere.

570 3685 704 3739 Tres
727 3682 976 3738 civitates
1026 3676 1219 3748 refugii
1261 3675 1403 3731 ultra
1453 3672 1748 3729 Iordanem
1799 3670 2082 3729 constituit

505 3775 712 3847 Moyses
757 3768 1046 3827 homicidis
1071 3767 1164 3838 qui
1190 3782 1298 3822 non
1329 3774 1521 3835 sponte
1543 3762 1900 3820 homicidium
1931 3776 2080 3818 com-

503 3866 787 3927 miserunt,
827 3861 960 3915 alias
992 3866 1103 3914 tres
1135 3858 1283 3912 circa
1305 3854 1600 3911 Jordanem
1636 3851 1792 3924 jubet
1833 3850 2080 3923 separari

501 3955 692 4026 (Num.
733 3967 913 4017 xxxv;
962 3949 1142 4004 Iosue.
1190 3948 1308 4020 xx),
1351 3946 1578 4018 mystice
1621 3947 1900 4002 insinuans
1939 3943 2083 4014 quod

502 4053 628 4099 ante
656 4043 1056 4114 perceptionem
1083 4039 1360 4110 baptismi,
1389 4038 1482 4109 qui
1510 4037 1627 4092 vult
1659 4052 1689 4092 a
1717 4045 1940 4108 peccato
1976 4033 2083 4090 sal-

500 4135 620 4189 vari
666 4142 721 4187 et
773 4134 842 4188 ab
884 4132 1132 4188 hostibus
1180 4128 1550 4202 spiritualibus
1601 4127 1846 4194 liberari,
1880 4133 2083 4182 sancta:

502 4225 784 4282 Trinitatis
812 4223 971 4279 ﬁdem
1017 4223 1176 4280 debet
1215 4222 1428 4298 sincera
1466 4225 1650 4276 mente
1693 4216 1939 4274 conﬁteri
1963 4257 1979 4282 ,
2026 4225 2083 4272 et

500 4331 623 4392 post
661 4319 988 4390 baptismum
1035 4316 1091 4371 in
1135 4315 1260 4380 fide,
1308 4328 1404 4384 spe
1441 4321 1496 4367 et
1541 4310 1807 4366 charitate
1851 4307 2082 4363 viriliter

502 4414 736 4486 operari.
776 4412 976 4482 Sicque
1005 4409 1256 4481 religiose
1283 4420 1614 4464 conversans
1654 4403 1709 4459 in
1738 4401 1958 4469 mundo,
1988 4401 2081 4472 qui

503 4503 721 4560 senario
748 4502 999 4558 conditus
1020 4509 1104 4556 est
1132 4507 1381 4565 numero,
1408 4504 1532 4568 post
1559 4494 1947 4566 perfectionem
1984 4494 2082 4550 bo-

2181 3317 2356 3382 patres
2385 3309 2463 3363 tui
2489 3306 2669 3381 (Prov.
2704 3309 2868 3377 χιιι),
2893 3307 2946 3363 id
2968 3317 3072 3374 est,
3107 3304 3532 3378 praecedentium
3554 3313 3772 3374 patrum

2180 3401 2400 3474 regulas
2427 3409 2481 3456 et
2503 3399 2844 3456 deﬁnitiones
2870 3397 3112 3454 vivendi.

2254 3495 2420 3551 Vens.
2466 3494 2553 3550 15.
2598 3524 2670 3534 ——
2699 3492 2826 3548 Non
2865 3491 3021 3548 stabit
3061 3490 3205 3548 testis
3242 3508 3401 3546 unus.
3440 3489 3558 3546 Hoc
3607 3490 3767 3545 etiam

2181 3589 2540 3647 historialiter
2565 3603 2788 3646 servare
2811 3588 3090 3644 debemus.
3121 3586 3192 3642 Et
3223 3593 3417 3642 contra
3455 3584 3655 3654 impios
3689 3582 3772 3638 vel

2181 3680 2490 3746 haereticos,
2511 3694 2636 3735 cum
2665 3677 2992 3735 testimoniis
3011 3675 3419 3748 Scripturarum
3445 3675 3769 3746 indigemus,

2181 3771 2318 3828 (lues
2362 3780 2549 3836 testes,
2596 3771 2651 3826 id
2693 3778 2800 3836 est,
2826 3769 2996 3826 Vetus
3031 3778 3085 3825 et
3119 3766 3327 3823 Novum
3363 3766 3771 3821 Testamentum

2185 3862 2532 3931 adhibemus,
2557 3863 2644 3919 vel
2666 3871 2800 3930 tres,
2832 3861 2888 3918 id
2910 3871 3018 3929 est,
3052 3859 3426 3932 Evangelium,
3449 3859 3768 3930 prophetas,

2185 3956 2511 4026 apostolum,
2540 3966 2596 4012 et
2619 3956 2700 4011 sic
2720 3961 2828 4010 stat
2853 3953 3100 4010 verbum.

2254 4047 2420 4104 Vens.
2446 4049 2537 4104 2|.
2567 4079 2639 4091 --
2673 4047 2919 4103 Animam
2961 4064 3056 4119 pro
3097 4046 3299 4101 anima.
3329 4043 3436 4112 Qui
3465 4043 3618 4100 enim
3662 4041 3771 4098 ani-

2184 4154 2331 4195 mam
2352 4154 2539 4196 errare
2564 4139 2716 4206 fecit,
2746 4140 2908 4196 venia
2937 4138 3132 4210 dignus
3152 4153 3263 4194 non
3289 4144 3396 4192 est.

2256 4230 2472 4290 Dentem
2504 4247 2599 4303 pro
2649 4231 2800 4287 dente
2840 4229 3037 4303 (Exod.
3066 4244 3192 4295 xxi;
3231 4226 3354 4284 Leu.
3379 4243 3543 4294 xxiv;
3582 4225 3772 4280 Matth.

2183 4322 2262 4397 v).
2290 4323 2590 4380 Verborum
2614 4324 2894 4380 virtutem.
2939 4323 3139 4378 Dentes
3179 4320 3326 4377 enim
3361 4319 3534 4376 verba
3570 4315 3776 4389 signifi—

2185 4424 2313 4472 cant
2351 4403 2648 4472 secundum
2694 4415 2864 4471 illud:
2905 4411 3040 4470 Filii
3065 4414 3356 4481 hominum,
3377 4413 3557 4468 dentes
3595 4425 3772 4465 eorum

2184 4526 2336 4564 urina
2363 4507 2540 4582 (Psal.
2567 4507 2700 4580 LVI).
2731 4508 2801 4564 Et
2828 4507 2956 4563 alibi
2982 4526 2995 4562 :
3035 4506 3227 4562 Dentes
3263 4506 3379 4577 ejus
3424 4505 3582 4569 lacte,
3610 4501 3664 4558 id
3690 4511 3774 4556 est

501 4609 697 4650 norum
727 4607 953 4664 operum
980 4591 1224 4662 requiem
1257 4596 1514 4645 aeternam
1541 4593 1822 4658 exspeth
1858 4585 1914 4641 in
1949 4585 2078 4642 sab-

2197 4617 2322 4675 ege,
2351 4601 2681 4656 candidiores
2712 4595 2866 4672 (Gen.
2888 4597 3067 4669 xxix).

503 4687 569 4740 ba
578 4685 756 4739 tismo.

582 4775 742 4830 Vens.
781 4774 836 4828 5.
865 4804 936 4814 -
961 4772 1030 4828 1η
1058 4783 1182 4830 tres.
1215 4773 1285 4830 Ut
1312 4771 1403 4844 qui
1445 4771 1736 4828 salvandus
1760 4778 1845 4826 est
1871 4768 2087 4826 facilius

503 4870 718 4928 evadat.
755 4867 1150 4924 Praedicatores
1190 4881 1404 4937 quoque
1429 4866 1594 4922 verbo
1619 4872 1676 4919 et
1708 4863 1958 4933 exemplo
1997 4863 2091 4918 de-

505 4965 634 5020 bent
684 4961 1064 5034 peccatoribus
1108 4958 1393 5016 consulere
1437 4966 1494 5012 et
1541 4954 1820 5026 aequaliter
1870 4953 1926 5009 in
1973 4961 2088 5009 tota

508 5067 652 5113 terra
684 5057 939 5114 Ecclesia:
977 5053 1140 5110 fidem
1173 5050 1459 5108 Trinitatis
1496 5045 1750 5103 omnibus
1778 5045 2084 5110 insinuare,
2112 5109 2114 5112 ν

509 5160 567 5204 ιιι
591 5152 732 5205 viam
766 5148 1013 5206 veritatis
1041 5155 1097 5202 et
1135 5154 1350 5217 portam
1396 5141 1520 5198 fidei
1562 5147 1858 5213 agnoscant
1897 5145 2087 5210 patere

509 5243 635 5304 sibi,
665 5252 717 5295 et
757 5259 813 5297 se
849 5244 1044 5298 merito
1089 5239 1426 5296 damnandos
1466 5237 1512 5296 si
1558 5237 1762 5290 intrare
1789 5231 2084 5290 noluerint.
2123 5289 2126 5292 ,

584 5330 686 5386 Sed
723 5332 931 5386 abiisse.
961 5330 1218 5401 Exemplo
1256 5328 1399 5383 enim
1437 5327 1673 5384 ostendit
1698 5325 1872 5396 qualis
1915 5323 2090 5381 homi-

509 5423 629 5480 cida
665 5423 956 5478 salvandus
982 5423 1072 5478 sit.

581 5516 796 5588 (Casa,
829 5516 980 5570 Past.
1028 5523 1169 5584 part.
1206 5529 1264 5578 ιι,
1306 5527 1421 5582 cap.
1453 5528 1507 5577 ιι,
1545 5519 1678 5567 tom.
1719 5509 1828 5580 lll.)
1870 5508 1951 5564 Ad
1994 5507 2088 5564 sil-

507 5623 630 5672 vam
660 5623 782 5661 cum
826 5607 1002 5661 amico
1029 5606 1188 5671 imus,
1219 5616 1352 5669 etc.,
1375 5620 1536 5674 usque
1578 5601 1647 5657 ad
1679 5615 1800 5672 quae
1825 5615 1934 5657 non
1973 5614 2086 5653 ma-

509 5699 686 5755 litiose
707 5706 1065 5768 perpetratur.
1320 5741 1322 5743 .

579 5796 803 5872 (Auum,
845 5794 939 5852 lib.
985 5795 1048 5851 de
1097 5791 1249 5868 Fuga
1290 5792 1489 5862 srrculi,
1539 5806 1661 5864 cap.
1711 5788 1790 5864 2.)
1836 5788 2087 5862 Congrue

2267 4694 2511 4760 Manum,
2539 4702 2646 4750 etc.
2675 4690 3079 4764 Operationem,
3109 4699 3171 4748 ut
3201 4706 3288 4758 ea,
3319 4689 3550 4747 scilicet.
3574 4694 3700 4746 sunt
3720 4685 3770 4740 ei

2192 4786 2349 4842 utilia
2373 4793 2466 4842 aut
2502 4785 2694 4841 nociva
2723 4800 2844 4856 quae
2871 4785 2926 4840 in
2954 4783 3061 4840 alio
3087 4782 3369 4856 pervertit.

2793 4917 3020 4976 CAPUT
3057 4916 3178 4973 XX.

2261 5058 2426 5114 Vens.
2460 5057 2512 5110 1.
2537 5085 2608 5096 -
2633 5055 2772 5121 Quia
2795 5053 3074 5109 Dominus.
3099 5050 3344 5124 Mystiee.
3369 5047 3553 5120 (Ane.,
3583 5053 3764 5118 σιωει.

2190 5146 2304 5219 50.)
2351 5145 2536 5202 LXX:
2571 5145 2833 5212 Quoniam
2878 5143 3168 5210 Dominus,
3209 5149 3350 5207 etc.,
3395 5155 3561 5211 usque
3603 5137 3672 5192 ad
3710 5141 3769 5190 ut

2191 5238 2356 5293 etiam
2394 5237 2542 5307 ipsos
2561 5244 2780 5292 acturos
2801 5235 3134 5291 ostenderet.

2263 5328 2427 5384 Vens.
2459 5327 2515 5382 5.
2539 5357 2608 5367 —
2639 5325 2769 5393 Quis
2812 5335 2887 5382 est
2935 5327 3109 5380 homo.
3149 5325 3270 5396 (lo.,
3300 5332 3485 5396 qua'st.
3514 5320 3628 5389 5L)
3652 5316 3764 5372 Non

2191 5425 2276 5474 est
2303 5416 2496 5472 melior
2537 5416 2592 5470 in
2618 5415 2761 5472 bello
2789 5417 2882 5486 qui
2910 5416 3024 5487 jam
3057 5414 3284 5470 aedilicia
3314 5410 3608 5476 dedicavit,
3635 5414 3763 5467 etc.,

2192 5511 2354 5580 usque
2394 5509 2463 5563 ad
2512 5508 2604 5564 sed
2643 5509 2760 5564 haec
2808 5508 3052 5564 instituta
3093 5516 3222 5563 sunt
3267 5512 3490 5577 propter
3529 5502 3765 5557 virorum

2194 5602 2403 5658 animos
2429 5601 2808 5672 explorandos.

2267 5692 2397 5758 Quis
2423 5703 2498 5748 est
2523 5694 2696 5748 homo.
2729 5691 2902 5764 (lsm.)
2930 5695 3097 5746 Docet
3122 5704 3230 5744 non
3257 5701 3416 5758 posse
3443 5693 3766 5757 quemquam

2195 5789 2585 5862 professionem
2623 5783 3096 5858 contemplationis
3135 5782 3222 5841 vel
3259 5779 3470 5840 militia
3510 5772 3765 5856 spiritalis

3975 1065 3977 1197 γ
