  <div class='ocr_page' id='page_1' title='image "/cluster/home/n/w/nwhite01/storage/ocr_20150623/113/hvd.32044018909572/242.png"; bbox 0 0 4006 6352; ppageno 0'>
   <div class='ocr_carea' id='block_1_1' title="bbox 236 339 1797 412">
    <p class='ocr_par' dir='ltr' id='par_1_1' title="bbox 236 339 1797 408">
     <span class='ocr_line' id='line_1_1' title="bbox 236 339 1797 408; baseline -0.003 0"><span class='ocrx_word' id='word_1_1' title='bbox 236 352 346 408; x_wconf 73' lang='lat'><strong>475</strong></span> <span class='ocrx_word' id='word_1_2' title='bbox 860 343 869 358; x_wconf 94' lang='lat'>‘</span> <span class='ocrx_word' id='word_1_3' title='bbox 1120 339 1129 348; x_wconf 89' lang='lat'><strong><em>&#39;</em></strong></span> <span class='ocrx_word' id='word_1_4' title='bbox 1276 349 1541 407; x_wconf 75' lang='lat' dir='ltr'><strong>GLOSSA</strong></span> <span class='ocrx_word' id='word_1_5' title='bbox 1577 348 1797 405; x_wconf 56' lang='lat' dir='ltr'><strong>ouum.</strong></span> 
     </span>
    </p>
   </div>
   <div class='ocr_carea' id='block_1_2' title="bbox 1919 339 3499 412">
    <p class='ocr_par' dir='ltr' id='par_1_2' title="bbox 1919 348 3499 412">
     <span class='ocr_line' id='line_1_2' title="bbox 1919 348 3499 412; baseline 0.005 -9"><span class='ocrx_word' id='word_1_6' title='bbox 1919 351 1968 404; x_wconf 58' lang='grc' dir='ltr'><strong>λ.</strong></span> <span class='ocrx_word' id='word_1_7' title='bbox 2007 381 2076 392; x_wconf 92' lang='grc'><strong><em>-</em></strong></span> <span class='ocrx_word' id='word_1_8' title='bbox 2111 351 2236 408; x_wconf 88' lang='lat' dir='ltr'><strong>LIB.</strong></span> <span class='ocrx_word' id='word_1_9' title='bbox 2281 348 2488 408; x_wconf 88' lang='lat' dir='ltr'><strong>DEUT.</strong></span> <span class='ocrx_word' id='word_1_10' title='bbox 3387 354 3499 412; x_wconf 72' lang='grc'><strong>474</strong></span> 
     </span>
    </p>
   </div>
   <div class='ocr_carea' id='block_1_3' title="bbox 235 465 3499 544">
    <p class='ocr_par' dir='ltr' id='par_1_3' title="bbox 235 465 3499 544">
     <span class='ocr_line' id='line_1_3' title="bbox 235 465 3499 544; baseline 0.002 -22"><span class='ocrx_word' id='word_1_11' title='bbox 235 468 504 536; x_wconf 75' lang='lat' dir='ltr'><strong>arripere,</strong></span> <span class='ocrx_word' id='word_1_12' title='bbox 525 475 660 533; x_wconf 89' lang='lat' dir='ltr'><strong>etc.,</strong></span> <span class='ocrx_word' id='word_1_13' title='bbox 681 480 844 536; x_wconf 84' lang='lat' dir='ltr'><strong>usque</strong></span> <span class='ocrx_word' id='word_1_14' title='bbox 871 465 940 519; x_wconf 93' lang='lat' dir='ltr'><strong>ad</strong></span> <span class='ocrx_word' id='word_1_15' title='bbox 964 478 981 516; x_wconf 90' lang='lat'><strong><em>:</em></strong></span> <span class='ocrx_word' id='word_1_16' title='bbox 1014 475 1070 521; x_wconf 86' lang='lat' dir='ltr'><strong>ut</strong></span> <span class='ocrx_word' id='word_1_17' title='bbox 1091 465 1139 521; x_wconf 88' lang='lat' dir='ltr'><strong>ei</strong></span> <span class='ocrx_word' id='word_1_18' title='bbox 1165 465 1366 538; x_wconf 90' lang='lat' dir='ltr'><strong>placeat</strong></span> <span class='ocrx_word' id='word_1_19' title='bbox 1395 469 1482 522; x_wconf 89' lang='lat' dir='ltr'><strong>cui</strong></span> <span class='ocrx_word' id='word_1_20' title='bbox 1503 485 1557 524; x_wconf 85' lang='lat' dir='ltr'><strong>se</strong></span> <span class='ocrx_word' id='word_1_21' title='bbox 1585 468 1817 540; x_wconf 81' lang='lat' dir='ltr'><strong>probauit</strong></span> <span class='ocrx_word' id='word_1_22' title='bbox 1847 470 1899 530; x_wconf 83' lang='grc' dir='ltr'>Α</span> <span class='ocrx_word' id='word_1_23' title='bbox 1994 467 2155 524; x_wconf 80' lang='lat' dir='ltr'><strong>Vens.</strong></span> <span class='ocrx_word' id='word_1_24' title='bbox 2188 469 2274 523; x_wconf 86' lang='grc'><strong>11.</strong></span> <span class='ocrx_word' id='word_1_25' title='bbox 2297 499 2368 509; x_wconf 93' lang='grc'><strong><em>-</em></strong></span> <span class='ocrx_word' id='word_1_26' title='bbox 2389 466 2660 522; x_wconf 79' lang='lat' dir='ltr'><strong>Mulierem</strong></span> <span class='ocrx_word' id='word_1_27' title='bbox 2682 469 2975 539; x_wconf 74' lang='lat' dir='ltr'><strong>pulchram.</strong></span> <span class='ocrx_word' id='word_1_28' title='bbox 3006 469 3159 526; x_wconf 89' lang='lat' dir='ltr'><strong>Sicut</strong></span> <span class='ocrx_word' id='word_1_29' title='bbox 3186 470 3382 529; x_wconf 82' lang='lat' dir='ltr'><strong>Paulus</strong></span> <span class='ocrx_word' id='word_1_30' title='bbox 3403 473 3499 544; x_wconf 89' lang='lat' dir='ltr'><strong>qui</strong></span> 
     </span>
    </p>
   </div>
   <div class='ocr_carea' id='block_1_4' title="bbox 362 557 616 612">
    <p class='ocr_par' dir='ltr' id='par_1_4' title="bbox 362 557 616 612">
     <span class='ocr_line' id='line_1_4' title="bbox 362 557 616 612; baseline 0 0"><span class='ocrx_word' id='word_1_31' title='bbox 362 557 499 612; x_wconf 85' lang='lat' dir='ltr'><strong>Tim.</strong></span> <span class='ocrx_word' id='word_1_32' title='bbox 529 557 616 612; x_wconf 82' lang='grc' dir='ltr'>ιι).</span> 
     </span>
    </p>
   </div>
   <div class='ocr_carea' id='block_1_5' title="bbox 236 556 1821 722">
    <p class='ocr_par' dir='ltr' id='par_1_5' title="bbox 236 556 1821 722">
     <span class='ocr_line' id='line_1_5' title="bbox 362 557 616 612; baseline 0 0"><span class='ocrx_word' id='word_1_33' title='bbox 362 557 546 612; x_wconf 81' lang='lat' dir='ltr'><strong>Tim.t</strong></span> <span class='ocrx_word' id='word_1_34' title='bbox 603 597 616 612; x_wconf 93' lang='lat'><strong>.</strong></span> 
     </span>
     <span class='ocr_line' id='line_1_6' title="bbox 236 556 1821 722; baseline 0.001 -18"><span class='ocrx_word' id='word_1_35' title='bbox 236 557 503 706; x_wconf 70' lang='lat' dir='ltr'><strong>(&quot;Melius</strong></span> <span class='ocrx_word' id='word_1_36' title='bbox 536 556 618 704; x_wconf 58' lang='grc' dir='ltr'>ὲέι</span> <span class='ocrx_word' id='word_1_37' title='bbox 651 647 1042 720; x_wconf 82' lang='lat' dir='ltr'><strong>professionem</strong></span> <span class='ocrx_word' id='word_1_38' title='bbox 1080 649 1164 704; x_wconf 92' lang='lat' dir='ltr'><strong>vel</strong></span> <span class='ocrx_word' id='word_1_39' title='bbox 1208 652 1638 722; x_wconf 74' lang='lat' dir='ltr'><strong>persecutionem</strong></span> <span class='ocrx_word' id='word_1_40' title='bbox 1676 652 1821 708; x_wconf 89' lang='lat' dir='ltr'><strong>devi-</strong></span> 
     </span>
    </p>
   </div>
   <div class='ocr_carea' id='block_1_6' title="bbox 1922 557 3500 630">
    <p class='ocr_par' dir='ltr' id='par_1_6' title="bbox 1922 557 3500 630">
     <span class='ocr_line' id='line_1_7' title="bbox 1922 557 3500 630; baseline 0.003 -17"><span class='ocrx_word' id='word_1_41' title='bbox 1922 558 1988 613; x_wconf 90' lang='lat' dir='ltr'><strong>de</strong></span> <span class='ocrx_word' id='word_1_42' title='bbox 2015 557 2308 614; x_wconf 85' lang='lat' dir='ltr'><strong>Menandro</strong></span> <span class='ocrx_word' id='word_1_43' title='bbox 2339 559 2567 629; x_wconf 78' lang='lat' dir='ltr'><strong>sumpsit</strong></span> <span class='ocrx_word' id='word_1_44' title='bbox 2593 577 2604 614; x_wconf 92' lang='lat'><strong>:</strong></span> <span class='ocrx_word' id='word_1_45' title='bbox 2631 557 2982 630; x_wconf 76' lang='lat' dir='ltr'><strong>Corrumpunt</strong></span> <span class='ocrx_word' id='word_1_46' title='bbox 3014 561 3172 615; x_wconf 89' lang='lat' dir='ltr'><strong>bonos</strong></span> <span class='ocrx_word' id='word_1_47' title='bbox 3197 579 3364 617; x_wconf 90' lang='lat' dir='ltr'><strong>mores</strong></span> <span class='ocrx_word' id='word_1_48' title='bbox 3392 559 3500 618; x_wconf 85' lang='lat' dir='ltr'><strong>co&#39;l-</strong></span> 
     </span>
    </p>
   </div>
   <div class='ocr_carea' id='block_1_7' title="bbox 1920 649 3500 726">
    <p class='ocr_par' dir='ltr' id='par_1_7' title="bbox 1920 649 3500 726">
     <span class='ocr_line' id='line_1_8' title="bbox 1920 649 3500 726; baseline 0.007 -23"><span class='ocrx_word' id='word_1_49' title='bbox 1920 650 2095 722; x_wconf 87' lang='lat' dir='ltr'><strong>loquia</strong></span> <span class='ocrx_word' id='word_1_50' title='bbox 2130 650 2272 705; x_wconf 91' lang='lat' dir='ltr'><strong>mala</strong></span> <span class='ocrx_word' id='word_1_51' title='bbox 2313 651 2365 723; x_wconf 89' lang='grc' dir='ltr'><strong>(Ι</strong></span> <span class='ocrx_word' id='word_1_52' title='bbox 2392 649 2514 707; x_wconf 87' lang='lat' dir='ltr'><strong>Cor.</strong></span> <span class='ocrx_word' id='word_1_53' title='bbox 2546 653 2658 724; x_wconf 81' lang='lat' dir='ltr'><strong>xv).</strong></span> <span class='ocrx_word' id='word_1_54' title='bbox 2691 651 2758 707; x_wconf 87' lang='lat' dir='ltr'><strong>Et</strong></span> <span class='ocrx_word' id='word_1_55' title='bbox 2796 652 2863 707; x_wconf 92' lang='lat' dir='ltr'><strong>de</strong></span> <span class='ocrx_word' id='word_1_56' title='bbox 2900 653 3066 710; x_wconf 81' lang='lat' dir='ltr'><strong>Arato</strong></span> <span class='ocrx_word' id='word_1_57' title='bbox 3100 672 3112 708; x_wconf 90' lang='lat'>:</span> <span class='ocrx_word' id='word_1_58' title='bbox 3143 654 3210 709; x_wconf 91' lang='lat' dir='ltr'><strong>In</strong></span> <span class='ocrx_word' id='word_1_59' title='bbox 3240 657 3351 726; x_wconf 90' lang='lat' dir='ltr'><strong>ipso</strong></span> <span class='ocrx_word' id='word_1_60' title='bbox 3374 659 3500 714; x_wconf 83' lang='lat' dir='ltr'><strong>vivi-</strong></span> 
     </span>
    </p>
   </div>
   <div class='ocr_carea' id='block_1_8' title="bbox 233 741 3496 819">
    <p class='ocr_par' dir='ltr' id='par_1_8' title="bbox 233 741 3496 819">
     <span class='ocr_line' id='line_1_9' title="bbox 233 741 3496 819; baseline 0.002 -21"><span class='ocrx_word' id='word_1_61' title='bbox 233 750 380 808; x_wconf 82' lang='lat' dir='ltr'><strong>tare,</strong></span> <span class='ocrx_word' id='word_1_62' title='bbox 399 755 565 812; x_wconf 85' lang='lat' dir='ltr'><strong>quam</strong></span> <span class='ocrx_word' id='word_1_63' title='bbox 590 741 728 796; x_wconf 88' lang='lat' dir='ltr'><strong>inea</strong></span> <span class='ocrx_word' id='word_1_64' title='bbox 756 742 1125 798; x_wconf 87' lang='lat' dir='ltr'><strong>succumbere.</strong></span> <span class='ocrx_word' id='word_1_65' title='bbox 1147 742 1228 799; x_wconf 87' lang='lat' dir='ltr'><strong>Ad</strong></span> <span class='ocrx_word' id='word_1_66' title='bbox 1251 744 1666 812; x_wconf 78' lang='lat' dir='ltr'><strong>disputationem</strong></span> <span class='ocrx_word' id='word_1_67' title='bbox 1690 759 1822 816; x_wconf 88' lang='lat' dir='ltr'><strong>quo-</strong></span> <span class='ocrx_word' id='word_1_68' title='bbox 1918 760 2065 810; x_wconf 89' lang='lat' dir='ltr'><strong>mus,</strong></span> <span class='ocrx_word' id='word_1_69' title='bbox 2091 761 2386 810; x_wconf 87' lang='lat' dir='ltr'><strong>movemur,</strong></span> <span class='ocrx_word' id='word_1_70' title='bbox 2426 754 2476 800; x_wconf 90' lang='lat' dir='ltr'><strong>et</strong></span> <span class='ocrx_word' id='word_1_71' title='bbox 2519 762 2698 800; x_wconf 86' lang='lat' dir='ltr'><strong>sumus</strong></span> <span class='ocrx_word' id='word_1_72' title='bbox 2731 759 2749 796; x_wconf 70' lang='grc' dir='ltr'><em>τ</em></span> <span class='ocrx_word' id='word_1_73' title='bbox 2779 746 2944 815; x_wconf 86' lang='lat' dir='ltr'><strong>ipsius</strong></span> <span class='ocrx_word' id='word_1_74' title='bbox 2975 747 3110 800; x_wconf 88' lang='lat' dir='ltr'><strong>enim</strong></span> <span class='ocrx_word' id='word_1_75' title='bbox 3139 755 3187 801; x_wconf 86' lang='lat' dir='ltr'><strong>et</strong></span> <span class='ocrx_word' id='word_1_76' title='bbox 3215 763 3377 819; x_wconf 85' lang='lat' dir='ltr'><strong>genus</strong></span> <span class='ocrx_word' id='word_1_77' title='bbox 3403 767 3496 804; x_wconf 88' lang='lat' dir='ltr'><strong>su-</strong></span> 
     </span>
    </p>
   </div>
   <div class='ocr_carea' id='block_1_9' title="bbox 230 835 1820 906">
    <p class='ocr_par' dir='ltr' id='par_1_9' title="bbox 230 835 1820 906">
     <span class='ocr_line' id='line_1_10' title="bbox 230 835 1820 906; baseline 0.003 -16"><span class='ocrx_word' id='word_1_78' title='bbox 230 847 343 906; x_wconf 84' lang='lat' dir='ltr'><strong>que</strong></span> <span class='ocrx_word' id='word_1_79' title='bbox 369 843 559 890; x_wconf 88' lang='lat' dir='ltr'><strong>contra</strong></span> <span class='ocrx_word' id='word_1_80' title='bbox 597 835 882 892; x_wconf 69' lang='lat' dir='ltr'><strong>haereticos</strong></span> <span class='ocrx_word' id='word_1_81' title='bbox 909 837 1094 893; x_wconf 87' lang='lat' dir='ltr'><strong>venire</strong></span> <span class='ocrx_word' id='word_1_82' title='bbox 1130 852 1238 894; x_wconf 90' lang='lat' dir='ltr'><strong>non</strong></span> <span class='ocrx_word' id='word_1_83' title='bbox 1267 839 1458 906; x_wconf 82' lang='lat' dir='ltr'><strong>debet,</strong></span> <span class='ocrx_word' id='word_1_84' title='bbox 1500 840 1604 895; x_wconf 90' lang='lat' dir='ltr'><strong>nisi</strong></span> <span class='ocrx_word' id='word_1_85' title='bbox 1631 839 1820 896; x_wconf 90' lang='lat' dir='ltr'><strong>doctus</strong></span> 
     </span>
    </p>
   </div>
   <div class='ocr_carea' id='block_1_10' title="bbox 229 927 1565 1002">
    <p class='ocr_par' dir='ltr' id='par_1_10' title="bbox 229 927 1565 1002">
     <span class='ocr_line' id='line_1_11' title="bbox 229 927 1565 1002; baseline 0.001 -19"><span class='ocrx_word' id='word_1_86' title='bbox 229 936 288 983; x_wconf 89' lang='lat' dir='ltr'><strong>et</strong></span> <span class='ocrx_word' id='word_1_87' title='bbox 312 927 611 998; x_wconf 82' lang='lat' dir='ltr'><strong>perfectus,</strong></span> <span class='ocrx_word' id='word_1_88' title='bbox 643 943 713 983; x_wconf 91' lang='lat' dir='ltr'><strong>ne</strong></span> <span class='ocrx_word' id='word_1_89' title='bbox 740 927 1070 984; x_wconf 85' lang='lat' dir='ltr'><strong>scandalizet</strong></span> <span class='ocrx_word' id='word_1_90' title='bbox 1101 929 1233 985; x_wconf 86' lang='lat' dir='ltr'><strong>alios</strong></span> <span class='ocrx_word' id='word_1_91' title='bbox 1261 941 1565 1002; x_wconf 86' lang='lat' dir='ltr'><strong>superatus.</strong></span> 
     </span>
    </p>
   </div>
   <div class='ocr_carea' id='block_1_11' title="bbox 306 1018 1818 1093">
    <p class='ocr_par' dir='ltr' id='par_1_11' title="bbox 306 1018 1818 1093">
     <span class='ocr_line' id='line_1_12' title="bbox 306 1018 1818 1093; baseline 0.003 -21"><span class='ocrx_word' id='word_1_92' title='bbox 306 1018 472 1074; x_wconf 69' lang='lat' dir='ltr'><strong>Vens.</strong></span> <span class='ocrx_word' id='word_1_93' title='bbox 516 1019 602 1073; x_wconf 87' lang='grc'><strong>16.</strong></span> <span class='ocrx_word' id='word_1_94' title='bbox 638 1049 711 1060; x_wconf 83' lang='grc'><strong>--</strong></span> <span class='ocrx_word' id='word_1_95' title='bbox 744 1018 966 1074; x_wconf 89' lang='lat' dir='ltr'><strong>Nullum</strong></span> <span class='ocrx_word' id='word_1_96' title='bbox 1004 1023 1215 1076; x_wconf 81' lang='lat' dir='ltr'><strong>omnino</strong></span> <span class='ocrx_word' id='word_1_97' title='bbox 1257 1023 1541 1093; x_wconf 84' lang='lat' dir='ltr'><strong>permittes.</strong></span> <span class='ocrx_word' id='word_1_98' title='bbox 1573 1021 1712 1077; x_wconf 82' lang='lat' dir='ltr'><strong>Nulli</strong></span> <span class='ocrx_word' id='word_1_99' title='bbox 1739 1039 1818 1077; x_wconf 82' lang='lat' dir='ltr'><strong>v1-</strong></span> 
     </span>
    </p>
   </div>
   <div class='ocr_carea' id='block_1_12' title="bbox 225 1111 1814 1182">
    <p class='ocr_par' dir='ltr' id='par_1_12' title="bbox 225 1111 1814 1182">
     <span class='ocr_line' id='line_1_13' title="bbox 225 1111 1814 1182; baseline 0.003 -17"><span class='ocrx_word' id='word_1_100' title='bbox 225 1111 308 1166; x_wconf 87' lang='lat' dir='ltr'><strong>tio</strong></span> <span class='ocrx_word' id='word_1_101' title='bbox 353 1111 407 1165; x_wconf 89' lang='lat' dir='ltr'><strong>in</strong></span> <span class='ocrx_word' id='word_1_102' title='bbox 452 1119 639 1167; x_wconf 88' lang='lat' dir='ltr'><strong>nostra</strong></span> <span class='ocrx_word' id='word_1_103' title='bbox 672 1113 1086 1168; x_wconf 85' lang='lat' dir='ltr'><strong>conversatione</strong></span> <span class='ocrx_word' id='word_1_104' title='bbox 1123 1115 1480 1182; x_wconf 82' lang='lat' dir='ltr'><strong>parcendum,</strong></span> <span class='ocrx_word' id='word_1_105' title='bbox 1524 1130 1592 1169; x_wconf 90' lang='lat' dir='ltr'><strong>ne</strong></span> <span class='ocrx_word' id='word_1_106' title='bbox 1629 1129 1814 1170; x_wconf 91' lang='lat' dir='ltr'><strong>coram</strong></span> 
     </span>
    </p>
   </div>
   <div class='ocr_carea' id='block_1_13' title="bbox 225 1200 1816 1274">
    <p class='ocr_par' dir='ltr' id='par_1_13' title="bbox 225 1200 1816 1274">
     <span class='ocr_line' id='line_1_14' title="bbox 225 1200 1816 1274; baseline 0.003 -18"><span class='ocrx_word' id='word_1_107' title='bbox 225 1201 402 1256; x_wconf 90' lang='lat' dir='ltr'><strong>oculis</strong></span> <span class='ocrx_word' id='word_1_108' title='bbox 439 1201 654 1256; x_wconf 89' lang='lat' dir='ltr'><strong>Domini</strong></span> <span class='ocrx_word' id='word_1_109' title='bbox 684 1200 1046 1272; x_wconf 77' lang='lat' dir='ltr'><strong>voluptatibus</strong></span> <span class='ocrx_word' id='word_1_110' title='bbox 1081 1204 1317 1274; x_wconf 84' lang='lat' dir='ltr'><strong>corrupti</strong></span> <span class='ocrx_word' id='word_1_111' title='bbox 1345 1211 1399 1259; x_wconf 89' lang='lat' dir='ltr'><strong>et</strong></span> <span class='ocrx_word' id='word_1_112' title='bbox 1429 1203 1816 1260; x_wconf 87' lang='lat' dir='ltr'><strong>abominabiles</strong></span> 
     </span>
    </p>
   </div>
   <div class='ocr_carea' id='block_1_14' title="bbox 226 1297 1813 1366">
    <p class='ocr_par' dir='ltr' id='par_1_14' title="bbox 226 1297 1813 1366">
     <span class='ocr_line' id='line_1_15' title="bbox 226 1297 1813 1366; baseline 0.004 -17"><span class='ocrx_word' id='word_1_113' title='bbox 226 1310 621 1366; x_wconf 88' lang='lat' dir='ltr'><strong>appareamus,</strong></span> <span class='ocrx_word' id='word_1_114' title='bbox 657 1305 712 1352; x_wconf 90' lang='lat' dir='ltr'><strong>et</strong></span> <span class='ocrx_word' id='word_1_115' title='bbox 749 1297 1083 1354; x_wconf 81' lang='lat' dir='ltr'><strong>exsultantes</strong></span> <span class='ocrx_word' id='word_1_116' title='bbox 1111 1299 1315 1355; x_wconf 90' lang='lat' dir='ltr'><strong>inimici</strong></span> <span class='ocrx_word' id='word_1_117' title='bbox 1340 1299 1409 1354; x_wconf 92' lang='lat' dir='ltr'><strong>de</strong></span> <span class='ocrx_word' id='word_1_118' title='bbox 1436 1301 1590 1355; x_wconf 90' lang='lat' dir='ltr'><strong>ruina</strong></span> <span class='ocrx_word' id='word_1_119' title='bbox 1628 1308 1813 1356; x_wconf 84' lang='lat' dir='ltr'><strong>nostra</strong></span> 
     </span>
    </p>
   </div>
   <div class='ocr_carea' id='block_1_15' title="bbox 224 1386 1812 1462">
    <p class='ocr_par' dir='ltr' id='par_1_15' title="bbox 224 1386 1812 1462">
     <span class='ocr_line' id='line_1_16' title="bbox 224 1386 1812 1462; baseline 0.004 -21"><span class='ocrx_word' id='word_1_120' title='bbox 224 1386 417 1443; x_wconf 87' lang='lat' dir='ltr'><strong>dicant</strong></span> <span class='ocrx_word' id='word_1_121' title='bbox 443 1407 456 1441; x_wconf 92' lang='lat'><strong>:</strong></span> <span class='ocrx_word' id='word_1_122' title='bbox 489 1387 659 1460; x_wconf 84' lang='lat' dir='ltr'><strong>Euge,</strong></span> <span class='ocrx_word' id='word_1_123' title='bbox 699 1406 826 1462; x_wconf 83' lang='lat' dir='ltr'><strong>euge</strong></span> <span class='ocrx_word' id='word_1_124' title='bbox 853 1390 1045 1445; x_wconf 75' lang='lat' dir='ltr'><strong>anima:</strong></span> <span class='ocrx_word' id='word_1_125' title='bbox 1075 1400 1289 1460; x_wconf 64' lang='lat' dir='ltr'><strong>nostra,</strong></span> <span class='ocrx_word' id='word_1_126' title='bbox 1310 1392 1673 1450; x_wconf 83' lang='lat' dir='ltr'><strong>devorabimus</strong></span> <span class='ocrx_word' id='word_1_127' title='bbox 1693 1410 1812 1448; x_wconf 84' lang='lat' dir='ltr'><strong>eum</strong></span> 
     </span>
    </p>
   </div>
   <div class='ocr_carea' id='block_1_16' title="bbox 224 1473 646 1550">
    <p class='ocr_par' dir='ltr' id='par_1_16' title="bbox 224 1473 646 1550">
     <span class='ocr_line' id='line_1_17' title="bbox 224 1473 646 1550; baseline 0.017 -24"><span class='ocrx_word' id='word_1_128' title='bbox 224 1473 406 1546; x_wconf 87' lang='lat' dir='ltr'><strong>(Psal.</strong></span> <span class='ocrx_word' id='word_1_129' title='bbox 435 1477 646 1550; x_wconf 71' lang='lat' dir='ltr'><strong>xxxrv).</strong></span> 
     </span>
    </p>
   </div>
   <div class='ocr_carea' id='block_1_17' title="bbox 820 1589 1228 1647">
    <p class='ocr_par' dir='ltr' id='par_1_17' title="bbox 820 1589 1228 1647">
     <span class='ocr_line' id='line_1_18' title="bbox 820 1589 1228 1647; baseline -0.002 -1"><span class='ocrx_word' id='word_1_130' title='bbox 820 1589 1046 1647; x_wconf 85' lang='lat' dir='ltr'><strong>CAPUT</strong></span> <span class='ocrx_word' id='word_1_131' title='bbox 1085 1590 1228 1646; x_wconf 76' lang='lat' dir='ltr'><strong>XXI.</strong></span> 
     </span>
    </p>
   </div>
   <div class='ocr_carea' id='block_1_18' title="bbox 294 1747 1807 1820">
    <p class='ocr_par' dir='ltr' id='par_1_18' title="bbox 294 1747 1807 1820">
     <span class='ocr_line' id='line_1_19' title="bbox 294 1747 1807 1820; baseline 0.004 -18"><span class='ocrx_word' id='word_1_132' title='bbox 294 1748 460 1804; x_wconf 77' lang='lat' dir='ltr'><strong>Vens.</strong></span> <span class='ocrx_word' id='word_1_133' title='bbox 497 1749 550 1806; x_wconf 89' lang='grc'><strong>1.</strong></span> <span class='ocrx_word' id='word_1_134' title='bbox 577 1781 650 1791; x_wconf 94' lang='grc'><strong>-</strong></span> <span class='ocrx_word' id='word_1_135' title='bbox 679 1747 902 1817; x_wconf 83' lang='lat' dir='ltr'><strong>Quando</strong></span> <span class='ocrx_word' id='word_1_136' title='bbox 929 1753 1214 1820; x_wconf 80' lang='lat' dir='ltr'><strong>inventum,</strong></span> <span class='ocrx_word' id='word_1_137' title='bbox 1246 1759 1350 1809; x_wconf 90' lang='lat' dir='ltr'><strong>etc.</strong></span> <span class='ocrx_word' id='word_1_138' title='bbox 1381 1751 1642 1818; x_wconf 83' lang='lat' dir='ltr'><strong>Cadaver,</strong></span> <span class='ocrx_word' id='word_1_139' title='bbox 1682 1769 1807 1810; x_wconf 90' lang='lat' dir='ltr'><strong>cor-</strong></span> 
     </span>
    </p>
   </div>
   <div class='ocr_carea' id='block_1_19' title="bbox 1917 837 2395 910">
    <p class='ocr_par' dir='ltr' id='par_1_19' title="bbox 1917 837 2395 910">
     <span class='ocr_line' id='line_1_20' title="bbox 1917 837 2395 910; baseline 0.004 -18"><span class='ocrx_word' id='word_1_140' title='bbox 1917 854 2034 892; x_wconf 81' lang='lat' dir='ltr'><strong>ntus</strong></span> <span class='ocrx_word' id='word_1_141' title='bbox 2064 837 2199 910; x_wconf 86' lang='lat' dir='ltr'><strong>(Act.</strong></span> <span class='ocrx_word' id='word_1_142' title='bbox 2237 839 2395 910; x_wconf 84' lang='lat' dir='ltr'><strong>xvn).</strong></span> 
     </span>
    </p>
   </div>
   <div class='ocr_carea' id='block_1_20' title="bbox 1985 927 3496 1004">
    <p class='ocr_par' dir='ltr' id='par_1_20' title="bbox 1985 927 3496 1004">
     <span class='ocr_line' id='line_1_21' title="bbox 1985 927 3496 1004; baseline 0.005 -23"><span class='ocrx_word' id='word_1_143' title='bbox 1985 927 2089 982; x_wconf 87' lang='lat' dir='ltr'><strong>Alii</strong></span> <span class='ocrx_word' id='word_1_144' title='bbox 2120 934 2311 996; x_wconf 90' lang='lat' dir='ltr'><strong>putant</strong></span> <span class='ocrx_word' id='word_1_145' title='bbox 2334 927 2474 984; x_wconf 90' lang='lat' dir='ltr'><strong>hanc</strong></span> <span class='ocrx_word' id='word_1_146' title='bbox 2501 929 2780 984; x_wconf 87' lang='lat' dir='ltr'><strong>mulierem</strong></span> <span class='ocrx_word' id='word_1_147' title='bbox 2806 930 2984 1000; x_wconf 89' lang='lat' dir='ltr'><strong>specie</strong></span> <span class='ocrx_word' id='word_1_148' title='bbox 3013 931 3261 986; x_wconf 87' lang='lat' dir='ltr'><strong>decoram</strong></span> <span class='ocrx_word' id='word_1_149' title='bbox 3289 933 3496 1004; x_wconf 82' lang='lat' dir='ltr'><strong>signiti-</strong></span> 
     </span>
    </p>
   </div>
   <div class='ocr_carea' id='block_1_21' title="bbox 1917 1018 3499 1091">
    <p class='ocr_par' dir='ltr' id='par_1_21' title="bbox 1917 1018 3499 1091">
     <span class='ocr_line' id='line_1_22' title="bbox 1917 1018 3499 1091; baseline 0.003 -17"><span class='ocrx_word' id='word_1_150' title='bbox 1917 1032 2042 1074; x_wconf 87' lang='lat' dir='ltr'><strong>care</strong></span> <span class='ocrx_word' id='word_1_151' title='bbox 2083 1018 2459 1073; x_wconf 86' lang='lat' dir='ltr'><strong>rationabilem</strong></span> <span class='ocrx_word' id='word_1_152' title='bbox 2499 1019 2832 1090; x_wconf 87' lang='lat' dir='ltr'><strong>disciplinam</strong></span> <span class='ocrx_word' id='word_1_153' title='bbox 2873 1023 3012 1091; x_wconf 92' lang='lat' dir='ltr'><strong>apud</strong></span> <span class='ocrx_word' id='word_1_154' title='bbox 3043 1021 3284 1078; x_wconf 86' lang='lat' dir='ltr'><strong>Gentiles</strong></span> <span class='ocrx_word' id='word_1_155' title='bbox 3313 1025 3499 1079; x_wconf 86' lang='lat' dir='ltr'><strong>inven-</strong></span> 
     </span>
    </p>
   </div>
   <div class='ocr_carea' id='block_1_22' title="bbox 1917 1108 3497 1184">
    <p class='ocr_par' dir='ltr' id='par_1_22' title="bbox 1917 1108 3497 1184">
     <span class='ocr_line' id='line_1_23' title="bbox 1917 1108 3497 1184; baseline 0.006 -22"><span class='ocrx_word' id='word_1_156' title='bbox 1917 1115 2026 1162; x_wconf 87' lang='lat' dir='ltr'><strong>tam</strong></span> <span class='ocrx_word' id='word_1_157' title='bbox 2057 1125 2070 1161; x_wconf 91' lang='lat'><strong>:</strong></span> <span class='ocrx_word' id='word_1_158' title='bbox 2101 1108 2168 1163; x_wconf 90' lang='lat' dir='ltr'><strong>ab</strong></span> <span class='ocrx_word' id='word_1_159' title='bbox 2189 1123 2252 1163; x_wconf 89' lang='lat' dir='ltr'><strong>ea</strong></span> <span class='ocrx_word' id='word_1_160' title='bbox 2273 1108 2418 1163; x_wconf 91' lang='lat' dir='ltr'><strong>enim</strong></span> <span class='ocrx_word' id='word_1_161' title='bbox 2441 1119 2656 1180; x_wconf 85' lang='lat' dir='ltr'><strong>oportet</strong></span> <span class='ocrx_word' id='word_1_162' title='bbox 2675 1111 2838 1165; x_wconf 86' lang='lat' dir='ltr'><strong>recidi</strong></span> <span class='ocrx_word' id='word_1_163' title='bbox 2865 1127 3078 1167; x_wconf 84' lang='lat' dir='ltr'><strong>omnem</strong></span> <span class='ocrx_word' id='word_1_164' title='bbox 3101 1115 3497 1184; x_wconf 88' lang='lat' dir='ltr'><strong>superstitionis</strong></span> 
     </span>
    </p>
   </div>
   <div class='ocr_carea' id='block_1_23' title="bbox 1916 1195 3492 1266">
    <p class='ocr_par' dir='ltr' id='par_1_23' title="bbox 1916 1195 3492 1266">
     <span class='ocr_line' id='line_1_24' title="bbox 1916 1195 3492 1266; baseline 0.006 -13"><span class='ocrx_word' id='word_1_165' title='bbox 1916 1198 2344 1266; x_wconf 88' lang='lat' dir='ltr'><strong>immunditiam,</strong></span> <span class='ocrx_word' id='word_1_166' title='bbox 2394 1208 2454 1255; x_wconf 92' lang='lat' dir='ltr'><strong>ut</strong></span> <span class='ocrx_word' id='word_1_167' title='bbox 2492 1203 2558 1256; x_wconf 91' lang='lat' dir='ltr'><strong>ad</strong></span> <span class='ocrx_word' id='word_1_168' title='bbox 2601 1203 2833 1257; x_wconf 90' lang='lat' dir='ltr'><strong>studium</strong></span> <span class='ocrx_word' id='word_1_169' title='bbox 2878 1204 3122 1260; x_wconf 84' lang='lat' dir='ltr'><strong>veritatis</strong></span> <span class='ocrx_word' id='word_1_170' title='bbox 3170 1195 3492 1262; x_wconf 88' lang='lat' dir='ltr'><strong>assumatur.</strong></span> 
     </span>
    </p>
   </div>
   <div class='ocr_carea' id='block_1_24' title="bbox 1914 1283 3491 1373">
    <p class='ocr_par' dir='ltr' id='par_1_24' title="bbox 1914 1283 3491 1373">
     <span class='ocr_line' id='line_1_25' title="bbox 1914 1283 3491 1373; baseline 0.008 -26"><span class='ocrx_word' id='word_1_171' title='bbox 1914 1283 2056 1348; x_wconf 84' lang='lat' dir='ltr'><strong>Nihil</strong></span> <span class='ocrx_word' id='word_1_172' title='bbox 2097 1295 2239 1350; x_wconf 91' lang='lat' dir='ltr'><strong>enim</strong></span> <span class='ocrx_word' id='word_1_173' title='bbox 2291 1297 2548 1351; x_wconf 89' lang='lat' dir='ltr'><strong>mundum</strong></span> <span class='ocrx_word' id='word_1_174' title='bbox 2591 1297 2788 1355; x_wconf 88' lang='lat' dir='ltr'><strong>habent</strong></span> <span class='ocrx_word' id='word_1_175' title='bbox 2837 1299 3130 1370; x_wconf 76' lang='lat' dir='ltr'><strong>disciplinae</strong></span> <span class='ocrx_word' id='word_1_176' title='bbox 3183 1303 3491 1373; x_wconf 77' lang='lat' dir='ltr'><strong>gentilium,</strong></span> 
     </span>
    </p>
   </div>
   <div class='ocr_carea' id='block_1_25' title="bbox 1913 1385 3497 1460">
    <p class='ocr_par' dir='ltr' id='par_1_25' title="bbox 1913 1385 3497 1460">
     <span class='ocr_line' id='line_1_26' title="bbox 1913 1385 3497 1460; baseline 0.007 -22"><span class='ocrx_word' id='word_1_177' title='bbox 1913 1385 2037 1455; x_wconf 87' lang='lat' dir='ltr'><strong>quia</strong></span> <span class='ocrx_word' id='word_1_178' title='bbox 2080 1385 2220 1440; x_wconf 91' lang='lat' dir='ltr'><strong>nulla</strong></span> <span class='ocrx_word' id='word_1_179' title='bbox 2264 1387 2404 1456; x_wconf 89' lang='lat' dir='ltr'><strong>apud</strong></span> <span class='ocrx_word' id='word_1_180' title='bbox 2439 1403 2533 1442; x_wconf 91' lang='lat' dir='ltr'><strong>eos</strong></span> <span class='ocrx_word' id='word_1_181' title='bbox 2581 1388 2862 1460; x_wconf 88' lang='lat' dir='ltr'><strong>disciplina</strong></span> <span class='ocrx_word' id='word_1_182' title='bbox 2902 1399 3017 1456; x_wconf 90' lang='lat' dir='ltr'><strong>est,</strong></span> <span class='ocrx_word' id='word_1_183' title='bbox 3048 1392 3135 1448; x_wconf 89' lang='lat' dir='ltr'><strong>cui</strong></span> <span class='ocrx_word' id='word_1_184' title='bbox 3168 1409 3274 1448; x_wconf 91' lang='lat' dir='ltr'><strong>non</strong></span> <span class='ocrx_word' id='word_1_185' title='bbox 3303 1395 3374 1450; x_wconf 89' lang='lat' dir='ltr'><strong>sit</strong></span> <span class='ocrx_word' id='word_1_186' title='bbox 3403 1395 3497 1449; x_wconf 87' lang='lat' dir='ltr'><strong>ali-</strong></span> 
     </span>
    </p>
   </div>
   <div class='ocr_carea' id='block_1_26' title="bbox 1911 1476 3288 1549">
    <p class='ocr_par' dir='ltr' id='par_1_26' title="bbox 1911 1476 3288 1549">
     <span class='ocr_line' id='line_1_27' title="bbox 1911 1476 3288 1549; baseline 0.006 -18"><span class='ocrx_word' id='word_1_187' title='bbox 1911 1476 2038 1547; x_wconf 88' lang='lat' dir='ltr'><strong>quid</strong></span> <span class='ocrx_word' id='word_1_188' title='bbox 2071 1477 2422 1534; x_wconf 79' lang='lat' dir='ltr'><strong>immunditiae</strong></span> <span class='ocrx_word' id='word_1_189' title='bbox 2443 1479 2528 1534; x_wconf 87' lang='lat' dir='ltr'><strong>vel</strong></span> <span class='ocrx_word' id='word_1_190' title='bbox 2555 1481 2951 1549; x_wconf 91' lang='lat' dir='ltr'><strong>superstitionis</strong></span> <span class='ocrx_word' id='word_1_191' title='bbox 2980 1483 3288 1538; x_wconf 84' lang='lat' dir='ltr'><strong>admistum.</strong></span> 
     </span>
    </p>
   </div>
   <div class='ocr_carea' id='block_1_27' title="bbox 1990 1569 3494 1646">
    <p class='ocr_par' dir='ltr' id='par_1_27' title="bbox 1990 1569 3494 1646">
     <span class='ocr_line' id='line_1_28' title="bbox 1990 1569 3494 1646; baseline 0.005 -22"><span class='ocrx_word' id='word_1_192' title='bbox 1990 1571 2147 1625; x_wconf 74' lang='lat' dir='ltr'><strong>Vens.</strong></span> <span class='ocrx_word' id='word_1_193' title='bbox 2186 1570 2274 1624; x_wconf 76' lang='grc'><strong>15.</strong></span> <span class='ocrx_word' id='word_1_194' title='bbox 2310 1599 2381 1610; x_wconf 90' lang='lat'><strong>-—</strong></span> <span class='ocrx_word' id='word_1_195' title='bbox 2418 1569 2534 1626; x_wconf 87' lang='lat' dir='ltr'><strong>Uno</strong></span> <span class='ocrx_word' id='word_1_196' title='bbox 2561 1588 2768 1639; x_wconf 86' lang='lat' dir='ltr'><strong>mense,</strong></span> <span class='ocrx_word' id='word_1_197' title='bbox 2798 1573 2849 1627; x_wconf 94' lang='lat' dir='ltr'><strong>id</strong></span> <span class='ocrx_word' id='word_1_198' title='bbox 2880 1584 2992 1640; x_wconf 90' lang='lat' dir='ltr'><strong>est,</strong></span> <span class='ocrx_word' id='word_1_199' title='bbox 3035 1576 3252 1646; x_wconf 81' lang='lat' dir='ltr'><strong>triginta</strong></span> <span class='ocrx_word' id='word_1_200' title='bbox 3281 1576 3494 1646; x_wconf 89' lang='lat' dir='ltr'><strong>diebus,</strong></span> 
     </span>
    </p>
   </div>
   <div class='ocr_carea' id='block_1_28' title="bbox 1909 1664 3498 1738">
    <p class='ocr_par' dir='ltr' id='par_1_28' title="bbox 1909 1664 3498 1738">
     <span class='ocr_line' id='line_1_29' title="bbox 1909 1664 3498 1738; baseline 0.005 -20"><span class='ocrx_word' id='word_1_201' title='bbox 1909 1672 1973 1719; x_wconf 90' lang='lat' dir='ltr'><strong>ut</strong></span> <span class='ocrx_word' id='word_1_202' title='bbox 1997 1672 2120 1734; x_wconf 89' lang='lat' dir='ltr'><strong>post</strong></span> <span class='ocrx_word' id='word_1_203' title='bbox 2148 1664 2306 1720; x_wconf 83' lang='lat' dir='ltr'><strong>ﬁdem</strong></span> <span class='ocrx_word' id='word_1_204' title='bbox 2339 1664 2621 1722; x_wconf 90' lang='lat' dir='ltr'><strong>Trinitatis</strong></span> <span class='ocrx_word' id='word_1_205' title='bbox 2645 1676 2698 1721; x_wconf 92' lang='lat' dir='ltr'><strong>et</strong></span> <span class='ocrx_word' id='word_1_206' title='bbox 2731 1681 2865 1734; x_wconf 89' lang='lat' dir='ltr'><strong>opus</strong></span> <span class='ocrx_word' id='word_1_207' title='bbox 2901 1667 3060 1738; x_wconf 89' lang='lat' dir='ltr'><strong>legis,</strong></span> <span class='ocrx_word' id='word_1_208' title='bbox 3090 1679 3364 1725; x_wconf 88' lang='lat' dir='ltr'><strong>mereatur</strong></span> <span class='ocrx_word' id='word_1_209' title='bbox 3391 1670 3498 1726; x_wconf 86' lang='lat' dir='ltr'><strong>Ec-</strong></span> 
     </span>
    </p>
   </div>
   <div class='ocr_carea' id='block_1_29' title="bbox 1910 1757 3379 1830">
    <p class='ocr_par' dir='ltr' id='par_1_29' title="bbox 1910 1757 3379 1830">
     <span class='ocr_line' id='line_1_30' title="bbox 1910 1757 3379 1830; baseline 0.001 -18"><span class='ocrx_word' id='word_1_210' title='bbox 1910 1757 2090 1812; x_wconf 81' lang='lat' dir='ltr'><strong>clesiae</strong></span> <span class='ocrx_word' id='word_1_211' title='bbox 2121 1757 2350 1822; x_wconf 88' lang='lat' dir='ltr'><strong>sociari;</strong></span> <span class='ocrx_word' id='word_1_212' title='bbox 2383 1765 2466 1812; x_wconf 90' lang='lat' dir='ltr'><strong>ter</strong></span> <span class='ocrx_word' id='word_1_213' title='bbox 2493 1759 2637 1812; x_wconf 90' lang='lat' dir='ltr'><strong>enim</strong></span> <span class='ocrx_word' id='word_1_214' title='bbox 2665 1757 2850 1813; x_wconf 88' lang='lat' dir='ltr'><strong>decem</strong></span> <span class='ocrx_word' id='word_1_215' title='bbox 2879 1759 3093 1830; x_wconf 80' lang='lat' dir='ltr'><strong>triginta</strong></span> <span class='ocrx_word' id='word_1_216' title='bbox 3123 1759 3379 1816; x_wconf 81' lang='lat' dir='ltr'><strong>efﬁciunt.</strong></span> 
     </span>
    </p>
   </div>
   <div class='ocr_carea' id='block_1_30' title="bbox 217 1823 3495 1920">
    <p class='ocr_par' dir='ltr' id='par_1_30' title="bbox 217 1823 3495 1920">
     <span class='ocr_line' id='line_1_31' title="bbox 217 1823 3495 1920; baseline 0.004 -26"><span class='ocrx_word' id='word_1_217' title='bbox 217 1853 324 1910; x_wconf 87' lang='lat' dir='ltr'><strong>pus</strong></span> <span class='ocrx_word' id='word_1_218' title='bbox 348 1841 466 1896; x_wconf 90' lang='lat' dir='ltr'><strong>sine</strong></span> <span class='ocrx_word' id='word_1_219' title='bbox 493 1842 696 1906; x_wconf 90' lang='lat' dir='ltr'><strong>anima,</strong></span> <span class='ocrx_word' id='word_1_220' title='bbox 719 1850 774 1898; x_wconf 92' lang='lat' dir='ltr'><strong>et</strong></span> <span class='ocrx_word' id='word_1_221' title='bbox 794 1844 971 1898; x_wconf 89' lang='lat' dir='ltr'><strong>anima</strong></span> <span class='ocrx_word' id='word_1_222' title='bbox 1001 1844 1117 1900; x_wconf 90' lang='lat' dir='ltr'><strong>sine</strong></span> <span class='ocrx_word' id='word_1_223' title='bbox 1144 1844 1274 1910; x_wconf 93' lang='lat' dir='ltr'><strong>Deo,</strong></span> <span class='ocrx_word' id='word_1_224' title='bbox 1299 1845 1388 1914; x_wconf 92' lang='lat' dir='ltr'><strong>qui</strong></span> <span class='ocrx_word' id='word_1_225' title='bbox 1421 1853 1503 1900; x_wconf 90' lang='lat' dir='ltr'><strong>est</strong></span> <span class='ocrx_word' id='word_1_226' title='bbox 1535 1843 1651 1914; x_wconf 86' lang='lat' dir='ltr'><strong>ejus</strong></span> <span class='ocrx_word' id='word_1_227' title='bbox 1676 1845 1804 1900; x_wconf 89' lang='lat' dir='ltr'><strong>vita.</strong></span> <span class='ocrx_word' id='word_1_228' title='bbox 1835 1823 1884 1884; x_wconf 82' lang='grc' dir='ltr'><strong>Β</strong></span> <span class='ocrx_word' id='word_1_229' title='bbox 1982 1849 2050 1902; x_wconf 86' lang='lat' dir='ltr'><strong>Et</strong></span> <span class='ocrx_word' id='word_1_230' title='bbox 2077 1859 2274 1920; x_wconf 88' lang='lat' dir='ltr'><strong>postea.</strong></span> <span class='ocrx_word' id='word_1_231' title='bbox 2304 1847 2438 1904; x_wconf 90' lang='lat' dir='ltr'><strong>Cum</strong></span> <span class='ocrx_word' id='word_1_232' title='bbox 2463 1864 2562 1904; x_wconf 91' lang='lat' dir='ltr'><strong>nec</strong></span> <span class='ocrx_word' id='word_1_233' title='bbox 2594 1849 2647 1903; x_wconf 92' lang='lat' dir='ltr'><strong>in</strong></span> <span class='ocrx_word' id='word_1_234' title='bbox 2680 1850 2878 1918; x_wconf 88' lang='lat' dir='ltr'><strong>capite,</strong></span> <span class='ocrx_word' id='word_1_235' title='bbox 2908 1849 2961 1904; x_wconf 90' lang='lat' dir='ltr'><strong>id</strong></span> <span class='ocrx_word' id='word_1_236' title='bbox 2996 1859 3076 1905; x_wconf 88' lang='lat' dir='ltr'><strong>est</strong></span> <span class='ocrx_word' id='word_1_237' title='bbox 3105 1852 3369 1919; x_wconf 88' lang='lat' dir='ltr'><strong>sensibus,</strong></span> <span class='ocrx_word' id='word_1_238' title='bbox 3395 1867 3495 1906; x_wconf 88' lang='lat' dir='ltr'><strong>nec</strong></span> 
     </span>
    </p>
   </div>
   <div class='ocr_carea' id='block_1_31' title="bbox 220 1926 1804 2005">
    <p class='ocr_par' dir='ltr' id='par_1_31' title="bbox 220 1926 1804 2005">
     <span class='ocr_line' id='line_1_32' title="bbox 220 1926 1804 2005; baseline 0.006 -22"><span class='ocrx_word' id='word_1_239' title='bbox 220 1926 293 1983; x_wconf 84' lang='lat' dir='ltr'><strong>In</strong></span> <span class='ocrx_word' id='word_1_240' title='bbox 321 1940 462 1986; x_wconf 87' lang='lat' dir='ltr'><strong>terra</strong></span> <span class='ocrx_word' id='word_1_241' title='bbox 501 1949 658 2003; x_wconf 89' lang='lat' dir='ltr'><strong>quam</strong></span> <span class='ocrx_word' id='word_1_242' title='bbox 691 1933 944 1989; x_wconf 75' lang='lat' dir='ltr'><strong>Dominus</strong></span> <span class='ocrx_word' id='word_1_243' title='bbox 985 1935 1126 1990; x_wconf 86' lang='lat' dir='ltr'><strong>Deus</strong></span> <span class='ocrx_word' id='word_1_244' title='bbox 1165 1946 1286 1990; x_wconf 85' lang='lat' dir='ltr'><strong>tuus</strong></span> <span class='ocrx_word' id='word_1_245' title='bbox 1322 1937 1544 1992; x_wconf 87' lang='lat' dir='ltr'><strong>daturus</strong></span> <span class='ocrx_word' id='word_1_246' title='bbox 1578 1947 1653 1992; x_wconf 83' lang='lat' dir='ltr'><strong>est</strong></span> <span class='ocrx_word' id='word_1_247' title='bbox 1691 1939 1804 2005; x_wconf 85' lang='lat' dir='ltr'><strong>tibi,</strong></span> 
     </span>
    </p>
   </div>
   <div class='ocr_carea' id='block_1_32' title="bbox 217 2026 1802 2098">
    <p class='ocr_par' dir='ltr' id='par_1_32' title="bbox 217 2026 1802 2098">
     <span class='ocr_line' id='line_1_33' title="bbox 217 2026 1802 2098; baseline 0.003 -16"><span class='ocrx_word' id='word_1_248' title='bbox 217 2026 327 2082; x_wconf 87' lang='lat' dir='ltr'><strong>hoc</strong></span> <span class='ocrx_word' id='word_1_249' title='bbox 369 2036 452 2082; x_wconf 91' lang='lat' dir='ltr'><strong>est</strong></span> <span class='ocrx_word' id='word_1_250' title='bbox 490 2028 543 2082; x_wconf 91' lang='lat' dir='ltr'><strong>in</strong></span> <span class='ocrx_word' id='word_1_251' title='bbox 578 2028 838 2086; x_wconf 80' lang='lat' dir='ltr'><strong>Ecclesia.</strong></span> <span class='ocrx_word' id='word_1_252' title='bbox 879 2029 1050 2086; x_wconf 77' lang='lat' dir='ltr'><strong>deis</strong></span> <span class='ocrx_word' id='word_1_253' title='bbox 1100 2049 1250 2096; x_wconf 88' lang='lat' dir='ltr'><strong>reus,</strong></span> <span class='ocrx_word' id='word_1_254' title='bbox 1299 2040 1452 2088; x_wconf 88' lang='lat' dir='ltr'><strong>actor</strong></span> <span class='ocrx_word' id='word_1_255' title='bbox 1493 2032 1802 2098; x_wconf 84' lang='lat' dir='ltr'><strong>seditionis;</strong></span> 
     </span>
    </p>
   </div>
   <div class='ocr_carea' id='block_1_33' title="bbox 217 2117 1806 2196">
    <p class='ocr_par' dir='ltr' id='par_1_33' title="bbox 217 2117 1806 2196">
     <span class='ocr_line' id='line_1_34' title="bbox 217 2117 1806 2196; baseline 0.004 -22"><span class='ocrx_word' id='word_1_256' title='bbox 217 2117 457 2190; x_wconf 54' lang='grc' dir='ltr'><strong>Παίονες</strong></span> <span class='ocrx_word' id='word_1_257' title='bbox 485 2133 635 2188; x_wconf 85' lang='lat' dir='ltr'><strong>natu,</strong></span> <span class='ocrx_word' id='word_1_258' title='bbox 667 2123 775 2178; x_wconf 90' lang='lat' dir='ltr'><strong>vita</strong></span> <span class='ocrx_word' id='word_1_259' title='bbox 805 2130 861 2178; x_wconf 89' lang='lat' dir='ltr'><strong>et</strong></span> <span class='ocrx_word' id='word_1_260' title='bbox 885 2124 1147 2195; x_wconf 89' lang='lat' dir='ltr'><strong>sapientia</strong></span> <span class='ocrx_word' id='word_1_261' title='bbox 1185 2125 1436 2196; x_wconf 87' lang='lat' dir='ltr'><strong>majores.</strong></span> <span class='ocrx_word' id='word_1_262' title='bbox 1479 2124 1716 2190; x_wconf 71' lang='lat' dir='ltr'><strong>Iudices,</strong></span> <span class='ocrx_word' id='word_1_263' title='bbox 1753 2125 1806 2180; x_wconf 88' lang='lat' dir='ltr'><strong>id</strong></span> 
     </span>
    </p>
   </div>
   <div class='ocr_carea' id='block_1_34' title="bbox 217 2212 1808 2288">
    <p class='ocr_par' dir='ltr' id='par_1_34' title="bbox 217 2212 1808 2288">
     <span class='ocr_line' id='line_1_35' title="bbox 217 2212 1808 2288; baseline 0.004 -24"><span class='ocrx_word' id='word_1_264' title='bbox 217 2220 306 2264; x_wconf 85' lang='lat' dir='ltr'><strong>est</strong></span> <span class='ocrx_word' id='word_1_265' title='bbox 339 2212 672 2284; x_wconf 83' lang='lat' dir='ltr'><strong>sacerdotes,</strong></span> <span class='ocrx_word' id='word_1_266' title='bbox 697 2229 926 2284; x_wconf 89' lang='lat' dir='ltr'><strong>quorum</strong></span> <span class='ocrx_word' id='word_1_267' title='bbox 955 2213 1188 2270; x_wconf 79' lang='lat' dir='ltr'><strong>cilicium</strong></span> <span class='ocrx_word' id='word_1_268' title='bbox 1217 2224 1302 2272; x_wconf 91' lang='lat' dir='ltr'><strong>est</strong></span> <span class='ocrx_word' id='word_1_269' title='bbox 1327 2217 1392 2272; x_wconf 92' lang='lat' dir='ltr'><strong>de</strong></span> <span class='ocrx_word' id='word_1_270' title='bbox 1422 2217 1645 2288; x_wconf 81' lang='lat' dir='ltr'><strong>singulis</strong></span> <span class='ocrx_word' id='word_1_271' title='bbox 1665 2215 1808 2284; x_wconf 91' lang='lat' dir='ltr'><strong>judi-</strong></span> 
     </span>
    </p>
   </div>
   <div class='ocr_carea' id='block_1_35' title="bbox 217 2305 1804 2374">
    <p class='ocr_par' dir='ltr' id='par_1_35' title="bbox 217 2305 1804 2374">
     <span class='ocr_line' id='line_1_36' title="bbox 217 2305 1804 2374; baseline 0.003 -16"><span class='ocrx_word' id='word_1_272' title='bbox 217 2317 370 2369; x_wconf 85' lang='lat' dir='ltr'><strong>care,</strong></span> <span class='ocrx_word' id='word_1_273' title='bbox 408 2305 460 2358; x_wconf 89' lang='lat' dir='ltr'><strong>id</strong></span> <span class='ocrx_word' id='word_1_274' title='bbox 493 2313 592 2369; x_wconf 90' lang='lat' dir='ltr'><strong>est,</strong></span> <span class='ocrx_word' id='word_1_275' title='bbox 625 2306 954 2361; x_wconf 87' lang='lat' dir='ltr'><strong>discernere.</strong></span> <span class='ocrx_word' id='word_1_276' title='bbox 992 2306 1273 2362; x_wconf 80' lang='lat' dir='ltr'><strong>Metientur</strong></span> <span class='ocrx_word' id='word_1_277' title='bbox 1309 2325 1340 2362; x_wconf 90' lang='lat' dir='ltr'><strong>a</strong></span> <span class='ocrx_word' id='word_1_278' title='bbox 1369 2307 1481 2362; x_wconf 91' lang='lat' dir='ltr'><strong>loco</strong></span> <span class='ocrx_word' id='word_1_279' title='bbox 1513 2308 1804 2374; x_wconf 86' lang='lat' dir='ltr'><strong>cadaveris,</strong></span> 
     </span>
    </p>
   </div>
   <div class='ocr_carea' id='block_1_36' title="bbox 217 2393 1807 2470">
    <p class='ocr_par' dir='ltr' id='par_1_36' title="bbox 217 2393 1807 2470">
     <span class='ocr_line' id='line_1_37' title="bbox 217 2393 1807 2470; baseline 0.004 -21"><span class='ocrx_word' id='word_1_280' title='bbox 217 2393 275 2449; x_wconf 90' lang='lat' dir='ltr'><strong>id</strong></span> <span class='ocrx_word' id='word_1_281' title='bbox 306 2405 422 2459; x_wconf 89' lang='lat' dir='ltr'><strong>est,</strong></span> <span class='ocrx_word' id='word_1_282' title='bbox 453 2413 577 2452; x_wconf 91' lang='lat' dir='ltr'><strong>cum</strong></span> <span class='ocrx_word' id='word_1_283' title='bbox 618 2397 827 2452; x_wconf 71' lang='lat' dir='ltr'><strong>Summa</strong></span> <span class='ocrx_word' id='word_1_284' title='bbox 868 2398 1193 2454; x_wconf 88' lang='lat' dir='ltr'><strong>discretione</strong></span> <span class='ocrx_word' id='word_1_285' title='bbox 1233 2399 1632 2470; x_wconf 84' lang='lat' dir='ltr'><strong>investigabunt</strong></span> <span class='ocrx_word' id='word_1_286' title='bbox 1659 2408 1807 2456; x_wconf 89' lang='lat' dir='ltr'><strong>acto-</strong></span> 
     </span>
    </p>
   </div>
   <div class='ocr_carea' id='block_1_37' title="bbox 215 2486 1801 2557">
    <p class='ocr_par' dir='ltr' id='par_1_37' title="bbox 215 2486 1801 2557">
     <span class='ocr_line' id='line_1_38' title="bbox 215 2486 1801 2557; baseline 0.001 -15"><span class='ocrx_word' id='word_1_287' title='bbox 215 2503 336 2542; x_wconf 86' lang='lat' dir='ltr'><strong>rem</strong></span> <span class='ocrx_word' id='word_1_288' title='bbox 379 2488 677 2544; x_wconf 87' lang='lat' dir='ltr'><strong>seditionis.</strong></span> <span class='ocrx_word' id='word_1_289' title='bbox 725 2488 925 2543; x_wconf 85' lang='lat' dir='ltr'><strong>Tollent</strong></span> <span class='ocrx_word' id='word_1_290' title='bbox 961 2486 1176 2544; x_wconf 79' lang='lat' dir='ltr'><strong>vitulam</strong></span> <span class='ocrx_word' id='word_1_291' title='bbox 1206 2489 1271 2544; x_wconf 88' lang='lat' dir='ltr'><strong>de</strong></span> <span class='ocrx_word' id='word_1_292' title='bbox 1309 2501 1543 2544; x_wconf 88' lang='lat' dir='ltr'><strong>armento</strong></span> <span class='ocrx_word' id='word_1_293' title='bbox 1565 2531 1579 2553; x_wconf 93' lang='lat'><strong>,</strong></span> <span class='ocrx_word' id='word_1_294' title='bbox 1611 2490 1660 2543; x_wconf 90' lang='lat' dir='ltr'><strong>id</strong></span> <span class='ocrx_word' id='word_1_295' title='bbox 1698 2498 1801 2557; x_wconf 88' lang='lat' dir='ltr'><strong>est,</strong></span> 
     </span>
    </p>
   </div>
   <div class='ocr_carea' id='block_1_38' title="bbox 217 2578 1803 2651">
    <p class='ocr_par' dir='ltr' id='par_1_38' title="bbox 217 2578 1803 2651">
     <span class='ocr_line' id='line_1_39' title="bbox 217 2578 1803 2651; baseline 0 -17"><span class='ocrx_word' id='word_1_296' title='bbox 217 2594 444 2634; x_wconf 89' lang='lat' dir='ltr'><strong>carnem</strong></span> <span class='ocrx_word' id='word_1_297' title='bbox 478 2578 699 2646; x_wconf 85' lang='lat' dir='ltr'><strong>Christi,</strong></span> <span class='ocrx_word' id='word_1_298' title='bbox 724 2596 885 2651; x_wconf 91' lang='lat' dir='ltr'><strong>quam</strong></span> <span class='ocrx_word' id='word_1_299' title='bbox 909 2581 975 2636; x_wconf 91' lang='lat' dir='ltr'><strong>de</strong></span> <span class='ocrx_word' id='word_1_300' title='bbox 1000 2580 1245 2650; x_wconf 88' lang='lat' dir='ltr'><strong>patribus</strong></span> <span class='ocrx_word' id='word_1_301' title='bbox 1269 2581 1516 2651; x_wconf 85' lang='lat' dir='ltr'><strong>sumpsit.</strong></span> <span class='ocrx_word' id='word_1_302' title='bbox 1545 2579 1676 2645; x_wconf 59' lang='lat' dir='ltr'><strong>Quae</strong></span> <span class='ocrx_word' id='word_1_303' title='bbox 1702 2597 1803 2634; x_wconf 87' lang='lat' dir='ltr'><strong>non</strong></span> 
     </span>
    </p>
   </div>
   <div class='ocr_carea' id='block_1_39' title="bbox 217 2672 1802 2744">
    <p class='ocr_par' dir='ltr' id='par_1_39' title="bbox 217 2672 1802 2744">
     <span class='ocr_line' id='line_1_40' title="bbox 217 2672 1802 2744; baseline 0.001 -20"><span class='ocrx_word' id='word_1_304' title='bbox 217 2672 385 2724; x_wconf 71' lang='lat' dir='ltr'><strong>traxit</strong></span> <span class='ocrx_word' id='word_1_305' title='bbox 409 2673 628 2742; x_wconf 87' lang='lat' dir='ltr'><strong>jugum,</strong></span> <span class='ocrx_word' id='word_1_306' title='bbox 661 2674 786 2742; x_wconf 84' lang='lat' dir='ltr'><strong>quia</strong></span> <span class='ocrx_word' id='word_1_307' title='bbox 827 2682 1095 2744; x_wconf 89' lang='lat' dir='ltr'><strong>peccatum</strong></span> <span class='ocrx_word' id='word_1_308' title='bbox 1138 2688 1242 2727; x_wconf 89' lang='lat' dir='ltr'><strong>non</strong></span> <span class='ocrx_word' id='word_1_309' title='bbox 1276 2673 1420 2743; x_wconf 81' lang='lat' dir='ltr'><strong>fecit,</strong></span> <span class='ocrx_word' id='word_1_310' title='bbox 1447 2689 1538 2726; x_wconf 91' lang='lat' dir='ltr'><strong>nec</strong></span> <span class='ocrx_word' id='word_1_311' title='bbox 1567 2673 1802 2727; x_wconf 87' lang='lat' dir='ltr'><strong>inventus</strong></span> 
     </span>
    </p>
   </div>
   <div class='ocr_carea' id='block_1_40' title="bbox 215 2761 1798 2836">
    <p class='ocr_par' dir='ltr' id='par_1_40' title="bbox 215 2761 1798 2836">
     <span class='ocr_line' id='line_1_41' title="bbox 215 2761 1798 2836; baseline 0 -18"><span class='ocrx_word' id='word_1_312' title='bbox 215 2772 296 2818; x_wconf 84' lang='lat' dir='ltr'><strong>est</strong></span> <span class='ocrx_word' id='word_1_313' title='bbox 319 2762 472 2817; x_wconf 87' lang='lat' dir='ltr'><strong>dolus</strong></span> <span class='ocrx_word' id='word_1_314' title='bbox 491 2765 546 2818; x_wconf 89' lang='lat' dir='ltr'><strong>in</strong></span> <span class='ocrx_word' id='word_1_315' title='bbox 569 2781 657 2818; x_wconf 88' lang='lat' dir='ltr'><strong>ore</strong></span> <span class='ocrx_word' id='word_1_316' title='bbox 676 2764 808 2834; x_wconf 86' lang='lat' dir='ltr'><strong>ejus.</strong></span> <span class='ocrx_word' id='word_1_317' title='bbox 831 2763 943 2818; x_wconf 88' lang='lat' dir='ltr'><strong>Nec</strong></span> <span class='ocrx_word' id='word_1_318' title='bbox 965 2774 1155 2819; x_wconf 87' lang='lat' dir='ltr'><strong>terram</strong></span> <span class='ocrx_word' id='word_1_319' title='bbox 1175 2763 1328 2818; x_wconf 85' lang='lat' dir='ltr'><strong>scidit</strong></span> <span class='ocrx_word' id='word_1_320' title='bbox 1349 2781 1552 2818; x_wconf 84' lang='lat' dir='ltr'><strong>vomere</strong></span> <span class='ocrx_word' id='word_1_321' title='bbox 1578 2762 1630 2836; x_wconf 96' lang='lat' dir='ltr'><strong>(I</strong></span> <span class='ocrx_word' id='word_1_322' title='bbox 1656 2761 1798 2818; x_wconf 89' lang='lat' dir='ltr'><strong>Petr.</strong></span> 
     </span>
    </p>
   </div>
   <div class='ocr_carea' id='block_1_41' title="bbox 217 2855 1628 2929">
    <p class='ocr_par' dir='ltr' id='par_1_41' title="bbox 217 2855 1628 2929">
     <span class='ocr_line' id='line_1_42' title="bbox 217 2855 1628 2929; baseline 0.001 -20"><span class='ocrx_word' id='word_1_323' title='bbox 217 2855 308 2927; x_wconf 87' lang='grc' dir='ltr'><strong>ιι),</strong></span> <span class='ocrx_word' id='word_1_324' title='bbox 336 2855 538 2910; x_wconf 88' lang='lat' dir='ltr'><strong>nullam</strong></span> <span class='ocrx_word' id='word_1_325' title='bbox 556 2856 773 2929; x_wconf 84' lang='lat' dir='ltr'><strong>scilicet</strong></span> <span class='ocrx_word' id='word_1_326' title='bbox 800 2856 1080 2911; x_wconf 86' lang='lat' dir='ltr'><strong>seditionis</strong></span> <span class='ocrx_word' id='word_1_327' title='bbox 1106 2857 1368 2911; x_wconf 88' lang='lat' dir='ltr'><strong>maculam</strong></span> <span class='ocrx_word' id='word_1_328' title='bbox 1395 2856 1628 2912; x_wconf 87' lang='lat' dir='ltr'><strong>admisit.</strong></span> 
     </span>
    </p>
   </div>
   <div class='ocr_carea' id='block_1_42' title="bbox 289 2944 1797 3020">
    <p class='ocr_par' dir='ltr' id='par_1_42' title="bbox 289 2944 1797 3020">
     <span class='ocr_line' id='line_1_43' title="bbox 289 2944 1797 3020; baseline 0.003 -21"><span class='ocrx_word' id='word_1_329' title='bbox 289 2944 361 2999; x_wconf 83' lang='lat' dir='ltr'><strong>Et</strong></span> <span class='ocrx_word' id='word_1_330' title='bbox 394 2947 726 3018; x_wconf 85' lang='lat' dir='ltr'><strong>ignorabitur</strong></span> <span class='ocrx_word' id='word_1_331' title='bbox 747 2948 905 3002; x_wconf 66' lang='lat' dir='ltr'><strong>ca’dis</strong></span> <span class='ocrx_word' id='word_1_332' title='bbox 937 2964 1071 3003; x_wconf 87' lang='lat' dir='ltr'><strong>reus.</strong></span> <span class='ocrx_word' id='word_1_333' title='bbox 1101 2947 1354 3004; x_wconf 87' lang='lat' dir='ltr'><strong>Diabolus</strong></span> <span class='ocrx_word' id='word_1_334' title='bbox 1375 2949 1466 3020; x_wconf 90' lang='lat' dir='ltr'><strong>qui</strong></span> <span class='ocrx_word' id='word_1_335' title='bbox 1495 2949 1797 3012; x_wconf 87' lang='lat' dir='ltr'><strong>invisibilis,</strong></span> 
     </span>
    </p>
   </div>
   <div class='ocr_carea' id='block_1_43' title="bbox 213 3036 1801 3112">
    <p class='ocr_par' dir='ltr' id='par_1_43' title="bbox 213 3036 1801 3112">
     <span class='ocr_line' id='line_1_44' title="bbox 213 3036 1801 3112; baseline 0.004 -20"><span class='ocrx_word' id='word_1_336' title='bbox 213 3043 272 3092; x_wconf 87' lang='lat' dir='ltr'><strong>et</strong></span> <span class='ocrx_word' id='word_1_337' title='bbox 314 3036 436 3092; x_wconf 92' lang='lat' dir='ltr'><strong>ideo</strong></span> <span class='ocrx_word' id='word_1_338' title='bbox 473 3039 705 3110; x_wconf 82' lang='lat' dir='ltr'><strong>ignOrari</strong></span> <span class='ocrx_word' id='word_1_339' title='bbox 747 3039 972 3106; x_wconf 91' lang='lat' dir='ltr'><strong>dicitur,</strong></span> <span class='ocrx_word' id='word_1_340' title='bbox 1003 3039 1172 3096; x_wconf 87' lang='lat' dir='ltr'><strong>scitur</strong></span> <span class='ocrx_word' id='word_1_341' title='bbox 1225 3042 1370 3095; x_wconf 91' lang='lat' dir='ltr'><strong>enim</strong></span> <span class='ocrx_word' id='word_1_342' title='bbox 1402 3043 1527 3112; x_wconf 90' lang='lat' dir='ltr'><strong>quia</strong></span> <span class='ocrx_word' id='word_1_343' title='bbox 1562 3043 1710 3098; x_wconf 90' lang='lat' dir='ltr'><strong>misit</strong></span> <span class='ocrx_word' id='word_1_344' title='bbox 1744 3042 1801 3098; x_wconf 90' lang='lat' dir='ltr'><strong>in</strong></span> 
     </span>
    </p>
   </div>
   <div class='ocr_carea' id='block_1_44' title="bbox 214 3133 1419 3207">
    <p class='ocr_par' dir='ltr' id='par_1_44' title="bbox 214 3133 1419 3207">
     <span class='ocr_line' id='line_1_45' title="bbox 214 3133 1419 3207; baseline 0.003 -21"><span class='ocrx_word' id='word_1_345' title='bbox 214 3146 334 3198; x_wconf 90' lang='lat' dir='ltr'><strong>cor,</strong></span> <span class='ocrx_word' id='word_1_346' title='bbox 366 3141 426 3187; x_wconf 91' lang='lat' dir='ltr'><strong>ut</strong></span> <span class='ocrx_word' id='word_1_347' title='bbox 460 3133 694 3190; x_wconf 83' lang='lat' dir='ltr'><strong>traderet</strong></span> <span class='ocrx_word' id='word_1_348' title='bbox 720 3149 843 3190; x_wconf 90' lang='lat' dir='ltr'><strong>eum</strong></span> <span class='ocrx_word' id='word_1_349' title='bbox 872 3133 1038 3190; x_wconf 82' lang='lat' dir='ltr'><strong>Judas</strong></span> <span class='ocrx_word' id='word_1_350' title='bbox 1066 3133 1246 3206; x_wconf 83' lang='lat' dir='ltr'><strong>(Joan.</strong></span> <span class='ocrx_word' id='word_1_351' title='bbox 1277 3135 1419 3207; x_wconf 83' lang='lat' dir='ltr'><strong>xm).</strong></span> 
     </span>
    </p>
   </div>
   <div class='ocr_carea' id='block_1_45' title="bbox 1910 1941 3494 2013">
    <p class='ocr_par' dir='ltr' id='par_1_45' title="bbox 1910 1941 3494 2013">
     <span class='ocr_line' id='line_1_46' title="bbox 1910 1941 3494 2013; baseline 0.002 -17"><span class='ocrx_word' id='word_1_352' title='bbox 1910 1941 1963 1996; x_wconf 92' lang='lat' dir='ltr'><strong>in</strong></span> <span class='ocrx_word' id='word_1_353' title='bbox 1992 1941 2264 2006; x_wconf 89' lang='lat' dir='ltr'><strong>manibus,</strong></span> <span class='ocrx_word' id='word_1_354' title='bbox 2298 1941 2350 1996; x_wconf 91' lang='lat' dir='ltr'><strong>id</strong></span> <span class='ocrx_word' id='word_1_355' title='bbox 2378 1949 2461 1998; x_wconf 92' lang='lat' dir='ltr'><strong>est</strong></span> <span class='ocrx_word' id='word_1_356' title='bbox 2489 1942 2769 2012; x_wconf 86' lang='lat' dir='ltr'><strong>operibus,</strong></span> <span class='ocrx_word' id='word_1_357' title='bbox 2804 1941 3003 2012; x_wconf 90' lang='lat' dir='ltr'><strong>aliquid</strong></span> <span class='ocrx_word' id='word_1_358' title='bbox 3041 1943 3370 2013; x_wconf 87' lang='lat' dir='ltr'><strong>superﬂuum</strong></span> <span class='ocrx_word' id='word_1_359' title='bbox 3401 1953 3494 1999; x_wconf 88' lang='lat' dir='ltr'><strong>aut</strong></span> 
     </span>
    </p>
   </div>
   <div class='ocr_carea' id='block_1_46' title="bbox 1909 2032 2386 2087">
    <p class='ocr_par' dir='ltr' id='par_1_46' title="bbox 1909 2032 2386 2087">
     <span class='ocr_line' id='line_1_47' title="bbox 1909 2032 2386 2087; baseline -0.002 0"><span class='ocrx_word' id='word_1_360' title='bbox 1909 2032 2241 2087; x_wconf 90' lang='lat' dir='ltr'><strong>immundum</strong></span> <span class='ocrx_word' id='word_1_361' title='bbox 2264 2033 2386 2087; x_wconf 89' lang='lat' dir='ltr'><strong>erit.</strong></span> 
     </span>
    </p>
   </div>
   <div class='ocr_carea' id='block_1_47' title="bbox 1981 2124 3488 2194">
    <p class='ocr_par' dir='ltr' id='par_1_47' title="bbox 1981 2124 3488 2194">
     <span class='ocr_line' id='line_1_48' title="bbox 1981 2124 3488 2194; baseline 0.001 -14"><span class='ocrx_word' id='word_1_362' title='bbox 1981 2127 2142 2181; x_wconf 76' lang='lat' dir='ltr'><strong>Vens.</strong></span> <span class='ocrx_word' id='word_1_363' title='bbox 2189 2126 2274 2181; x_wconf 84' lang='grc'><strong>15.</strong></span> <span class='ocrx_word' id='word_1_364' title='bbox 2314 2155 2387 2167; x_wconf 90' lang='grc'><strong><em>-</em></strong></span> <span class='ocrx_word' id='word_1_365' title='bbox 2423 2124 2482 2180; x_wconf 87' lang='lat' dir='ltr'><strong>Si</strong></span> <span class='ocrx_word' id='word_1_366' title='bbox 2511 2125 2751 2180; x_wconf 83' lang='lat' dir='ltr'><strong>habuerit</strong></span> <span class='ocrx_word' id='word_1_367' title='bbox 2787 2127 2940 2180; x_wconf 87' lang='lat' dir='ltr'><strong>homo</strong></span> <span class='ocrx_word' id='word_1_368' title='bbox 2981 2143 3168 2182; x_wconf 71' lang='lat' dir='ltr'><strong>uxores</strong></span> <span class='ocrx_word' id='word_1_369' title='bbox 3194 2130 3352 2194; x_wconf 88' lang='lat' dir='ltr'><strong>duas,</strong></span> <span class='ocrx_word' id='word_1_370' title='bbox 3382 2137 3488 2184; x_wconf 84' lang='lat' dir='ltr'><strong>etc.</strong></span> 
     </span>
    </p>
   </div>
   <div class='ocr_carea' id='block_1_48' title="bbox 1908 2217 3492 2288">
    <p class='ocr_par' dir='ltr' id='par_1_48' title="bbox 1908 2217 3492 2288">
     <span class='ocr_line' id='line_1_49' title="bbox 1908 2217 3492 2288; baseline -0.001 -15"><span class='ocrx_word' id='word_1_371' title='bbox 1908 2218 2156 2274; x_wconf 89' lang='lat' dir='ltr'><strong>Christus</strong></span> <span class='ocrx_word' id='word_1_372' title='bbox 2192 2217 2292 2273; x_wconf 92' lang='lat' dir='ltr'><strong>sibi</strong></span> <span class='ocrx_word' id='word_1_373' title='bbox 2335 2218 2467 2272; x_wconf 90' lang='lat' dir='ltr'><strong>duas</strong></span> <span class='ocrx_word' id='word_1_374' title='bbox 2496 2233 2726 2280; x_wconf 82' lang='lat' dir='ltr'><strong>uxores,</strong></span> <span class='ocrx_word' id='word_1_375' title='bbox 2758 2218 3013 2288; x_wconf 86' lang='lat' dir='ltr'><strong>populum</strong></span> <span class='ocrx_word' id='word_1_376' title='bbox 3050 2217 3254 2272; x_wconf 90' lang='lat' dir='ltr'><strong>scilicet</strong></span> <span class='ocrx_word' id='word_1_377' title='bbox 3279 2217 3492 2273; x_wconf 58' lang='lat' dir='ltr'><strong>Iudaeo-</strong></span> 
     </span>
    </p>
   </div>
   <div class='ocr_carea' id='block_1_49' title="bbox 1908 2305 3483 2379">
    <p class='ocr_par' dir='ltr' id='par_1_49' title="bbox 1908 2305 3483 2379">
     <span class='ocr_line' id='line_1_50' title="bbox 1908 2305 3483 2379; baseline 0.001 -15"><span class='ocrx_word' id='word_1_378' title='bbox 1908 2326 2027 2364; x_wconf 92' lang='lat' dir='ltr'><strong>rum</strong></span> <span class='ocrx_word' id='word_1_379' title='bbox 2057 2321 2110 2364; x_wconf 90' lang='lat' dir='ltr'><strong>et</strong></span> <span class='ocrx_word' id='word_1_380' title='bbox 2139 2309 2408 2379; x_wconf 88' lang='lat' dir='ltr'><strong>gentium,</strong></span> <span class='ocrx_word' id='word_1_381' title='bbox 2441 2305 2673 2379; x_wconf 89' lang='lat' dir='ltr'><strong>conjugii</strong></span> <span class='ocrx_word' id='word_1_382' title='bbox 2712 2308 2979 2378; x_wconf 83' lang='lat' dir='ltr'><strong>copulavit</strong></span> <span class='ocrx_word' id='word_1_383' title='bbox 3008 2309 3244 2364; x_wconf 90' lang='lat' dir='ltr'><strong>nomine.</strong></span> <span class='ocrx_word' id='word_1_384' title='bbox 3286 2309 3483 2366; x_wconf 88' lang='lat' dir='ltr'><strong>Odiosa</strong></span> 
     </span>
    </p>
   </div>
   <div class='ocr_carea' id='block_1_50' title="bbox 1905 2403 3490 2473">
    <p class='ocr_par' dir='ltr' id='par_1_50' title="bbox 1905 2403 3490 2473">
     <span class='ocr_line' id='line_1_51' title="bbox 1905 2403 3490 2473; baseline 0 -15"><span class='ocrx_word' id='word_1_385' title='bbox 1905 2411 1990 2458; x_wconf 90' lang='lat' dir='ltr'><strong>est</strong></span> <span class='ocrx_word' id='word_1_386' title='bbox 2018 2417 2308 2473; x_wconf 84' lang='lat' dir='ltr'><strong>synagoga,</strong></span> <span class='ocrx_word' id='word_1_387' title='bbox 2340 2417 2551 2472; x_wconf 90' lang='lat' dir='ltr'><strong>semper</strong></span> <span class='ocrx_word' id='word_1_388' title='bbox 2577 2403 2934 2466; x_wconf 88' lang='lat' dir='ltr'><strong>contentiosa,</strong></span> <span class='ocrx_word' id='word_1_389' title='bbox 2967 2403 3099 2457; x_wconf 89' lang='lat' dir='ltr'><strong>dura</strong></span> <span class='ocrx_word' id='word_1_390' title='bbox 3135 2403 3368 2470; x_wconf 87' lang='lat' dir='ltr'><strong>cervice,</strong></span> <span class='ocrx_word' id='word_1_391' title='bbox 3403 2405 3490 2458; x_wconf 89' lang='lat' dir='ltr'><strong>in-</strong></span> 
     </span>
    </p>
   </div>
   <div class='ocr_carea' id='block_1_51' title="bbox 1906 2494 3486 2566">
    <p class='ocr_par' dir='ltr' id='par_1_51' title="bbox 1906 2494 3486 2566">
     <span class='ocr_line' id='line_1_52' title="bbox 1906 2494 3486 2566; baseline -0.001 -14"><span class='ocrx_word' id='word_1_392' title='bbox 1906 2496 2224 2552; x_wconf 87' lang='lat' dir='ltr'><strong>circumcisa</strong></span> <span class='ocrx_word' id='word_1_393' title='bbox 2259 2495 2448 2561; x_wconf 89' lang='lat' dir='ltr'><strong>corde;</strong></span> <span class='ocrx_word' id='word_1_394' title='bbox 2490 2495 2681 2550; x_wconf 91' lang='lat' dir='ltr'><strong>dilecta</strong></span> <span class='ocrx_word' id='word_1_395' title='bbox 2707 2496 2920 2566; x_wconf 85' lang='lat' dir='ltr'><strong>gentilis</strong></span> <span class='ocrx_word' id='word_1_396' title='bbox 2947 2495 3210 2552; x_wconf 86' lang='lat' dir='ltr'><strong>Ecclesia.</strong></span> <span class='ocrx_word' id='word_1_397' title='bbox 3242 2494 3348 2552; x_wconf 89' lang='lat' dir='ltr'><strong>Sed</strong></span> <span class='ocrx_word' id='word_1_398' title='bbox 3380 2513 3486 2551; x_wconf 90' lang='lat' dir='ltr'><strong>non</strong></span> 
     </span>
    </p>
   </div>
   <div class='ocr_carea' id='block_1_52' title="bbox 1903 2584 3485 2659">
    <p class='ocr_par' dir='ltr' id='par_1_52' title="bbox 1903 2584 3485 2659">
     <span class='ocr_line' id='line_1_53' title="bbox 1903 2584 3485 2659; baseline -0.001 -19"><span class='ocrx_word' id='word_1_399' title='bbox 1903 2595 2080 2659; x_wconf 90' lang='lat' dir='ltr'><strong>potest</strong></span> <span class='ocrx_word' id='word_1_400' title='bbox 2107 2585 2271 2640; x_wconf 85' lang='lat' dir='ltr'><strong>tilium</strong></span> <span class='ocrx_word' id='word_1_401' title='bbox 2301 2585 2507 2640; x_wconf 64' lang='lat' dir='ltr'><strong>dilectae</strong></span> <span class='ocrx_word' id='word_1_402' title='bbox 2535 2585 2789 2654; x_wconf 63' lang='lat' dir='ltr'><strong>praeferre</strong></span> <span class='ocrx_word' id='word_1_403' title='bbox 2812 2584 2920 2640; x_wconf 83' lang='lat' dir='ltr'><strong>lilio</strong></span> <span class='ocrx_word' id='word_1_404' title='bbox 2949 2586 3168 2651; x_wconf 81' lang='lat' dir='ltr'><strong>odiosae,</strong></span> <span class='ocrx_word' id='word_1_405' title='bbox 3195 2585 3249 2640; x_wconf 92' lang='lat' dir='ltr'><strong>id</strong></span> <span class='ocrx_word' id='word_1_406' title='bbox 3275 2593 3359 2641; x_wconf 90' lang='lat' dir='ltr'><strong>est</strong></span> <span class='ocrx_word' id='word_1_407' title='bbox 3385 2586 3485 2639; x_wconf 84' lang='lat' dir='ltr'><strong>Ec-</strong></span> 
     </span>
    </p>
   </div>
   <div class='ocr_carea' id='block_1_53' title="bbox 1904 2667 3488 2748">
    <p class='ocr_par' dir='ltr' id='par_1_53' title="bbox 1904 2667 3488 2748">
     <span class='ocr_line' id='line_1_54' title="bbox 1904 2667 3488 2748; baseline -0.001 -14"><span class='ocrx_word' id='word_1_408' title='bbox 1904 2679 2120 2734; x_wconf 76' lang='lat' dir='ltr'><strong>clesium</strong></span> <span class='ocrx_word' id='word_1_409' title='bbox 2153 2677 2218 2731; x_wconf 92' lang='lat' dir='ltr'><strong>de</strong></span> <span class='ocrx_word' id='word_1_410' title='bbox 2251 2677 2500 2748; x_wconf 83' lang='lat' dir='ltr'><strong>gentibus</strong></span> <span class='ocrx_word' id='word_1_411' title='bbox 2533 2684 2588 2732; x_wconf 90' lang='lat' dir='ltr'><strong>et</strong></span> <span class='ocrx_word' id='word_1_412' title='bbox 2633 2676 2771 2731; x_wconf 85' lang='lat' dir='ltr'><strong>ﬁlios</strong></span> <span class='ocrx_word' id='word_1_413' title='bbox 2795 2675 2912 2748; x_wconf 84' lang='lat' dir='ltr'><strong>ejus</strong></span> <span class='ocrx_word' id='word_1_414' title='bbox 2948 2667 3204 2748; x_wconf 67' lang='lat' dir='ltr'><strong>praeferre</strong></span> <span class='ocrx_word' id='word_1_415' title='bbox 3232 2677 3488 2748; x_wconf 87' lang='lat' dir='ltr'><strong>apostolis</strong></span> 
     </span>
    </p>
   </div>
   <div class='ocr_carea' id='block_1_54' title="bbox 1904 2744 3488 2839">
    <p class='ocr_par' dir='ltr' id='par_1_54' title="bbox 1904 2744 3488 2839">
     <span class='ocr_line' id='line_1_55' title="bbox 1904 2744 3488 2839; baseline -0.002 -14"><span class='ocrx_word' id='word_1_416' title='bbox 1904 2779 1960 2825; x_wconf 91' lang='lat' dir='ltr'><strong>et</strong></span> <span class='ocrx_word' id='word_1_417' title='bbox 1983 2769 2103 2824; x_wconf 90' lang='lat' dir='ltr'><strong>aliis</strong></span> <span class='ocrx_word' id='word_1_418' title='bbox 2129 2744 2450 2839; x_wconf 74' lang='lat' dir='ltr'><strong>primitivis,</strong></span> <span class='ocrx_word' id='word_1_419' title='bbox 2482 2769 2575 2838; x_wconf 88' lang='lat' dir='ltr'><strong>qui</strong></span> <span class='ocrx_word' id='word_1_420' title='bbox 2602 2775 2727 2824; x_wconf 90' lang='lat' dir='ltr'><strong>sunt</strong></span> <span class='ocrx_word' id='word_1_421' title='bbox 2764 2744 2857 2822; x_wconf 80' lang='lat' dir='ltr'><strong>ﬁlii</strong></span> <span class='ocrx_word' id='word_1_422' title='bbox 2895 2744 3196 2839; x_wconf 73' lang='lat' dir='ltr'><strong>synagogas.</strong></span> <span class='ocrx_word' id='word_1_423' title='bbox 3230 2744 3488 2838; x_wconf 73' lang='lat' dir='ltr'><strong>Agnoscit</strong></span> 
     </span>
    </p>
   </div>
   <div class='ocr_carea' id='block_1_55' title="bbox 1901 2857 3488 2930">
    <p class='ocr_par' dir='ltr' id='par_1_55' title="bbox 1901 2857 3488 2930">
     <span class='ocr_line' id='line_1_56' title="bbox 1901 2857 3488 2930; baseline -0.001 -16"><span class='ocrx_word' id='word_1_424' title='bbox 1901 2859 2102 2914; x_wconf 67' lang='lat' dir='ltr'><strong>odiosae</strong></span> <span class='ocrx_word' id='word_1_425' title='bbox 2124 2859 2563 2928; x_wconf 86' lang='lat' dir='ltr'><strong>primogenitum,</strong></span> <span class='ocrx_word' id='word_1_426' title='bbox 2587 2857 2681 2912; x_wconf 91' lang='lat' dir='ltr'><strong>dat</strong></span> <span class='ocrx_word' id='word_1_427' title='bbox 2698 2859 2747 2914; x_wconf 91' lang='lat' dir='ltr'><strong>ei</strong></span> <span class='ocrx_word' id='word_1_428' title='bbox 2771 2858 3024 2928; x_wconf 90' lang='lat' dir='ltr'><strong>duplicia,</strong></span> <span class='ocrx_word' id='word_1_429' title='bbox 3053 2859 3178 2928; x_wconf 89' lang='lat' dir='ltr'><strong>quia</strong></span> <span class='ocrx_word' id='word_1_430' title='bbox 3199 2858 3488 2930; x_wconf 89' lang='lat' dir='ltr'><strong>primitivis</strong></span> 
     </span>
    </p>
   </div>
   <div class='ocr_carea' id='block_1_56' title="bbox 1903 2949 3596 3024">
    <p class='ocr_par' dir='ltr' id='par_1_56' title="bbox 1903 2949 3596 3024">
     <span class='ocr_line' id='line_1_57' title="bbox 1903 2949 3596 3024; baseline -0.001 -17"><span class='ocrx_word' id='word_1_431' title='bbox 1903 2967 2188 3024; x_wconf 69' lang='lat' dir='ltr'><strong>synagoga:</strong></span> <span class='ocrx_word' id='word_1_432' title='bbox 2216 2950 2338 3008; x_wconf 79' lang='lat' dir='ltr'><strong>ﬁliis</strong></span> <span class='ocrx_word' id='word_1_433' title='bbox 2367 2950 2514 3005; x_wconf 90' lang='lat' dir='ltr'><strong>dedit</strong></span> <span class='ocrx_word' id='word_1_434' title='bbox 2538 2949 2707 3021; x_wconf 90' lang='lat' dir='ltr'><strong>legem</strong></span> <span class='ocrx_word' id='word_1_435' title='bbox 2733 2958 2789 3005; x_wconf 92' lang='lat' dir='ltr'><strong>et</strong></span> <span class='ocrx_word' id='word_1_436' title='bbox 2818 2951 3126 3020; x_wconf 85' lang='lat' dir='ltr'><strong>prophetas,</strong></span> <span class='ocrx_word' id='word_1_437' title='bbox 3156 2958 3210 3004; x_wconf 87' lang='lat' dir='ltr'><strong>et</strong></span> <span class='ocrx_word' id='word_1_438' title='bbox 3239 2950 3484 3005; x_wconf 76' lang='lat' dir='ltr'><strong>notitiam</strong></span> <span class='ocrx_word' id='word_1_439' title='bbox 3584 2974 3596 2985; x_wconf 84' lang='lat'><strong>~</strong></span> 
     </span>
    </p>
   </div>
   <div class='ocr_carea' id='block_1_57' title="bbox 1902 3041 3488 3114">
    <p class='ocr_par' dir='ltr' id='par_1_57' title="bbox 1902 3041 3488 3114">
     <span class='ocr_line' id='line_1_58' title="bbox 1902 3041 3488 3114; baseline 0 -16"><span class='ocrx_word' id='word_1_440' title='bbox 1902 3044 2136 3099; x_wconf 89' lang='lat' dir='ltr'><strong>nominis</strong></span> <span class='ocrx_word' id='word_1_441' title='bbox 2161 3043 2265 3108; x_wconf 90' lang='lat' dir='ltr'><strong>sui,</strong></span> <span class='ocrx_word' id='word_1_442' title='bbox 2282 3050 2334 3097; x_wconf 92' lang='lat' dir='ltr'><strong>et</strong></span> <span class='ocrx_word' id='word_1_443' title='bbox 2354 3042 2529 3112; x_wconf 90' lang='lat' dir='ltr'><strong>primo</strong></span> <span class='ocrx_word' id='word_1_444' title='bbox 2553 3041 2633 3098; x_wconf 88' lang='lat' dir='ltr'><strong>eis</strong></span> <span class='ocrx_word' id='word_1_445' title='bbox 2652 3041 3000 3113; x_wconf 85' lang='lat' dir='ltr'><strong>Evangelium</strong></span> <span class='ocrx_word' id='word_1_446' title='bbox 3025 3042 3361 3114; x_wconf 78' lang='lat' dir='ltr'><strong>przedicavit.</strong></span> <span class='ocrx_word' id='word_1_447' title='bbox 3386 3041 3488 3098; x_wconf 85' lang='lat' dir='ltr'><strong>llic</strong></span> 
     </span>
    </p>
   </div>
   <div class='ocr_carea' id='block_1_58' title="bbox 1901 3132 3051 3204">
    <p class='ocr_par' dir='ltr' id='par_1_58' title="bbox 1901 3132 3051 3204">
     <span class='ocr_line' id='line_1_59' title="bbox 1901 3132 3051 3204; baseline -0.003 -13"><span class='ocrx_word' id='word_1_448' title='bbox 1901 3134 2042 3191; x_wconf 90' lang='lat' dir='ltr'><strong>enim</strong></span> <span class='ocrx_word' id='word_1_449' title='bbox 2065 3143 2149 3189; x_wconf 88' lang='lat' dir='ltr'><strong>est</strong></span> <span class='ocrx_word' id='word_1_450' title='bbox 2173 3133 2564 3204; x_wconf 89' lang='lat' dir='ltr'><strong>primogenitus</strong></span> <span class='ocrx_word' id='word_1_451' title='bbox 2593 3132 2886 3188; x_wconf 89' lang='lat' dir='ltr'><strong>liberorum</strong></span> <span class='ocrx_word' id='word_1_452' title='bbox 2915 3133 3051 3204; x_wconf 89' lang='lat' dir='ltr'><strong>ejus.</strong></span> 
     </span>
    </p>
   </div>
   <div class='ocr_carea' id='block_1_59' title="bbox 285 3202 3483 3300">
    <p class='ocr_par' dir='ltr' id='par_1_59' title="bbox 285 3202 3483 3300">
     <span class='ocr_line' id='line_1_60' title="bbox 285 3202 3483 3300; baseline 0.001 -22"><span class='ocrx_word' id='word_1_453' title='bbox 285 3223 520 3294; x_wconf 70' lang='lat' dir='ltr'><strong>Maiores</strong></span> <span class='ocrx_word' id='word_1_454' title='bbox 557 3238 707 3293; x_wconf 88' lang='lat' dir='ltr'><strong>natu,</strong></span> <span class='ocrx_word' id='word_1_455' title='bbox 733 3235 838 3283; x_wconf 89' lang='lat' dir='ltr'><strong>etc.</strong></span> <span class='ocrx_word' id='word_1_456' title='bbox 867 3202 1109 3298; x_wconf 85' lang='lat' dir='ltr'><strong>Apostoli</strong></span> <span class='ocrx_word' id='word_1_457' title='bbox 1139 3237 1194 3284; x_wconf 87' lang='lat' dir='ltr'><strong>et</strong></span> <span class='ocrx_word' id='word_1_458' title='bbox 1223 3202 1472 3284; x_wconf 71' lang='lat' dir='ltr'><strong>doctores</strong></span> <span class='ocrx_word' id='word_1_459' title='bbox 1521 3229 1612 3300; x_wconf 89' lang='lat' dir='ltr'><strong>qui</strong></span> <span class='ocrx_word' id='word_1_460' title='bbox 1642 3227 1795 3284; x_wconf 88' lang='lat' dir='ltr'><strong>Scri-</strong></span> <span class='ocrx_word' id='word_1_461' title='bbox 1825 3202 1870 3266; x_wconf 66' lang='grc' dir='ltr'>α</span> <span class='ocrx_word' id='word_1_462' title='bbox 1975 3223 2020 3278; x_wconf 91' lang='lat' dir='ltr'><strong><em>U</em></strong></span> <span class='ocrx_word' id='word_1_463' title='bbox 2027 3240 2148 3278; x_wconf 86' lang='lat' dir='ltr'><strong>nam</strong></span> <span class='ocrx_word' id='word_1_464' title='bbox 2171 3202 2435 3278; x_wconf 73' lang='lat' dir='ltr'><strong>dilectam.</strong></span> <span class='ocrx_word' id='word_1_465' title='bbox 2465 3222 2892 3288; x_wconf 87' lang='lat' dir='ltr'><strong>Animalitatem,</strong></span> <span class='ocrx_word' id='word_1_466' title='bbox 2920 3202 3040 3292; x_wconf 63' lang='lat' dir='ltr'><strong>qua:</strong></span> <span class='ocrx_word' id='word_1_467' title='bbox 3071 3223 3241 3280; x_wconf 87' lang='lat' dir='ltr'><strong>dulcis</strong></span> <span class='ocrx_word' id='word_1_468' title='bbox 3266 3225 3483 3280; x_wconf 86' lang='lat' dir='ltr'><strong>videtur</strong></span> 
     </span>
    </p>
   </div>
   <div class='ocr_carea' id='block_1_60' title="bbox 211 3319 1795 3390">
    <p class='ocr_par' dir='ltr' id='par_1_60' title="bbox 211 3319 1795 3390">
     <span class='ocr_line' id='line_1_61' title="bbox 211 3319 1795 3390; baseline 0.001 -16"><span class='ocrx_word' id='word_1_469' title='bbox 211 3325 392 3389; x_wconf 73' lang='lat' dir='ltr'><strong>pturie</strong></span> <span class='ocrx_word' id='word_1_470' title='bbox 441 3319 784 3374; x_wconf 87' lang='lat' dir='ltr'><strong>attestatione</strong></span> <span class='ocrx_word' id='word_1_471' title='bbox 827 3331 1190 3390; x_wconf 90' lang='lat' dir='ltr'><strong>perceperunt</strong></span> <span class='ocrx_word' id='word_1_472' title='bbox 1249 3320 1452 3375; x_wconf 87' lang='lat' dir='ltr'><strong>nullam</strong></span> <span class='ocrx_word' id='word_1_473' title='bbox 1520 3321 1795 3376; x_wconf 89' lang='lat' dir='ltr'><strong>nationem</strong></span> 
     </span>
    </p>
   </div>
   <div class='ocr_carea' id='block_1_61' title="bbox 211 3406 1795 3482">
    <p class='ocr_par' dir='ltr' id='par_1_61' title="bbox 211 3406 1795 3482">
     <span class='ocr_line' id='line_1_62' title="bbox 211 3406 1795 3482; baseline 0.001 -18"><span class='ocrx_word' id='word_1_474' title='bbox 211 3406 296 3464; x_wconf 83' lang='lat' dir='ltr'><strong>sic</strong></span> <span class='ocrx_word' id='word_1_475' title='bbox 322 3417 631 3478; x_wconf 89' lang='lat' dir='ltr'><strong>promptam</strong></span> <span class='ocrx_word' id='word_1_476' title='bbox 671 3410 737 3463; x_wconf 91' lang='lat' dir='ltr'><strong>ad</strong></span> <span class='ocrx_word' id='word_1_477' title='bbox 771 3410 972 3464; x_wconf 78' lang='lat' dir='ltr'><strong>caedem</strong></span> <span class='ocrx_word' id='word_1_478' title='bbox 1011 3417 1070 3464; x_wconf 93' lang='lat' dir='ltr'><strong>ut</strong></span> <span class='ocrx_word' id='word_1_479' title='bbox 1096 3407 1400 3466; x_wconf 59' lang='lat' dir='ltr'><strong>Iudaeorum</strong></span> <span class='ocrx_word' id='word_1_480' title='bbox 1429 3419 1640 3482; x_wconf 88' lang='lat' dir='ltr'><strong>gentem</strong></span> <span class='ocrx_word' id='word_1_481' title='bbox 1661 3451 1676 3477; x_wconf 93' lang='lat'><strong>,</strong></span> <span class='ocrx_word' id='word_1_482' title='bbox 1703 3411 1795 3482; x_wconf 91' lang='lat' dir='ltr'><strong>qui</strong></span> 
     </span>
    </p>
   </div>
   <div class='ocr_carea' id='block_1_62' title="bbox 211 3499 1666 3573">
    <p class='ocr_par' dir='ltr' id='par_1_62' title="bbox 211 3499 1666 3573">
     <span class='ocr_line' id='line_1_63' title="bbox 211 3499 1666 3573; baseline -0.001 -18"><span class='ocrx_word' id='word_1_483' title='bbox 211 3508 269 3556; x_wconf 89' lang='lat' dir='ltr'><strong>et</strong></span> <span class='ocrx_word' id='word_1_484' title='bbox 303 3500 691 3571; x_wconf 89' lang='lat' dir='ltr'><strong>prophetarum</strong></span> <span class='ocrx_word' id='word_1_485' title='bbox 721 3507 776 3556; x_wconf 90' lang='lat' dir='ltr'><strong>et</strong></span> <span class='ocrx_word' id='word_1_486' title='bbox 809 3499 1020 3555; x_wconf 91' lang='lat' dir='ltr'><strong>Domini</strong></span> <span class='ocrx_word' id='word_1_487' title='bbox 1049 3501 1364 3573; x_wconf 85' lang='lat' dir='ltr'><strong>sanguinem</strong></span> <span class='ocrx_word' id='word_1_488' title='bbox 1395 3500 1666 3556; x_wconf 84' lang='lat' dir='ltr'><strong>fuderunt.</strong></span> 
     </span>
    </p>
   </div>
   <div class='ocr_carea' id='block_1_63' title="bbox 285 3591 1791 3664">
    <p class='ocr_par' dir='ltr' id='par_1_63' title="bbox 285 3591 1791 3664">
     <span class='ocr_line' id='line_1_64' title="bbox 285 3591 1791 3664; baseline 0.001 -18"><span class='ocrx_word' id='word_1_489' title='bbox 285 3591 450 3649; x_wconf 76' lang='lat' dir='ltr'><strong>Vens.</strong></span> <span class='ocrx_word' id='word_1_490' title='bbox 475 3592 529 3646; x_wconf 78' lang='grc'><strong>4.</strong></span> <span class='ocrx_word' id='word_1_491' title='bbox 553 3623 624 3634; x_wconf 92' lang='lat'><strong>-—</strong></span> <span class='ocrx_word' id='word_1_492' title='bbox 645 3591 714 3646; x_wconf 87' lang='lat' dir='ltr'><strong>Et</strong></span> <span class='ocrx_word' id='word_1_493' title='bbox 737 3592 924 3646; x_wconf 85' lang='lat' dir='ltr'><strong>ducent</strong></span> <span class='ocrx_word' id='word_1_494' title='bbox 951 3609 1064 3647; x_wconf 88' lang='lat' dir='ltr'><strong>eam</strong></span> <span class='ocrx_word' id='word_1_495' title='bbox 1089 3593 1158 3647; x_wconf 88' lang='lat' dir='ltr'><strong>ad</strong></span> <span class='ocrx_word' id='word_1_496' title='bbox 1187 3592 1371 3648; x_wconf 85' lang='lat' dir='ltr'><strong>vallem</strong></span> <span class='ocrx_word' id='word_1_497' title='bbox 1401 3609 1662 3664; x_wconf 83' lang='lat' dir='ltr'><strong>asperam,</strong></span> <span class='ocrx_word' id='word_1_498' title='bbox 1685 3601 1791 3648; x_wconf 91' lang='lat' dir='ltr'><strong>etc.</strong></span> 
     </span>
    </p>
   </div>
   <div class='ocr_carea' id='block_1_64' title="bbox 209 3682 1788 3755">
    <p class='ocr_par' dir='ltr' id='par_1_64' title="bbox 209 3682 1788 3755">
     <span class='ocr_line' id='line_1_65' title="bbox 209 3682 1788 3755; baseline 0 -15"><span class='ocrx_word' id='word_1_499' title='bbox 209 3682 438 3740; x_wconf 75' lang='lat' dir='ltr'><strong>Mortem</strong></span> <span class='ocrx_word' id='word_1_500' title='bbox 480 3684 688 3740; x_wconf 85' lang='lat' dir='ltr'><strong>scilicet</strong></span> <span class='ocrx_word' id='word_1_501' title='bbox 727 3684 1038 3755; x_wconf 90' lang='lat' dir='ltr'><strong>despectam</strong></span> <span class='ocrx_word' id='word_1_502' title='bbox 1065 3693 1120 3740; x_wconf 92' lang='lat' dir='ltr'><strong>et</strong></span> <span class='ocrx_word' id='word_1_503' title='bbox 1149 3685 1554 3755; x_wconf 88' lang='lat' dir='ltr'><strong>turpissimam,</strong></span> <span class='ocrx_word' id='word_1_504' title='bbox 1599 3685 1741 3741; x_wconf 89' lang='lat' dir='ltr'><strong>unde</strong></span> <span class='ocrx_word' id='word_1_505' title='bbox 1775 3703 1788 3740; x_wconf 90' lang='lat'><strong>:</strong></span> 
     </span>
    </p>
   </div>
   <div class='ocr_carea' id='block_1_65' title="bbox 209 3774 1793 3846">
    <p class='ocr_par' dir='ltr' id='par_1_65' title="bbox 209 3774 1793 3846">
     <span class='ocr_line' id='line_1_66' title="bbox 209 3774 1793 3846; baseline 0 -16"><span class='ocrx_word' id='word_1_506' title='bbox 209 3775 386 3830; x_wconf 73' lang='lat' dir='ltr'><strong>Morte</strong></span> <span class='ocrx_word' id='word_1_507' title='bbox 422 3776 724 3846; x_wconf 85' lang='lat' dir='ltr'><strong>turpissima</strong></span> <span class='ocrx_word' id='word_1_508' title='bbox 762 3776 1166 3830; x_wconf 86' lang='lat' dir='ltr'><strong>condemnemus</strong></span> <span class='ocrx_word' id='word_1_509' title='bbox 1201 3793 1339 3830; x_wconf 89' lang='lat' dir='ltr'><strong>eum.</strong></span> <span class='ocrx_word' id='word_1_510' title='bbox 1373 3774 1506 3842; x_wconf 74' lang='lat' dir='ltr'><strong>Qua:</strong></span> <span class='ocrx_word' id='word_1_511' title='bbox 1528 3793 1793 3846; x_wconf 86' lang='lat' dir='ltr'><strong>nunquam</strong></span> 
     </span>
    </p>
   </div>
   <div class='ocr_carea' id='block_1_66' title="bbox 206 3866 1792 3940">
    <p class='ocr_par' dir='ltr' id='par_1_66' title="bbox 206 3866 1792 3940">
     <span class='ocr_line' id='line_1_67' title="bbox 206 3866 1792 3940; baseline -0.001 -18"><span class='ocrx_word' id='word_1_512' title='bbox 206 3877 362 3922; x_wconf 85' lang='lat' dir='ltr'><strong>arata</strong></span> <span class='ocrx_word' id='word_1_513' title='bbox 397 3875 472 3922; x_wconf 86' lang='lat' dir='ltr'><strong>est</strong></span> <span class='ocrx_word' id='word_1_514' title='bbox 518 3866 664 3940; x_wconf 88' lang='lat' dir='ltr'><strong>(Sap.</strong></span> <span class='ocrx_word' id='word_1_515' title='bbox 703 3867 794 3939; x_wconf 90' lang='grc' dir='ltr'>ιι),</span> <span class='ocrx_word' id='word_1_516' title='bbox 828 3867 952 3937; x_wconf 90' lang='lat' dir='ltr'><strong>quia</strong></span> <span class='ocrx_word' id='word_1_517' title='bbox 979 3882 1128 3922; x_wconf 89' lang='lat' dir='ltr'><strong>mors</strong></span> <span class='ocrx_word' id='word_1_518' title='bbox 1157 3867 1356 3924; x_wconf 89' lang='lat' dir='ltr'><strong>Christi</strong></span> <span class='ocrx_word' id='word_1_519' title='bbox 1399 3868 1601 3937; x_wconf 88' lang='lat' dir='ltr'><strong>absque</strong></span> <span class='ocrx_word' id='word_1_520' title='bbox 1635 3867 1792 3938; x_wconf 92' lang='lat' dir='ltr'><strong>culpa</strong></span> 
     </span>
    </p>
   </div>
   <div class='ocr_carea' id='block_1_67' title="bbox 204 3957 1794 4031">
    <p class='ocr_par' dir='ltr' id='par_1_67' title="bbox 204 3957 1794 4031">
     <span class='ocr_line' id='line_1_68' title="bbox 204 3957 1794 4031; baseline -0.002 -16"><span class='ocrx_word' id='word_1_521' title='bbox 204 3959 331 4016; x_wconf 78' lang='lat' dir='ltr'><strong>fuit.</strong></span> <span class='ocrx_word' id='word_1_522' title='bbox 355 3958 469 4015; x_wconf 83' lang='lat' dir='ltr'><strong>Nec</strong></span> <span class='ocrx_word' id='word_1_523' title='bbox 496 3969 772 4014; x_wconf 85' lang='lat' dir='ltr'><strong>sementem</strong></span> <span class='ocrx_word' id='word_1_524' title='bbox 803 3958 988 4030; x_wconf 82' lang='lat' dir='ltr'><strong>recepit</strong></span> <span class='ocrx_word' id='word_1_525' title='bbox 1025 3957 1238 4031; x_wconf 77' lang='lat' dir='ltr'><strong>(Matth.</strong></span> <span class='ocrx_word' id='word_1_526' title='bbox 1267 3959 1410 4030; x_wconf 78' lang='lat' dir='ltr'><strong>xm),</strong></span> <span class='ocrx_word' id='word_1_527' title='bbox 1438 3959 1491 4014; x_wconf 92' lang='lat' dir='ltr'><strong>id</strong></span> <span class='ocrx_word' id='word_1_528' title='bbox 1517 3967 1618 4023; x_wconf 86' lang='lat' dir='ltr'><strong>est,</strong></span> <span class='ocrx_word' id='word_1_529' title='bbox 1653 3959 1794 4013; x_wconf 84' lang='lat' dir='ltr'><strong>ziza-</strong></span> 
     </span>
    </p>
   </div>
   <div class='ocr_carea' id='block_1_68' title="bbox 205 4052 1792 4126">
    <p class='ocr_par' dir='ltr' id='par_1_68' title="bbox 205 4052 1792 4126">
     <span class='ocr_line' id='line_1_69' title="bbox 205 4052 1792 4126; baseline 0.001 -18"><span class='ocrx_word' id='word_1_530' title='bbox 205 4052 298 4108; x_wconf 87' lang='lat' dir='ltr'><strong>uia</strong></span> <span class='ocrx_word' id='word_1_531' title='bbox 319 4055 551 4124; x_wconf 89' lang='lat' dir='ltr'><strong>peccati,</strong></span> <span class='ocrx_word' id='word_1_532' title='bbox 578 4070 697 4124; x_wconf 70' lang='lat' dir='ltr'><strong>quae</strong></span> <span class='ocrx_word' id='word_1_533' title='bbox 720 4054 970 4110; x_wconf 90' lang='lat' dir='ltr'><strong>inimicus</strong></span> <span class='ocrx_word' id='word_1_534' title='bbox 989 4055 1150 4110; x_wconf 91' lang='lat' dir='ltr'><strong>homo</strong></span> <span class='ocrx_word' id='word_1_535' title='bbox 1169 4054 1637 4126; x_wconf 88' lang='lat' dir='ltr'><strong>superseminavit.</strong></span> <span class='ocrx_word' id='word_1_536' title='bbox 1663 4054 1792 4110; x_wconf 87' lang='lat' dir='ltr'><strong>Pos-</strong></span> 
     </span>
    </p>
   </div>
   <div class='ocr_carea' id='block_1_69' title="bbox 204 4130 1788 4217">
    <p class='ocr_par' dir='ltr' id='par_1_69' title="bbox 204 4130 1788 4217">
     <span class='ocr_line' id='line_1_70' title="bbox 204 4130 1788 4217; baseline 0.001 -17"><span class='ocrx_word' id='word_1_537' title='bbox 204 4158 400 4200; x_wconf 81' lang='lat' dir='ltr'><strong>sumus</strong></span> <span class='ocrx_word' id='word_1_538' title='bbox 443 4160 542 4217; x_wconf 88' lang='lat' dir='ltr'><strong>per</strong></span> <span class='ocrx_word' id='word_1_539' title='bbox 586 4145 779 4200; x_wconf 91' lang='lat' dir='ltr'><strong>vallem</strong></span> <span class='ocrx_word' id='word_1_540' title='bbox 821 4130 1068 4216; x_wconf 85' lang='lat' dir='ltr'><strong>asperam</strong></span> <span class='ocrx_word' id='word_1_541' title='bbox 1119 4145 1472 4216; x_wconf 88' lang='lat' dir='ltr'><strong>gentilitatem</strong></span> <span class='ocrx_word' id='word_1_542' title='bbox 1524 4146 1788 4217; x_wconf 90' lang='lat' dir='ltr'><strong>accipere,</strong></span> 
     </span>
    </p>
   </div>
   <div class='ocr_carea' id='block_1_70' title="bbox 203 4237 1790 4308">
    <p class='ocr_par' dir='ltr' id='par_1_70' title="bbox 203 4237 1790 4308">
     <span class='ocr_line' id='line_1_71' title="bbox 203 4237 1790 4308; baseline 0.003 -18"><span class='ocrx_word' id='word_1_543' title='bbox 203 4248 330 4308; x_wconf 68' lang='lat' dir='ltr'><strong>quae</strong></span> <span class='ocrx_word' id='word_1_544' title='bbox 366 4251 560 4307; x_wconf 88' lang='lat' dir='ltr'><strong>aspera</strong></span> <span class='ocrx_word' id='word_1_545' title='bbox 601 4247 752 4302; x_wconf 89' lang='lat' dir='ltr'><strong>erat;</strong></span> <span class='ocrx_word' id='word_1_546' title='bbox 795 4252 1020 4302; x_wconf 83' lang='lat' dir='ltr'><strong>saxosa,</strong></span> <span class='ocrx_word' id='word_1_547' title='bbox 1061 4237 1184 4306; x_wconf 91' lang='lat' dir='ltr'><strong>quia</strong></span> <span class='ocrx_word' id='word_1_548' title='bbox 1221 4253 1350 4292; x_wconf 84' lang='lat' dir='ltr'><strong>saxa</strong></span> <span class='ocrx_word' id='word_1_549' title='bbox 1400 4237 1686 4304; x_wconf 87' lang='lat' dir='ltr'><strong>adorabat;</strong></span> <span class='ocrx_word' id='word_1_550' title='bbox 1735 4238 1790 4294; x_wconf 90' lang='lat' dir='ltr'><strong>in</strong></span> 
     </span>
    </p>
   </div>
   <div class='ocr_carea' id='block_1_71' title="bbox 203 4328 1790 4401">
    <p class='ocr_par' dir='ltr' id='par_1_71' title="bbox 203 4328 1790 4401">
     <span class='ocr_line' id='line_1_72' title="bbox 203 4328 1790 4401; baseline 0.003 -20"><span class='ocrx_word' id='word_1_551' title='bbox 203 4341 313 4398; x_wconf 88' lang='lat' dir='ltr'><strong>qua</strong></span> <span class='ocrx_word' id='word_1_552' title='bbox 342 4341 482 4382; x_wconf 62' lang='lat' dir='ltr'><strong>caesa</strong></span> <span class='ocrx_word' id='word_1_553' title='bbox 510 4335 595 4383; x_wconf 91' lang='lat' dir='ltr'><strong>est</strong></span> <span class='ocrx_word' id='word_1_554' title='bbox 627 4328 812 4382; x_wconf 81' lang='lat' dir='ltr'><strong>cervix</strong></span> <span class='ocrx_word' id='word_1_555' title='bbox 835 4328 1050 4393; x_wconf 72' lang='lat' dir='ltr'><strong>vitulae,</strong></span> <span class='ocrx_word' id='word_1_556' title='bbox 1077 4329 1202 4399; x_wconf 90' lang='lat' dir='ltr'><strong>quia</strong></span> <span class='ocrx_word' id='word_1_557' title='bbox 1227 4345 1326 4400; x_wconf 90' lang='lat' dir='ltr'><strong>pro</strong></span> <span class='ocrx_word' id='word_1_558' title='bbox 1352 4330 1526 4386; x_wconf 84' lang='lat' dir='ltr'><strong>salute</strong></span> <span class='ocrx_word' id='word_1_559' title='bbox 1549 4332 1790 4401; x_wconf 88' lang='lat' dir='ltr'><strong>gentium</strong></span> 
     </span>
    </p>
   </div>
   <div class='ocr_carea' id='block_1_72' title="bbox 201 4413 1789 4491">
    <p class='ocr_par' dir='ltr' id='par_1_72' title="bbox 201 4413 1789 4491">
     <span class='ocr_line' id='line_1_73' title="bbox 201 4413 1789 4491; baseline 0.003 -20"><span class='ocrx_word' id='word_1_560' title='bbox 201 4430 356 4471; x_wconf 89' lang='lat' dir='ltr'><strong>mors</strong></span> <span class='ocrx_word' id='word_1_561' title='bbox 382 4413 583 4471; x_wconf 92' lang='lat' dir='ltr'><strong>Christi</strong></span> <span class='ocrx_word' id='word_1_562' title='bbox 604 4415 874 4471; x_wconf 89' lang='lat' dir='ltr'><strong>celebrata</strong></span> <span class='ocrx_word' id='word_1_563' title='bbox 899 4425 999 4472; x_wconf 91' lang='lat' dir='ltr'><strong>est.</strong></span> <span class='ocrx_word' id='word_1_564' title='bbox 1029 4416 1224 4473; x_wconf 80' lang='lat' dir='ltr'><strong>Cervix</strong></span> <span class='ocrx_word' id='word_1_565' title='bbox 1254 4418 1421 4474; x_wconf 90' lang='lat' dir='ltr'><strong>robur</strong></span> <span class='ocrx_word' id='word_1_566' title='bbox 1443 4421 1625 4475; x_wconf 88' lang='lat' dir='ltr'><strong>carnis</strong></span> <span class='ocrx_word' id='word_1_567' title='bbox 1646 4420 1789 4491; x_wconf 91' lang='lat' dir='ltr'><strong>quod</strong></span> 
     </span>
    </p>
   </div>
   <div class='ocr_carea' id='block_1_73' title="bbox 199 4505 1784 4582">
    <p class='ocr_par' dir='ltr' id='par_1_73' title="bbox 199 4505 1784 4582">
     <span class='ocr_line' id='line_1_74' title="bbox 199 4505 1784 4582; baseline 0.002 -19"><span class='ocrx_word' id='word_1_568' title='bbox 199 4505 261 4563; x_wconf 83' lang='lat' dir='ltr'><strong>in</strong></span> <span class='ocrx_word' id='word_1_569' title='bbox 297 4515 474 4562; x_wconf 72' lang='lat' dir='ltr'><strong>marte</strong></span> <span class='ocrx_word' id='word_1_570' title='bbox 507 4506 770 4577; x_wconf 86' lang='lat' dir='ltr'><strong>deposuit.</strong></span> <span class='ocrx_word' id='word_1_571' title='bbox 811 4505 1080 4563; x_wconf 82' lang='lat' dir='ltr'><strong>Lavabunt</strong></span> <span class='ocrx_word' id='word_1_572' title='bbox 1129 4526 1316 4564; x_wconf 88' lang='lat' dir='ltr'><strong>manus</strong></span> <span class='ocrx_word' id='word_1_573' title='bbox 1362 4527 1518 4582; x_wconf 80' lang='lat' dir='ltr'><strong>super</strong></span> <span class='ocrx_word' id='word_1_574' title='bbox 1551 4512 1784 4577; x_wconf 81' lang='lat' dir='ltr'><strong>vitulam,</strong></span> 
     </span>
    </p>
   </div>
   <div class='ocr_carea' id='block_1_74' title="bbox 199 4594 1786 4670">
    <p class='ocr_par' dir='ltr' id='par_1_74' title="bbox 199 4594 1786 4670">
     <span class='ocr_line' id='line_1_75' title="bbox 199 4594 1786 4670; baseline 0.003 -18"><span class='ocrx_word' id='word_1_575' title='bbox 199 4594 259 4652; x_wconf 88' lang='lat' dir='ltr'><strong>id</strong></span> <span class='ocrx_word' id='word_1_576' title='bbox 288 4604 392 4661; x_wconf 91' lang='lat' dir='ltr'><strong>est,</strong></span> <span class='ocrx_word' id='word_1_577' title='bbox 423 4596 730 4668; x_wconf 90' lang='lat' dir='ltr'><strong>purgabunt</strong></span> <span class='ocrx_word' id='word_1_578' title='bbox 765 4612 930 4668; x_wconf 86' lang='lat' dir='ltr'><strong>opera</strong></span> <span class='ocrx_word' id='word_1_579' title='bbox 966 4612 1065 4668; x_wconf 88' lang='lat' dir='ltr'><strong>per</strong></span> <span class='ocrx_word' id='word_1_580' title='bbox 1093 4599 1360 4670; x_wconf 89' lang='lat' dir='ltr'><strong>passionis</strong></span> <span class='ocrx_word' id='word_1_581' title='bbox 1387 4599 1588 4657; x_wconf 89' lang='lat' dir='ltr'><strong>Christi</strong></span> <span class='ocrx_word' id='word_1_582' title='bbox 1615 4601 1786 4665; x_wconf 50' lang='lat' dir='ltr'><strong>conti,-</strong></span> 
     </span>
    </p>
   </div>
   <div class='ocr_carea' id='block_1_75' title="bbox 194 4688 468 4748">
    <p class='ocr_par' dir='ltr' id='par_1_75' title="bbox 194 4688 468 4748">
     <span class='ocr_line' id='line_1_76' title="bbox 194 4688 468 4748; baseline 0.018 -6"><span class='ocrx_word' id='word_1_583' title='bbox 194 4688 468 4748; x_wconf 79' lang='lat' dir='ltr'><strong>dentiam.</strong></span> 
     </span>
    </p>
   </div>
   <div class='ocr_carea' id='block_1_76' title="bbox 276 4778 1784 4854">
    <p class='ocr_par' dir='ltr' id='par_1_76' title="bbox 276 4778 1784 4854">
     <span class='ocr_line' id='line_1_77' title="bbox 276 4778 1784 4854; baseline 0.006 -20"><span class='ocrx_word' id='word_1_584' title='bbox 276 4778 444 4836; x_wconf 78' lang='lat' dir='ltr'><strong>Vsns.</strong></span> <span class='ocrx_word' id='word_1_585' title='bbox 485 4779 538 4836; x_wconf 86' lang='lat'><strong>6.</strong></span> <span class='ocrx_word' id='word_1_586' title='bbox 576 4811 646 4822; x_wconf 90' lang='lat'><strong>—-</strong></span> <span class='ocrx_word' id='word_1_587' title='bbox 682 4779 1049 4852; x_wconf 85' lang='lat' dir='ltr'><strong>Lavabuntque</strong></span> <span class='ocrx_word' id='word_1_588' title='bbox 1074 4799 1262 4838; x_wconf 88' lang='lat' dir='ltr'><strong>manus</strong></span> <span class='ocrx_word' id='word_1_589' title='bbox 1288 4801 1437 4851; x_wconf 88' lang='lat' dir='ltr'><strong>suas,</strong></span> <span class='ocrx_word' id='word_1_590' title='bbox 1464 4793 1570 4842; x_wconf 88' lang='lat' dir='ltr'><strong>etc.</strong></span> <span class='ocrx_word' id='word_1_591' title='bbox 1601 4785 1656 4840; x_wconf 92' lang='lat' dir='ltr'><strong>ld</strong></span> <span class='ocrx_word' id='word_1_592' title='bbox 1683 4794 1784 4854; x_wconf 86' lang='lat' dir='ltr'><strong>est,</strong></span> 
     </span>
    </p>
   </div>
   <div class='ocr_carea' id='block_1_77' title="bbox 195 4874 1788 4948">
    <p class='ocr_par' dir='ltr' id='par_1_77' title="bbox 195 4874 1788 4948">
     <span class='ocr_line' id='line_1_78' title="bbox 195 4874 1788 4948; baseline 0.003 -18"><span class='ocrx_word' id='word_1_593' title='bbox 195 4889 370 4948; x_wconf 85' lang='lat' dir='ltr'><strong>opera</strong></span> <span class='ocrx_word' id='word_1_594' title='bbox 416 4889 510 4930; x_wconf 89' lang='lat' dir='ltr'><strong>sua</strong></span> <span class='ocrx_word' id='word_1_595' title='bbox 552 4875 608 4932; x_wconf 90' lang='lat' dir='ltr'><strong>in</strong></span> <span class='ocrx_word' id='word_1_596' title='bbox 643 4875 893 4945; x_wconf 86' lang='lat' dir='ltr'><strong>passione</strong></span> <span class='ocrx_word' id='word_1_597' title='bbox 937 4874 1137 4931; x_wconf 89' lang='lat' dir='ltr'><strong>Christi</strong></span> <span class='ocrx_word' id='word_1_598' title='bbox 1177 4877 1623 4933; x_wconf 88' lang='lat' dir='ltr'><strong>demonstrabunt</strong></span> <span class='ocrx_word' id='word_1_599' title='bbox 1667 4893 1788 4934; x_wconf 91' lang='lat' dir='ltr'><strong>esse</strong></span> 
     </span>
    </p>
   </div>
   <div class='ocr_carea' id='block_1_78' title="bbox 195 4966 1785 5038">
    <p class='ocr_par' dir='ltr' id='par_1_78' title="bbox 195 4966 1785 5038">
     <span class='ocr_line' id='line_1_79' title="bbox 195 4966 1785 5038; baseline 0.003 -14"><span class='ocrx_word' id='word_1_600' title='bbox 195 4967 427 5024; x_wconf 88' lang='lat' dir='ltr'><strong>munda.</strong></span> <span class='ocrx_word' id='word_1_601' title='bbox 471 4966 624 5024; x_wconf 90' lang='lat' dir='ltr'><strong>Licet</strong></span> <span class='ocrx_word' id='word_1_602' title='bbox 675 4969 816 5022; x_wconf 89' lang='lat' dir='ltr'><strong>enim</strong></span> <span class='ocrx_word' id='word_1_603' title='bbox 858 4966 1094 5037; x_wconf 90' lang='lat' dir='ltr'><strong>ejusdem</strong></span> <span class='ocrx_word' id='word_1_604' title='bbox 1139 4971 1406 5038; x_wconf 90' lang='lat' dir='ltr'><strong>passionis</strong></span> <span class='ocrx_word' id='word_1_605' title='bbox 1446 4981 1785 5028; x_wconf 87' lang='lat' dir='ltr'><strong>sacramenta</strong></span> 
     </span>
    </p>
   </div>
   <div class='ocr_carea' id='block_1_79' title="bbox 196 5058 1784 5131">
    <p class='ocr_par' dir='ltr' id='par_1_79' title="bbox 196 5058 1784 5131">
     <span class='ocr_line' id='line_1_80' title="bbox 196 5058 1784 5131; baseline 0.004 -17"><span class='ocrx_word' id='word_1_606' title='bbox 196 5058 446 5131; x_wconf 89' lang='lat' dir='ltr'><strong>quotidie</strong></span> <span class='ocrx_word' id='word_1_607' title='bbox 469 5059 754 5126; x_wconf 90' lang='lat' dir='ltr'><strong>iterentur,</strong></span> <span class='ocrx_word' id='word_1_608' title='bbox 781 5059 850 5115; x_wconf 88' lang='lat' dir='ltr'><strong>ab</strong></span> <span class='ocrx_word' id='word_1_609' title='bbox 875 5060 1022 5116; x_wconf 92' lang='lat' dir='ltr'><strong>omni</strong></span> <span class='ocrx_word' id='word_1_610' title='bbox 1050 5068 1228 5116; x_wconf 89' lang='lat' dir='ltr'><strong>tamen</strong></span> <span class='ocrx_word' id='word_1_611' title='bbox 1258 5059 1448 5118; x_wconf 77' lang='lat' dir='ltr'><strong>fraude</strong></span> <span class='ocrx_word' id='word_1_612' title='bbox 1475 5061 1784 5120; x_wconf 83' lang='lat' dir='ltr'><strong>Judaeorum</strong></span> 
     </span>
    </p>
   </div>
   <div class='ocr_carea' id='block_1_80' title="bbox 196 5151 1282 5222">
    <p class='ocr_par' dir='ltr' id='par_1_80' title="bbox 196 5151 1282 5222">
     <span class='ocr_line' id='line_1_81' title="bbox 196 5151 1282 5222; baseline 0 -14"><span class='ocrx_word' id='word_1_613' title='bbox 196 5151 368 5208; x_wconf 87' lang='lat' dir='ltr'><strong>corda</strong></span> <span class='ocrx_word' id='word_1_614' title='bbox 393 5160 449 5208; x_wconf 89' lang='lat' dir='ltr'><strong>et</strong></span> <span class='ocrx_word' id='word_1_615' title='bbox 482 5167 644 5222; x_wconf 90' lang='lat' dir='ltr'><strong>opera</strong></span> <span class='ocrx_word' id='word_1_616' title='bbox 675 5151 878 5208; x_wconf 88' lang='lat' dir='ltr'><strong>habent</strong></span> <span class='ocrx_word' id='word_1_617' title='bbox 906 5152 1282 5208; x_wconf 86' lang='lat' dir='ltr'><strong>mundissima.</strong></span> 
     </span>
    </p>
   </div>
   <div class='ocr_carea' id='block_1_81' title="bbox 273 5245 1784 5316">
    <p class='ocr_par' dir='ltr' id='par_1_81' title="bbox 273 5245 1784 5316">
     <span class='ocr_line' id='line_1_82' title="bbox 273 5245 1784 5316; baseline 0.003 -16"><span class='ocrx_word' id='word_1_618' title='bbox 273 5245 440 5300; x_wconf 76' lang='lat' dir='ltr'><strong>Vens.</strong></span> <span class='ocrx_word' id='word_1_619' title='bbox 477 5246 532 5302; x_wconf 90' lang='lat'><strong>8.</strong></span> <span class='ocrx_word' id='word_1_620' title='bbox 568 5275 641 5287; x_wconf 94' lang='lat'>—</span> <span class='ocrx_word' id='word_1_621' title='bbox 679 5245 947 5316; x_wconf 85' lang='lat' dir='ltr'><strong>Propitius</strong></span> <span class='ocrx_word' id='word_1_622' title='bbox 980 5255 1110 5301; x_wconf 82' lang='lat' dir='ltr'><strong>esto.</strong></span> <span class='ocrx_word' id='word_1_623' title='bbox 1147 5246 1254 5303; x_wconf 89' lang='lat' dir='ltr'><strong>Pro</strong></span> <span class='ocrx_word' id='word_1_624' title='bbox 1290 5245 1466 5304; x_wconf 79' lang='lat' dir='ltr'><strong>ollicio</strong></span> <span class='ocrx_word' id='word_1_625' title='bbox 1494 5263 1593 5304; x_wconf 92' lang='lat' dir='ltr'><strong>suo</strong></span> <span class='ocrx_word' id='word_1_626' title='bbox 1617 5249 1784 5304; x_wconf 87' lang='lat' dir='ltr'><strong>bene—</strong></span> 
     </span>
    </p>
   </div>
   <div class='ocr_carea' id='block_1_82' title="bbox 193 5335 1778 5410">
    <p class='ocr_par' dir='ltr' id='par_1_82' title="bbox 193 5335 1778 5410">
     <span class='ocr_line' id='line_1_83' title="bbox 193 5335 1778 5410; baseline 0.003 -18"><span class='ocrx_word' id='word_1_627' title='bbox 193 5336 390 5392; x_wconf 90' lang='lat' dir='ltr'><strong>dicunt</strong></span> <span class='ocrx_word' id='word_1_628' title='bbox 415 5335 630 5406; x_wconf 90' lang='lat' dir='ltr'><strong>populo,</strong></span> <span class='ocrx_word' id='word_1_629' title='bbox 662 5344 724 5391; x_wconf 91' lang='lat' dir='ltr'><strong>ut</strong></span> <span class='ocrx_word' id='word_1_630' title='bbox 747 5350 852 5391; x_wconf 91' lang='lat' dir='ltr'><strong>non</strong></span> <span class='ocrx_word' id='word_1_631' title='bbox 879 5337 1136 5393; x_wconf 88' lang='lat' dir='ltr'><strong>reddatur</strong></span> <span class='ocrx_word' id='word_1_632' title='bbox 1162 5338 1399 5396; x_wconf 86' lang='lat' dir='ltr'><strong>vindicta</strong></span> <span class='ocrx_word' id='word_1_633' title='bbox 1432 5355 1532 5410; x_wconf 90' lang='lat' dir='ltr'><strong>pro</strong></span> <span class='ocrx_word' id='word_1_634' title='bbox 1556 5340 1778 5407; x_wconf 88' lang='lat' dir='ltr'><strong>scelere,</strong></span> 
     </span>
    </p>
   </div>
   <div class='ocr_carea' id='block_1_83' title="bbox 192 5429 1004 5501">
    <p class='ocr_par' dir='ltr' id='par_1_83' title="bbox 192 5429 1004 5501">
     <span class='ocr_line' id='line_1_84' title="bbox 192 5429 1004 5501; baseline 0 -16"><span class='ocrx_word' id='word_1_635' title='bbox 192 5429 292 5486; x_wconf 88' lang='lat' dir='ltr'><strong>sed</strong></span> <span class='ocrx_word' id='word_1_636' title='bbox 326 5429 471 5484; x_wconf 89' lang='lat' dir='ltr'><strong>salus</strong></span> <span class='ocrx_word' id='word_1_637' title='bbox 495 5445 596 5501; x_wconf 89' lang='lat' dir='ltr'><strong>pro</strong></span> <span class='ocrx_word' id='word_1_638' title='bbox 617 5429 1004 5500; x_wconf 87' lang='lat' dir='ltr'><strong>redemptione.</strong></span> 
     </span>
    </p>
   </div>
   <div class='ocr_carea' id='block_1_84' title="bbox 1897 3317 3483 3390">
    <p class='ocr_par' dir='ltr' id='par_1_84' title="bbox 1897 3317 3483 3390">
     <span class='ocr_line' id='line_1_85' title="bbox 1897 3317 3483 3390; baseline -0.001 -14"><span class='ocrx_word' id='word_1_639' title='bbox 1897 3328 1954 3376; x_wconf 91' lang='lat' dir='ltr'><strong>et</strong></span> <span class='ocrx_word' id='word_1_640' title='bbox 1979 3319 2310 3376; x_wconf 88' lang='lat' dir='ltr'><strong>delectabilis</strong></span> <span class='ocrx_word' id='word_1_641' title='bbox 2339 3335 2353 3374; x_wconf 88' lang='lat'><strong>:</strong></span> <span class='ocrx_word' id='word_1_642' title='bbox 2378 3319 2560 3376; x_wconf 88' lang='lat' dir='ltr'><strong>omnia</strong></span> <span class='ocrx_word' id='word_1_643' title='bbox 2581 3317 2898 3388; x_wconf 87' lang='lat' dir='ltr'><strong>voluptuosa</strong></span> <span class='ocrx_word' id='word_1_644' title='bbox 2919 3319 3066 3390; x_wconf 91' lang='lat' dir='ltr'><strong>cupit</strong></span> <span class='ocrx_word' id='word_1_645' title='bbox 3090 3329 3146 3375; x_wconf 90' lang='lat' dir='ltr'><strong>et</strong></span> <span class='ocrx_word' id='word_1_646' title='bbox 3177 3318 3322 3376; x_wconf 91' lang='lat' dir='ltr'><strong>nullo</strong></span> <span class='ocrx_word' id='word_1_647' title='bbox 3344 3333 3483 3374; x_wconf 75' lang='lat' dir='ltr'><strong>mte-</strong></span> 
     </span>
    </p>
   </div>
   <div class='ocr_carea' id='block_1_85' title="bbox 1898 3411 2239 3468">
    <p class='ocr_par' dir='ltr' id='par_1_85' title="bbox 1898 3411 2239 3468">
     <span class='ocr_line' id='line_1_86' title="bbox 1898 3411 2239 3468; baseline -0.006 0"><span class='ocrx_word' id='word_1_648' title='bbox 1898 3427 2022 3468; x_wconf 91' lang='lat' dir='ltr'><strong>rore</strong></span> <span class='ocrx_word' id='word_1_649' title='bbox 2057 3411 2239 3468; x_wconf 77' lang='lat' dir='ltr'><strong>allicit.</strong></span> 
     </span>
    </p>
   </div>
   <div class='ocr_carea' id='block_1_86' title="bbox 1966 3500 3482 3573">
    <p class='ocr_par' dir='ltr' id='par_1_86' title="bbox 1966 3500 3482 3573">
     <span class='ocr_line' id='line_1_87' title="bbox 1966 3500 3482 3573; baseline 0.003 -18"><span class='ocrx_word' id='word_1_650' title='bbox 1966 3503 2200 3557; x_wconf 84' lang='lat' dir='ltr'><strong>Alteram</strong></span> <span class='ocrx_word' id='word_1_651' title='bbox 2229 3501 2483 3557; x_wconf 88' lang='lat' dir='ltr'><strong>odiosam.</strong></span> <span class='ocrx_word' id='word_1_652' title='bbox 2516 3501 2959 3558; x_wconf 79' lang='lat' dir='ltr'><strong>Rationalitatem</strong></span> <span class='ocrx_word' id='word_1_653' title='bbox 2979 3541 2995 3568; x_wconf 94' lang='lat'><strong>,</strong></span> <span class='ocrx_word' id='word_1_654' title='bbox 3021 3517 3144 3573; x_wconf 69' lang='lat' dir='ltr'><strong>quae</strong></span> <span class='ocrx_word' id='word_1_655' title='bbox 3170 3516 3280 3558; x_wconf 89' lang='lat' dir='ltr'><strong>non</strong></span> <span class='ocrx_word' id='word_1_656' title='bbox 3302 3500 3482 3558; x_wconf 88' lang='lat' dir='ltr'><strong>indul-</strong></span> 
     </span>
    </p>
   </div>
   <div class='ocr_carea' id='block_1_87' title="bbox 1896 3591 3479 3670">
    <p class='ocr_par' dir='ltr' id='par_1_87' title="bbox 1896 3591 3479 3670">
     <span class='ocr_line' id='line_1_88' title="bbox 1896 3591 3479 3670; baseline 0.001 -21"><span class='ocrx_word' id='word_1_657' title='bbox 1896 3602 1986 3663; x_wconf 85' lang='lat' dir='ltr'><strong>get</strong></span> <span class='ocrx_word' id='word_1_658' title='bbox 2008 3593 2242 3670; x_wconf 83' lang='lat' dir='ltr'><strong>corpori,</strong></span> <span class='ocrx_word' id='word_1_659' title='bbox 2273 3608 2372 3649; x_wconf 92' lang='lat' dir='ltr'><strong>nec</strong></span> <span class='ocrx_word' id='word_1_660' title='bbox 2403 3592 2572 3649; x_wconf 85' lang='lat' dir='ltr'><strong>servit</strong></span> <span class='ocrx_word' id='word_1_661' title='bbox 2597 3591 2876 3662; x_wconf 85' lang='lat' dir='ltr'><strong>voluptati,</strong></span> <span class='ocrx_word' id='word_1_662' title='bbox 2909 3593 3006 3648; x_wconf 88' lang='lat' dir='ltr'><strong>sed</strong></span> <span class='ocrx_word' id='word_1_663' title='bbox 3032 3593 3249 3650; x_wconf 88' lang='lat' dir='ltr'><strong>abdicat</strong></span> <span class='ocrx_word' id='word_1_664' title='bbox 3269 3592 3479 3650; x_wconf 89' lang='lat' dir='ltr'><strong>occulta</strong></span> 
     </span>
    </p>
   </div>
   <div class='ocr_carea' id='block_1_88' title="bbox 1896 3686 2193 3742">
    <p class='ocr_par' dir='ltr' id='par_1_88' title="bbox 1896 3686 2193 3742">
     <span class='ocr_line' id='line_1_89' title="bbox 1896 3686 2193 3742; baseline -0.003 0"><span class='ocrx_word' id='word_1_665' title='bbox 1896 3686 2193 3742; x_wconf 86' lang='lat' dir='ltr'><strong>dedecoris.</strong></span> 
     </span>
    </p>
   </div>
   <div class='ocr_carea' id='block_1_89' title="bbox 1967 3774 3479 3848">
    <p class='ocr_par' dir='ltr' id='par_1_89' title="bbox 1967 3774 3479 3848">
     <span class='ocr_line' id='line_1_90' title="bbox 1967 3774 3479 3848; baseline 0 -15"><span class='ocrx_word' id='word_1_666' title='bbox 1967 3778 2130 3834; x_wconf 75' lang='lat' dir='ltr'><strong>Vsus.</strong></span> <span class='ocrx_word' id='word_1_667' title='bbox 2167 3778 2253 3833; x_wconf 88' lang='grc'><strong>16.</strong></span> <span class='ocrx_word' id='word_1_668' title='bbox 2273 3807 2339 3818; x_wconf 92' lang='grc'><strong><em>-</em></strong></span> <span class='ocrx_word' id='word_1_669' title='bbox 2373 3775 2808 3848; x_wconf 86' lang='lat' dir='ltr'><strong>Primogenitum.</strong></span> <span class='ocrx_word' id='word_1_670' title='bbox 2841 3774 3086 3846; x_wconf 83' lang='lat' dir='ltr'><strong>Apostoli</strong></span> <span class='ocrx_word' id='word_1_671' title='bbox 3115 3782 3170 3832; x_wconf 88' lang='lat' dir='ltr'><strong>et</strong></span> <span class='ocrx_word' id='word_1_672' title='bbox 3199 3775 3479 3847; x_wconf 86' lang='lat' dir='ltr'><strong>apostolici</strong></span> 
     </span>
    </p>
   </div>
   <div class='ocr_carea' id='block_1_90' title="bbox 1893 3867 3479 3940">
    <p class='ocr_par' dir='ltr' id='par_1_90' title="bbox 1893 3867 3479 3940">
     <span class='ocr_line' id='line_1_91' title="bbox 1893 3867 3479 3940; baseline -0.001 -14"><span class='ocrx_word' id='word_1_673' title='bbox 1893 3871 2026 3936; x_wconf 90' lang='lat' dir='ltr'><strong>viri,</strong></span> <span class='ocrx_word' id='word_1_674' title='bbox 2061 3871 2152 3940; x_wconf 89' lang='lat' dir='ltr'><strong>qui</strong></span> <span class='ocrx_word' id='word_1_675' title='bbox 2192 3869 2366 3924; x_wconf 91' lang='lat' dir='ltr'><strong>locum</strong></span> <span class='ocrx_word' id='word_1_676' title='bbox 2412 3867 2754 3938; x_wconf 87' lang='lat' dir='ltr'><strong>primogeniti</strong></span> <span class='ocrx_word' id='word_1_677' title='bbox 2789 3868 3074 3935; x_wconf 89' lang='lat' dir='ltr'><strong>obtinent,</strong></span> <span class='ocrx_word' id='word_1_678' title='bbox 3111 3881 3341 3938; x_wconf 89' lang='lat' dir='ltr'><strong>quorum</strong></span> <span class='ocrx_word' id='word_1_679' title='bbox 3380 3867 3479 3924; x_wconf 85' lang='lat' dir='ltr'><strong>Ec-</strong></span> 
     </span>
    </p>
   </div>
   <div class='ocr_carea' id='block_1_91' title="bbox 1893 3961 2755 4033">
    <p class='ocr_par' dir='ltr' id='par_1_91' title="bbox 1893 3961 2755 4033">
     <span class='ocr_line' id='line_1_92' title="bbox 1893 3961 2755 4033; baseline -0.005 -13"><span class='ocrx_word' id='word_1_680' title='bbox 1893 3965 2054 4022; x_wconf 90' lang='lat' dir='ltr'><strong>clesia</strong></span> <span class='ocrx_word' id='word_1_681' title='bbox 2076 3963 2323 4033; x_wconf 89' lang='lat' dir='ltr'><strong>sequitur</strong></span> <span class='ocrx_word' id='word_1_682' title='bbox 2357 3961 2755 4017; x_wconf 88' lang='lat' dir='ltr'><strong>auctoritatem.</strong></span> 
     </span>
    </p>
   </div>
   <div class='ocr_carea' id='block_1_92' title="bbox 1964 4047 3477 4125">
    <p class='ocr_par' dir='ltr' id='par_1_92' title="bbox 1964 4047 3477 4125">
     <span class='ocr_line' id='line_1_93' title="bbox 1964 4047 3477 4125; baseline -0.005 -13"><span class='ocrx_word' id='word_1_683' title='bbox 1964 4058 2130 4113; x_wconf 80' lang='lat' dir='ltr'><strong>Vsus.</strong></span> <span class='ocrx_word' id='word_1_684' title='bbox 2159 4047 2430 4112; x_wconf 74' lang='lat' dir='ltr'><strong>l7.—Scd</strong></span> <span class='ocrx_word' id='word_1_685' title='bbox 2459 4055 2649 4125; x_wconf 78' lang='lat' dir='ltr'><strong>ﬁlium.</strong></span> <span class='ocrx_word' id='word_1_686' title='bbox 2669 4053 2783 4110; x_wconf 80' lang='lat' dir='ltr'><strong>Hoc</strong></span> <span class='ocrx_word' id='word_1_687' title='bbox 2811 4055 2878 4110; x_wconf 92' lang='lat' dir='ltr'><strong>ad</strong></span> <span class='ocrx_word' id='word_1_688' title='bbox 2912 4053 3150 4110; x_wconf 90' lang='lat' dir='ltr'><strong>litteram</strong></span> <span class='ocrx_word' id='word_1_689' title='bbox 3171 4051 3477 4107; x_wconf 82' lang='lat' dir='ltr'><strong>faciendum</strong></span> 
     </span>
    </p>
   </div>
   <div class='ocr_carea' id='block_1_93' title="bbox 1893 4143 3472 4218">
    <p class='ocr_par' dir='ltr' id='par_1_93' title="bbox 1893 4143 3472 4218">
     <span class='ocr_line' id='line_1_94' title="bbox 1893 4143 3472 4218; baseline -0.007 -11"><span class='ocrx_word' id='word_1_690' title='bbox 1893 4158 1994 4214; x_wconf 90' lang='lat' dir='ltr'><strong>est,</strong></span> <span class='ocrx_word' id='word_1_691' title='bbox 2027 4164 2096 4205; x_wconf 89' lang='lat' dir='ltr'><strong>ne</strong></span> <span class='ocrx_word' id='word_1_692' title='bbox 2117 4157 2378 4218; x_wconf 89' lang='lat' dir='ltr'><strong>sequatur</strong></span> <span class='ocrx_word' id='word_1_693' title='bbox 2397 4147 2519 4217; x_wconf 89' lang='lat' dir='ltr'><strong>quis</strong></span> <span class='ocrx_word' id='word_1_694' title='bbox 2546 4146 2714 4201; x_wconf 89' lang='lat' dir='ltr'><strong>animi</strong></span> <span class='ocrx_word' id='word_1_695' title='bbox 2745 4146 2827 4202; x_wconf 92' lang='lat' dir='ltr'><strong>sui</strong></span> <span class='ocrx_word' id='word_1_696' title='bbox 2851 4155 3074 4208; x_wconf 88' lang='lat' dir='ltr'><strong>motum.</strong></span> <span class='ocrx_word' id='word_1_697' title='bbox 3099 4143 3185 4200; x_wconf 82' lang='lat' dir='ltr'><strong>vel</strong></span> <span class='ocrx_word' id='word_1_698' title='bbox 3213 4158 3472 4198; x_wconf 89' lang='lat' dir='ltr'><strong>amorem.</strong></span> 
     </span>
    </p>
   </div>
   <div class='ocr_carea' id='block_1_94' title="bbox 1891 4238 2636 4304">
    <p class='ocr_par' dir='ltr' id='par_1_94' title="bbox 1891 4238 2636 4304">
     <span class='ocr_line' id='line_1_95' title="bbox 1891 4238 2636 4304; baseline -0.007 -8"><span class='ocrx_word' id='word_1_699' title='bbox 1891 4239 1977 4296; x_wconf 91' lang='lat' dir='ltr'><strong>vel</strong></span> <span class='ocrx_word' id='word_1_700' title='bbox 2004 4239 2206 4304; x_wconf 90' lang='lat' dir='ltr'><strong>odium,</strong></span> <span class='ocrx_word' id='word_1_701' title='bbox 2241 4238 2334 4294; x_wconf 91' lang='lat' dir='ltr'><strong>sed</strong></span> <span class='ocrx_word' id='word_1_702' title='bbox 2367 4245 2636 4292; x_wconf 87' lang='lat' dir='ltr'><strong>naturam.</strong></span> 
     </span>
    </p>
   </div>
   <div class='ocr_carea' id='block_1_95' title="bbox 1963 4326 3474 4401">
    <p class='ocr_par' dir='ltr' id='par_1_95' title="bbox 1963 4326 3474 4401">
     <span class='ocr_line' id='line_1_96' title="bbox 1963 4326 3474 4401; baseline -0.004 -14"><span class='ocrx_word' id='word_1_703' title='bbox 1963 4330 2162 4387; x_wconf 87' lang='lat' dir='ltr'><strong>Cuncta</strong></span> <span class='ocrx_word' id='word_1_704' title='bbox 2191 4330 2446 4401; x_wconf 86' lang='lat' dir='ltr'><strong>duplicia.</strong></span> <span class='ocrx_word' id='word_1_705' title='bbox 2478 4329 2721 4399; x_wconf 81' lang='lat' dir='ltr'><strong>Apostoli</strong></span> <span class='ocrx_word' id='word_1_706' title='bbox 2748 4337 2942 4385; x_wconf 90' lang='lat' dir='ltr'><strong>cuncta</strong></span> <span class='ocrx_word' id='word_1_707' title='bbox 2971 4326 3204 4397; x_wconf 90' lang='lat' dir='ltr'><strong>duplicia</strong></span> <span class='ocrx_word' id='word_1_708' title='bbox 3226 4340 3474 4398; x_wconf 86' lang='lat' dir='ltr'><strong>suscepe-</strong></span> 
     </span>
    </p>
   </div>
   <div class='ocr_carea' id='block_1_96' title="bbox 1893 4417 3259 4494">
    <p class='ocr_par' dir='ltr' id='par_1_96' title="bbox 1893 4417 3259 4494">
     <span class='ocr_line' id='line_1_97' title="bbox 1893 4417 3259 4494; baseline -0.005 -14"><span class='ocrx_word' id='word_1_709' title='bbox 1893 4433 2037 4491; x_wconf 89' lang='lat' dir='ltr'><strong>runt,</strong></span> <span class='ocrx_word' id='word_1_710' title='bbox 2068 4425 2158 4494; x_wconf 90' lang='lat' dir='ltr'><strong>qui</strong></span> <span class='ocrx_word' id='word_1_711' title='bbox 2185 4423 2428 4479; x_wconf 89' lang='lat' dir='ltr'><strong>doctrina</strong></span> <span class='ocrx_word' id='word_1_712' title='bbox 2449 4430 2506 4477; x_wconf 91' lang='lat' dir='ltr'><strong>et</strong></span> <span class='ocrx_word' id='word_1_713' title='bbox 2532 4421 2846 4491; x_wconf 88' lang='lat' dir='ltr'><strong>operatione</strong></span> <span class='ocrx_word' id='word_1_714' title='bbox 2875 4417 3083 4490; x_wconf 58' lang='lat' dir='ltr'><strong>praediti</strong></span> <span class='ocrx_word' id='word_1_715' title='bbox 3113 4426 3259 4474; x_wconf 89' lang='lat' dir='ltr'><strong>sunt.</strong></span> 
     </span>
    </p>
   </div>
   <div class='ocr_carea' id='block_1_97' title="bbox 1963 4500 3554 4580">
    <p class='ocr_par' dir='ltr' id='par_1_97' title="bbox 1963 4500 3554 4580">
     <span class='ocr_line' id='line_1_98' title="bbox 1963 4500 3554 4580; baseline -0.004 -7"><span class='ocrx_word' id='word_1_716' title='bbox 1963 4518 2070 4574; x_wconf 87' lang='lat' dir='ltr'><strong>Alii</strong></span> <span class='ocrx_word' id='word_1_717' title='bbox 2097 4517 2248 4571; x_wconf 88' lang='lat' dir='ltr'><strong>dabit</strong></span> <span class='ocrx_word' id='word_1_718' title='bbox 2273 4525 2330 4570; x_wconf 90' lang='lat' dir='ltr'><strong>ut</strong></span> <span class='ocrx_word' id='word_1_719' title='bbox 2361 4515 2726 4580; x_wconf 86' lang='lat' dir='ltr'><strong>vivat,nonut</strong></span> <span class='ocrx_word' id='word_1_720' title='bbox 2751 4512 3004 4576; x_wconf 88' lang='lat' dir='ltr'><strong>abundet,</strong></span> <span class='ocrx_word' id='word_1_721' title='bbox 3023 4510 3162 4567; x_wconf 90' lang='lat' dir='ltr'><strong>sicut</strong></span> <span class='ocrx_word' id='word_1_722' title='bbox 3195 4509 3469 4566; x_wconf 88' lang='lat' dir='ltr'><strong>Abraham</strong></span> <span class='ocrx_word' id='word_1_723' title='bbox 3552 4500 3554 4502; x_wconf 54' lang='grc'>’</span> 
     </span>
    </p>
   </div>
   <div class='ocr_carea' id='block_1_98' title="bbox 1897 4598 3468 4674">
    <p class='ocr_par' dir='ltr' id='par_1_98' title="bbox 1897 4598 3468 4674">
     <span class='ocr_line' id='line_1_99' title="bbox 1897 4598 3468 4674; baseline -0.003 -11"><span class='ocrx_word' id='word_1_724' title='bbox 1897 4608 2066 4664; x_wconf 83' lang='lat' dir='ltr'><strong>lilium</strong></span> <span class='ocrx_word' id='word_1_725' title='bbox 2105 4605 2310 4661; x_wconf 85' lang='lat' dir='ltr'><strong>ancillae</strong></span> <span class='ocrx_word' id='word_1_726' title='bbox 2355 4619 2518 4674; x_wconf 90' lang='lat' dir='ltr'><strong>super</strong></span> <span class='ocrx_word' id='word_1_727' title='bbox 2555 4603 2800 4657; x_wconf 90' lang='lat' dir='ltr'><strong>nationes</strong></span> <span class='ocrx_word' id='word_1_728' title='bbox 2844 4600 3128 4672; x_wconf 69' lang='lat' dir='ltr'><strong>praefecit:</strong></span> <span class='ocrx_word' id='word_1_729' title='bbox 3159 4599 3271 4656; x_wconf 81' lang='lat' dir='ltr'><strong>ﬁlio</strong></span> <span class='ocrx_word' id='word_1_730' title='bbox 3301 4598 3468 4668; x_wconf 70' lang='lat' dir='ltr'><strong>Sam,</strong></span> 
     </span>
    </p>
   </div>
   <div class='ocr_carea' id='block_1_99' title="bbox 1896 4693 3472 4766">
    <p class='ocr_par' dir='ltr' id='par_1_99' title="bbox 1896 4693 3472 4766">
     <span class='ocr_line' id='line_1_100' title="bbox 1896 4693 3472 4766; baseline -0.005 -8"><span class='ocrx_word' id='word_1_731' title='bbox 1896 4717 2004 4758; x_wconf 87' lang='lat' dir='ltr'><strong>non</strong></span> <span class='ocrx_word' id='word_1_732' title='bbox 2043 4698 2218 4755; x_wconf 88' lang='lat' dir='ltr'><strong>solum</strong></span> <span class='ocrx_word' id='word_1_733' title='bbox 2246 4695 2580 4766; x_wconf 87' lang='lat' dir='ltr'><strong>temporalia,</strong></span> <span class='ocrx_word' id='word_1_734' title='bbox 2631 4694 2725 4750; x_wconf 90' lang='lat' dir='ltr'><strong>sed</strong></span> <span class='ocrx_word' id='word_1_735' title='bbox 2769 4693 3066 4765; x_wconf 89' lang='lat' dir='ltr'><strong>spiritualia</strong></span> <span class='ocrx_word' id='word_1_736' title='bbox 3115 4693 3472 4750; x_wconf 87' lang='lat' dir='ltr'><strong>accumulavit</strong></span> 
     </span>
    </p>
   </div>
   <div class='ocr_carea' id='block_1_100' title="bbox 1898 4790 2206 4867">
    <p class='ocr_par' dir='ltr' id='par_1_100' title="bbox 1898 4790 2206 4867">
     <span class='ocr_line' id='line_1_101' title="bbox 1898 4790 2206 4867; baseline -0.019 -16"><span class='ocrx_word' id='word_1_737' title='bbox 1898 4791 2054 4867; x_wconf 83' lang='lat' dir='ltr'><strong>(Gen.</strong></span> <span class='ocrx_word' id='word_1_738' title='bbox 2083 4790 2206 4864; x_wconf 86' lang='lat' dir='ltr'><strong>xu).</strong></span> 
     </span>
    </p>
   </div>
   <div class='ocr_carea' id='block_1_101' title="bbox 1964 4876 3470 4953">
    <p class='ocr_par' dir='ltr' id='par_1_101' title="bbox 1964 4876 3470 4953">
     <span class='ocr_line' id='line_1_102' title="bbox 1964 4876 3470 4953; baseline -0.005 -12"><span class='ocrx_word' id='word_1_739' title='bbox 1964 4885 2131 4942; x_wconf 75' lang='lat' dir='ltr'><strong>Vsus.</strong></span> <span class='ocrx_word' id='word_1_740' title='bbox 2177 4883 2264 4939; x_wconf 90' lang='grc'><strong>18.</strong></span> <span class='ocrx_word' id='word_1_741' title='bbox 2315 4913 2386 4925; x_wconf 93' lang='lat'><strong>—-</strong></span> <span class='ocrx_word' id='word_1_742' title='bbox 2433 4881 2496 4939; x_wconf 90' lang='lat' dir='ltr'><strong>Si</strong></span> <span class='ocrx_word' id='word_1_743' title='bbox 2532 4881 2784 4953; x_wconf 83' lang='lat' dir='ltr'><strong>genuerit.</strong></span> <span class='ocrx_word' id='word_1_744' title='bbox 2825 4876 3016 4933; x_wconf 81' lang='lat' dir='ltr'><strong>Melior</strong></span> <span class='ocrx_word' id='word_1_745' title='bbox 3057 4886 3134 4934; x_wconf 86' lang='lat' dir='ltr'><strong>est</strong></span> <span class='ocrx_word' id='word_1_746' title='bbox 3179 4877 3470 4933; x_wconf 86' lang='lat' dir='ltr'><strong>obedientia</strong></span> 
     </span>
    </p>
   </div>
   <div class='ocr_carea' id='block_1_102' title="bbox 1892 4967 3471 5048">
    <p class='ocr_par' dir='ltr' id='par_1_102' title="bbox 1892 4967 3471 5048">
     <span class='ocr_line' id='line_1_103' title="bbox 1892 4967 3471 5048; baseline -0.006 -18"><span class='ocrx_word' id='word_1_747' title='bbox 1892 4992 2049 5048; x_wconf 85' lang='lat' dir='ltr'><strong>quam</strong></span> <span class='ocrx_word' id='word_1_748' title='bbox 2071 4974 2314 5038; x_wconf 68' lang='lat' dir='ltr'><strong>victima,</strong></span> <span class='ocrx_word' id='word_1_749' title='bbox 2342 4981 2388 5027; x_wconf 88' lang='lat' dir='ltr'><strong>et</strong></span> <span class='ocrx_word' id='word_1_750' title='bbox 2418 4971 2718 5027; x_wconf 88' lang='lat' dir='ltr'><strong>auscultare</strong></span> <span class='ocrx_word' id='word_1_751' title='bbox 2738 4969 2903 5040; x_wconf 86' lang='lat' dir='ltr'><strong>magis</strong></span> <span class='ocrx_word' id='word_1_752' title='bbox 2939 4985 3098 5039; x_wconf 86' lang='lat' dir='ltr'><strong>quam</strong></span> <span class='ocrx_word' id='word_1_753' title='bbox 3130 4967 3319 5037; x_wconf 70' lang='lat' dir='ltr'><strong>offerre</strong></span> <span class='ocrx_word' id='word_1_754' title='bbox 3354 4967 3471 5022; x_wconf 84' lang='lat' dir='ltr'><strong>adi-</strong></span> 
     </span>
    </p>
   </div>
   <div class='ocr_carea' id='block_1_103' title="bbox 1890 5057 3471 5139">
    <p class='ocr_par' dir='ltr' id='par_1_103' title="bbox 1890 5057 3471 5139">
     <span class='ocr_line' id='line_1_104' title="bbox 1890 5057 3471 5139; baseline -0.006 -17"><span class='ocrx_word' id='word_1_755' title='bbox 1890 5084 2003 5139; x_wconf 85' lang='lat' dir='ltr'><strong>pem</strong></span> <span class='ocrx_word' id='word_1_756' title='bbox 2034 5067 2290 5131; x_wconf 85' lang='lat' dir='ltr'><strong>arietum,</strong></span> <span class='ocrx_word' id='word_1_757' title='bbox 2327 5065 2579 5135; x_wconf 84' lang='lat' dir='ltr'><strong>quoniam</strong></span> <span class='ocrx_word' id='word_1_758' title='bbox 2615 5063 2764 5134; x_wconf 87' lang='lat' dir='ltr'><strong>quasi</strong></span> <span class='ocrx_word' id='word_1_759' title='bbox 2795 5070 3062 5132; x_wconf 87' lang='lat' dir='ltr'><strong>peccatum</strong></span> <span class='ocrx_word' id='word_1_760' title='bbox 3104 5057 3364 5114; x_wconf 84' lang='lat' dir='ltr'><strong>ariolandi</strong></span> <span class='ocrx_word' id='word_1_761' title='bbox 3393 5071 3471 5119; x_wconf 79' lang='lat' dir='ltr'><strong>est</strong></span> 
     </span>
    </p>
   </div>
   <div class='ocr_carea' id='block_1_104' title="bbox 1890 5149 3470 5230">
    <p class='ocr_par' dir='ltr' id='par_1_104' title="bbox 1890 5149 3470 5230">
     <span class='ocr_line' id='line_1_105' title="bbox 1890 5149 3470 5230; baseline -0.005 -18"><span class='ocrx_word' id='word_1_762' title='bbox 1890 5174 2208 5230; x_wconf 88' lang='lat' dir='ltr'><strong>repugnare,</strong></span> <span class='ocrx_word' id='word_1_763' title='bbox 2247 5166 2351 5213; x_wconf 89' lang='lat' dir='ltr'><strong>etc.</strong></span> <span class='ocrx_word' id='word_1_764' title='bbox 2395 5155 2443 5228; x_wconf 86' lang='lat' dir='ltr'><strong>(l</strong></span> <span class='ocrx_word' id='word_1_765' title='bbox 2484 5153 2608 5226; x_wconf 87' lang='lat' dir='ltr'><strong>Reg.</strong></span> <span class='ocrx_word' id='word_1_766' title='bbox 2651 5154 2766 5226; x_wconf 79' lang='lat' dir='ltr'><strong>xv.)</strong></span> <span class='ocrx_word' id='word_1_767' title='bbox 2803 5151 3200 5208; x_wconf 84' lang='lat' dir='ltr'><strong>lnobedientem</strong></span> <span class='ocrx_word' id='word_1_768' title='bbox 3240 5163 3368 5220; x_wconf 88' lang='lat' dir='ltr'><strong>ergo</strong></span> <span class='ocrx_word' id='word_1_769' title='bbox 3406 5149 3470 5204; x_wconf 82' lang='lat' dir='ltr'><strong>ﬁ-</strong></span> 
     </span>
    </p>
   </div>
   <div class='ocr_carea' id='block_1_105' title="bbox 1889 5239 3470 5318">
    <p class='ocr_par' dir='ltr' id='par_1_105' title="bbox 1889 5239 3470 5318">
     <span class='ocr_line' id='line_1_106' title="bbox 1889 5239 3470 5318; baseline -0.004 -15"><span class='ocrx_word' id='word_1_770' title='bbox 1889 5249 2019 5305; x_wconf 91' lang='lat' dir='ltr'><strong>lium</strong></span> <span class='ocrx_word' id='word_1_771' title='bbox 2041 5258 2097 5303; x_wconf 92' lang='lat' dir='ltr'><strong>et</strong></span> <span class='ocrx_word' id='word_1_772' title='bbox 2118 5248 2371 5303; x_wconf 89' lang='lat' dir='ltr'><strong>vitiosum</strong></span> <span class='ocrx_word' id='word_1_773' title='bbox 2395 5246 2607 5318; x_wconf 83' lang='lat' dir='ltr'><strong>Moyses</strong></span> <span class='ocrx_word' id='word_1_774' title='bbox 2627 5245 2778 5316; x_wconf 89' lang='lat' dir='ltr'><strong>jubet</strong></span> <span class='ocrx_word' id='word_1_775' title='bbox 2799 5243 2956 5299; x_wconf 89' lang='lat' dir='ltr'><strong>obrui</strong></span> <span class='ocrx_word' id='word_1_776' title='bbox 2979 5239 3278 5310; x_wconf 88' lang='lat' dir='ltr'><strong>lapidibus:</strong></span> <span class='ocrx_word' id='word_1_777' title='bbox 3297 5239 3470 5296; x_wconf 84' lang='lat' dir='ltr'><strong>Evan-</strong></span> 
     </span>
    </p>
   </div>
   <div class='ocr_carea' id='block_1_106' title="bbox 1890 5328 3468 5414">
    <p class='ocr_par' dir='ltr' id='par_1_106' title="bbox 1890 5328 3468 5414">
     <span class='ocr_line' id='line_1_107' title="bbox 1890 5328 3468 5414; baseline -0.007 -17"><span class='ocrx_word' id='word_1_778' title='bbox 1890 5341 2086 5414; x_wconf 88' lang='lat' dir='ltr'><strong>gelium</strong></span> <span class='ocrx_word' id='word_1_779' title='bbox 2111 5355 2326 5410; x_wconf 87' lang='lat' dir='ltr'><strong>quoque</strong></span> <span class='ocrx_word' id='word_1_780' title='bbox 2347 5339 2496 5395; x_wconf 89' lang='lat' dir='ltr'><strong>duris</strong></span> <span class='ocrx_word' id='word_1_781' title='bbox 2523 5334 2994 5406; x_wconf 89' lang='lat' dir='ltr'><strong>increpationibus,</strong></span> <span class='ocrx_word' id='word_1_782' title='bbox 3019 5330 3173 5400; x_wconf 90' lang='lat' dir='ltr'><strong>quasi</strong></span> <span class='ocrx_word' id='word_1_783' title='bbox 3202 5328 3468 5401; x_wconf 84' lang='lat' dir='ltr'><strong>lapidibus</strong></span> 
     </span>
    </p>
   </div>
   <div class='ocr_carea' id='block_1_107' title="bbox 1889 5423 3464 5503">
    <p class='ocr_par' dir='ltr' id='par_1_107' title="bbox 1889 5423 3464 5503">
     <span class='ocr_line' id='line_1_108' title="bbox 1889 5423 3464 5503; baseline -0.008 -14"><span class='ocrx_word' id='word_1_784' title='bbox 1889 5435 2025 5489; x_wconf 84' lang='lat' dir='ltr'><strong>tales</strong></span> <span class='ocrx_word' id='word_1_785' title='bbox 2051 5433 2228 5503; x_wconf 87' lang='lat' dir='ltr'><strong>arguit</strong></span> <span class='ocrx_word' id='word_1_786' title='bbox 2253 5451 2264 5486; x_wconf 94' lang='lat'><strong>:</strong></span> <span class='ocrx_word' id='word_1_787' title='bbox 2290 5430 2566 5486; x_wconf 85' lang='lat' dir='ltr'><strong>Cenimina</strong></span> <span class='ocrx_word' id='word_1_788' title='bbox 2587 5429 2900 5498; x_wconf 76' lang='lat' dir='ltr'><strong>viperarum,</strong></span> <span class='ocrx_word' id='word_1_789' title='bbox 2923 5424 3038 5496; x_wconf 85' lang='lat' dir='ltr'><strong>quis</strong></span> <span class='ocrx_word' id='word_1_790' title='bbox 3055 5423 3256 5480; x_wconf 82' lang='lat' dir='ltr'><strong>docebit</strong></span> <span class='ocrx_word' id='word_1_791' title='bbox 3276 5440 3362 5478; x_wconf 82' lang='lat' dir='ltr'><strong>vos</strong></span> <span class='ocrx_word' id='word_1_792' title='bbox 3383 5423 3464 5492; x_wconf 79' lang='lat' dir='ltr'><strong>fu-</strong></span> 
     </span>
    </p>
   </div>
   <div class='ocr_carea' id='block_1_108' title="bbox 269 5519 2735 5602">
    <p class='ocr_par' dir='ltr' id='par_1_108' title="bbox 269 5519 2735 5602">
     <span class='ocr_line' id='line_1_109' title="bbox 269 5519 2735 5602; baseline 0.001 -28"><span class='ocrx_word' id='word_1_793' title='bbox 269 5519 438 5576; x_wconf 71' lang='lat' dir='ltr'><strong>Vsns.</strong></span> <span class='ocrx_word' id='word_1_794' title='bbox 481 5522 567 5576; x_wconf 85' lang='grc'><strong>10.</strong></span> <span class='ocrx_word' id='word_1_795' title='bbox 603 5552 673 5564; x_wconf 89' lang='lat'><strong>—-</strong></span> <span class='ocrx_word' id='word_1_796' title='bbox 707 5520 766 5578; x_wconf 89' lang='lat' dir='ltr'><strong>Si</strong></span> <span class='ocrx_word' id='word_1_797' title='bbox 793 5539 1027 5594; x_wconf 86' lang='lat' dir='ltr'><strong>egressus</strong></span> <span class='ocrx_word' id='word_1_798' title='bbox 1052 5524 1211 5594; x_wconf 76' lang='lat' dir='ltr'><strong>fuerit</strong></span> <span class='ocrx_word' id='word_1_799' title='bbox 1235 5526 1304 5579; x_wconf 90' lang='lat' dir='ltr'><strong>ad</strong></span> <span class='ocrx_word' id='word_1_800' title='bbox 1330 5543 1578 5597; x_wconf 84' lang='lat' dir='ltr'><strong>pugnam.</strong></span> <span class='ocrx_word' id='word_1_801' title='bbox 1608 5527 1783 5600; x_wconf 82' lang='lat' dir='ltr'><strong>(Ism.)</strong></span> <span class='ocrx_word' id='word_1_802' title='bbox 1883 5547 2002 5602; x_wconf 87' lang='lat' dir='ltr'><strong>gere</strong></span> <span class='ocrx_word' id='word_1_803' title='bbox 2029 5547 2060 5582; x_wconf 92' lang='lat' dir='ltr'><strong>a</strong></span> <span class='ocrx_word' id='word_1_804' title='bbox 2090 5538 2304 5584; x_wconf 83' lang='lat' dir='ltr'><strong>uentura</strong></span> <span class='ocrx_word' id='word_1_805' title='bbox 2326 5529 2407 5582; x_wconf 90' lang='lat' dir='ltr'><strong>ira</strong></span> <span class='ocrx_word' id='word_1_806' title='bbox 2436 5525 2586 5598; x_wconf 91' lang='lat' dir='ltr'><strong>(Luc.</strong></span> <span class='ocrx_word' id='word_1_807' title='bbox 2615 5523 2735 5594; x_wconf 77' lang='lat' dir='ltr'><strong>In)?</strong></span> 
     </span>
    </p>
   </div>
   <div class='ocr_carea' id='block_1_109' title="bbox 192 5612 1788 5688">
    <p class='ocr_par' dir='ltr' id='par_1_109' title="bbox 192 5612 1788 5688">
     <span class='ocr_line' id='line_1_110' title="bbox 192 5612 1788 5688; baseline 0.004 -20"><span class='ocrx_word' id='word_1_808' title='bbox 192 5613 395 5670; x_wconf 87' lang='lat' dir='ltr'><strong>Dicant</strong></span> <span class='ocrx_word' id='word_1_809' title='bbox 417 5612 610 5680; x_wconf 74' lang='lat' dir='ltr'><strong>Judtei,</strong></span> <span class='ocrx_word' id='word_1_810' title='bbox 635 5615 905 5685; x_wconf 89' lang='lat' dir='ltr'><strong>quomodo</strong></span> <span class='ocrx_word' id='word_1_811' title='bbox 932 5617 1048 5671; x_wconf 64' lang='lat' dir='ltr'><strong>hazc</strong></span> <span class='ocrx_word' id='word_1_812' title='bbox 1076 5619 1329 5672; x_wconf 87' lang='lat' dir='ltr'><strong>servent?</strong></span> <span class='ocrx_word' id='word_1_813' title='bbox 1354 5619 1481 5688; x_wconf 91' lang='lat' dir='ltr'><strong>quid</strong></span> <span class='ocrx_word' id='word_1_814' title='bbox 1512 5633 1690 5674; x_wconf 76' lang='lat' dir='ltr'><strong>causa:</strong></span> <span class='ocrx_word' id='word_1_815' title='bbox 1716 5621 1788 5674; x_wconf 86' lang='lat' dir='ltr'><strong>sit</strong></span> 
     </span>
    </p>
   </div>
   <div class='ocr_carea' id='block_1_110' title="bbox 1957 5605 3466 5688">
    <p class='ocr_par' dir='ltr' id='par_1_110' title="bbox 1957 5605 3466 5688">
     <span class='ocr_line' id='line_1_111' title="bbox 1957 5605 3466 5688; baseline -0.01 -13"><span class='ocrx_word' id='word_1_816' title='bbox 1957 5619 2123 5676; x_wconf 80' lang='lat' dir='ltr'><strong>Vens.</strong></span> <span class='ocrx_word' id='word_1_817' title='bbox 2175 5620 2265 5674; x_wconf 73' lang='lat'><strong>22.</strong></span> <span class='ocrx_word' id='word_1_818' title='bbox 2314 5649 2386 5658; x_wconf 94' lang='lat'><strong>—-</strong></span> <span class='ocrx_word' id='word_1_819' title='bbox 2431 5617 2720 5688; x_wconf 82' lang='lat' dir='ltr'><strong>Appensus.</strong></span> <span class='ocrx_word' id='word_1_820' title='bbox 2753 5610 3063 5666; x_wconf 90' lang='lat' dir='ltr'><strong>Cruciatum</strong></span> <span class='ocrx_word' id='word_1_821' title='bbox 3104 5605 3221 5677; x_wconf 89' lang='lat' dir='ltr'><strong>ejus</strong></span> <span class='ocrx_word' id='word_1_822' title='bbox 3247 5606 3466 5663; x_wconf 83' lang='lat' dir='ltr'><strong>vidente</strong></span> 
     </span>
    </p>
   </div>
   <div class='ocr_carea' id='block_1_111' title="bbox 192 5699 3463 5782">
    <p class='ocr_par' dir='ltr' id='par_1_111' title="bbox 192 5699 3463 5782">
     <span class='ocr_line' id='line_1_112' title="bbox 192 5699 3463 5782; baseline -0.002 -23"><span class='ocrx_word' id='word_1_823' title='bbox 192 5704 485 5760; x_wconf 87' lang='lat' dir='ltr'><strong>mulierem</strong></span> <span class='ocrx_word' id='word_1_824' title='bbox 525 5705 793 5761; x_wconf 89' lang='lat' dir='ltr'><strong>dccalvari</strong></span> <span class='ocrx_word' id='word_1_825' title='bbox 851 5715 904 5761; x_wconf 89' lang='lat' dir='ltr'><strong>et</strong></span> <span class='ocrx_word' id='word_1_826' title='bbox 936 5723 1141 5778; x_wconf 87' lang='lat' dir='ltr'><strong>ungues</strong></span> <span class='ocrx_word' id='word_1_827' title='bbox 1179 5708 1536 5767; x_wconf 89' lang='lat' dir='ltr'><strong>circumcidi?</strong></span> <span class='ocrx_word' id='word_1_828' title='bbox 1575 5710 1705 5780; x_wconf 91' lang='lat' dir='ltr'><strong>quid</strong></span> <span class='ocrx_word' id='word_1_829' title='bbox 1738 5711 1783 5768; x_wconf 91' lang='lat' dir='ltr'><strong>si</strong></span> <span class='ocrx_word' id='word_1_830' title='bbox 1883 5709 2113 5782; x_wconf 89' lang='lat' dir='ltr'><strong>populo,</strong></span> <span class='ocrx_word' id='word_1_831' title='bbox 2149 5711 2289 5765; x_wconf 90' lang='lat' dir='ltr'><strong>unde</strong></span> <span class='ocrx_word' id='word_1_832' title='bbox 2321 5727 2334 5762; x_wconf 91' lang='lat'><strong>:</strong></span> <span class='ocrx_word' id='word_1_833' title='bbox 2369 5706 2652 5761; x_wconf 85' lang='lat' dir='ltr'><strong>Peccantes</strong></span> <span class='ocrx_word' id='word_1_834' title='bbox 2687 5718 2862 5757; x_wconf 88' lang='lat' dir='ltr'><strong>coram</strong></span> <span class='ocrx_word' id='word_1_835' title='bbox 2902 5699 3138 5754; x_wconf 86' lang='lat' dir='ltr'><strong>omnibus</strong></span> <span class='ocrx_word' id='word_1_836' title='bbox 3176 5712 3372 5771; x_wconf 83' lang='lat' dir='ltr'><strong>argue,</strong></span> <span class='ocrx_word' id='word_1_837' title='bbox 3405 5708 3463 5756; x_wconf 81' lang='lat' dir='ltr'><strong>ut</strong></span> 
     </span>
    </p>
   </div>
   <div class='ocr_carea' id='block_1_112' title="bbox 191 5797 1406 5878">
    <p class='ocr_par' dir='ltr' id='par_1_112' title="bbox 191 5797 1406 5878">
     <span class='ocr_line' id='line_1_113' title="bbox 191 5797 1406 5878; baseline 0.002 -19"><span class='ocrx_word' id='word_1_838' title='bbox 191 5797 320 5859; x_wconf 81' lang='lat' dir='ltr'><strong>sine</strong></span> <span class='ocrx_word' id='word_1_839' title='bbox 346 5797 553 5874; x_wconf 87' lang='lat' dir='ltr'><strong>capillis</strong></span> <span class='ocrx_word' id='word_1_840' title='bbox 580 5807 635 5857; x_wconf 88' lang='lat' dir='ltr'><strong>et</strong></span> <span class='ocrx_word' id='word_1_841' title='bbox 657 5798 927 5878; x_wconf 86' lang='lat' dir='ltr'><strong>unguibus</strong></span> <span class='ocrx_word' id='word_1_842' title='bbox 956 5799 1174 5858; x_wconf 89' lang='lat' dir='ltr'><strong>inventa</strong></span> <span class='ocrx_word' id='word_1_843' title='bbox 1205 5799 1406 5861; x_wconf 79' lang='lat' dir='ltr'><strong>fuerit?</strong></span> 
     </span>
    </p>
   </div>
   <div class='ocr_carea' id='block_1_113' title="bbox 1885 5793 2929 5874">
    <p class='ocr_par' dir='ltr' id='par_1_113' title="bbox 1885 5793 2929 5874">
     <span class='ocr_line' id='line_1_114' title="bbox 1885 5793 2929 5874; baseline -0.012 -13"><span class='ocrx_word' id='word_1_844' title='bbox 1885 5801 2062 5861; x_wconf 71' lang='lat' dir='ltr'><strong>cazteri</strong></span> <span class='ocrx_word' id='word_1_845' title='bbox 2082 5808 2274 5859; x_wconf 81' lang='lat' dir='ltr'><strong>metum</strong></span> <span class='ocrx_word' id='word_1_846' title='bbox 2308 5797 2535 5860; x_wconf 85' lang='lat' dir='ltr'><strong>habeant</strong></span> <span class='ocrx_word' id='word_1_847' title='bbox 2567 5793 2653 5874; x_wconf 79' lang='lat' dir='ltr'><strong>(II</strong></span> <span class='ocrx_word' id='word_1_848' title='bbox 2687 5793 2821 5850; x_wconf 90' lang='lat' dir='ltr'><strong>Tim.</strong></span> <span class='ocrx_word' id='word_1_849' title='bbox 2853 5793 2929 5868; x_wconf 78' lang='grc' dir='ltr'><strong>ν).</strong></span> 
     </span>
    </p>
   </div>
   <div class='ocr_carea' id='block_1_114' title="bbox 3984 3695 4003 5970">
    <p class='ocr_par' dir='ltr' id='par_1_114' title="bbox 3989 3807 3993 4002">
     <span class='ocr_line' id='line_1_115' title="bbox 3989 3807 3993 4002; baseline 0 0"><span class='ocrx_word' id='word_1_850' title='bbox 3989 3817 3993 4002; x_wconf 69' lang='lat' dir='ltr'><strong>l</strong></span> 
     </span>
    </p>
   </div>
  </div>
