4006 6352
966 188 978 219 Ι

551 274 658 332 4'15

1054 228 1449 329 WALAFRlDl
1488 269 1741 327 STRAB!
1774 267 1982 326 FULD.
2023 263 2189 329 MON‘.
2229 264 2384 322 OPP.
2425 265 2608 323 PARS
2641 264 2685 321 Ι.
2720 294 2789 305 -—
2825 260 3276 320 THEOLOGICA.

3642 271 3718 327 176
3746 352 3753 361 ⁹

618 389 785 449 Vna.
821 388 915 449 35.
951 416 1023 432 --
1060 389 1186 446 Non
1208 390 1549 461 permanebit.
1575 390 1690 445 Hoc
1718 396 1800 443 est
1831 403 1940 443 non
1972 386 2132 441 debet
2158 384 2207 444 Δ
2234 382 2539 439 humilitate
2583 388 2872 454 congregat
2897 421 2911 446 ,
2968 384 3121 451 quasi
3166 378 3423 449 pulverem
3464 383 3511 437 in
3553 396 3718 445 ventum

547 482 781 552 reliaupn
820 481 878 537 in
919 484 1111 538 eadem
1146 482 1511 547 damnatione,
1542 481 1636 536 sed
1670 479 1916 535 revocari
1942 477 2128 533 docto-

549 591 669 631 rum
700 574 1076 635 exhortatione
1093 615 1112 642 ,
1140 582 1201 631 ut
1228 573 1384 641 nulli,
1414 573 1542 629 dum
1569 572 1730 637 vivit,
1763 569 2132 629 reconciliatio

547 678 799 739 negetur.

620 759 746 815 Non
768 758 1107 831 permanebit.
1138 756 1256 812 Non
1282 766 1368 813 est
1392 755 1459 812 de
1480 756 1567 813 die
1589 756 1644 811 in
1669 755 1813 812 diem
1836 754 2132 811 dill'erenda

547 853 866 925 pmnitentia
885 892 901 919 ,
936 852 1034 908 sed
1070 850 1253 909 statim
1282 849 1489 921 agenda
1506 889 1523 917 ,
1550 858 1611 907 ut
1636 863 1733 921 per
1758 846 2131 921 paenitentiam

549 944 939 1001 infructuosam
964 945 1035 1001 ab
1053 942 1227 1001 oculis
1247 943 1339 998 Dei
1361 942 1761 998 abscondantur
1794 942 2009 1007 delicta,
2034 955 2132 995 un-

549 1034 617 1094 de
645 1055 659 1093 :
688 1036 841 1093 Beati
865 1055 1089 1110 quorum
1115 1047 1249 1093 tecta
1271 1047 1391 1092 sunt
1416 1047 1628 1108 peccata
1651 1036 1822 1109 (Psal.
1851 1037 2022 1107 χιιι).

619 1127 934 1185 Maledicta
963 1147 997 1185 a
1014 1129 1139 1184 Deo.
1169 1127 1351 1201 (Aue.,
1388 1128 1483 1183 lib.
1505 1143 1597 1185 xiv
1620 1138 1803 1183 contra
1825 1126 2129 1200 Faustum.)

548 1219 799 1278 Christus
836 1237 937 1278 nos
974 1222 1202 1278 redemit
1231 1222 1298 1277 de
1326 1220 1612 1276 maledicto
1642 1220 1796 1291 legis,
1832 1220 2006 1276 factus
2032 1236 2131 1290 pro

549 1313 709 1369 nobis
734 1313 1080 1369 maledictum
1112 1312 1257 1387 (Gal.
1286 1312 1388 1395 ni).
1419 1313 1613 1385 (Adam
1642 1328 1875 1383 namque
1904 1314 1959 1367 in
1988 1313 2133 1383 ligno

547 1405 1010 1489 prmvaricatioms
1044 1418 1251 1465 corruit
1291 1420 1307 1461 ι
1354 1406 1476 1463 ideo
1512 1406 1615 1462 sibi
1648 1415 1706 1462 et
1747 1408 1978 1476 posteris
2021 1406 2134 1462 suis

548 1500 985 1556 maledictionem
1014 1499 1233 1565 meruit,
1263 1498 1332 1555 de
1352 1514 1459 1567 qua
1477 1499 1612 1554 dicit
1638 1518 1651 1554 :
1682 1498 1995 1555 Maledictus
2017 1515 2134 1555 om-

547 1591 636 1646 nis
652 1590 745 1660 qui
772 1591 972 1660 pendet
996 1590 1051 1645 in
1076 1588 1267 1662 ligno.)
1293 1589 1633 1646 Maledich
1662 1606 1916 1661 namque,
1946 1590 2001 1647 id
2025 1599 2129 1657 est,

546 1680 939 1735 exsecrabilem
967 1689 1023 1734 et
1050 1680 1416 1749 turpissimam
1445 1689 1672 1735 mortem
1702 1679 1959 1750 suscepit.

2230 480 2432 543 portat.

2312 565 2465 621 Vens.
2508 565 2561 621 9.
2598 594 2667 605 ——
2717 563 2931 618 Vineam
2950 604 2966 631 ,
2995 566 3321 630 doctrinam,
3347 568 3426 620 vel
3456 568 3630 637 plebem
3651 576 3722 631 do-

2230 657 2470 713 ctoribus
2519 658 2861 714 commissam
2887 697 2903 723 ,
2948 655 3039 712 ubi
3088 655 3271 712 vinum
3311 659 3546 729 spiritalis
3585 665 3723 735 gratia

2231 748 2507 804 abundare
2537 750 2717 804 debet.

2301 839 2478 893 Altero
2508 841 2719 904 semine,
2750 838 2805 894 id
2830 846 2914 894 est
2936 838 3211 895 haeretica.
3244 836 3431 895 Semen
3449 841 3620 897 bonqu
3638 860 3725 901 ver-

2228 932 2357 988 bum
2390 931 2523 997 Dei;
2567 945 2749 986 semen
2790 946 3022 1001 nequam
3063 930 3203 1000 quod
3241 931 3475 987 inimicus
3505 936 3725 991 seminavit

2231 1020 2447 1094 (Matth.
2494 1023 2615 1091 xm)
2652 1041 2664 1075 :
2703 1023 3000 1077 cavendum
3041 1038 3169 1093 ergo
3212 1038 3277 1077 ne
3314 1024 3634 1080 immisceatur
3656 1026 3726 1082 ali-

2230 1113 2361 1184 quid
2386 1115 2609 1179 erroris,
2638 1122 2693 1169 et
2727 1123 3107 1183 corrumpatur
3133 1128 3312 1169 semen
3346 1114 3448 1168 Dei.

2302 1207 2463 1263 Vens.
2507 1206 2592 1263 10.
2633 1238 2702 1247 -—
2730 1207 2853 1263 Non
2880 1212 3073 1265 ambis.
3112 1208 3281 1281 (1510,)
3312 1209 3365 1264 In
3398 1209 3522 1264 bove
3547 1219 3592 1265 et
3618 1211 3727 1268 asino

2232 1305 2379 1363 arat,
2427 1299 2520 1369 qui
2562 1298 2754 1368 recipit
2783 1299 3069 1371 Evangelia
3109 1314 3231 1354 cum
3270 1297 3551 1355 Judarorum
3595 1303 3729 1357 obser-

2230 1390 2433 1455 vantia,
2458 1406 2577 1461 qua:
2596 1392 2875 1460 praecessit
2893 1392 2944 1446 in
2968 1394 3178 1447 umbra.
3206 1392 3263 1447 1n
3287 1394 3417 1448 bove
3435 1409 3617 1465 quoque
3631 1397 3728 1454 bene

2232 1484 2572 1552 operantium
2596 1485 2729 1550 vita,
2755 1484 2806 1538 in
2836 1485 2989 1539 asino
3008 1485 3294 1541 stultorum
3319 1487 3545 1541 socordia
3570 1505 3581 1541 :
3602 1491 3729 1558 quasi,

2233 1574 2440 1630 fatuum
2479 1578 2707 1647 sapienti
2746 1578 2799 1632 in
2831 1578 3214 1648 praedicatione
3248 1594 3350 1633 non
3385 1578 3567 1641 socies,
3593 1595 3731 1649 neper

2234 1682 2356 1721 eum
2389 1667 2478 1737 qui
2516 1683 2631 1722 rem
2665 1668 2890 1737 implere
2919 1684 3025 1722 non
3054 1668 3199 1724 valet
3234 1669 3281 1724 ei
3307 1669 3520 1724 obsistas
3540 1669 3730 1739 ouipre-

620 1775 747 1846 (Im,
769 1775 857 1830 ubi
885 1792 1069 1847 supra,
1090 1740 1210 1845 cap.
1233 1777 1290 1841 5,
1312 1774 1393 1846 4.)
1418 1775 1731 1831 Maledictus
1755 1792 1789 1829 o
1816 1740 1921 1831 Deo
1939 1774 2126 1846 estqui
2164 1740 2211 1804 Β
2239 1758 2403 1814 valet.
2448 1758 2657 1816 Stultus
2702 1777 2831 1816 vero
2871 1769 2926 1816 et
2970 1762 3188 1831 sapiens
3222 1762 3356 1816 bene
3391 1761 3731 1830 coniunguntur,

546 1866 764 1938 pendet,
791 1875 898 1923 etc.
928 1866 1157 1934 Quidam
1187 1866 1425 1922 haeretici
1455 1866 1524 1921 ad
1562 1865 1885 1922 calumniam
1922 1867 2130 1936 passio-

548 1956 634 2012 nis
654 1954 858 2013 Christi
895 1958 1036 2014 hanc
1063 1958 1385 2013 sententiam
1426 1955 1781 2022 transferunt,
1808 1967 1939 2024 etc.,
1976 1974 2135 2029 usque

548 2047 618 2101 ad
664 2049 803 2104 bene
835 2062 969 2120 ergo
1017 2048 1363 2105 maledictum
1393 2048 1609 2115 dicitur,
1649 2048 1794 2118 quod
1828 2048 1943 2105 odit
1968 2049 2130 2115 Deus,

544 2138 652 2194 hoc
678 2139 935 2209 pependit
965 2138 1021 2193 in
1045 2138 1212 2211 ligno.

620 2226 1032 2285 Contaminabis.
1072 2231 1415 2287 Ptenitentiaa
1445 2230 1700 2302 lacrymis
1743 2229 1971 2289 fetorem
2007 2246 2136 2301 pec-

548 2330 794 2376 catorum
826 2321 1046 2378 abluere
1073 2321 1355 2391 debemus,
1378 2337 1449 2379 ne
1472 2322 1594 2379 aliis
1617 2322 1929 2381 scandalum
1954 2331 2011 2379 et
2035 2338 2135 2379 no.

554 2410 641 2468 bis
665 2411 931 2483 germinet
955 2413 1277 2470 cruciatum.

1122 2570 1353 2629 CAPUT
1399 2570 1564 2629 XXII.

625 2724 787 2781 Vsus.
826 2723 877 2781 1.
909 2750 985 2767 --
1016 2723 1142 2780 Non
1174 2724 1395 2781 uidebis.
1446 2725 1739 2782 Moraliter.
1775 2724 1972 2782 Frater
2008 2734 2137 2783 tuus

553 2815 743 2872 doctor
770 2814 1058 2883 Ecclesiae,
1094 2815 1248 2885 cujus
1282 2817 1603 2887 discipulum
1644 2817 1727 2872 vel
1753 2817 2001 2882 doctum,
2043 2816 2136 2887 qui

552 2908 891 2980 signiﬁcatur
902 2922 1003 2978 per
1023 2900 1239 2974 bovem,
1263 2908 1351 2964 vel
1370 2910 1668 2976 indoctum,
1689 2909 1779 2979 qui
1802 2909 2138 2981 signiﬁcatur

552 3016 649 3072 per
677 3014 831 3057 ovem
850 3043 865 3069 ,
896 3003 941 3058 si
963 3002 1165 3057 videris
1195 3016 1398 3068 errare,
1458 3001 1566 3057 noli
1592 3002 1879 3073 negligere,
1911 3001 2005 3057 sed
2037 3015 2134 3056 ex-

557 3093 777 3149 hortare
797 3101 858 3148 ut
878 3093 1056 3160 fratri,
1081 3093 1135 3149 id
1158 3101 1262 3162 est,
1283 3094 1544 3165 magistro
1562 3094 1739 3163 possis
1759 3093 2132 3149 reconciliare.

551 3187 666 3244 Duc
694 3196 751 3245 in
778 3188 991 3244 domum
1019 3200 1165 3244 tuam
1195 3184 1263 3262 (Γ
1284 3187 1408 3244 Cor.
1438 3188 1515 3261 xi)
1534 3229 1548 3255 ,
1582 3188 1635 3245 id
1664 3196 1747 3245 est
1771 3229 1787 3255 ,
1819 3188 2016 3244 adhibe
2042 3203 2137 3243 cu-

549 3294 687 3335 ram.
733 3276 800 3334 Et
834 3280 881 3335 si
920 3294 1025 3334 non
1051 3289 1126 3335 est
1149 3280 1492 3352 propinquus,
1525 3279 1580 3335 id
1606 3287 1693 3335 est
1726 3279 1981 3336 Ecclesiae
2008 3288 2167 3348 tute,.

548 3373 643 3429 sed
668 3372 893 3429 alterius
915 3372 1123 3429 doctor.

622 3463 784 3522 Vens.
821 3462 876 3521 '5.
913 3495 984 3505 —
1013 3462 1288 3521 Similiter.
1317 3462 1548 3532 Gentili,
1573 3464 1812 3530 scilicet,
1844 3465 1997 3536 cujus
2024 3466 2135 3522 uti-

549 3556 756 3612 litatem
786 3564 842 3613 et
871 3555 1268 3613 Mmunditiam
1295 3569 1403 3611 non
1440 3555 1700 3612 debemus
1728 3556 2026 3629 despicere.

630 3645 969 3703 Vestimenta.
990 3647 1155 3703 Plebe
1178 3661 1285 3721 qua
1309 3654 1536 3702 ornatur
1558 3648 1768 3704 doctor.
1789 3648 1870 3705 Ad
1898 3649 2137 3706 litteram

548 3752 762 3811 quoque
784 3738 965 3794 omnia
994 3739 1112 3795 haec
1137 3746 1192 3795 et
1228 3738 1427 3796 similia
1456 3740 1721 3795 servanda
1743 3749 1888 3796 sunt.

620 3848 786 3905 Vens.
812 3844 866 3904 5.
890 3878 961 3889 —
981 3844 1104 3904 Non
1126 3848 1374 3905 induetur
1391 3850 1597 3917 mulier,
1619 3859 1726 3907 etc.
1745 3850 1924 3924 (Auc.,
1943 3863 2128 3924 quam.

547 3941 663 4014 52.)
692 3942 813 3997 Alia
835 3941 1021 4007 editio,
1052 3950 1183 4008 etc.,
1211 3958 1373 4014 usque
1400 3942 1470 3996 ad
1496 3959 1602 3998 non
1631 3943 1793 3999 debet
1825 3944 2027 4015 aliquid
2054 3944 2133 4001 fe-

548 4030 787 4085 mineum
811 4026 899 4085 vel
924 4029 1084 4086 molle
1110 4031 1164 4085 in
1193 4031 1435 4087 doctrina
1465 4046 1562 4087 sua
1596 4033 1818 4089 habere.

619 4118 833 4177 Mulier.
855 4116 1021 4193 Cujus
1042 4120 1362 4179 naturaliter
1383 4120 1628 4179 diversus
1652 4123 1822 4192 color,
1856 4133 2037 4182 motus
2054 4127 2132 4196 in:

545 4223 749 4284 cestus,
778 4216 945 4283 vires,
976 4215 1064 4271 cui
1090 4230 1196 4270 non
1225 4214 1555 4287 permittitur
1577 4220 1790 4284 docere,
1826 4233 1928 4274 nec
1957 4219 2141 4276 domi-.

545 4306 665 4362 nari
703 4306 756 4362 in
796 4305 1011 4376 virum,
1047 4321 1149 4365 nec
1185 4316 1407 4381 usurpet
1440 4306 1676 4366 ofﬁcium
1712 4310 2038 4383 praedicandi
2075 4313 2129 4389 (Ι

546 4394 668 4452 Cor.
700 4398 842 4472 xm).

616 4510 816 4569 Contra
853 4518 1103 4571 naturam
1140 4519 1224 4569 est
1258 4512 1435 4568 virum
1477 4512 1763 4571 muliebria
1788 4514 1991 4583 facere,
2028 4533 2124 4574 co-
2150 4490 2213 4553 Ῑ)

547 4604 993 4675 mam'crispare,
1022 4611 1277 4677 torquere
1314 4605 1568 4676 capillos,
1605 4606 1749 4663 unde
1785 4606 2120 4679 Apostolus:

556 4693 670 4761 Vir,
708 4693 756 4748 si
794 4709 996 4749 comam
1032 4696 1308 4761 nutrierit,
1346 4695 1635 4767 ignominia
1671 4707 1745 4752 est
1781 4697 1881 4752 illi.
1914 4697 2125 4755 Mulieri

545 4791 728 4841 autem
754 4783 937 4856 capilli
966 4799 1068 4855 pro
1094 4783 1363 4843 velamine
1399 4786 1511 4841 dati
1545 4796 1701 4854 sunt;
1742 4803 1851 4843 non
1886 4803 2014 4861 ergo
2041 4790 2126 4845 in-

543 4876 740 4933 duatur
765 4874 853 4931 vir
874 4884 1025 4933 veste
1048 4872 1302 4944 feminea,
1327 4877 1644 4948 operatione
1673 4876 1879 4933 scilicet
1898 4875 2041 4934 ﬂuxa
2068 4886 2125 4935 et

540 4967 822 5025 dissoluta.
2082 4970 2087 4979 '

613 5080 796 5155 (ειη.)
831 5081 939 5140 Per
968 5084 1117 5140 viam
1148 5084 1325 5150 inus,
1352 5089 1485 5149 etc.,
1522 5098 1687 5154 usque
1716 5083 1787 5140 ad
1826 5085 1925 5143 sed
1956 5100 2025 5143 ex
2054 5100 2123 5143 ea

543 5172 891 5246 allegoricum
920 5189 1143 5233 sensum
1172 5177 1227 5231 in
1255 5182 1438 5231 mente
1462 5174 1777 5232 retinemus.

613 5265 780 5325 Vsus.
814 5267 868 5323 8.
905 5296 976 5309 -
1006 5267 1235 5324 Danum
1261 5282 1468 5333 novam,
1498 5268 1552 5323 id
1586 5277 1672 5324 est
1693 5269 2011 5328 Ecclesiam.

613 5359 832 5416 lutum
858 5362 994 5426 tecti,
1023 5362 1077 5417 id
1101 5370 1187 5417 est
1204 5361 1467 5416 virtutum
1498 5360 1819 5419 custodiam.

615 5453 699 5510 Ne
735 5452 1041 5525 effundatur
1059 5454 1273 5524 sanguis
1297 5454 1353 5508 in
1374 5452 1529 5509 domo
1552 5463 1665 5519 tua,
1695 5453 1799 5509 hoc
1818 5462 1901 5511 est
1926 5471 1995 5511 ne
2015 5455 2123 5512 alio

543 5555 802 5620 peccante
838 5562 966 5602 reus
1000 5548 1255 5602 tenearis.

613 5647 830 5713 φης..
857 5641 951 5696 lib.
986 5655 1083 5695 vm
1131 5639 1359 5702 Μαι-αι..
1398 5654 1517 5709 cap.
1543 5638 1657 5712 59.)
1686 5637 1768 5695 Ne
1793 5641 2118 5711 eiundatur.

538 5735 649 5799 Per
670 5737 935 5797 incuriam
958 5746 1125 5809 atque
1142 5736 1426 5797 desidiam
1452 5736 1607 5799 Unde
1632 5736 1727 5810 qui
1749 5736 1978 5799 virtutes
2006 5742 2127 5801 sine

2238 1858 2298 1904 ut
2327 1866 2467 1905 unus
2494 1852 2773 1923 praecipiat
2800 1861 2854 1907 et
2877 1853 3016 1907 alter
3037 1854 3273 1921 obediat,
3298 1871 3403 1911 non
3421 1855 3651 1927 utmquali
3669 1869 3733 1925 po-

2241 1952 2434 1999 testate
2459 1947 2681 1999 verhum
2716 1945 2811 2000 Dei
2838 1947 3186 2002 annuntient.

2307 2035 2610 2108 Allegorice
2657 2037 2815 2109 lineis
2864 2039 3105 2093 vestibus
3158 2038 3337 2094 lanam
3390 2039 3468 2096 vel
3510 2052 3735 2113 purpuram

2236 2129 2451 2195 miscet,
2478 2129 2568 2200 qui
2596 2130 2898 2185 inordinate
2922 2131 3071 2194 vivit,
3098 2140 3153 2185 et
3180 2132 3574 2203 profectionibus
3591 2129 3735 2187 diversi

2234 2223 2489 2295 generis,
2551 2231 2610 2277 ut
2669 2222 2715 2277 si
2772 2224 3203 2280 sanctimonialis
3258 2226 3445 2280 habeat
3490 2232 3735 2279 ornamenta

2236 2316 2422 2373 uxoris
2442 2356 2457 2380 ,
2484 2314 2567 2368 vel
2596 2330 2733 2369 uxor
2773 2324 2927 2387 gerat
2964 2316 3201 2386 speciem
3228 2316 3462 2386 virginis.
3490 2314 3587 2370 lloc
3608 2322 3736 2369 autem

2236 2406 2574 2479 ﬁgurabatur
2598 2405 2653 2461 in
2674 2406 2935 2472 vestibus,
2965 2407 3106 2477 quod
3136 2422 3281 2462 nunc
3301 2404 3579 2463 declaratur
3595 2404 3640 2459 in
3663 2418 3735 2458 mo-

2240 2500 2411 2556 ribus.

2310 2595 2475 2650 Vens.
2514 2593 2602 2649 12.
2636 2624 2707 2635 -
2744 2591 3056 2649 Funiculox.
3085 2591 3167 2647 Ad
3198 2590 3542 2648 differentiam
3570 2588 3735 2651 scilicet,

2239 2687 2379 2743 sicut
2414 2687 2623 2760 signum
2653 2687 3086 2744 circumcisionis
3120 2685 3392 2742 lsraelitas
3415 2692 3646 2755 separata
3667 2694 3736 2734 ca:-

2239 2788 2393 2833 terls.
2431 2778 2803 2848 Superstitiosi
2849 2794 2979 2835 vero
3017 2778 3269 2849 magistri
3307 2786 3566 2848 captantes
3603 2786 3735 2827 auram

2237 2868 2453 2940 populi,
2482 2879 2537 2925 et
2582 2870 2730 2926 lucra
2761 2887 2825 2927 ex
2866 2870 3199 2927 mulierculis
3218 2912 3234 2936 ,
3262 2870 3539 2927 dilatabant
3562 2865 3738 2922 ﬁmbrias

2239 2966 2294 3011 et
2321 2958 2402 3019 eis
2428 2957 2720 3028 alligabunt
2740 2960 2946 3030 spinas,
2978 2969 3036 3015 ut
3058 2962 3143 3015 vel
3167 2960 3495 3015 ambulantes
3514 2956 3583 3012 vel
3600 2956 3736 3011 seden-

2241 3057 2322 3103 tes
2344 3060 2735 3120 pungerentur,
2760 3059 2815 3107 et
2841 3051 2918 3106 sic
2943 3052 3011 3109 ad
3036 3053 3379 3107 serviendum
3404 3051 3503 3107 Deo
3525 3061 3739 3104 moneren-

2163 3125 2209 3189 ί)
2242 3153 2354 3210 tur,
2395 3146 2533 3201 unde
2566 3165 2579 3200 :
2617 3145 2860 3203 Dilatant
2897 3146 3225 3221 phylarleria
3262 3166 3359 3203 sua
3399 3157 3445 3202 et
3478 3142 3737 3218 magniﬁcas!

2306 3330 2470 3387 Vens.
2515 3331 2602 3388 15.
2637 3363 2707 3373 -
2742 3331 2803 3389 Si
2834 3332 3063 3389 duxerit.
3112 3331 3297 3406 (Auc.,
3342 3344 3514 3407 quiest.
3547 3329 3641 3401 53.)
3667 3325 3740 3396 Ap-

2233 3434 2389 3497 paret
2411 3426 2682 3496 quomodo
2708 3426 2954 3483 subditas
2974 3427 3105 3483 viris
3126 3425 3380 3495 feminas,
3403 3435 3525 3493 etc.,
3548 3438 3675 3495 usque
3693 3417 3741 3471 ad

2234 3531 2341 3586 qua
2370 3515 2549 3572 fuerat
2577 3517 2712 3573 alter
2736 3518 3068 3599 plecte’udus.

2284 3608 2471 3683 Vsus.
2500 3609 2587 3664 15.
2620 3640 2688 3650 -
2713 3607 2875 3665 Pater
2892 3619 2941 3664 et
2973 3619 3140 3667 mater
3161 3612 3297 3682 ejus.
3326 3611 3569 3668 Doctores
3603 3602 3739 3662 Eccle-

2233 3697 2329 3755 siae
2356 3698 2449 3769 qui
2483 3699 2640 3770 quasi
2669 3709 2823 3770 pater
2845 3707 2900 3755 et
2926 3708 3101 3756 mater
3124 3700 3316 3759 fovent
3336 3701 3534 3774 plebem
3561 3714 3575 3753 :
3608 3702 3741 3768 patres

2234 3789 2582 3855 auctoritate,
2610 3798 2814 3845 matres
2844 3790 3065 3862 pietate.

2308 3882 2472 3938 Vens.
2510 3882 2597 3938 18.
2633 3913 2704 3923 -
2742 3882 2807 3938 Et
2836 3884 3196 3941 verberabant.
3228 3884 3347 3943 Non
3376 3886 3576 3947 mirum,
3605 3879 3643 3935 si
3664 3875 3739 3941 vir.

2232 3974 2325 4045 qui
2358 3973 2492 4029 falso
2521 3981 2761 4038 accusat,
2788 3972 3013 4044 jubetur
3040 3975 3195 4041 caedi,
3224 3985 3281 4032 et
3307 3975 3519 4031 multam
3544 3970 3739 4029 reddere;

2229 4064 2408 4137 puella
2430 4081 2579 4131 vero,
2608 4067 2652 4121 si
2679 4065 2962 4137 culpabilis
2991 4066 3083 4133 sit,
3105 4066 3337 4138 lapidari
3361 4088 3373 4125 :
3394 4069 3511 4140 quia
3528 4081 3610 4138 per
3626 4058 3737 4116 femi-

2231 4173 2359 4214 nam
2385 4157 2599 4213 iuitium
2628 4157 2859 4228 peccati,
2898 4172 3018 4229 quze
3037 4157 3218 4213 virum
3258 4158 3467 4215 seduxit
3490 4166 3541 4214 et
3573 4148 3741 4223 duplici-

2232 4255 2316 4304 ter
2346 4247 2613 4318 peccavit,
2663 4247 2815 4319 prius
2854 4247 2913 4302 in
2956 4246 3148 4315 Deum,
3194 4256 3383 4319 postea
3410 4247 3462 4304 iu
3488 4246 3653 4308 virum,
3682 4238 3741 4291 vir

2235 4349 2441 4396 tantum
2471 4340 2525 4394 in
2552 4338 2721 4394 Deum

2302 4432 2465 4489 Vens.
2500 4433 2586 4487 19.
2617 4462 2679 4472 -
2720 4429 2940 4487 Centum
2982 4430 3149 4499 siclis,
3191 4441 3299 4493 etc.
3354 4423 3740 4491 Perfectionedo-

2231 4524 2420 4580 ctrina:
2437 4532 2493 4579 et
2519 4523 2917 4590 sollicitudinis,
2938 4540 3100 4595 quam
3134 4527 3407 4597 impendat
3431 4515 3740 4593 subiectaque-

2232 4615 2308 4681 bi,
2337 4615 2422 4671 vel
2454 4617 2810 4685 pmnitentiae.
2840 4615 3197 4674 Centenarius
3223 4620 3370 4674 enim
3408 4615 3648 4689 perfectus
3665 4617 3741 4673 05b

2232 4709 2728 4781 quinquagenarius
2751 4711 3085 4782 paenitentiae
3104 4724 3471 4771 consecratus.

2309 4800 2470 4858 Vens.
2490 4802 2717 4859 25.——Si
2738 4804 2965 4875 puellam
2992 4807 3238 4879 virginem
3264 4805 3593 4879 desponderit.
3613 4798 3743 4859 lnhot

2232 4895 2485 4967 capitulo,
2515 4897 2657 4955 sicut
2706 4896 2760 4950 in
2792 4897 3001 4954 duobus
3027 4898 3458 4968 praecedentibus
3505 4903 3554 4952 et
3586 4889 3742 4949 ἀυοΜ

2224 4989 2665 5056 succedentibus,
2682 4988 3016 5061 corporalem
3040 4987 3739 5049 condemnatfornicatinnem-

2296 5083 2461 5139 Vsus.
2484 5083 2804 5138 26.-—Nihil
2823 5086 3070 5156 patietur.
3106 5085 3212 5142 Sed
3242 5086 3310 5143 ad
3339 5088 3607 5157 inemptum
3622 5077 3741 5135 ﬁde!

2225 5174 2571 5233 revocabitur
2585 5190 2681 5246 per
2694 5177 2922 5245 gratiam
2940 5176 3192 5247 baptismi
3207 5176 3434 5235 liberata
3455 5176 3519 5230 ab
3533 5168 3738 5229 hostiblli-

2296 5264 2463 5321 Vsus.
2499 5268 2589 5323 29.
2617 5297 2689 5306 —
2717 5264 2839 5321 Non
2863 5269 3069 5337 poterit.
3108 5268 3289 5342 (Auc.,
3315 5278 3492 5340 quasi.
3520 5260 3621 5333 51.)
3659 5253 3741 5311 κε’

2225 5359 2332 5415 rito
2377 5360 2640 5429 quaeritur
2693 5367 2873 5412 utrum
2921 5358 3025 5413 ista
3076 5373 3237 5430 poena
3292 5360 3382 5425 sit,
3426 5365 3484 5412 ut
3523 5368 3616 5409 non
3653 5356 3738 5401 call

2222 5455 2396 5529 possit
2423 5453 2695 5509 dimittere
2722 5468 2820 5523 per
2847 5468 3007 5509 omne
3036 5461 3265 5525 tempus,
3292 5468 3452 5522 quam
3496 5445 3738 5503 inordinate

2224 5560 2281 5604 et
2311 5547 2498 5603 illicite
2535 5546 2793 5611 violavit;
2842 5545 2887 5600 si
2939 5545 3083 5599 enim
3130 5544 3473 5615 intelligimus
3513 5552 3619 5595 eam
3662 5540 3738 5585 ιιοι

2223 5656 2403 5712 posse,
2431 5640 2482 5694 id
2513 5648 2597 5695 est
2618 5653 2722 5693 non
2753 5638 2950 5693 debere
2984 5638 3181 5695 dimitti
3229 5652 3324 5707 per
3370 5647 3521 5692 omne
3560 5634 3735 5721 temp“?

2226 5736 2352 5808 quia
2383 5746 2520 5788 uxor
2541 5729 2733 5787 ell'ecta
2759 5738 2860 5798 est,
2889 5733 3131 5788 occurrit
3155 5731 3301 5803 quod
3349 5728 3549 5803 Moyses
3581 5726 3736 5794 pernu-
