4006 6352
236 311 348 371 477

1269 307 1532 365 GLOSSA
1573 303 1978 364 0RDINABIA.
2016 335 2088 347 --
2125 304 2255 361 LIB.
2294 303 2503 365 DEUT.

3409 294 3514 355 478

238 427 315 484 sit
341 424 475 481 dare
495 423 739 483 libellam
759 422 969 494 repudii
998 432 1052 479 et
1072 422 1363 479 dimittere.
1408 423 1467 479 In
1518 423 1605 478 bis
1644 430 1822 477 autem
1849 423 1904 484 Α
2004 421 2108 477 Per
2136 421 2427 477 ldumzeum
2447 427 2505 474 ct
2530 415 2844 489 Egyptium
2895 412 3231 485 signiﬁcatur
3273 426 3514 485 presens

239 534 364 591 qua:
392 516 578 574 iilicite
611 516 805 572 vitiant
829 515 1000 572 noluit
1024 516 1220 581 licere,
1249 532 1318 573 ne
1361 517 1607 573 videatur
1652 515 1717 570 ad
1750 514 1830 569 lu-

240 606 479 667 dibrium
514 606 726 672 fecisse,
758 617 815 664 et
842 598 1276 680 potius'ﬁnxisse
1306 608 1451 681 quod
1498 624 1621 664 eam
1662 607 1830 663 duxe-

1928 516 2059 581 vita,
2086 515 2172 570 cui
2207 512 2458 584 quamvis
2496 510 2870 567 renuntiantes
2919 505 3231 579 Egyptiam
3284 512 3512 573 terram,

1927 608 1982 664 id
2009 615 2094 665 est
2128 606 2594 663 conversationem
2616 600 2902 674 pristinam
2936 608 2993 656 et
3021 597 3516 668 concupiscentiam

237 698 334 756 rit.
362 694 479 755 Hoc
520 713 737 770 quoque
762 698 828 755 de
856 696 944 754 illa
979 698 1161 771 jussit,
1216 699 1303 755 cui
1348 698 1432 757 vir
1472 699 1830 757 calumniatus
1925 701 2114 759 mundi
2143 698 2513 764 declinemus;
2547 697 2676 752 dum
2696 705 2878 751 tamen
2904 691 3068 764 hujus
3105 689 3290 746 mundi
3316 704 3521 746 neces-

182 792 199 803 ⁶
238 792 410 850 fuerit
446 792 514 853 de
540 791 899 865 virginalibus
922 807 1027 847 non
1076 792 1331 848 inventis.

310 882 480 942 Vsus.
509 884 598 942 30.
624 915 697 927 —
735 884 878 940 Non.
906 883 1069 942 Pater
1094 894 1280 941 noster
1309 882 1559 941 Christus
1588 891 1691 949 est,
1735 898 1831 939 cu-

232 978 329 1051 jus
352 974 597 1033 Ecclesia
630 988 767 1031 uxor
788 984 906 1042 est;
956 992 1062 1032 non
1092 975 1219 1033 licet
1266 975 1474 1031 homini
1516 975 1831 1045 dignitatem

202 1062 221 1075 ”’
240 1070 405 1126 istius
427 1064 610 1140 sponsi
646 1065 944 1124 transferre
970 1067 1024 1123 in
1053 1083 1132 1134 se,
1155 1083 1257 1123 nec
1288 1082 1538 1138 sponsam
1565 1066 1682 1137 ejus
1718 1069 1833 1121 vio-

238 1158 379 1225 lare,
412 1168 472 1214 ut
491 1172 732 1214 amorem
761 1157 877 1227 ejus
898 1165 1188 1231 commutet
1221 1157 1274 1211 in
1314 1171 1392 1222 se,
1430 1172 1498 1211 ex
1535 1155 1674 1211 dono
1720 1155 1832 1210 vir-

240 1259 423 1307 tutum
447 1249 533 1304 vel
562 1264 630 1303 cx
674 1249 1054 1321 praedicatione
1093 1249 1307 1304 laudem
1351 1264 1503 1304 suam
1546 1247 1835 1319 quaerendo

241 1356 354 1397 non
384 1340 515 1408 Dei;
546 1340 633 1396 cui
656 1340 837 1397 dicere
860 1340 1115 1396 convenit
1143 1358 1156 1393 ε
1194 1337 1318 1394 Νοη
1376 1339 1543 1404 nobis,
1594 1338 1835 1406 Domine,

244 1450 355 1490 non
390 1433 557 1503 nobis,
580 1433 673 1489 sed
701 1433 901 1489 nomini
936 1442 1026 1487 tuo
1055 1433 1125 1487 da
1153 1432 1376 1504 gloriam
1419 1426 1594 1506 (Psal.
1626 1432 1763 1505 cur).

817 1581 1048 1640 CAPUT
1078 1580 1267 1639 XXIII.

318 1697 488 1753 Vsus.
528 1696 580 1751 1.
605 1726 677 1737 -
706 1694 829 1751 Non
856 1695 1091 1751 intrabit.
1120 1696 1321 1753 Omnes
1369 1696 1462 1769 qui
1508 1696 1742 1755 molliter
1759 1699 1842 1754 vi-

1928 793 2178 851 sitatibus
2198 790 2498 856 subdimur,
2526 804 2635 845 non
2672 786 2893 844 omnino
2910 783 3219 858 Egyptiam
3244 781 3522 839 nationem

1928 884 2323 956 exstinguimus
2364 901 2377 936 :
2431 882 2525 938 sed
2578 878 2977 953 quodammodo
3032 875 3304 948 separati,
3350 874 3522 946 quoti-

1929 978 2091 1033 diano
2116 976 2262 1031 victu
2292 983 2346 1032 et
2369 975 2565 1030 vestitu
2596 973 2836 1030 contenti
2858 986 3045 1029 sumus
3070 988 3085 1037 ;
3121 970 3278 1026 tertia
3300 983 3523 1041 genera-

1934 1071 2078 1125 tione
2110 1071 2161 1124 in
2190 1068 2485 1124 Ecclesiam
2527 1066 2830 1130 intrabunt,
2880 1062 3006 1133 quia
3035 1060 3312 1118 saecularis
3335 1064 3518 1131 potest

1934 1162 2139 1219 sanctis
2165 1161 2257 1217 Dei
2288 1159 2564 1230 conjungi,
2592 1172 2716 1213 cum
2746 1156 2986 1229 perfecte
3013 1155 3066 1210 in
3094 1153 3313 1210 Patrem
3342 1160 3399 1209 et
3428 1150 3521 1206 Fi-

1937 1254 2069 1307 lium
2098 1261 2152 1308 et
2174 1251 2437 1324 Spiritum
2462 1258 2710 1305 sanctum
2741 1246 3052 1311 crediderit,
3095 1244 3180 1301 vel
3227 1258 3349 1301 cum
3403 1256 3522 1313 spe,

1937 1344 2064 1408 ﬁde,
2092 1352 2147 1399 et
2170 1343 2432 1398 charitate
2465 1349 2691 1397 ornatus
2726 1338 2908 1394 fuerit.

2010 1435 2176 1489 Vsus.
2209 1434 2263 1489 9.
2289 1462 2356 1473 —
2377 1431 2624 1498 Quando.
2656 1428 2941 1500 Spiritales
2966 1427 3168 1484 Christi
3215 1424 3415 1481 milites
3442 1422 3526 1478 in-

1940 1525 2122 1589 struit,
2149 1522 2346 1595 quibus
2373 1520 2501 1577 alibi
2523 1521 2721 1578 dicitur
2752 1538 2763 1573 :
2797 1518 2980 1574 Omnis
3000 1519 3091 1590 qui
3117 1518 3173 1572 in
3197 1530 3363 1587 agone
3406 1528 3526 1569 con-

1947 1613 2130 1679 tendit,
2160 1612 2226 1667 ab
2257 1610 2496 1666 omnibus
2520 1626 2575 1665 se
2606 1609 2827 1663 abstinet
2877 1605 2927 1678 (ι
2968 1604 3090 1661 Cor.
3121 1602 3221 1675 ιι).

2013 1706 2093 1762 Si.
2123 1706 2304 1777 (AUG.,
2336 1704 2430 1758 lib.
2454 1704 2518 1759 de
2547 1704 2679 1757 bono
2706 1698 2996 1772 conjugaii,
3022 1712 3142 1767 cap.
3187 1694 3304 1767 20.)
3358 1692 3525 1750 Mults

244 1798 401 1854 vnnt,
427 1803 532 1844 nec
558 1785 713 1843 virile
737 1800 872 1857 opus
891 1788 1200 1858 perﬁciunt,
1223 1804 1329 1843 non
1371 1798 1599 1860 possunt
1622 1806 1838 1859 perma-

1964 1803 2091 1859 mnit
2118 1801 2201 1856 lex
2225 1800 2279 1856 in
2307 1796 2661 1855 sacramentis
2690 1804 2746 1852 et
2774 1794 2983 1850 umbris
3025 1791 3355 1857 futurorum,
3387 1798 3525 1857 etc.,

244 1896 381 1936 nere
409 1879 465 1936 in
493 1880 910 1951 congregatione
933 1888 1245 1935 sanctorum
1288 1895 1388 1936 nec
1415 1880 1564 1952 digni
1589 1892 1715 1938 sunt
1757 1883 1842 1937 in-

246 1972 419 2031 troitu
441 1970 593 2043 regni
613 1969 899 2037 calorum,
920 1969 1064 2043 quod
1083 1970 1399 2027 violentiam
1420 1972 1642 2044 patitur,
1658 1980 1714 2028 et
1735 1973 1846 2030 vio-

243 2062 385 2120 lenti
416 2064 679 2135 dlripiunt
706 2062 857 2119 illud.

320 2152 580 2209 Hamaer.
637 2153 884 2226 Degener
907 2168 1071 2210 sensu
1099 2153 1186 2209 vel
1239 2155 1517 2222 moribus;
1549 2156 1632 2211 vel
1679 2170 1843 2226 quem

244 2249 631 2305 haereticorum
658 2248 901 2319 pravitas
928 2249 981 2303 in
1004 2248 1355 2319 perceptione
1379 2258 1844 2305 sacramentorum

243 2340 571 2413 degenerem
599 2340 758 2408 fecit;
785 2340 871 2395 vel
900 2340 1037 2396 ritus
1079 2341 1400 2414 gentilitatis
1443 2350 1537 2398 aut
1575 2340 1844 2400 Judaismi

246 2432 564 2490 maculavit.
589 2433 640 2489 ls
665 2433 721 2488 in
751 2432 1046 2489 Ecclesium
1088 2435 1410 2504 recipietnr,
1464 2449 1587 2490 cum
1634 2434 1843 2504 integra

248 2524 360 2581 ﬁde
389 2524 703 2597 decalogum
734 2523 874 2596 legis
914 2522 1211 2581 secundum
1240 2524 1514 2597 Evangelii
1553 2524 1848 2580 institutio-

246 2632 377 2673 nem
412 2618 736 2682 servaverit,
763 2625 820 2672 et
842 2617 1116 2672 carnalem
1139 2618 1607 2673 conversationem
1637 2616 1846 2688 Spiritu

251 2716 449 2767 sancto
474 2709 760 2766 roboratus
781 2709 1146 2775 abdicaverit;
1178 2711 1321 2766 unde
1354 2710 1452 2767 :Si
1476 2712 1550 2766 vis
1575 2709 1645 2764 ad
1686 2711 1845 2764 vitam

245 2800 479 2873 ingredi,
503 2817 652 2856 serra
674 2801 927 2856 mandata
974 2800 1191 2873 (Matth.
1234 2802 1371 2874 xxx).
1407 2802 1473 2857 Et
1524 2802 1651 2858 alibi
1683 2820 1697 2856 :
1732 2801 1846 2873 Ego

246 2906 369 2946 sum
391 2891 581 2946 ostium
598 2907 617 2946 :
637 2907 730 2960 per
751 2906 834 2945 me
852 2892 898 2946 si
916 2893 1034 2963 quis
1057 2892 1242 2957 intrat,
1257 2891 1742 2964 salvabitur(loan.
1762 2891 1842 2965 ι).

322 2978 489 3037 Vsus.
519 2981 573 3036 5.
602 2981 1005 3037 —Ammonites
1028 2994 1074 3036 et
1112 2981 1387 3037 Moabites.
1447 2982 1628 3055 (Anc,
1654 2993 1841 3051 quiest.

245 3071 369 3142 35.)
398 3070 517 3126 Alia
532 3071 720 3137 editio,
747 3080 876 3136 etc.,
902 3088 1064 3144 usque
1089 3073 1158 3127 ad
1182 3071 1399 3128 feminis
1421 3072 1842 3142 imputaverunt,

249 3180 391 3237 quas
414 3180 745 3222 conservare
772 3166 1096 3223 maluerunt.

328 3253 606 3311 Moabites.
633 3255 930 3334 Haereticos
957 3272 1171 3326 semper
1196 3257 1266 3312 ab
1287 3256 1529 3313 Ecclesia
1575 3271 1699 3314 esse
1732 3257 1850 3329 pel-

249 3351 446 3409 lendos
482 3347 781 3421 signiﬁcat,
835 3342 1010 3419 quasi,
1062 3347 1385 3404 Hiereticum
1430 3350 1689 3406 hominem
1735 3356 1852 3422 post

253 3457 425 3497 unam
444 3449 495 3496 et
518 3439 739 3495 alteram
767 3440 1139 3496 correctionem
1163 3439 1357 3496 devita.
1726 3426 1735 3436 ’

333 3530 779 3598 “amt—Quia
810 3529 1087 3585 noluerunt
1103 3530 1249 3586 nobis
1282 3548 1554 3588 occurrere
1572 3547 1712 3599 cum,
1742 3539 1849 3589 etc.

255 3624 504 3681 Tradunt
551 3622 763 3680 Hebraii
830 3624 974 3695 quod
1026 3624 1112 3682 lite
1158 3634 1348 3697 gentes
1386 3627 1701 3699 propinquae
1746 3627 1851 3684 sibi

254 3715 587 3773 exeuntibus
607 3717 675 3773 de
696 3714 931 3789 Egypto
944 3726 1303 3774 occurrerunt
1315 3708 1437 3774 cum
1456 3734 1594 3789 pane
1618 3727 1851 3787 tantum,

258 3792 385 3866 cum
414 3810 619 3865 scirent
666 3823 768 3865 nos
791 3809 847 3863 in
873 3809 1089 3865 deserto
1122 3810 1360 3866 maxime
1382 3810 1473 3866 siti
1497 3810 1762 3876 laborare,
1797 3818 1854 3868 et

256 3898 381 3956 ideo
410 3898 537 3954 huic
563 3897 927 3955 maledictioni
959 3899 1187 3970 subjecti
1216 3907 1362 3956 sunt.

332 3988 560 4063 Mystice
600 3989 888 4063 designant
929 3992 1234 4059 haereticos,
1271 3993 1363 4065 qui
1400 3993 1732 4065 fugientibus
1785 3994 1855 4051 de

257 4079 502 4154 Egypto
529 4082 691 4155 hujus
715 4083 903 4139 mundi
933 4082 1004 4139 ad
1036 4098 1221 4139 veram
1242 4094 1447 4142 terram
1477 4084 1854 4157 promissionis

259 4171 502 4230 oﬁerunt
526 4188 724 4246 panem
752 4174 1039 4251 pollutum,
1066 4190 1172 4231 non
1199 4191 1339 4248 aqua
1367 4178 1646 4251 sapientia:
1674 4176 1855 4234 dulco-

262 4273 468 4331 ratum,
490 4244 546 4320 et
564 4264 685 4322 ideo
706 4244 1038 4323 abJEcclesia
1074 4244 1293 4323 alienati
1317 4244 1460 4325 sunt.

338 4357 505 4413 Vnus.
527 4356 582 4412 5.
602 4386 675 4398 —
710 4354 994 4428 Vertitque.
1028 4355 1166 4425 Quia
1198 4374 1339 4430 saepe
1360 4364 1664 4430 persecutio
1688 4380 1853 4424 causa

1943 1910 2105 1965 usque
2134 1893 2204 1947 ad
2225 1906 2331 1946 non
2365 1891 2490 1961 quia
2519 1903 2716 1960 corpus
2758 1895 3033 1943 mortuum
3079 1892 3361 1956 peccatum
3419 1888 3523 1949 est,

1943 1986 2037 2040 sed
2061 1980 2330 2054 signiﬁcat
2356 1987 2646 2051 peccatum
2681 1978 2876 2033 animae
2900 1992 2929 2031 a
2948 1972 3161 2046 justitia
3201 1974 3450 2029 desertae.

2015 2075 2236 2147 Myslice
2262 2072 2479 2145 (Gnsc.,
2508 2071 2603 2127 lib.
2627 2086 2685 2125 ts
2711 2067 2931 2146 "orate,
2961 2082 3082 2139 cap.
3108 2064 3227 2138 40.)
3256 2062 3319 2121 Si
3366 2065 3531 2135 fuerit

1944 2169 2080 2221 inter
2120 2180 2206 2219 vos
2232 2164 2408 2225 homo,
2435 2159 2526 2232 qui
2560 2168 2813 2213 nocturno
2856 2156 3107 2229 pollutus,
3163 2162 3270 2210 etc.
3298 2153 3528 2210 Noctur-

1944 2272 2073 2315 num
2103 2255 2370 2312 somnium
2397 2251 2627 2307 tentatio
2649 2249 2882 2314 occulta,
2912 2256 3042 2312 etc.,
3065 2262 3230 2318 usque
3255 2245 3323 2301 ad
3342 2253 3401 2301 et
3452 2245 3523 2301 ad

1947 2349 2182 2405 ﬁdelium
2207 2346 2398 2403 merita
2421 2353 2707 2415 reparetur
2730 2338 3123 2412 praesumenda.

2014 2440 2180 2495 Vens.
2214 2437 2300 2492 i2.
2330 2462 2402 2478 ——-
2428 2432 2679 2489 Habebis.
2720 2431 3069 2503 Corporalem
3114 2431 3261 2487 enim
3313 2430 3531 2487 mundi.

1949 2530 2075 2585 tiam
2099 2528 2274 2598 diligit
2300 2526 2443 2583 Deus
2470 2544 2484 2581 :
2514 2525 2638 2582 ideo
2657 2524 2915 2597 praecepit
2958 2521 3096 2579 nihil
3118 2522 3324 2581 fmdum
3350 2536 3531 2579 rema-

1944 2639 2077 2681 nere
2102 2623 2155 2678 in
2182 2621 2396 2679 castris.

2018 2715 2262 2788 Mystice.
2291 2711 2619 2787 (Gncc.,lib.
2650 2724 2781 2766 xxxi
2818 2708 2981 2776 Han,
3010 2724 3132 2784 cap.
3153 2709 3271 2784 3%.)
3302 2709 3533 2767 Habebis

1947 2808 2142 2871 locum.
2172 2815 2279 2863 etc.
2310 2804 2525 2861 Naturae
2548 2803 2916 2874 corruptibilis
2944 2803 3184 2873 pondere
3223 2812 3458 2875 gravata:
3502 2816 3541 2858 ιι

1947 2911 2146 2959 nostra:
2167 2900 2365 2956 mentis
2393 2907 2548 2956 utero
2574 2897 2820 2970 quaedam
2852 2896 3238 2970 cogitationum
3263 2892 3535 2967 superﬂua

1947 2997 2103 3068 quasi
2127 2995 2331 3053 ventris
2364 3006 2655 3064 gravamen
2678 2997 2985 3060 erumpunt.
3016 2987 3124 3044 Sed
3171 2996 3393 3060 portare
3433 2986 3535 3042 sub

1950 3089 2129 3145 balteo
2155 3086 2414 3157 paxillum
2435 3084 2711 3148 debemus,
2748 3090 2808 3137 ut
2826 3082 2894 3136 ad
2917 3079 3390 3151 reprehendendos
3412 3094 3537 3136 nos-

1872 3139 1923 3207 c
1951 3139 2210 3249 metipsos
2240 3190 2453 3246 semper
2478 3172 2706 3229 accincti
2731 3180 2947 3228 acutum
2972 3171 3116 3226 circa
3137 3184 3235 3225 nos
3260 3169 3536 3226 stimulum

1951 3266 2379 3340 compunctionis
2397 3258 2710 3329 habeamus,
2733 3261 2876 3334 quod
2900 3268 3098 3317 terram
3119 3268 3319 3315 nostrae
3338 3257 3537 3313 mentis

1951 3361 2282 3436 pmnitentite
2303 3358 2486 3415 dolore
2506 3354 2801 3421 confodiat,
2824 3361 2881 3410 et
2898 3352 3042 3426 quod
3065 3368 3097 3409 a
3126 3352 3283 3409 nobis
3304 3349 3536 3407 fetidum

1846 3448 1851 3453 θ
1950 3453 2207 3524 erumpit,
2245 3447 2567 3507 abscondat.

2022 3543 2188 3599 Vens.
2228 3542 2315 3597 i3.
2337 3571 2409 3581 —
2436 3539 2506 3595 In
2552 3537 2740 3594 balteo.
2783 3536 2972 3593 Balteo
2999 3537 3146 3594 enim
3170 3546 3331 3591 renes
3354 3533 3545 3590 acciti.

1951 3644 2169 3709 guntur,
2196 3631 2318 3688 ideo
2352 3646 2449 3702 per
2488 3629 2748 3694 balteum,
2772 3628 2929 3685 malae
2962 3627 3255 3685 voluntatis
3281 3624 3538 3683 contritio

1951 3728 2287 3799 designatur,
2311 3725 2457 3782 unde
2478 3724 2578 3781 Job
2604 3742 2617 3779 :
2646 3723 2889 3781 Balteum
2932 3740 3115 3798 regunt
3170 3723 3434 3788 dissolvit,
3486 3730 3549 3779 ef

1950 3819 2223 3891 praecinxit
2248 3818 2375 3887 fune
2402 3834 2547 3873 renes
2583 3832 2764 3873 eorum
2809 3815 2954 3891 (Job.
2993 3815 3077 3889 ιι).

2023 3912 2200 3968 Humo
2255 3913 2473 3983 operies.
2522 3910 2762 3967 Terrena
2807 3910 3102 3983 fragilitate
3152 3909 3494 3968 considerata
3519 3950 3537 3978 ,

1952 4007 2143 4063 sordes
2166 4004 2427 4061 debemus
2452 4004 2684 4075 operire.

2022 4098 2186 4154 Vsus.
2212 4096 2301 4154 15.
2331 4126 2404 4139 --
2424 4095 2551 4152 Non
2571 4095 2747 4152 trades
2768 4110 2979 4151 servum
2994 4093 3174 4168 (Aura,
3197 4104 3385 4168 quiest.
3412 4092 3530 4167 56.)

1952 4188 2097 4246 LXX
2124 4204 2140 4244 :
2174 4186 2296 4244 Non
2321 4189 2497 4245 trades
2525 4204 2747 4260 puerum
2767 4187 2980 4243 domino
3004 4202 3101 4243 suo
3138 4188 3229 4258 qui
3274 4186 3545 4259 appositus

1953 4291 2030 4337 est
2057 4280 2152 4336 tibi
2179 4298 2210 4335 a
2239 4281 2450 4335 domino
2480 4294 2594 4335 suo.
2630 4277 2746 4334 Non
2777 4279 2921 4348 quod
2952 4277 3203 4333 dominus
3223 4292 3348 4333 eum
3376 4290 3541 4348 appo-

1956 4374 2123 4430 suerit
2147 4415 2161 4439 ,
2192 4382 2327 4439 etc.,-
2348 4388 2513 4443 usque
2536 4364 2611 4424 'ad
2642 4371 2744 4427 hoc
2763 4371 3018 4441 explanat
3042 4368 3229 4426 dicens
3261 4387 3275 4424 :
3309 4368 3377 4425 In
3398 4368 3543 4429 vobis

262 4448 491 4552 majoris
515 4449 891 4558 prosperitatis
915 4456 1015 4506 est.
1043 4450 1181 4558 Qlu'ia
1202 4451 1531 4558 diligentibus
1552 4456 1720 4515 Deum
1742 4478 1853 4517 om-
1876 4496 1935 4558 Β
1958 4465 2209 4521 habitabit
2248 4465 2302 4519 in
2326 4464 2467 4519 omni
2491 4462 2605 4517 loco
2636 4462 2721 4516 ubi
2741 4461 2999 4533 placuerit
3028 4462 3077 4516 ei
3107 4458 3158 4532 (1
3183 4459 3312 4533 Reg.
3343 4460 3537 4535 κινῇ).

264 4539 359 4595 nia
398 4549 745 4610 cooperantur
762 4540 817 4594 in
859 4538 1049 4595 bonum
1085 4540 1256 4613 (Rom.
1286 4543 1428 4619 vm).

338 4632 508 4692 Vens.
562 4632 616 4691 7.
661 4666 732 4676 —
764 4632 889 4691 Non
934 4636 1316 4694 abominaberis
1372 4639 1685 4700 ldumteum.
1734 4645 1856 4704 ldu-

264 4741 442 4784 mzeus
478 4725 807 4798 sanguineus
827 4724 914 4781 vel
934 4735 1183 4783 terrenus
1205 4742 1421 4784 carnem
1446 4728 1621 4803 (cujus
1644 4744 1728 4791 est
1750 4745 1857 4793 ter.

263 4836 403 4879 rcna
422 4818 669 4892 materia)
681 4819 977 4892 signiﬁcat:
998 4818 1303 4891 AZgyptius,
1331 4823 1383 4879 id
1408 4833 1493 4881 est
1515 4829 1852 4899 tenebrosus,

267 4926 470 4984 corpus
482 4910 807 4968 morbidum.
821 4911 1051 4968 Carnem
1068 4924 1307 4968 nostram
1328 4931 1433 4971 non
1446 4917 1704 4977 debemus
1724 4924 1855 4980 abo-

268 5003 492 5068 minari,
526 5003 621 5060 sed
652 5002 838 5059 fovere
870 5011 925 5059 et
949 5004 1254 5060 necessaria
1281 5005 1355 5061 illi
1384 5008 1644 5077 praebere,
1670 5028 1857 5069 curam

270 5107 460 5152 tamen
485 5092 601 5165 ejus
625 5094 680 5150 in
709 5094 989 5151 desideriis
1018 5108 1127 5150 non
1153 5095 1334 5155 facere
1359 5113 1373 5154 :
1396 5098 1612 5168 Frater,
1661 5106 1856 5177 inquit,

272 5193 405 5241 tuus
429 5190 533 5250 est,
558 5184 687 5257 quia
714 5198 793 5241 ex.
809 5199 972 5241 carne
1000 5200 1189 5243 sumus
1209 5196 1266 5243 et
1287 5190 1490 5245 anima.
1520 5191 1856 5267 Egyptium,

274 5276 332 5332 id
363 5283 447 5330 est
474 5285 670 5347 corpus
696 5290 805 5332 non
831 5278 1228 5346 abominemnr,
1258 5281 1309 5335 in
1340 5284 1493 5355 cujus
1525 5296 1667 5345 terra
1692 5294 1857 5349 adve-

274 5382 364 5424 nae
393 5368 621 5436 fuimus;
661 5369 841 5457 anima
870 5371 1033 5436 enim,
1064 5386 1184 5443 quae
1211 5375 1486 5433 caelestem
1518 5380 1680 5439 habet
1701 5385 1861 5457 origi-

275 5474 426 5524 nem,
472 5460 629 5531 quasi
654 5456 859 5517 advena
909 5471 1154 5518 moratur
1180 5464 1233 5519 in
1264 5480 1511 5538 corpore,
1546 5472 1688 5528 unde
1716 5456 1860 5546 Apo-

274 5549 452 5606 stolus
481 5569 496 5606 :
521 5548 663 5607 Dum
691 5569 873 5609 sumus
906 5555 961 5609 in
985 5571 1221 5626 corpore,
1265 5562 1661 5631 peregrinamur
1688 5584 1721 5619 a
1750 5567 1861 5622 Do-

276 5642 426 5697 mino
454 5641 542 5715 (II
570 5642 691 5700 Cor.
716 5644 793 5714 v).
827 5645 931 5713 Qui
965 5649 1075 5703 nati
1105 5649 1300 5721 fuerint
1325 5669 1391 5709 ea:
1415 5655 1512 5724 eis,
1538 5668 1666 5727 etc.,
1697 5663 1749 5717 id
1782 5673 1863 5720 est

281 5734 548 5811 paulatim
578 5737 709 5795 ﬁent
730 5739 1060 5813 spirituales.

2038 4555 2196 4611 Vens.
2247 4555 2339 4612 37.
2389 4584 2461 4595 ——
2510 4553 2632 4611 Non
2683 4554 2782 4608 erit
2829 4555 3097 4610 meretrix.
3144 4553 3302 4628 (Avo.
3349 4565 3537 4628 quiest.

1960 4648 2074 4720 37.)
2103 4646 2245 4702 LXX
2275 4666 2289 4702 :
2323 4645 2447 4702 Non
2485 4647 2583 4702 erit
2624 4646 2891 4713 meretrix,
2938 4657 3069 4715 etc.,
3115 4664 3283 4722 usque
3303 4650 3373 4705 ad
3397 4650 3542 4708 unde

1962 4737 2090 4808 quid
2122 4738 2277 4792 nobis
2306 4736 2600 4802 videretur,
2630 4737 2703 4792 ibi
2733 4738 3100 4795 tractavimus.

2037 4827 2161 4882 Non
2179 4829 2369 4898 oferes
2388 4829 2677 4884 mercedem
2702 4831 2998 4902 prostibuii.
3015 4832 3197 4907 (Ano.,
3210 4842 3396 4907 quasi.
3422 4832 3538 4910 38.)

1961 4917 2106 4975 LXX
2139 4937 2153 4973 :
2196 4916 2318 4973 Non
2357 4919 2572 4988 o/feres,
2610 4926 2739 4985 etc.,
2784 4937 2947 4994 usque
2979 4923 3049 4978 ad
3086 4924 3375 4982 dicendum
3414 4922 3545 4993 fuit,”

1965 5014 2108 5085 quod
2133 5012 2361 5069 Domino
2385 5012 2715 5071 abominatio
2740 5015 2829 5070 sit.

2036 5102 2272 5160 Pretium
2300 5105 2468 5171 canis,
2505 5106 2734 5175 rapacis.
2761 5104 2912 5163 Dona
2943 5107 3250 5179 iniquorum
3277 5122 3389 5166 non
3412 5124 3542 5181 pro-

1963 5198 2060 5254 bat
2103 5197 2433 5253 Altissimus.
2480 5195 2584 5263 Qui
2624 5199 2774 5269 offert
2809 5201 3218 5271 sacriﬁciumea:
3244 5202 3541 5259 substantia

1964 5303 2286 5359 pauperum,
2317 5287 2473 5358 quasi
2497 5288 2590 5359 qui
2610 5289 2838 5346 victimat
2869 5290 3038 5361 ﬁlium
3058 5293 3115 5347 in
3137 5303 3414 5366 conspectu
3444 5309 3544 5367 pa-

1968 5378 2065 5432 tris
2094 5376 2284 5447 (Eccli.
2314 5377 2521 5450 xxxrv).

2042 5468 2202 5526 Vsus.
2246 5470 2333 5526 l9.
2383 5499 2456 5509 —
2496 5470 2618 5526 Non
2652 5470 2927 5541 frenet-abis
2971 5470 3129 5541 fratri
3169 5481 3278 5528 tuo.
3309 5471 3543 5530 Usuram

1970 5571 2025 5618 et
2074 5563 2358 5619 avaritiam
2414 5571 2690 5629 removet,
2743 5574 2799 5618 et
2854 5564 3173 5621 cbaritatem
3230 5565 3547 5636 impendere

1963 5659 2138 5730 jubet.

2042 5756 2108 5811 Et
2128 5755 2375 5828 pecunia,
2409 5768 2531 5829 quae
2556 5753 2626 5813 ad
2656 5769 2880 5812 usuram
2911 5755 3027 5813 dari
3050 5754 3390 5832 prohibetur,
3411 5758 3544 5839 quia
