4006 6352
556 361 658 420 479

554 480 741 534 vitium
769 479 1077 550 cupiditatis
1102 488 1186 534 est
1216 480 1434 548 exigere
1459 479 1596 533 velle
1617 519 1630 544 ,
1673 478 1817 546 quod
1849 477 2129 549 cognoscis
2156 479 2208 538 Α

552 581 606 626 te
642 589 748 627 non
778 571 1168 628 commodasse.
1209 570 1361 626 lianc
1386 571 1644 625 Dominus
1677 569 1900 634 habuit,
1927 576 1981 623 et
2010 568 2132 623 inde

551 663 878 734 pauperibus
907 665 1234 735 erogandam
1267 663 1506 728 tradidit,
1537 670 1590 717 et
1619 676 1716 717 nos
1747 661 1814 715 ad
1837 659 2132 715 liberalita-

552 762 662 809 tem
692 755 954 827 largitatis
991 756 1254 810 invitavit.
1296 755 1478 810 Altera
1511 763 1595 810 est
1624 769 1785 825 quam
1813 754 1877 808 ad
1910 769 2130 809 usuram

552 847 682 902 dare
726 847 1010 914 debemus;
1057 849 1239 905 unde:
1281 847 1470 902 Nonne
1506 847 1732 918 oportuit
1772 855 1820 900 te
1857 846 2130 911 pecuniam

550 943 867 997 committere
902 941 1266 997 nummulariis
1291 952 1346 996 ut
1367 959 1459 1012 ego
1489 942 1691 996 veniens
1711 941 1966 1011 exigerem
1991 939 2129 1010 quod

548 1055 718 1093 meum
746 1047 821 1092 est
851 1054 966 1091 cum
999 1037 1208 1091 usura?
1238 1037 1452 1107 (Matth.
1490 1036 1640 1107 xxv).

622 1129 783 1184 Vens.
823 1128 912 1183 20.
942 1159 1014 1170 -
1055 1128 1160 1183 Sed
1195 1129 1387 1181 alieno.
1437 1126 1642 1182 lliﬁdeli
1689 1127 1772 1182 vel
1813 1127 1998 1196 iniquo
2040 1126 2129 1182 cui

548 1224 830 1295 pecuniam
867 1223 1058 1278 damus
1087 1221 1152 1278 ad
1181 1237 1430 1286 usuram,
1461 1237 1582 1276 cum
1608 1235 1706 1290 pro
1731 1220 1895 1278 verbo
1929 1221 2126 1290 praedi-

550 1318 777 1373 cationis
799 1317 1063 1388 exigimus
1085 1316 1270 1382 ﬁdem,
1291 1315 1664 1387 paenitentiam
1685 1323 1739 1369 et
1757 1315 2128 1385 operationem

547 1410 766 1466 bonam.

619 1503 780 1558 Vens.
802 1503 892 1558 21.
915 1533 986 1544 —
1010 1502 1132 1557 Non
1157 1501 1391 1558 tardabis
1418 1503 1650 1557 reddere.
1671 1500 2122 1558 Unde'Salomon:

548 1593 718 1649 Ruina
770 1604 843 1650 est
893 1595 1093 1651 homini
1147 1603 1260 1665 post
1319 1603 1436 1649 vota
1497 1603 1726 1648 tractare
1784 1592 1860 1647 vel
1916 1592 2128 1646 tardare

551 1690 823 1746 (Proverb.
858 1689 936 1762 χ).

1054 363 1443 420 WALAFRIDI
1484 363 1727 421 STRABI
1763 363 1966 421 FULD.
2009 363 2172 419 MON.
2216 363 2347 420 OPP
2408 362 2588 418 PARS
2625 363 2666 418 1.
2708 395 2777 404 -—-
2814 362 3269 420 THEOLOGICA.
3665 373 3742 428 ιειι

2305 475 2518 547 (ϐιιειιη
2558 475 2652 530 lib.
2684 492 2857 531 χχχιιι
2893 475 3110 544 Moral.,
3141 493 3262 547 cap.
3296 477 3404 548 16.)
3435 477 3548 534 Non
3570 485 3742 553 accipiet

2235 568 2348 623 loco
2379 569 2612 640 pignoris
2651 567 2994 636 inferiorem,
3046 578 3152 624 etc.
3213 569 3468 639 Accipere
3508 571 3742 642 aliquando

2233 660 2428 717 ollerre
2463 659 2713 728 dicimus,
2747 669 2852 716 etc.
2874 702 2890 728 ,
2928 677 3090 731 usque
3117 661 3185 714 ad
3223 670 3278 717 et
3309 661 3564 718 incassum
3595 668 3742 723 metuit

2233 753 2322 823 qui
2355 769 2463 808 non
2490 753 2730 809 conlidit.

2301 844 2468 901 Vnus.
2503 848 2554 902 7.
2578 877 2649 888 —
2686 846 2924 916 Auferes.
2969 846 3152 917 (AUG.,
3197 855 3385 917 quazst.
3421 847 3528 919 59.)
3560 849 3742 907 Assidue

2231 939 2334 994 hoc
2374 936 2655 1010 Scriptura
2693 938 2840 1002 dicit,
2891 947 3019 1002 etc.,
3061 955 3222 1009 usque
3257 939 3327 992 ad
3354 940 3491 1009 quod
3520 955 3742 1012 exponens

2231 1030 2308 1086 ait
2339 1051 2351 1085 :
2381 1030 2484 1096 Qui
2513 1031 2794 1102 furabatur
2811 1031 2929 1102 jam
2952 1047 3056 1086 non
3082 1031 3287 1101 {aretur
3314 1031 3520 1103 (Ephes.
3547 1031 3631 1102 tv).

2299 1125 2465 1180 Vens.
2493 1124 2548 1179 8.
2573 1155 2644 1165 —-
2665 1123 2889 1195 Plagam
2915 1123 3092 1194 leprte.
3125 1121 3260 1178 Nota
3279 1131 3494 1193 propter
3515 1134 3738 1194 peccatum

2229 1215 2372 1270 hanc
2415 1213 2786 1270 inﬁrmitatem
2826 1213 3137 1269 hominibus
3179 1213 3422 1269 accidere
3447 1255 3462 1281 ,
3491 1214 3614 1270 sicut
3634 1213 3740 1271 Ozias

2229 1308 2320 1377 qui
2353 1306 2715 1362 sacerdotium
2741 1308 3044 1378 usurpavit.

2306 1401 2463 1457 Vsus.
2503 1402 2588 1458 10.
2616 1433 2688 1442 -—
2719 1401 2853 1457 Cum
2885 1412 3100 1471 repetes.
3134 1399 3320 1473 (Auc.,
3352 1409 3528 1471 quiest.
3557 1397 3652 1474 Μ.)
3681 1403 3739 1460 Ad

2228 1511 2362 1568 opus
2393 1479 2776 1550 misericordia:
2810 1494 3044 1565 pertinet
3070 1501 3129 1548 ut
3162 1493 3473 1563 pignorator
3498 1493 3548 1548 in
3573 1494 3740 1549 domum

2227 1603 2335 1644 non
2359 1588 2556 1654 intret,
2585 1595 2690 1642 etc.
2710 1627 2724 1652 ,
2764 1603 2926 1657 usque
2951 1586 3020 1640 ad
3057 1599 3166 1640 non
3196 1585 3402 1640 habens
3433 1585 3519 1640 ubi
3541 1586 3737 1640 dormiat.

2301 1680 2508 1735 Nonne.
2556 1679 2660 1745 Qui
2698 1678 3039 1748 Evangelium
3083 1679 3387 1743 annuntiat,
3417 1677 3478 1731 de
3511 1677 3739 1748 Evangelia

617 1783 781 1839 Vsus.
811 1782 904 1838 24.
928 1813 998 1822 -
1023 1782 1298 1852 Ingressus
1322 1783 1520 1837 vineam
1544 1781 1790 1852 proximi.
1819 1779 1875 1833 ln
1899 1778 2125 1834 ecclesia
2155 1841 2201 1852 __
2229 1771 2362 1826 vivat
2393 1769 2444 1841 (Ι
2482 1767 2606 1824 Cor.
2638 1766 2738 1838 rx).
2762 1768 2968 1839 Dignus
3005 1776 3080 1822 est
3103 1769 3243 1822 enim
3266 1767 3527 1839 operarius
3562 1768 3740 1822 mercede

546 1877 771 1930 anterius
815 1874 1072 1945 episcopi,
1091 1841 1288 1944 “potest
1319 1873 1457 1929 alter
1486 1841 1694 1942 aliquos
1739 1872 2011 1943 corrigere
2038 1871 2121 1926 vel
2154 1841 2203 1901 Β
2229 1878 2326 1918 sua
2353 1859 2505 1932 (Luc.
2528 1860 2609 1932 χ).

546 1967 893 2032 conﬁrmare,
939 1973 1105 2021 totam
1149 1965 1358 2036 plebem
1399 1979 1507 2020 non
1542 1963 1669 2020 licet
1704 1963 1752 2018 ei
1799 1979 2007 2034 regere,
2039 1963 2127 2018 vel

547 2074 740 2130 magna
770 2058 984 2128 negotia
1022 2065 1278 2113 tractare.

615 2149 808 2205 Foras.
838 2151 1007 2206 Extra
1041 2151 1325 2206 ecclesiam
1363 2151 1502 2206 hanc
1537 2150 1766 2220 gratiam
1794 2151 1986 2207 eﬁ‘erre
2015 2167 2123 2207 non

545 2245 699 2312 licet,
741 2247 866 2316 quia
905 2247 1104 2306 in.una
1148 2247 1307 2301 domo
1346 2260 1541 2301 carnes
1571 2245 1694 2316 agni
1735 2245 1820 2300 edi
1846 2245 2120 2312 jubentur.

617 2334 1011 2392 Vsus.25.—Si
1032 2337 1328 2392 intraueris.
1355 2335 1494 2391 Sunt
1533 2335 1778 2405 quaedam
1823 2336 1939 2390 loca
1972 2336 2122 2390 Scri-

542 2440 720 2502 plurae
741 2447 860 2502 qua:
880 2431 1237 2487 historialiter
1261 2429 1417 2486 ﬁdem
1447 2430 1712 2497 imbuunt,
1741 2431 1984 2496 quaedam
2007 2446 2124 2485 mn-

547 2524 736 2580 raliter
761 2534 1003 2580 sanctam
1027 2525 1496 2580 conversationem
1528 2524 1800 2577 instruunt
1828 2542 1840 2577 :
1876 2525 2124 2593 quaedam

545 2632 651 2671 non
680 2617 972 2671 secundum
1005 2615 1310 2680 historiam,
1349 2615 1442 2670 sed
1473 2615 1766 2670 secundum
1808 2615 2122 2687 allegoriam

543 2708 851 2763 veneranda
890 2708 1144 2779 mysteria
1172 2707 1483 2762 ostendunt.
1510 2706 1678 2761 Caute
1709 2723 1838 2778 ergo
1867 2709 1918 2762 in
1944 2717 2124 2780 segete

542 2801 774 2872 proximi
814 2799 1122 2854 intrandum
1163 2806 1268 2862 est,
1317 2806 1376 2853 ut
1419 2797 1774 2853 discernenda
1818 2813 2010 2870 carpas
2051 2800 2125 2854 ci-

543 2893 690 2958 bum,
735 2907 842 2947 non
887 2891 1326 2962 praecipitandum
1371 2889 1595 2945 succisae
1644 2889 1838 2960 messis
1877 2891 2123 2946 incurras

539 2984 818 3056 judicium.

1099 3052 1326 3109 CAPUT
1371 3051 1559 3107 XXIV.

613 3171 776 3226 Vsus.
811 3170 833 3224 1
867 3200 936 3209 —
962 3167 1023 3224 Si
1049 3170 1321 3240 acceperit.
1352 3168 1510 3240 (Rau.
1552 3170 1608 3224 in
1647 3169 1824 3232 Deut.,
1869 3177 1998 3225 tom.
2030 3167 2118 3241 ll.)
2147 3215 2164 3260 ⁴

542 3261 714 3317 Homo
741 3278 964 3318 uxorem
995 3263 1223 3330 accepit,
1255 3271 1388 3327 etc.,
1413 3278 1573 3332 usque
1603 3263 1674 3315 ad
1705 3271 1958 3332 tanquam
1983 3262 2120 3317 indi-
2148 3245 2193 3268 ’³

541 3370 643 3426 gna
670 3361 725 3409 et
750 3369 936 3408 errore
963 3353 1162 3424 polluta
1188 3354 1563 3409 abominabilis
1583 3354 1908 3423 permansit;
1941 3355 2116 3409 unde:

551 3443 706 3500 Vobis
737 3445 1002 3516 oportebat
1039 3446 1266 3516 primum
1301 3443 1441 3502 loqui
1471 3445 1680 3500 verbum
1716 3444 1832 3510 Dei,
1863 3445 1953 3499 sed
1992 3462 2122 3516 quo-

541 3539 704 3598 niam,
735 3546 842 3594 etc.
871 3537 1008 3608 (Act.
1039 3538 1181 3609 xm.)

611 3627 791 3700 (Auc.,
823 3628 918 3683 lib.
952 3628 1059 3682 Ide
1087 3643 1322 3682 sermone
1357 3626 1569 3682 Domini
1608 3627 1663 3681 in
1697 3627 1916 3698 monte.)
1943 3627 2121 3682 Multa:

539 3731 695 3778 erant
738 3725 791 3777 in
831 3721 948 3793 lege
985 3737 1163 3778 causae
1193 3721 1496 3778 dimittendi
1531 3736 1758 3786 uxores,
1791 3729 1920 3788 etc.,
1960 3740 2120 3795 usque

541 3813 608 3867 ad
640 3821 700 3866 ut
726 3813 818 3883 qui
865 3813 1068 3870 habent
1105 3811 1322 3880 uxores,
1361 3813 1468 3868 sint
1506 3814 1660 3884 quasi
1705 3829 1810 3870 non
1859 3815 2120 3871 habentes

543 3903 596 3973 (Ι
627 3903 752 3960 Cor.
776 3905 896 3976 vn).

620 3996 844 4053 Scribet.
871 3997 952 4052 Ad
981 3997 1239 4053 duritiam
1267 3998 1448 4053 cordis
1471 3999 1638 4053 vestri
1665 3997 1882 4069 scripsit
1911 3998 2121 4070 Moyses

540 4096 865 4160 praeceptum
881 4088 1044 4153 istud,
1067 4087 1274 4144 malens
1292 4088 1499 4144 scilicet
1520 4088 1796 4160 indulgere
1815 4090 2116 4158 dissidium,

541 4197 703 4253 quam
729 4181 990 4236 committi
1021 4181 1392 4236 homicidium.

616 4274 774 4330 Vsus.
799 4273 855 4328 4.
885 4303 957 4313 --
991 4270 1076 4328 Ne
1105 4288 1337 4343 peccare.
1379 4271 1575 4327 Polluit
1599 4281 1800 4327 terram
1825 4288 1999 4338 suam,
2029 4273 2119 4343 qui

539 4365 992 4436 concupiscentiis
1030 4365 1341 4421 carnalibus
1392 4364 1639 4434 inquinat
1687 4379 1884 4435 corpus
1939 4380 2115 4419 suum.

541 4457 666 4513 Ideo
703 4473 923 4513 necesse
965 4467 1049 4513 est
1084 4457 1435 4512 ambitionem
1479 4457 1763 4526 praesentis
1796 4456 1919 4512 vitae
1959 4456 2120 4512 citius

2301 1953 2465 2010 Vens.
2509 1953 2594 2008 16.
2622 1983 2698 1995 —
2727 1953 2852 2009 Non
2885 1954 3208 2008 occidentur.
3249 1953 3430 2026 (Auo.,
3457 1961 3619 2024 quaest.
3655 1951 3736 2020 ιι).

2227 2045 2404 2100 Etiam
2435 2044 2520 2099 lex
2551 2044 2701 2112 dicit,
2734 2053 2871 2111 etc.,
2902 2062 3064 2117 usque
3093 2044 3162 2099 ad
3198 2060 3308 2101 non
3332 2054 3441 2100 tres
3466 2043 3543 2099 vel
3563 2051 3762 2118 quatuor.

2226 2137 2450 2208 intelligi
2480 2137 2670 2192 voluit.

2297 2230 2462 2284 Vsus.
2513 2229 2599 2282 17.
2631 2260 2701 2268 —
2737 2228 2862 2284 Non
2909 2240 3184 2301 pervertes.
3242 2229 3418 2302 (Auc.,
3459 2239 3622 2300 quiest.
3656 2229 3735 2299 i5).

2225 2320 2368 2375 LXX
2401 2338 2413 2374 :
2447 2319 2573 2375 Non
2601 2319 2886 2375 declinabis
2907 2303 3173 2391 judicium
3203 2322 3416 2376 advena:
3433 2331 3478 2376 et
3505 2321 3688 2390 orphani
3704 2329 3736 2372 et

2224 2415 2419 2468 vidum.
2462 2413 2586 2470 Non
2610 2415 2912 2485 piqnorabis
2942 2417 3305 2470 uestimentum
3333 2415 3512 2470 vidtur.
3547 2414 3637 2470 Cur
3662 2431 3737 2468 non

2226 2510 2322 2574 ait,
2361 2518 2465 2566 ete.
2487 2550 2502 2575 ,
2535 2528 2698 2581 usque
2727 2511 2797 2565 ad
2836 2511 3172 2566 continentia
3208 2512 3267 2566 in
3304 2512 3381 2568 eis
3403 2511 3641 2576 laudatur,
3661 2526 3735 2563 non

2227 2603 2488 2658 desolatio
2518 2604 2948 2659 commendatur.

2310 2695 2509 2752 Virtute.
2541 2698 2712 2752 Vidua
2738 2698 2916 2752 anima
2940 2706 3066 2753 ante
3089 2699 3308 2753 diabolo
3327 2697 3522 2766 juncta,
3543 2697 3617 2752 cui
3639 2711 3736 2750 cont

2225 2804 2396 2844 versa!
2433 2789 2557 2844 ﬁdei
2585 2789 2970 2844 vestimentum
3001 2805 3108 2844 non
3141 2799 3233 2846 est
3260 2789 3605 2845 auferendum.

2300 2877 2463 2933 Vens.
2492 2879 2580 2934 19.
2611 2908 2682 2919 —
2712 2877 2834 2932 Non
2867 2880 3157 2932 reverteris.
3201 2878 3490 2934 lnvidendo
3511 2874 3736 2948 gentibus,

2227 2970 2318 3040 qui
2342 2979 2469 3025 sunt
2493 2969 2714 3024 advena:
2741 2976 3186 3024 testamentorum
3217 2968 3339 3025 Dei.

2302 3059 2460 3115 Vsus.
2493 3059 2582 3114 20.
2611 3091 2681 3100 —-
2711 3058 2772 3114 Si
2793 3059 2968 3131 fruges
2996 3059 3289 3130 collegeris.
3324 3059 3430 3114 Etsi
3454 3056 3638 3128 superbi
3657 3055 3736 3110 col—

2227 3154 2394 3224 ligant
2435 3162 2490 3207 et
2529 3151 2782 3222 improbi,
2824 3151 2913 3206 ille
2951 3152 3385 3208 misericordiam
3416 3150 3535 3205 facit
3561 3149 3637 3219 qui
3667 3147 3738 3200 hoc

2225 3246 2406 3300 animo
2433 3244 2678 3310 dimittit,
2719 3251 2778 3298 ut
2817 3251 3041 3314 egentes
3078 3244 3340 3299 habeant.
3387 3242 3624 3298 Praeterea
3649 3251 3736 3292 cum

2224 3339 2339 3392 haec
2367 3334 2564 3406 populo
2595 3334 3019 3405 praecipiuntur;
3061 3334 3152 3404 qui
3185 3350 3297 3388 non
3329 3333 3566 3403 indigent,
3598 3327 3734 3382 admo-

2219 3440 2418 3488 uentur
2459 3445 2525 3484 ne
2555 3431 2657 3485 ista
2686 3437 2952 3500 quaerant.
2995 3428 3052 3483 Si
3092 3438 3276 3484 autem
3302 3428 3616 3498 quaesierunt,
3653 3429 3735 3474 tan-

2224 3542 2386 3596 quam
2419 3525 2704 3595 praadones
2732 3539 3030 3594 pauperum
3062 3521 3346 3591 judicandi
3375 3529 3509 3578 sunt.

2303 3613 2520 3669 Vineam
2571 3624 2736 3668 tuam.
2778 3612 3004 3670 Vineam
3043 3615 3110 3668 de
3149 3629 3258 3684 qua
3297 3613 3549 3685 colligitur
3578 3609 3730 3670 vinum,

2223 3705 2366 3778 quod
2405 3705 2642 3762 laetiﬁcat
2671 3721 2766 3761 cor
2797 3705 3034 3760 hominis
3061 3702 3238 3776 (Psal.
3271 3705 3409 3778 cm).

2795 3833 3023 3892 CAPUT
3061 3834 3235 3892 XXV.

2293 3977 2460 4032 Vens.
2494 3974 2543 4028 1.
2584 4005 2654 4014 —
2696 3971 2754 4027 Si
2803 3972 2962 4042 fuerit
2999 3987 3180 4026 causa.
3229 3970 3410 4044 (Auc.,
3453 3961 3730 4040 quast.15).

2223 4067 2365 4123 LXX
2397 4087 2409 4121 :
2445 4067 2506 4123 Si
2527 4075 2699 4120 autem
2740 4064 2898 4134 fuerit
2927 4062 3198 4118 altercatio
3224 4063 3359 4118 inter
3385 4060 3611 4120 homines,
3637 4061 3730 4114 etc.,

2224 4178 2384 4233 usque
2410 4160 2478 4214 ad
2501 4160 2580 4214 sic
2602 4168 2656 4213 et
2682 4166 2902 4228 peccata
2931 4172 3052 4226 qute
3075 4172 3182 4211 non
3205 4157 3259 4210 in
3283 4156 3467 4218 Deum,
3495 4151 3577 4208 sed
3598 4150 3640 4202 in
3665 4146 3732 4200 ho-
3769 4230 3772 4234 ι

2225 4255 2425 4310 minem
2455 4250 2706 4306 videntur
2735 4248 2968 4314 admitti,
2992 4247 3238 4318 quaedam
3269 4255 3392 4302 sunt
3423 4245 3564 4315 digna
3584 4245 3728 4295 morte.

2223 4347 2464 4418 quardam
2492 4343 2737 4399 verbere.

2293 4438 2458 4494 Vens.
2490 4438 2544 4492 '5.
2572 4466 2642 4476 —
2667 4433 3179 4504 Quadragenarium.
3215 4419 3731 4501 Quadragenariusde—

545 4551 772 4615 domari,
795 4566 865 4606 ne
887 4551 1062 4606 valeat
1084 4551 1370 4607 dominari.
1393 4550 1458 4605 Et
1488 4567 1609 4606 cum
1632 4561 1846 4606 terrena
1869 4550 2012 4606 actio
2035 4565 2122 4606 se-

2225 4529 2379 4588 nario
2417 4537 2610 4598 quater
2638 4527 2796 4582 ducto
2833 4524 3130 4594 perﬁcitur.
3162 4522 3272 4579 Nos
3303 4536 3430 4578 vero
3466 4519 3526 4573 de
3548 4522 3731 4586 quatuor

543 4641 649 4696 mel
681 4639 842 4696 fuerit
878 4641 1110 4712 repulsa,
1143 4658 1247 4698 non
1275 4649 1357 4696 est
1388 4643 1678 4711 repetenda
1709 4659 1722 4694 :
1753 4656 1820 4696 ne
1851 4648 1973 4710 post
2004 4649 2114 4697 ter-

544 4750 669 4806 gum
695 4734 964 4802 respiciat,
997 4735 1090 4805 qui
1120 4735 1174 4789 in
1201 4744 1382 4790 aratro
1405 4751 1624 4790 manum
1651 4742 1927 4805 posuerat.

614 4823 775 4880 Vens.
808 4824 860 4879 5.
890 4856 961 4865 —
984 4822 1115 4880 Cum
1146 4828 1413 4896 acceperit.
1447 4826 1632 4894 Quasi,
1661 4826 1971 4896 quicunque
1995 4839 2116 4879 car-

543 4916 756 4972 nalibus
793 4915 1074 4973 desideriis
1108 4931 1166 4972 se
1203 4916 1405 4988 obligat
1433 4917 1501 4970 ad
1545 4915 1786 4983 regimen
1834 4914 2115 4978 Ecclesiae,

543 5018 600 5063 el.
625 5009 692 5064 ad
716 5007 1008 5079 spiritalem
1040 5007 1284 5064 militiam
1311 5021 1368 5062 se
1395 5022 1498 5060 non
1523 5005 1752 5059 habilem
1774 5020 1893 5060 esse
1919 5017 2118 5073 cogno-

545 5110 666 5158 scat
692 5119 705 5154 :
735 5101 870 5168 Quia
887 5117 1034 5155 nemo
1058 5100 1290 5154 militans
1313 5099 1419 5153 Deo
1443 5097 1673 5168 implicat
1696 5114 1750 5151 se
1779 5095 2118 5152 saecularibus

547 5195 788 5266 negotiis,
825 5203 879 5248 ut
914 5194 960 5248 ei
981 5191 1194 5264 placeat'
1236 5192 1318 5246 cui
1353 5207 1406 5245 se
1450 5189 1680 5261 probavit
1721 5187 1806 5260 (II
1851 5186 1986 5242 Tim.
2018 5186 2114 5259 ιι);

547 5287 690 5343 unde
723 5304 734 5338 :
790 5284 1001 5340 Nemini
1038 5287 1139 5341 cito
1167 5300 1380 5339 manum
1409 5284 1736 5353 imposueris.

618 5377 794 5450 (lsm.)
846 5375 1007 5432 ’l‘ollit
1062 5376 1260 5431 molam
1305 5374 1638 5444 superiorem
1688 5373 1780 5442 qui
1831 5379 2115 5440 peccatum

546 5473 694 5528 llenti
729 5471 859 5526 dicit
885 5489 896 5523 :
927 5469 1038 5523 Non
1067 5470 1289 5525 habebis
1312 5466 1518 5519 veniam
1555 5465 1618 5519 de
1641 5465 1959 5519 commissis.
1991 5463 2113 5517 Tol-

547 5565 610 5620 lit
650 5564 960 5618 inl'eriorem
1005 5565 1092 5632 qui
1137 5566 1413 5631 peccatum
1457 5556 1722 5626 palpando
1769 5555 1899 5609 dicit
1943 5573 1954 5609 :
2003 5554 2114 5625 Age

547 5673 688 5712 mata
717 5662 978 5726 quantum
1016 5655 1124 5717 vis,
1161 5652 1300 5706 Deus
1335 5651 1454 5721 pius
1481 5656 1562 5703 est
1591 5655 1645 5702 et
1676 5648 1742 5702 ad
1778 5647 1988 5701 veniam
2025 5661 2115 5714 pa-

548 5755 729 5813 ratus;
761 5747 964 5802 utiliter
987 5753 1211 5812 utraque
1239 5741 1379 5796 mola
1408 5741 1650 5795 habetur.
1682 5739 1724 5793 si
1748 5753 1871 5808 spes
1899 5737 2113 5793 sitcum

549 5840 873 5911 emendante
899 5837 1202 5906 formidine,
1226 5845 1281 5894 et
1306 5835 1538 5894 formido
1565 5848 1685 5892 cum
1717 5847 1830 5904 spe.

2224 4622 2506 4680 elementis
2535 4619 2827 4676 secundum
2862 4631 3057 4688 corpus
3100 4616 3443 4672 consistimus
3471 4630 3483 4666 :
3517 4610 3729 4680 praecepi“

2223 4715 2464 4786 decalogi
2491 4729 2590 4784 per
2615 4711 2892 4768 denarium
2917 4711 3270 4781 accipiuntur.
3299 4708 3453 4764 Iubet
3484 4717 3597 4772 ergo
3621 4695 3728 4768 judi-

2223 4809 2368 4865 cium
2393 4807 2478 4861 vel
2503 4805 2793 4861 vindictam
2820 4844 2834 4870 ,
2878 4803 2932 4858 in
2961 4818 3066 4874 qua
3093 4802 3276 4858 carnis
3302 4807 3567 4872 peceatum
3586 4787 3730 4864 plecti-

2223 4908 2344 4963 tur,
2375 4895 2666 4952 secundum
2694 4903 2962 4963 praecepta
2989 4892 3260 4960 ordinari,
3293 4898 3348 4946 et
3385 4887 3554 4947 omnia
3576 4891 3729 4954 prtere-

2222 4999 2315 5062 pta
2346 4991 2398 5045 in
2437 4987 2690 5058 decalogo
2717 4985 2833 5040 vult
2853 4985 3098 5055 intelligi.

2295 5082 2467 5154 (lsm.)
2487 5081 2542 5136 ln
2559 5078 2984 5150 quadragenario
3009 5078 3111 5131 hoc
3127 5083 3338 5146 tempus
3359 5074 3615 5145 ﬁguratur,
3631 5070 3727 5123 etc.,

2224 5194 2386 5248 usque
2411 5176 2477 5229 ad
2507 5174 2616 5228 illic
2645 5173 2760 5227 sine
2792 5177 3014 5242 peccato
3042 5168 3363 5224 invenimur.
3676 5245 3684 5256 ι

2295 5269 2455 5323 Vsus.
2484 5266 2538 5320 4.
2555 5296 2624 5305 -
2641 5264 2712 5319 Os
2736 5264 2873 5318 bouis
2897 5261 3216 5323 triturantis.
3241 5257 3479 5331 (lsm.)ln
3503 5256 3620 5310 bove
3647 5254 3726 5298 vita

2222 5356 2562 5428 operantium
2587 5353 2925 5423 exprimitur,
2949 5351 3016 5406 de
3050 5365 3156 5420 quo
3195 5349 3392 5404 dicitur
3431 5364 3444 5400 :
3476 5344 3649 5434 Dignus
3673 5341 3728 5434 cf!

2219 5427 2358 5505 enim
2386 5448 2653 5517 operarius
2675 5443 2908 5498 mercede
2929 5460 3025 5496 sua
3054 5440 3204 5512 (Luc.
3241 5441 3318 5512 χ).
3347 5437 3463 5495 Vult
3483 5446 3596 5502 ergo
3617 5427 3728 5526 sert-

2219 5553 2374 5616 ptura
2403 5540 2646 5612 prmstari
2675 5537 2910 5593 carnalia
2935 5536 3000 5591 iis
3027 5551 3055 5590 a
3080 5537 3274 5607 quibus
3310 5529 3581 5616 accipimus
3605 5517 3729 5616 spiri-

2221 5612 2409 5690 tualia.
2432 5633 2521 5701 qui
2544 5629 2789 5699 occupati
2819 5628 2872 5682 in
2895 5628 3138 5683 doctrina
3163 5643 3266 5681 non
3287 5630 3503 5693 possunt
3530 5612 3616 5669 sibi
3635 5618 3726 5678 pro-

2223 5729 2408 5784 videre
2439 5724 2762 5779 necessaria.

2293 5822 2454 5877 Vens.
2486 5820 2540 5873 5.
2573 5849 2636 5859 —
2675 5815 2918 5883 Quando.
2965 5815 3143 5886 (AUG.,
3188 5815 3369 5885 quwst.
3407 5802 3510 5874 46.)
3537 5798 3654 5853 υἰέ
3680 5792 3724 5841 δι
