4006 6352
271 401 376 460 481

1301 405 1568 463 GLOSSA
1607 404 2115 464 ORDINARIA.-—
2151 408 2278 466 LIB.
2319 410 2524 470 DEUT.

3439 426 3544 485 482

273 519 397 567 ante
432 511 797 570 habitaverunt
825 515 1034 586 fratres,
1080 523 1208 583 etc.,
1235 532 1397 589 usque
1423 517 1492 571 ad
1519 526 1611 572 aut
1640 519 1855 590 adoptio
1882 522 1932 582 Α
1960 519 2014 574 ἱη
2043 529 2187 576 terra
2208 526 2588 594 promissionis
2623 543 2749 586 suas
2774 529 3045 602 primitias
3064 533 3325 606 jubentur
3350 538 3546 598 offerre

273 605 404 659 fecit
435 604 664 660 alterum
687 617 900 677 patrem
922 623 1079 678 quem
1107 618 1290 679 posset
1318 611 1519 666 habere
1545 611 1764 683 Joseph.

345 691 512 750 Vens.
542 695 683 750 5.—
705 696 946 752 Mortuus
981 699 1160 768 fuerit.
1191 699 1391 756 Passus
1419 710 1502 757 est
1533 711 1590 758 et
1617 704 1861 760 ascendit

278 788 329 845 In
358 791 556 846 cmlum
585 792 765 847 adhuc
794 807 1064 865 synagoga
1100 795 1271 851 sterili
1301 807 1676 866 permanente.

347 883 456 940 Sed
479 885 717 954 accipiet,
749 894 856 942 etc.
902 887 1004 954 Qui
1035 904 1226 961 regere
1255 890 1418 956 valet,
1453 893 1538 946 cui
1566 892 1769 948 nolenti
1802 893 1856 948 in

271 971 471 1032 faciem
512 977 712 1033 mulier
735 981 970 1050 exspuit.
1005 979 1104 1048 Qui
1141 983 1286 1036 enim
1325 983 1481 1038 donis
1524 984 1856 1053 spiritalibus

270 1082 383 1121 non
413 1076 565 1121 curat
591 1068 849 1138 prodesse
883 1069 1024 1135 aliis,
1054 1071 1215 1141 hujus
1240 1071 1403 1126 etiam
1431 1073 1589 1128 bonis
1614 1073 1854 1132 Ecclesia

269 1159 613 1228 exprobrans
641 1161 797 1230 quasi
828 1161 880 1215 in
913 1160 1106 1217 faciem
1128 1161 1299 1231 jactat
1327 1164 1571 1220 salivam.

343 1247 511 1304 Vens.
553 1248 606 1303 9.
629 1277 701 1290 -
723 1247 1164 1306 Calceamentum.
1219 1253 1294 1310 De
1322 1271 1429 1324 quo
1459 1256 1658 1311 dicitur
1685 1275 1697 1311 :
1728 1257 1853 1314 Cat-

270 1339 408 1392 ceati
449 1337 604 1408 pedes
637 1338 692 1392 in
720 1343 1105 1411 praeparatione
1140 1341 1411 1415 Evangelii
1440 1347 1585 1414 pacis
1635 1347 1851 1418 (Ezech.

268 1428 371 1502 vi).
438 1428 495 1484 Si
545 1438 606 1484 ut
657 1439 923 1498 nostram,
977 1433 1057 1489 sic
1086 1448 1273 1490 curam
1315 1438 1549 1506 proximi
1594 1440 1851 1511 gerimus,

271 1531 566 1592 utrumque
613 1523 807 1592 pedem
847 1524 1217 1582 calceamento
1245 1529 1550 1597 munimus;
1591 1533 1685 1603 qui
1723 1549 1855 1591 vero

270 1627 431 1668 suam
498 1614 746 1684 cogitans
811 1615 1102 1672 utilitatem
1165 1621 1535 1690 proximorum
1600 1625 1854 1696 negligit,

269 1705 430 1775 quasi
487 1705 647 1761 unius
704 1708 860 1777 pedis
918 1709 1346 1768 calceamentum
1416 1729 1540 1771 cum
1591 1717 1856 1777 dedecore

269 1796 494 1852 amittit.

1959 626 2060 681 pro
2084 615 2379 683 gratiarum
2407 619 2639 680 actione.
2683 623 2808 692 quia
2836 625 3007 694 erepti
3039 635 3164 681 sunt
3191 629 3258 684 de
3281 628 3538 703 Egypto,

1961 702 2039 757 sic
2069 719 2168 760 nos
2193 720 2290 776 per
2319 708 2615 778 spiritalem
2649 711 2962 782 Iordanem,
2995 717 3048 771 id
3081 727 3165 774 est
3191 702 3539 794 baptismum,

1963 796 2162 846 terram
2197 793 2454 853 Ecclesiae
2495 799 2760 858 intrantes
2797 819 3062 874 ponamus
3094 809 3147 862 in
3179 811 3382 866 cartalo
3409 829 3543 870 con-

1958 885 2285 942 versationis
2330 897 2528 946 nostrae
2576 895 2844 963 primitias
2883 900 3214 968 Operationis
3255 906 3444 973 home,
3489 917 3544 963 et

1959 969 2254 1031 offeramus
2280 978 2391 1034 Deo
2432 980 2487 1034 in
2517 981 2672 1037 altari
2713 985 2838 1041 ﬁdei
2879 989 3175 1055 catholicae,
3207 1001 3266 1048 ut
3293 969 3545 1053 sacerdos

1959 1072 2146 1121 noster
2192 1066 2443 1125 Christus
2484 1073 2777 1142 suscipiat,
2825 1075 3005 1148 ibique
3047 1081 3400 1139 conﬁteamur
3439 1087 3546 1144 Dos

1967 1158 2118 1214 mino
2149 1160 2392 1218 dicentes
2421 1166 2563 1233 quod
2597 1165 2789 1238 Syrus,
2827 1171 2920 1240 qui
2963 1173 3350 1245 interpretatur
3376 1180 3546 1236 subli-

1958 1251 2085 1318 mis,
2114 1254 2198 1309 vel
2230 1255 2572 1326 humectans,
2629 1261 2681 1316 id
2710 1273 2793 1318 est
2827 1265 3092 1336 diabolus,
3121 1275 3547 1345 persequebatur

1959 1353 2169 1411 patrem
2202 1357 2470 1414 nostrum,
2505 1351 2558 1405 id
2588 1361 2672 1407 est
2713 1357 3132 1429 protoplastum,
3170 1372 3229 1418 ut
3260 1366 3544 1439 deceptum

1957 1449 2056 1504 per
2086 1439 2415 1508 superbiam,
2435 1443 2614 1513 gulam
2640 1453 2696 1501 et
2721 1449 3028 1518 avaritiam,
3061 1459 3297 1526 paradisi
3333 1475 3546 1532 posses-

1958 1524 2109 1581 sione
2138 1529 2402 1598 privaret,
2447 1535 2590 1591 unde
2629 1539 2782 1594 exsul
2827 1541 2880 1596 in
2902 1524 3138 1616 Egypto
3174 1524 3541 1620 hujusmuudi

1956 1621 2336 1690 peregrinatus
2363 1634 2450 1681 est
2486 1628 2541 1682 in
2571 1644 2740 1699 parvo
2781 1649 3025 1704 numero,
3063 1641 3190 1710 quia
3235 1646 3391 1700 multi
3430 1645 3545 1702 ido-

1958 1705 2232 1765 lolatriam
2273 1717 2446 1771 secuti
2483 1728 2627 1781 sunt,
2659 1733 2714 1777 et
2745 1727 2902 1794 pauci
2933 1705 3118 1787 fideles
3146 1748 3541 1796 remanserunt.

1961 1796 2067 1854 Sed
2106 1811 2392 1874 postquam
2431 1807 2549 1880 lege
2589 1811 2712 1868 data
2739 1815 2923 1885 plures
2957 1821 3328 1893 surrexerunt,
3366 1831 3543 1888 svien-

340 1887 422 1941 De
454 1887 605 1958 pede,
641 1887 693 1943 id
729 1897 813 1944 est
839 1890 1092 1948 mercede
1138 1893 1541 1964 praedicationis
1583 1898 1856 1968 privatum
1887 1904 1936 1964 Β
1964 1889 2094 1982 tiam
2134 1902 2188 1948 et
2217 1895 2376 1958 (idem
2411 1902 2576 1957 unius
2603 1903 2696 1959 Dei
2729 1909 3078 1979 accipientes,
3113 1887 3422 1977 amiserunt
3451 1940 3544 1982 eos

268 1979 541 2034 ostendet.
585 1979 879 2036 Doctorum
917 1983 1064 2036 enim
1100 1983 1267 2053 pedes
1291 1984 1517 2042 calceati
1557 1997 1702 2055 sunt,
1730 1991 1858 2060 quia

269 2069 535 2140 exemplis
563 2070 985 2141 praecedentium
1011 2083 1227 2146 patrum
1257 2079 1450 2132 muniti
1480 2095 1702 2150 gressus
1725 2096 1860 2151 prae-

269 2165 561 2220 dicationis
604 2180 796 2220 eorum
834 2167 1031 2222 imitati
1076 2177 1226 2224 sunt.
1287 2169 1532 2242 Utroque
1569 2174 1707 2244 pede
1743 2174 1855 2230 cal-

269 2269 463 2316 ceatus
495 2272 600 2329 est,
631 2265 724 2334 qui
760 2265 863 2320 sibi
891 2272 946 2320 et
970 2266 1091 2322 aliis
1117 2269 1356 2338 prodest.

341 2371 508 2428 Vens.
544 2373 628 2428 Η.
649 2376 720 2416 —'—
749 2373 821 2428 Et
856 2393 993 2432 unus
1035 2387 1219 2433 contra
1252 2377 1494 2432 alterum.
1546 2378 1857 2439 Catholicus

269 2463 671 2536 hmreticusque
735 2482 966 2537 quorum
1031 2477 1294 2540 perpetua
1347 2471 1618 2527 contentio
1645 2514 1660 2539 ,
1729 2473 1856 2543 quia

268 2554 458 2625 dispar
477 2555 706 2612 intentio
731 2575 744 2610 :
771 2558 910 2614 alter
927 2559 1071 2614 enim
1097 2559 1411 2625 falsitatem,
1441 2560 1579 2616 alter
1603 2561 1850 2618 defendit

267 2645 580 2713 veritatem,
604 2656 660 2702 et
685 2647 942 2704 resistere
971 2659 1184 2722 oportet
1207 2652 1404 2719 errori,
1433 2667 1503 2709 ne
1531 2653 1636 2709 sibi
1658 2653 1854 2712 stultus

273 2737 495 2810 sapiens
516 2739 765 2795 videatur
1343 2796 1368 2812 ,

341 2828 668 2902 Miseritque.
704 2832 809 2889 Per
847 2833 1039 2890 falsam
1081 2835 1435 2905 ignominiam
1473 2840 1556 2895 vel
1587 2848 1854 2900 actionem

268 2920 690 2979 abominandam
756 2925 986 2982 voluerit
1054 2927 1307 2984 catholici
1383 2933 1852 2990 conversationem

268 3015 548 3072 maculare
581 3017 663 3072 vel
693 3018 996 3075 doctrinam
1025 3022 1329 3082 diﬂ‘amare.

349 3103 610 3162 Verenda.
671 3109 971 3167 Infirmiora
1023 3115 1263 3170 membra
1312 3116 1596 3184 Ecclesia,
1647 3121 1855 3178 scilicet

267 3197 457 3256 volent
488 3200 810 3260 blandiendo
839 3204 1091 3276 decipere
1121 3209 1206 3264 vel
1245 3209 1554 3268 insultando
1579 3212 1846 3272 deridere.

1963 1981 2227 2056 Egyptii,
2252 1987 2304 2042 id
2332 2000 2417 2045 est
2443 1993 2733 2065 daemones,
2765 2016 2929 2058 onera
2960 2019 3305 2076 peccatorum
3337 2018 3544 2087 gravis-

1961 2075 2099 2132 sima
2146 2079 2506 2151 imponentes.
2563 2087 2670 2144 Sed
2695 2096 2938 2164 respexit
2960 2075 3102 2156 Deus
3131 2075 3367 2161 humani
3382 2124 3543 2180 gene-

1962 2167 2038 2223 ris
2065 2168 2410 2230 aﬂlictionem
2453 2188 2509 2233 et
2549 2179 2813 2251 laborem,
2841 2196 2896 2242 et
2943 2191 3092 2247 misit
3115 2194 3310 2252 Filium
3361 2167 3538 2269 suum,

1959 2261 2051 2329 qui
2084 2278 2274 2321 manus
2301 2265 2417 2336 ejus
2449 2277 2504 2326 et
2535 2272 2820 2331 brachium
2868 2280 3091 2350 dicitur,
3123 2296 3183 2342 ut
3209 2291 3443 2360 eriperet
3475 2261 3542 2351 de

1957 2359 2226 2422 potestate
2271 2361 2634 2431 tenebrarum,
2666 2377 2721 2423 et
2751 2371 3071 2431 transferret
3106 2377 3163 2432 in
3192 2359 3416 2453 regnum
3459 2386 3540 2442 lu-

1957 2446 2054 2501 cis.
2089 2447 2180 2505 Sic
2211 2452 2432 2510 tradidit
2456 2457 2614 2514 nobis
2655 2467 2854 2518 terram
2884 2465 3026 2522 lacte
3057 2477 3111 2524 et
3134 2446 3292 2529 melle
3316 2492 3539 2534 manau-

1957 2544 2086 2604 tem,
2117 2540 2170 2595 id
2199 2551 2301 2608 est,
2341 2555 2616 2616 potentem
2646 2550 2964 2623 Ecclesium,
2990 2557 3080 2614 ubi
3106 2560 3190 2618 lac
3213 2563 3539 2628 innocentia:

1955 2638 2010 2687 et
2049 2631 2204 2689 favus
2233 2636 2510 2705 doctrinae,
2545 2643 2689 2699 unde
2734 2648 3050 2706 nutriantur
3083 2657 3315 2724 parvuli,
3347 2669 3403 2716 et
3431 2665 3538 2720 mel

1957 2722 2130 2780 dulcis
2165 2734 2222 2783 et
2263 2729 2573 2801 multiplicis
2590 2735 2916 2820 .sapientiaa,
2944 2722 3101 2800 unde
3123 2722 3390 2807 satientur
3409 2769 3536 2824 per-

1955 2813 2104 2872 fecti.
2444 2840 2446 2842 ν

2027 2909 2190 3008 Vens.
2245 2913 2447 3008 10.n—
2488 2919 2662 2984 Quam
2711 2923 2973 2984 Dominus
3011 2929 3156 2989 Deus
3199 2937 3379 3008 dedit,
3428 2951 3533 3001 etc.

1955 2995 2119 3064 Quasi
2155 3017 2262 3057 non
2297 3002 2467 3063 offero
2502 3009 2605 3066 nisi
2639 3015 2784 3084 quod
2822 3017 2968 3073 dedit
2996 3039 3009 3074 :
3055 3038 3215 3081 omne
3261 2995 3404 3086 enim

1955 3110 2084 3150 num
2114 3111 2144 3150 a
2171 3098 2282 3154 Deo
2308 3109 2409 3157 est.

2029 3183 2245 3285 Domini
2271 3189 2372 3245 Dei
2399 3195 2496 3248 tui.
2532 3195 2634 3264 Qui
2668 3202 2826 3270 quasi
2868 3205 2969 3261 sub
2995 3209 3166 3267 oculis
3193 3210 3448 3285 servabit,
3481 3231 3537 3278 et

323 3293 511 3348 γωδ.
540 3294 628 3348 15.
651 3326 720 3337 —-
752 3295 874 3351 Non
903 3265 1114 3354 habebis
1154 3301 1210 3355 in
1235 3265 1572 3360 sacculofl-n

1967 3278 2145 3335 reddet
2172 3281 2226 3336 in
2251 3283 2344 3340 illa
2369 3287 2456 3344 die
2478 3265 2860 3362 justusjudex.

268 3387 416 3442 idem
468 3387 828 3444 interdicitur.
880 3389 1134 3448 Salomon
1185 3410 1400 3466 quoque
1447 3397 1524 3453 ait
1568 3415 1580 3452 :
1632 3398 1852 3458 Pondus

267 3497 520 3550 magnum
545 3491 594 3535 et
614 3483 884 3551 pusillum,
914 3495 961 3538 et
995 3503 1253 3543 mensura:
1289 3488 1542 3559 duplices,
1568 3493 1852 3550 immunda

266 3583 394 3626 sunt
419 3576 560 3644 apud
584 3574 752 3630 Deum
774 3574 956 3647 (Prov.
988 3579 1108 3650 xx).

341 3669 518 3741 (lsm.)
562 3670 684 3725 Non
717 3672 928 3727 habebis
965 3675 1019 3728 in
1053 3674 1282 3731 sacculo.
1326 3675 1686 3748 Spiritualiter
1714 3696 1852 3752 quo\

268 3779 378 3834 que
425 3763 748 3819 studendum
790 3775 897 3832 est,
946 3781 1015 3820 ne
1055 3768 1270 3825 diversa
1310 3771 1550 3840 pondera
1597 3773 1651 3828 in
1689 3775 1854 3830 corde

268 3856 586 3920 habeamus,
627 3856 681 3912 id
719 3841 831 3924 est,
863 3858 1220 3917 districtionis
1251 3863 1494 3932 regulam
1523 3864 1683 3920 nobis
1712 3865 1850 3921 mol-

267 3946 489 4012 lientes,
531 3961 625 4003 eos
663 3949 860 4018 quibus
901 3951 1125 4005 verbum
1155 3951 1250 4007 Dei
1286 3955 1642 4022 praedicamus
1671 3957 1853 4014 distri-

269 4037 536 4093 ctioribus
589 4039 872 4110 praeceptis
921 4041 1074 4111 quasi
1129 4043 1466 4113 gravioribus
1523 4047 1853 4117 ponderibus

266 4128 586 4185 obruamus.
657 4131 810 4199 Quod
857 4148 980 4187 cum
1027 4133 1292 4202 facimus,
1360 4137 1572 4194 diverso
1613 4141 1852 4210 pondere

267 4228 665 4292 praeceptorum
695 4222 907 4277 Domini
950 4226 1256 4282 mercedem
1287 4225 1604 4300 frugemque
1644 4248 1847 4303 appen-

267 4312 470 4379 dimus,
503 4314 682 4369 unde:
714 4314 1045 4372 Abominatio
1073 4327 1148 4373 est
1170 4317 1396 4375 Domino
1427 4324 1633 4392 pondus
1655 4325 1850 4398 duplex

266 4403 454 4476 (Prov.
484 4406 626 4478 xx).-

342 4518 511 4574 Vens.
543 4520 630 4574 t7.
651 4551 723 4561 —
743 4521 1003 4578 Memento
1031 4540 1167 4597 qua.
1191 4525 1434 4582 Tradunt
1463 4526 1674 4586 Hebraei
1701 4532 1846 4602 quod

263 4609 514 4680 leprosos
563 4624 618 4666 et
663 4613 867 4669 semine
911 4613 1157 4682 ﬂuentes,
1196 4625 1249 4672 et
1272 4679 1274 4683 λ
1297 4617 1433 4674 alios
1475 4628 1628 4676 extra
1665 4632 1844 4679 castra
1869 4630 1926 4694 ι)

263 4703 476 4775 positos
543 4703 875 4760 interfecerit
936 4706 1184 4775 Amalec,
1238 4717 1293 4764 et
1343 4711 1442 4766 hos
1489 4713 1673 4768 dicunt
1727 4730 1849 4772 esse

263 4799 545 4848 extremos
581 4794 810 4864 agminis
837 4795 1072 4851 Domini.
1122 4798 1338 4855 Amalec
1379 4800 1587 4873 lingens
1631 4805 1852 4877 sangui-

262 4899 415 4940 nem.
462 4884 524 4940 Hi
567 4895 694 4941 sunt
737 4887 1009 4944 daemones
1055 4891 1145 4958 qui
1191 4891 1344 4946 nobis
1389 4907 1486 4962 per
1520 4895 1849 4965 baptismum

262 4977 336 5032 de
374 4977 607 5046 spiritali
635 4977 872 5052 Egypto
911 4981 1233 5038 exeuntibus
1275 4983 1650 5054 adversantur,
1696 4997 1751 5044 et
1795 4991 1850 5046 in

260 5069 563 5128 virtutibus
613 5081 906 5140 extremos,
956 5083 1014 5130 et
1049 5075 1102 5130 in
1139 5075 1334 5132 itinere
1377 5077 1536 5149 hujus
1573 5079 1698 5136 vita:
1741 5081 1850 5138 las-

261 5171 422 5223 satos
463 5174 687 5235 peccata
743 5167 1078 5237 suggerendo
1135 5168 1352 5224 student
1395 5171 1662 5228 occidere.
1737 5173 1848 5231 Hos

265 5269 395 5311 cum
421 5256 682 5310 Dominus
723 5257 1034 5340 facultatem
1073 5259 1307 5328 dederit,
1340 5263 1562 5318 omnino
1591 5265 1847 5323 debemus
1915 5293 1918 5296 ~

264 5346 586 5403 subvertere
610 5355 665 5404 et
690 5349 1060 5420 suggestiones
1088 5366 1275 5407 eorum
1295 5355 1442 5409 omni
1469 5357 1628 5412 modo
1651 5357 1849 5427 ejicere

268 5445 434 5509 atque
481 5439 688 5506 delere,
730 5456 798 5495 ne
841 5441 884 5494 si
928 5441 1137 5513 aliquas
1185 5444 1475 5515 reliquias,
1523 5449 1663 5505 sicut
1695 5451 1843 5520 Saul,

265 5534 684 5603 servaverimus,
724 5536 880 5606 quasi
928 5537 1299 5595 inobedientes
1336 5558 1456 5598 cum
1500 5544 1580 5600 eis
1619 5548 1844 5605 subver-

267 5632 470 5680 tamur.

840 5722 1067 5780 CAPUT
1101 5724 1268 5781 XXVI

2029 3373 2192 3472 Vsus.
2230 3377 2318 3434 11.
2363 3411 2432 3420 -—
2477 3380 2812 3456 Epulaberis,
2870 3393 3097 3464 spiritali
3153 3403 3418 3472 convivio,
3469 3409 3538 3466 de

1955 3479 2062 3535 quo
2089 3466 2290 3525 dicitur
2318 3489 2331 3525 :
2358 3471 2643 3546 Comedite,
2663 3484 2839 3549 amici,
2863 3496 2913 3540 et
2942 3489 3298 3563 inebriamini,
3330 3466 3532 3558 charis.

1954 3559 2078 3614 simi
2103 3560 2331 3631 (Cantia.
2362 3567 2433 3638 ν).

2025 3653 2094 3707 Et
2130 3654 2349 3725 Levites,
2379 3676 2540 3718 verus
2578 3663 2674 3721 Dei
2724 3669 2972 3729 minister
3011 3689 3319 3752 assumptus
3345 3699 3409 3740 ex
3441 3689 3538 3746 ho-

1955 3743 2210 3815 minibus,
2240 3757 2296 3805 et
2317 3754 2645 3814 constitutus
2671 3774 2770 3831 pro
2792 3759 3176 3828 hominibus’in
3195 3743 3294 3831 his
3322 3792 3442 3848 quae
3466 3743 3534 3839 ad

1955 3835 2124 3894 Deum
2150 3851 2294 3899 sunt.

2026 3932 2190 3987 Vens.
2224 3936 2310 3990 12.
2335 3968 2405 3978 -—-
2432 3940 2656 4006 Quando
2695 3951 3027 4020 compleveris
3058 3973 3072 4010 :
3122 3957 3224 4015 hoc
3267 3961 3398 4034 legis
3431 3982 3532 4022 im-

1954 4026 2132 4096 plesse
2161 4029 2405 4100 Tobiam,
2441 4039 2534 4092 sed
2573 4041 2662 4109 qui
2695 4041 2851 4115 longe
2891 4059 3049 4104 erant
3087 4066 3118 4106 a
3147 4026 3345 4125 templo
3374 4061 3534 4115 tertio

1955 4133 2098 4175 anno
2129 4121 2382 4181 collectas
2416 4128 2578 4184 trium
2609 4147 2871 4190 annorum
2901 4137 3142 4198 decimas
3171 4121 3370 4201 dabant
3396 4164 3532 4217 pau-

1952 4212 2173 4282 peribus
2200 4223 2256 4270 et
2276 4215 2480 4276 Levitis
2513 4223 2606 4291 qui
2633 4239 2815 4280 secum
2843 4232 3212 4290 morabantur.

2483 4348 2711 4407 CAPUT
2784 4353 2994 4412 XXVI].

2022 4477 2186 4537 Vsus.
2215 4483 2271 4537 2.
2298 4513 2369 4524 —
2391 4479 2635 4555 Lapides.
2687 4487 2947 4546 Doctores
2975 4493 3175 4551 debent
3201 4511 3417 4556 omnem
3443 4517 3531 4560 as-

1951 4574 2238 4644 peritatem
2266 4575 2555 4646 deponere,
2599 4586 2653 4632 et
2685 4580 2805 4635 ideo
2829 4581 3093 4652 splendidi
3135 4603 3396 4660 apparere
3432 4596 3531 4652 ha-

1956 4665 2147 4721 bentes
2175 4666 2345 4737 legem
2375 4669 2634 4739 scriptam
2663 4671 2718 4725 in
2747 4674 3000 4731 cordibus
3031 4680 3161 4736 suis.

2025 4755 2188 4812 Vens.
2221 4757 2276 4812 4.
2325 4789 2394 4798 -
2432 4759 2657 4825 Quando
2703 4781 2844 4835 ergo.
2893 4767 3068 4842 (lsm.)
3116 4772 3394 4841 Quomodo
3427 4780 3528 4838 boe

1953 4845 2155 4908 factum
2206 4847 2390 4915 fuerit,
2438 4857 2569 4917 etc.,
2618 4869 2781 4925 usque
2824 4857 2894 4911 ad
2935 4861 3025 4929 qui
3062 4861 3248 4922 altaris
3279 4879 3530 4928 constru-

1950 4939 2130 4996 ctione
2155 4940 2300 5011 digni
2322 4949 2464 4996 sunt.

2021 5031 2124 5100 Qui
2141 5033 2296 5104 juxta
2325 5042 2563 5091 montem
2591 5037 2831 5095 Garizim
2859 5041 3113 5104 incedunt
3143 5048 3300 5104 electi
3335 5053 3403 5108 ad
3424 5055 3522 5111 be-

1951 5125 2326 5192 nedicendum,
2372 5127 2719 5198 figuranteos
2743 5134 2835 5205 qui
2875 5152 2982 5193 non
3020 5148 3168 5195 metu
3195 5155 3388 5211 patriae,
3432 5149 3526 5206 sed

1951 5217 2188 5272 caelestis
2233 5220 2608 5289 promissionis
2655 5239 2841 5281 amore
2893 5231 3159 5298 succensi,
3192 5233 3415 5292 veniunt
3455 5239 3523 5295 ad

1949 5307 2199 5363 salutem.
2245 5310 2345 5378 Qui
2366 5312 2522 5382 juxta
2551 5325 2790 5372 montem
2825 5319 2993 5375 Hebal
3019 5322 3298 5395 incedunt,
3326 5331 3379 5385 in
3417 5349 3524 5403 quo

1951 5399 2356 5457 maledictiones
2383 5405 2606 5473 prolatae
2651 5417 2803 5474 sunt;
2848 5410 2900 5464 hi
2930 5417 3176 5486 suntqui
3203 5434 3307 5474 non
3341 5399 3525 5480 amore

1949 5493 2382 5550 benedictionum
2414 5497 2494 5553 vel
2541 5502 2978 5568 promissionum,
3019 5510 3112 5562 sed
3141 5510 3522 5580 suppliciorum

1952 5590 2165 5655 timore,
2197 5590 2330 5662 legis
2377 5602 2642 5663 praecepta
2670 5593 2890 5649 faciunt.
2933 5595 3134 5652 Omnes
3162 5607 3344 5654 autem
3374 5603 3520 5660 circa

1949 5699 2128 5739 arcam
2177 5684 2452 5749 incedunt,
2503 5686 2627 5754 quia
2674 5686 2742 5739 ab
2786 5686 3037 5742 Ecclesiae
3077 5688 3197 5743 sinu
3231 5706 3337 5747 non
3373 5710 3522 5751 rece-

1949 5775 2100 5831 dunt.
2154 5775 2262 5831 Sed
2307 5774 2618 5841 nobiliores,
2665 5776 2757 5844 qui
2789 5791 2856 5831 ex
2900 5777 3184 5846 cbaritate,
3236 5795 3396 5852 quam
3430 5786 3520 5855 qui

345 5852 502 5910 Vens.
538 5855 583 5909 l.
612 5886 682 5897 —-
709 5855 940 5928 Cumque
959 5861 1253 5932 intraveris,
1278 5871 1381 5920 etc.
1415 5864 1567 5924 Sicut
1589 5867 1843 5926 Israelita:
1946 5883 2119 5940 poenae
2154 5870 2345 5926 timore
2381 5868 2641 5926 serviunt.
2676 5867 2832 5927 Solus
2867 5887 2996 5928 vero
3027 5870 3181 5930 Jesus
3206 5884 3385 5947 potest
3417 5878 3523 5935 hu-

3981 4313 3983 4324 t
