4006 6352
517 439 625 498 485
1003 433 1396 491 WALAFRIDI
1434 429 1680 488 STRABI
1717 427 1921 486 FULD.
1963 427 2132 484 MON.
2171 425 2322 485 OPP.
2363 426 2544 483 PARS
2581 427 2623 482 l.
2663 457 2734 467 —-
2774 424 3233 483 THEOLOGICA.
3677 424 3784 483 484

511 557 749 629 jusmodi
777 561 985 610 mentes
1027 565 1370 624 cognoscere,
1405 557 1460 604 et
1485 549 1620 602 alios
1647 548 1702 602 in
1732 555 1915 602 monte
1939 544 2096 602 Gari-
2121 554 2176 615 Α
2200 547 2350 601 sione
2375 545 2624 601 omnibus
2666 544 3008 600 sermonibus
3041 543 3175 613 legis
3199 557 3546 614 permanere,
3578 557 3702 598 cum
3730 556 3786 601 et

520 653 625 707 zim
657 650 723 706 ad
762 645 1203 708 benedicendum,
1237 643 1368 697 alios
1397 643 1450 696 in
1482 647 1662 694 monte
1691 637 1858 693 Hebal
1885 639 1951 692 ad
1984 653 2097 692 ma-

515 741 856 797 ledicendum
900 746 1161 800 statuere,
1213 750 1319 789 non
1367 741 1426 786 ut
1472 731 1902 786 maledictionem
1948 731 2094 784 acci-

2197 640 2394 696 Paulus
2408 639 2551 695 dicat
2576 657 2588 692 :
2609 638 2914 709 Quicunque
2925 655 2989 691 ex
3010 637 3248 706 operibus
3261 636 3387 708 legis
3398 646 3548 704 sunt,
3570 636 3668 692 sub
3681 654 3787 690 ma-

2196 732 2384 786 ledicto
2411 727 2791 801 sunt?(Galat.
2829 731 2936 800 ιιι.)
2960 728 3128 784 Nemo
3165 729 3306 783 hanc
3335 727 3783 784 maledictionem

514 835 687 906 piant,
735 831 830 887 sed
858 838 918 884 ut
945 826 1344 883 maledictiones
1373 825 1602 894 scriptas
1638 833 1693 877 et
1723 809 2116 892 peccatoribus/
2195 825 2427 881 evadere
2463 825 2654 894 potuit,
2685 838 2782 877 nec
2820 822 3116 892 legislator,
3146 823 3250 876 nisi
3279 821 3556 886 Christus,
3593 821 3736 877 unde
3766 841 3781 876 :

516 924 840 983 constitutas
866 927 1112 982 caveant,
1139 927 1192 971 et
1217 918 1407 972 timore
1429 915 1681 986 supplicii
1704 915 2021 984 poeniteant.

585 1015 750 1070 Vens.
782 1015 867 1067 15.
901 1042 970 1051 -
993 1009 1061 1065 Et
1081 1008 1514 1080 pronuntiabunt.
1538 1005 1672 1074 Quia
1697 1006 1951 1061 sacerdos
1976 1021 2096 1060 ver-

513 1107 643 1162 bum
676 1106 942 1160 instanter
983 1109 1037 1156 et
1074 1100 1318 1154 valenter
1342 1098 1553 1169 pOpuliS
1589 1097 1884 1168 praedicare
1911 1095 2092 1161 debet,

514 1208 576 1256 ut
602 1199 796 1262 sciant,
824 1195 869 1252 si
897 1195 1149 1250 mandata
1175 1191 1271 1246 Dei
1301 1190 1680 1262 praeterierint,
1703 1205 1824 1259 qua}
1851 1187 2095 1258 pericula

513 1295 798 1354 maneant;
850 1287 896 1342 si
950 1285 1271 1351 obedierint,
1307 1297 1427 1352 quae
1470 1290 1763 1352 sequantur
1809 1279 2092 1348 beneficia,

514 1381 721 1437 scilicet
749 1381 802 1433 in
833 1377 1084 1448 przesenti
1119 1376 1231 1430 vita
1271 1374 1541 1438 solatium,
1573 1383 1626 1428 et
1664 1374 1716 1428 in
1747 1371 1928 1427 futura
1957 1386 2097 1442 pra:-

514 1474 679 1528 mium
711 1479 990 1526 :etemum.
1029 1467 1431 1522 Maledictiones
1461 1475 1639 1519 autem
1681 1471 1736 1518 et
1766 1463 2096 1518 benedictio-

507 1579 610 1618 nes
630 1561 983 1618 bisterialiter
1007 1559 1280 1630 pertinent
1315 1558 1381 1612 ad
1410 1571 1503 1611 eos
1530 1557 1621 1627 qui
1649 1554 1964 1610 felicitatem
1989 1563 2097 1608 ter-

511 1669 701 1711 renam
773 1661 960 1708 amant
1015 1649 1101 1718 vel
1155 1647 1528 1704 infelicitatem
1601 1647 1911 1702 formidant.
1989 1643 2097 1703 Sed

511 1748 748 1804 maxime
797 1744 1122 1800 Christianis
1155 1741 1476 1805 cavendum,
1529 1755 1598 1794 ne
1648 1753 1747 1808 per
1785 1737 2096 1792 inobedicn-

513 1838 644 1892 tiam
670 1833 1032 1906 spiritualium
1047 1833 1316 1903 patiantur
1336 1829 1646 1900 penuriam;
1673 1827 1925 1898 perfectis
1949 1827 2092 1882 enim

2196 915 2434 971 Christus
2488 933 2580 970 nos
2609 915 2822 969 redemit
2866 915 2929 970 de
2977 914 3251 969 maledicto
3278 913 3429 985 legis,
3479 914 3659 983 factus
3689 931 3784 986 pro

2197 1007 2344 1061 nobis
2371 1004 2728 1069 maledictum,
2759 1012 2867 1059 etc.

2721 1136 2954 1194 CAPUT
3011 1135 3241 1193 XXVIII.

2267 1276 2431 1331 Vens.
2447 1275 2498 1329 1.
2515 1304 2586 1315 -
2607 1271 2669 1329 Si
2694 1281 2869 1328 autem
2891 1272 3144 1327 audieris.
3171 1269 3324 1327 Sicut
3345 1269 3788 1330 inobedientibul

2193 1369 2437 1440 praedicit
2475 1367 2882 1423 maledictiones
2907 1375 2965 1420 et
2990 1364 3271 1436 supplicia,
3302 1365 3382 1421 sic
3404 1364 3789 1422 obedientibus

2196 1463 2465 1536 promittit
2489 1461 2894 1516 benedictiones
2923 1467 2976 1515 et
3002 1459 3245 1532 praemia.

2267 1555 2433 1611 Vens.
2467 1554 2522 1607 4.
2551 1583 2623 1593 -
2648 1551 2880 1607 Fructus
2906 1553 3121 1606 ventris.
3151 1551 3404 1607 Diversos
3437 1551 3661 1606 ordines
3693 1565 3789 1605 no-

2159 1658 2277 1704 ‘tat
2331 1645 2691 1704 subditorum.
2749 1645 2853 1700 Alii
2912 1645 3058 1700 enim
3113 1645 3422 1700 doctoribus
3485 1643 3788 1713 corporalia

2196 1743 2440 1814 praebent
2473 1740 2812 1810 adjumenta;
2847 1739 2938 1793 alii
2981 1739 3232 1794 laborare
3257 1745 3484 1808 possunt
3513 1737 3657 1806 quod
3685 1736 3788 1791 sibi

2198 1833 2362 1888 fuerit
2388 1840 2750 1903 praeceptum;
2801 1831 2890 1886 alii
2920 1831 3268 1902 simplicitate
3313 1829 3553 1885 contenti
3586 1845 3688 1899 per
3711 1828 3791 1882 in-

510 1931 644 1984 viris
700 1937 1039 1985 terrenorum
1088 1940 1228 1995 smpe
1278 1924 1540 1994 contingit
1602 1922 1915 1992 indigentia,
1971 1937 2093 1978 cum
2122 1914 2170 1974 Β
2197 1925 2503 1980 nocentiam
2537 1923 2664 1976 vita:
2697 1922 2919 1977 student
2945 1921 3058 1978 Deo
3082 1919 3298 1993 placere
3352 1938 3364 1973 :
3409 1919 3790 1990 unusquisque

509 2035 728 2092 semper
757 2020 897 2076 adsit
927 2019 1185 2074 virtutum
1214 2019 1390 2087 c0pia,
1421 2017 1563 2070 unde
1598 2034 1611 2068 :
1643 2013 1814 2086 Usque
1855 2016 1909 2068 in
1955 2015 2089 2070 hanc

512 2112 696 2166 horam
748 2111 1007 2166 esurimus
1059 2115 1108 2164 et
1153 2109 1358 2163 sittmus
1415 2117 1461 2160 et
1515 2106 1643 2160 nudi
1701 2122 1906 2170 sumus,
1979 2116 2088 2161 etc.

513 2201 569 2273 (1
591 2201 721 2257 Cor.
754 2200 850 2272 tv).

584 2294 918 2349 Maledictus.
969 2291 1085 2348 Non
1115 2292 1290 2348 solum
1343 2291 1646 2347 idololatria
1674 2291 2092 2348 simulacrorum

501 2387 849 2458 prohibetur,
873 2385 969 2440 sed
1005 2384 1182 2440 omnis
1220 2383 1598 2440 hmreticorum
1653 2398 1824 2438 error.
1853 2382 1919 2437 Hi
1947 2383 2090 2437 enim

499 2478 752 2535 artiﬁces
788 2477 1042 2532 vanitatis
1086 2485 1141 2531 et
1183 2477 1541 2547 superstitiosi
1588 2476 1876 2547 dogmatis,
1903 2476 1995 2545 qui
2027 2475 2094 2534 de

503 2572 675 2628 corde
700 2585 818 2636 suo,
850 2583 985 2640 quos
1005 2567 1214 2633 volunt,
1255 2569 1463 2640 fingunt
1491 2569 1592 2622 sibi
1624 2567 1773 2623 deos.

586 2661 746 2718 Vens.
775 2661 864 2717 16.
891 2659 1171 2715 -—-Omnis
1221 2660 1462 2732 populus.
1512 2659 1713 2716 Omnes
1745 2660 1940 2728 debent
1979 2661 2095 2716 lau-

491 2756 643 2812 dare
693 2755 853 2821 bona,
895 2763 951 2810 et
994 2753 1250 2810 detestari
1299 2753 1459 2818 mala,
1521 2761 1633 2808 tam
1675 2753 1886 2825 praelati
1929 2769 2093 2824 quam

511 2848 732 2904 subditi.

477 2977 482 2982 -
581 2939 746 2995 Vens.
781 2939 866 2995 17.
916 2963 988 2981 ε·-
1032 2933 1346 2995 Haledictus
1389 2939 1480 3010 qui
1519 2938 1770 3009 transfert
1821 2939 2090 2998 terminos.
2161 2969 2164 2974 -

499 3027 612 3084 ﬂio
643 3037 729 3084 est
750 3029 841 3099 qui
869 3041 976 3084 non
1003 3037 1288 3084 contentus
1313 3027 1418 3084 fide
1449 3027 1717 3084 catholica
1743 3036 1798 3084 et
1825 3027 2092 3096 doctrina,

512 3121 926 3193 superstitiones
951 3128 1006 3176 et
1034 3130 1210 3175 sectas
1241 3120 1467 3175 inducit.

587 3209 750 3267 Vens.
791 3211 886 3266 ΞΘ.
923 3237 994 3252 --
1032 3210 1343 3266 Haledictus
1371 3212 1460 3282 qui
1487 3212 1677 3264 dormit
1719 3229 1858 3264 cum.
1903 3211 2120 3292 Omnisi

513 3305 752 3360 incestus
802 3305 1132 3360 abominatio
1179 3313 1284 3369 est,
1319 3304 1416 3359 sed
1466 3305 1772 3373 specialiter
1809 3305 2096 3362 hmreticos

509 3399 676 3466 atque
725 3396 1107 3452 schismaticos
1157 3397 1408 3466 percutit,
1457 3398 1548 3466 qui
1591 3413 1845 3467 sponsam
1893 3397 2098 3454 Christi

481 3489 627 3561 «(qui
653 3490 895 3546 omnium
925 3496 1161 3560 pateret
1199 3495 1414 3544 creator
1465 3488 1568 3560 est)
1615 3504 1800 3544 errore
1847 3504 2094 3546 corrum-

509 3591 665 3652 punt.
712 3582 1066 3654 Tropologice
1101 3597 1228 3637 vero
1265 3581 1515 3652 prohibet
1555 3597 1621 3636 ne
1663 3583 1784 3652 quis
1824 3583 2096 3638 actionem

501 3689 732 3745 prava
759 3677 932 3746 patris
955 3676 1043 3732 sui
1070 3675 1333 3732 imitando
1363 3674 1627 3742 diii‘amet,
1657 3685 1712 3732 et
1741 3677 2093 3744 ignominiam

509 3765 628 3836 ejus
654 3765 880 3824 revela.

585 3858 748 3914 Vens.
774 3860 865 3914 21.
892 3889 961 3899 ——
982 3857 1318 3914 Maledictus.
1346 3860 1662 3917 Maledictus
1691 3871 1795 3929 est,
1834 3865 1924 3933 qui
1965 3878 2096 3932 gen-

511 3951 688 4007 tilium
735 3950 1021 4006 stultitiam
1068 3952 1332 4020 sequitur.
1361 3951 1459 4006 Vir
1488 3961 1580 4008 aut
1614 3955 1825 4019 mulier,
1860 3969 1966 4010 non
1998 3970 2096 4026 per

512 4041 885 4114 fragilitatem,
931 4043 1023 4098 sed
1051 4051 1466 4112 perseveranter
1490 4044 1582 4101 tali
1609 4046 1988 4102 commistione
2014 4048 2096 4102 in-

513 4133 748 4198 hmrens,
776 4147 903 4190 reus
929 4141 1014 4189 est
1045 4135 1257 4190 mortis.

599 4224 747 4283 lens.
779 4226 868 4281 22.
913 4256 986 4268 -
1012 4226 1241 4294 Dormit,
1282 4227 1334 4284 id
1361 4235 1446 4284 est
1481 4229 1735 4292 maculat,
1785 4243 1949 4301 prave
1996 4230 2094 4286 do-

513 4319 707 4384 cendo,
765 4326 859 4374 aut
912 4333 1080 4390 prava
1105 4320 1352 4390 exempla
1391 4321 1834 4389 demonstrando,
1875 4322 2096 4378 alterius

513 4409 772 4465 animam.
805 4409 967 4466 Pater
986 4410 1131 4465 enim
1156 4422 1343 4467 noster
1361 4429 1499 4468 unus
1528 4422 1611 4468 est
1644 4415 1805 4480 Deus,
1847 4424 1901 4469 et
1923 4426 2098 4471 mater

511 4500 778 4568 Ecclesia,
807 4515 905 4557 nos
945 4511 1126 4558 autem
1163 4515 1354 4560 omnes
1394 4501 1591 4560 fratres
1620 4515 1714 4560 aut
1755 4521 1970 4563 sorores
2001 4523 2094 4562 su-

587 4683 748 4740 Vens.
780 4685 872 4740 25.
899 4715 970 4726 —
995 4683 1125 4741 Cum
1145 4703 1296 4742 socru
1319 4705 1435 4744 sua.
1471 4688 1690 4756 Socrus,
1723 4707 1901 4762 pravze
1929 4692 2096 4749 actio-
2122 4683 2142 4742 Ἴ

513 4775 600 4832 nis
619 4776 1080 4846 concupiscentia,
1103 4778 1227 4848 quia
1255 4779 1430 4834 omnis
1464 4781 1670 4851 peccati
1704 4784 2094 4854 concupiscen-

511 4874 593 4930 tia
623 4882 800 4929 mater
835 4881 938 4929 est.
973 4873 1266 4946 Diligenter
1296 4892 1427 4949 ergo
1466 4880 1810 4933 attendamus
1861 4886 1919 4931 ut
1962 4894 2094 4933 con-

514 4966 862 5037 cupiscentiae
893 4967 1229 5032 resistamus,
1258 4984 1326 5023 ne
1351 4970 1526 5039 cupita
1567 4969 1902 5038 impleamus.

589 5056 754 5112 Vens.
786 5055 876 5110 24.
907 5087 979 5096 -
1006 5055 1342 5113 Maledictus.
1376 5058 1709 5129 Quocunque
1732 5059 1889 5115 modo
1921 5059 2097 5114 homi-

517 5165 644 5205 nem
686 5149 935 5205 occidere
983 5160 1266 5220 peccatum
1311 5157 1412 5203 est.
1464 5149 1655 5204 Mirum
1707 5167 1837 5222 ergo
1883 5151 2097 5206 videtur

517 5255 685 5312 quare
723 5243 1068 5299 maledictum
1101 5251 1307 5296 tantum
1348 5243 1500 5308 dixit,
1530 5243 1619 5312 qui
1650 5243 1786 5299 clam
1810 5260 2095 5314 percusse-

519 5335 610 5389 rit.
635 5333 744 5390 Sed
774 5335 912 5391 forte
939 5335 1077 5393 clam
1102 5344 1385 5406 percutere
1407 5345 1488 5389 est
1517 5337 1677 5390 corde
1700 5336 1897 5403 odiSse,
1924 5338 2092 5391 unde:

521 5429 625 5494 Qui
652 5429 762 5482 odit
797 5431 1015 5500 fratrem
1055 5445 1227 5494 suum,
1263 5428 1526 5481 homicida
1572 5438 1645 5481 est
1681 5427 1862 5499 (Joan.
1897 5429 2000 5501 ιιι).
2032 5429 2100 5483 Et

519 5518 645 5574 alibi
670 5536 684 5575 :
715 5517 797 5574 Ne
818 5521 988 5573 oderis
1002 5521 1219 5588 fratrem
1241 5530 1386 5572 tuum
1417 5519 1469 5572 in
1497 5519 1651 5573 corde
1677 5527 1765 5572 tuo
1788 5519 1930 5592 (Leu.
1956 5521 2091 5592 xu).

590 5607 755 5665 Vens.
778 5609 870 5665 26.
903 5640 972 5649 —
1005 5609 1317 5666 Maledictus
1361 5612 1451 5680 qui
1491 5628 1592 5665 non
1637 5621 1925 5682 permanet.
1971 5612 2096 5667 llaec

520 5705 788 5759 scutentia
816 5702 1140 5775 generaliter
1164 5711 1217 5759 et
1243 5706 1516 5775 praeterita
1548 5715 1599 5760 et
1625 5707 1912 5777 praesentia
1938 5715 1990 5759 ct
2017 5706 2097 5761 di-

520 5797 688 5851 cenda
739 5797 868 5866 legis
918 5797 1166 5851 mandata
1228 5798 1619 5867 complectitur,
1681 5807 1829 5852 tanto
1883 5799 2100 5868 gravior

521 5899 723 5958 quanto
753 5889 1071 5959 generalior.
1105 5887 1235 5958 Quis
1284 5893 1426 5947 enim
1457 5900 1630 5964 potest
1671 5891 1785 5948 sine
1833 5899 2099 5962 trangres-

2191 2018 2470 2091 proprium
2499 2016 2703 2072 donum
2733 2016 2896 2070 habet
2933 2031 3000 2069 ex
3027 2013 3159 2069 Deo.

2263 2112 2428 2166 Vens.
2461 2109 2514 2165 5.
2547 2140 2616 2148 —
2647 2105 2945 2163 Benedicta:
2983 2105 3241 2177 reliquiae.
3271 2103 3434 2159 Bome
3469 2101 3792 2157 intentionis

2193 2201 2496 2275 prannium,
2538 2209 2642 2256 etsr
2692 2199 2941 2253 voluntas
2971 2213 3079 2252 non
3125 2189 3622 2258 babeatell‘eclum,
3657 2191 3791 2263 quia

2191 2311 2297 2365 pax
2325 2291 2618 2346 hominibus
2655 2290 2802 2344 bona:
2838 2287 3140 2353 voluntatis,
3189 2295 3293 2340 etc.
3329 2283 3480 2356 (Luc.
3514 2283 3606 2354 ιι.)

2264 2385 2428 2441 Vens.
2453 2383 2507 2438 ti.
2537 2412 2603 2423 —
2635 2381 2967 2453 'lngrediens.
2999 2377 3304 2450 Ingreditur
3329 2376 3422 2431 ille
3440 2391 3539 2446 per
3555 2374 3789 2440 ostium,

2191 2477 2285 2552 qui
2316 2491 2412 2547 per
2435 2474 2596 2529 fidem
2619 2472 2944 2527 catholicam
2973 2485 3134 2540 quam
3152 2467 3306 2537 juxta
3333 2467 3666 2521 voluntatem
3687 2464 3792 2518 Dei

2189 2571 2340 2627 intus
2375 2569 2664 2624 meditatur
2706 2575 2762 2622 et
2807 2573 3004 2619 tractat
3036 2581 3048 2617 :
3079 2562 3356 2632 egreditur
3383 2558 3604 2630 quando
3639 2557 3791 2613 idem

2193 2679 2382 2721 coram
2405 2662 2715 2718 hominibus
2738 2661 2804 2714 ad
2828 2657 3042 2713 laudem
3069 2656 3167 2711 Dei
3198 2652 3531 2709 manifestat.

2268 2756 2432 2810 Vens.
2466 2755 2519 2807 7.
2553 2784 2621 2794 —
2649 2751 2717 2806 In
2749 2761 3026 2821 conspectu
3057 2758 3168 2802 tuo.
3199 2746 3270 2802 Ut
3301 2747 3536 2816 gaudeas
3565 2759 3581 2798 :
3611 2741 3793 2798 lata-

2193 2852 2337 2906 'ln'tur
2347 2852 2526 2920 justus
2549 2863 2665 2902 cum
2689 2846 2871 2901 viderit
2893 2834 3177 2898 vindictam
3202 2839 3375 2912 (Psal.
3399 2837 3554 2911 Lvn).

2267 2940 2436 2996 Vens.
2458 2939 2511 2994 8.
2543 2967 2614 2978 —-
2634 2935 3036 3006 Benedicetque.
3057 2933 3224 2988 Bonis
3251 2930 3508 3002 operibus
3539 2928 3792 2986 tribuens

2197 3034 2591 3089 incrementum
2624 3038 2678 3085 et
2707 3028 2920 3084 felicem
2943 3038 3273 3082 successum.

2155 3153 2166 3162 --
2267 3127 2487 3183 Caelum.
2515 3124 2818 3196 Prophetas
2865 3133 2921 3178 et
2968 3119 3260 3192 apostolos,
3303 3117 3370 3173 de
3416 3117 3614 3188 quibus
3647 3116 3788 3171 dici-

2197 3229 2306 3285 tur,
2340 3218 2467 3274 Caeli
2493 3225 2742 3272 enarrant
2767 3214 2991 3286 gloriam
3020 3213 3116 3267 Dei
3146 3229 3164 3266 :
3193 3225 3330 3282 quos
3361 3208 3628 3265 Dominus
3655 3223 3786 3280 ape-

2197 3313 2290 3378 rit,
2333 3325 2459 3367 cum
2483 3325 2586 3380 per
2629 3323 2721 3365 eos
2750 3309 3011 3363 doctrina:
3055 3304 3446 3361 abundantiam
3478 3303 3697 3370 tribuit,
3733 3313 3788 3358 nt

2192 3402 2493 3460 carnalium
2525 3401 2694 3456 corda
2721 3401 2822 3456 hoc
2853 3399 3026 3454 imbre
3077 3397 3304 3469 irrigata
3347 3394 3635 3468 proferant
3662 3410 3786 3468 ger-

2195 3497 2342 3552 mina
2361 3496 2625 3550 bonorum
2651 3507 2896 3563 operum.

2266 3588 2592 3644 Faenerabis.
2626 3588 2684 3642 ld
2707 3596 2792 3642 est
2822 3595 2973 3641 tanta
2999 3586 3104 3640 erit
3134 3583 3466 3640 abundantia
3491 3582 3618 3650 tibi,
3644 3583 3787 3655 quod

2189 3682 2404 3754 poteris
2429 3683 2558 3737 dare
2585 3680 2870 3751 pecuniam
2895 3679 3164 3750 gentibus,
3190 3676 3294 3731 illis
3312 3689 3442 3731 vero
3469 3690 3582 3730 non
3605 3682 3780 3729 tanta.

2195 3775 2317 3839 Vel,
2341 3774 2590 3829 doctrina
2611 3771 2980 3827 ecclesiastica
3007 3770 3344 3839 intelligitur.

2266 3865 2571 3921 Faenerabis
2615 3863 2872 3936 gentibus.
2923 3862 3176 3918 anerat
3237 3860 3482 3916 Ecclesia
3533 3858 3784 3930 gentibus

2163 3979 2166 3983 ·
2193 3956 2402 4021 multis,
2434 3952 2652 4026 quando
2684 3955 2866 4009 divina
2907 3954 3236 4009 charismata
3267 3951 3526 4022 expendit
3550 3950 3786 4005 nationi-

2195 4045 2317 4101 bus.
2381 4044 2493 4100 Nec
2541 4042 2722 4098 fenus
2761 4043 2980 4113 accipit,
3026 4043 3153 4114 quia
3181 4055 3288 4097 non
3327 4049 3658 4112 praesentem
3695 4053 3782 4094 re-

2195 4138 2650 4204 munerationem,
2678 4137 2774 4193 sed
2801 4135 3043 4191 futuram
3089 4136 3332 4206 inquirit.
3379 4133 3612 4189 Excellit
3639 4133 3784 4188 enim

2194 4230 2467 4294 omnibus,
2495 4236 2550 4282 et
2595 4237 2758 4297 caput
2807 4235 2892 4282 est
2935 4227 3105 4293 orbis,
3155 4241 3264 4283 non
3305 4225 3499 4280 cauda.
3553 4224 3782 4294 Semper

2198 4335 2363 4390 supra
2401 4331 2503 4385 est,
2525 4328 2582 4374 et
2611 4334 2715 4373 non
2744 4315 2922 4384 infra;
2955 4318 3082 4388 quia
3112 4317 3237 4372 licet
3257 4331 3545 4388 pressurus
3571 4323 3628 4371 et
3659 4330 3783 4385 per-

2198 4415 2503 4471 secutiones
2551 4413 2814 4469 malorum
2846 4414 2899 4468 in
2929 4411 3130 4470 mundo
3173 4414 3426 4483 patiatur,
3470 4411 3667 4467 fortior
3698 4419 3780 4466 ta-

2167 4517 2322 4560 '-.men
2357 4504 2689 4562 adversariis
2731 4512 2838 4570 est,
2863 4504 2972 4562 ﬁde
3001 4513 3056 4559 et
3091 4504 3630 4575 virtute-prteeminet
3653 4503 3776 4558 uni-

2200 4596 2396 4653 versis.
2432 4594 2604 4663 Unde,
2633 4596 2983 4654 constituette
3005 4595 3260 4651 Dominus
3289 4600 3344 4650 in
3381 4605 3558 4665 caput,
3583 4605 3692 4652 etc.

2273 4687 2436 4742 Vens.
2487 4687 2574 4742 Ut.
2625 4717 2696 4727 —
2740 4687 2865 4742 Non
2901 4690 3256 4744 κοινωνει-ἑο.
3306 4687 3500 4758 (Anth,
3549 4699 3775 4759 quae-sn,

2201 4777 2315 4850 48.)
2343 4777 2490 4834 LXX
2525 4793 2540 4832 :
2575 4778 2699 4833 Non
2737 4781 3022 4848 prasteribis
3053 4789 3116 4833 ω
3159 4780 3397 4834 omnibus
3427 4780 3616 4846 verbis,
3645 4791 3772 4840 etc.,

2201 4889 2363 4944 usque
2386 4872 2454 4926 ad
2485 4885 2583 4927 nec
2609 4880 2829 4942 propter
2858 4872 2958 4927 ista
2982 4873 3191 4928 colendi
3220 4881 3364 4927 sunt.

2275 4966 2440 5021 Vens.
2474 4963 2561 5018 15.
2583 4994 2654 5005 -
2677 4963 2829 5030 Quod
2858 4965 2904 5019 si
2927 4961 3112 5018 audire
3139 4964 3389 5020 nolueris.
3425 4963 3578 5021 Sicut
3597 4973 3777 5022 custo-

2203 5059 2474 5114 dientibus
2545 5059 2800 5114 mandata
2857 5058 3104 5129 promisit
3161 5059 3590 5115 benedictionem
3619 5099 3637 5125 ,
3697 5074 3776 5114 sic

2195 5153 2594 5222 negligentibus
2621 5153 2934 5222 pronuntiat
2961 5152 3416 5208 maledictionem.

2275 5243 2434 5296 Vens.
2467 5243 2556 5296 2%.
2598 5271 2662 5282 -—
2696 5240 2961 5296 Percutiat
2992 5253 3039 5298 te
3075 5243 3352 5298 Dominus.
3383 5245 3540 5316 (Anc.
3570 5246 3628 5300 in
3659 5245 3770 5300 En-

2199 5334 2412 5400 ctairid.,
2441 5349 2562 5404 cap.
2592 5334 2708 5404 98.)
2736 5334 2868 5401 Quis
2905 5345 3018 5390 tam
3045 5335 3205 5405 impie
3242 5335 3509 5407 desipiat,
3541 5346 3602 5392 ut
3633 5337 3773 5393 dicat

2201 5427 2370 5482 Deum
2423 5427 2592 5482 malas
2643 5429 2920 5483 hominum
2965 5428 3270 5486 voluntates
3292 5471 3307 5495 ,
3348 5447 3484 5502 quas
3523 5433 3768 5498 voluerit,

2199 5522 2416 5590 quando
2446 5523 2697 5585 voluerit,
2734 5523 2822 5578 ubi
2865 5523 3093 5579 voluerit
3113 5564 3126 5587 ,
3165 5524 3220 5579 in
3249 5527 3450 5582 bonum
3479 5541 3586 5582 non
3617 5541 3770 5598 posse

2199 5616 2550 5669 convertere?
2580 5616 2682 5670 Sed
2707 5631 2827 5670 cum
2857 5615 3002 5678 facit,
3032 5631 3128 5688 per
3147 5619 3572 5674 misericordiam
3603 5620 3723 5675 facit
3749 5639 3762 5673 :

2199 5703 2331 5760 Cum
2366 5723 2470 5761 non
2502 5708 2646 5772 facit,
2692 5721 2791 5776 per
2824 5706 3086 5775 judicium
3124 5708 3407 5775 nonfacit,
3438 5712 3527 5781 qui
3553 5716 3637 5764 cui
3664 5710 3763 5764 vult

2198 5799 2493 5866 miseretur,
2517 5809 2562 5854 et
2592 5817 2742 5870 quem
2764 5799 2870 5854 vult
2897 5802 3134 5860 obdurat,

2273 5889 2339 5943 Et
2403 5908 2520 5946 aere
2575 5897 2834 5963 corrupto.
2897 5891 3017 5949 Vita
3057 5894 3256 5963 polluta
3302 5910 3368 5951 ex
3421 5896 3620 5952 carnali
3661 5896 3728 5953 int
