4006 6352
271 428 401 509 185

1295 425 1567 521 GLQSSA
1606 418 2005 483 OBDINARIA.
2040 452 2112 463 —
2144 425 2277 485 LIB.
2315 426 2523 485 DEUT.

3426 436 3547 501 .186

284 552 571 614 munditia.
614 546 861 608 Carnalis
894 546 1007 603 vita
1039 543 1243 618 polluta
1276 558 1345 601 ex
1389 542 1595 599 carnali
1635 541 1870 596 immun-
1894 538 1946 605 Α
1970 534 2166 593 lsaiam
2193 538 2392 596 dicitur
2420 557 2433 594 :
2467 538 2616 596 Servi
2643 539 2744 595 mei
2777 540 3067 609 comedent,
3092 549 3142 597 et
3179 558 3269 598 vos
3307 546 3547 603 esurietis

284 646 441 705 ditia.
492 639 739 699 Carnalis
799 638 909 693 vita
955 652 1052 708 per
1110 649 1292 692 aerem
1336 633 1695 704 exprimitur,
1742 629 1891 701 quia‘

282 736 430 792 aeris
455 730 751 805 spiramine
774 728 1071 783 humanum
1105 740 1300 797 corpus
1327 723 1657 780 viviﬁcatur.

357 827 523 882 Vens.
552 823 644 879 25.
669 852 738 864 --
765 820 844 877 Sit
875 819 1080 875 caelum.
1112 818 1412 883 Elementa,
1441 816 1637 888 quibus
1661 813 1869 870 fructus

283 919 621 980 nutriuntur,
653 919 933 984 comparat
959 909 1263 967 durissimis
1297 907 1551 973 metallis,
1587 906 1711 978 quia
1736 921 1868 976 pec-

282 1018 405 1065 cata
430 1006 710 1064 hominum
732 1010 1070 1060 commutant
1086 1002 1331 1058 ordinem
1352 1015 1554 1065 rerum,
1578 1007 1772 1068 etquae
1799 998 1869 1053 ad

281 1100 543 1158 solatium
563 1098 777 1154 condita
802 1102 929 1151 sunt
956 1095 1193 1150 humano
1221 1091 1428 1163 generi,
1447 1091 1619 1156 unde:
1646 1087 1866 1162 Pugna-

282 1192 355 1246 bit
385 1207 482 1260 pro
504 1206 565 1244 eo
592 1188 732 1242 orbis
755 1196 1018 1241 terrarum
1038 1195 1221 1240 contra
1242 1186 1556 1239 insensatos.

352 1282 562 1339 leum
600 1290 684 1338 est
719 1293 928 1335 aeneum
974 1276 1480 1349 praevaricatoribus
1521 1274 1655 1348 legis
1679 1315 1695 1343 ,
1741 1288 1866 1330 cum

280 1373 486 1429 nullam
526 1387 559 1427 a
586 1371 788 1427 sanctis
831 1369 1142 1425 doctoribus
1187 1376 1464 1422 merentur
1496 1366 1863 1433 clementiam,

281 1462 381 1517 sed
425 1461 770 1539 durissimam
798 1458 1133 1528 disciplinam
1156 1497 1176 1525 ,
1204 1457 1459 1527 quoniam
1487 1456 1588 1528 ipsi
1620 1472 1729 1512 non
1770 1469 1858 1512 cor

281 1568 541 1610 carneum
583 1561 640 1608 et
673 1551 890 1607 mollem
932 1549 1192 1615 animum,
1229 1548 1322 1605 sed
1366 1548 1635 1618 lapideum
1665 1548 1864 1604 habent

280 1654 337 1702 et
365 1644 620 1701 ferreum.
654 1643 808 1700 Sicut
830 1643 965 1698 duro
984 1640 1181 1713 populo
1211 1640 1375 1696 lexin
1402 1638 1579 1712 lapide
1598 1639 1858 1701 dabatur.

282 1748 341 1795 ιι
370 1754 438 1793 ex
465 1750 684 1793 munere
712 1746 965 1807 acceptor
991 1733 1331 1805 ﬁguraretur.
1422 1760 1437 1775 ι

2000 628 2137 684 Isai.
2174 632 2322 685 val.

1976 628 2137 702 (Isai.
2174 632 2322 698 ιη).

2042 723 2206 779 Vens.
2246 723 2336 779 55.
2365 749 2438 768 -—-
2464 723 2533 780 In
2560 724 2775 796 genibus
2794 725 2918 781 etin
2942 726 3098 781 suris.
3125 726 3538 798 Fortitudinem,

1971 815 2178 872 scilicet
2190 817 2650 873 etstatibilitatem
2673 817 2902 873 auferat.
2915 815 3015 873 Vel
3034 819 3087 873 in
3114 819 3340 890 genibus
3356 834 3545 890 percu-

1952 907 2160 973 tiatur,
2187 906 2340 976 cuius
2366 908 2660 964 uerissima
2689 922 2852 979 opera
2872 908 3218 964 damnantur.

2039 997 2086 1051 Δ
2122 998 2306 1067 planta
2341 998 2508 1069 pedis.
2552 996 2706 1056 Sicut
2745 1000 2816 1055 ab
2834 999 2999 1055 initio
3032 1012 3215 1070 pravus
3250 1000 3544 1058 voluntatis

1964 1104 2140 1164 usque
2184 1095 2253 1148 ad
2286 1090 2674 1164 perfectionem
2716 1094 2900 1164 operis
2934 1093 3195 1150 malitiam
3229 1093 3542 1161 exercuisti,

1950 1184 2109 1240 unde
2132 1201 2166 1239 α
2205 1183 2387 1255 planta
2413 1184 2559 1256 pedis
2583 1201 2747 1259 usque
2781 1186 2851 1241 ad
2886 1187 3135 1240 uerticem
3160 1200 3263 1240 non
3286 1194 3360 1240 est
3396 1186 3453 1265 in
3475 1200 3538 1241 eo

1952 1277 2169 1332 sanitas
2207 1275 2366 1349 (Isai.
2396 1277 2458 1349 ι).
2487 1277 2603 1334 Hoc
2645 1278 2701 1333 in
2740 1277 2931 1334 ultima
2970 1278 3284 1348 captivitate
3303 1277 3544 1349 comple-

1960 1370 2081 1423 tum
2108 1376 2210 1423 est.

1966 1374 2202 1515 ωιξεῗιῗ.
2235 1458 2326 1515 56.
2351 1490 2423 1501 -
2446 1458 2713 1533 Dumque
2728 1469 2799 1516 te.
2822 1459 3075 1517 nam
3095 1458 3329 1517 veluti
3355 1457 3544 1515 catho-

1963 1552 2076 1618 lici,
2107 1553 2200 1622 qui
2229 1562 2582 1609 contemnunt
2606 1563 2876 1625 prmeepta
2911 1550 3026 1619 Dei,
3063 1568 3094 1608 a
3121 1552 3458 1609 daemonibus
3482 1556 3541 1607 et
3628 1556 3633 1567 '

1962 1644 2111 1699 vitiis
2146 1645 2311 1701 variis
2343 1646 2704 1717 captivantur.
2752 1645 2904 1703 Sicut
2934 1661 3162 1713 servus,
3214 1646 3291 1709 ita
3337 1651 3396 1702 et
3438 1642 3538 1699 do—

1961 1736 2176 1802 minus,
2218 1743 2276 1794 et
2315 1751 2409 1792 rex
2439 1736 2579 1792 sicut
2618 1737 2846 1810 populus
2869 1778 2886 1805 ,
2922 1738 3178 1810 magister
3214 1738 3355 1792 sicut
3379 1734 3541 1795 disci-

354 1830 521 1885 Vsns.
551 1828 644 1883 24.
676 1857 744 1867 —
767 1824 867 1881 Det
902 1824 1161 1881 Dominus
1191 1821 1407 1877 imbrem
1433 1831 1586 1877 terrae
1609 1833 1714 1878 tua:
1738 1822 1861 1894 pul—
1889 1894 1929 1901 _
1962 1828 2141 1901 palus.

280 1936 450 1973 verem
483 1917 700 1987 :quasi,
724 1917 863 1970 sicut
904 1913 1077 1985 pulvis
1118 1921 1174 1968 et
1201 1912 1338 1967 cinis
1366 1925 1473 1965 non
1500 1910 1706 1967 faciunt
1747 1910 1861 1966 fru-
1888 1894 1938 1956 Β
1963 1894 1983 1901 ⁷
2033 1917 2103 1972 Et
2150 1934 2339 1988 regem.
2379 1916 2517 1974 Osee
2545 1933 2724 1991 regem
2772 1918 3033 1975 Samaria:
3068 1914 3416 1977 Salmanasar
3442 1931 3541 1973 rex

280 2024 455 2081 ctum,
482 2015 563 2069 sic
598 2012 841 2068 doctrina
873 2008 970 2065 tibi
1014 2006 1190 2063 infusa
1228 2020 1336 2061 non
1374 2006 1575 2061 excitet
1617 2004 1861 2077 germina

276 2106 567 2169 virtutum,
587 2104 682 2159 sed
703 2111 965 2157 aeternum
990 2096 1317 2171 prmnuntiet
1343 2094 1639 2151 interitum.
1676 2094 1861 2151 Pulvis

278 2197 426 2252 enim
476 2198 738 2252 bonorum
769 2207 989 2264 operum
1023 2188 1385 2254 sterilitatem,
1432 2186 1570 2242 cinis
1613 2187 1881 2257 designat

279 2290 708 2345 combustionem
729 2305 743 2353 ;
768 2287 892 2358 quia
914 2283 1079 2358 paleae
1100 2288 1445 2353 peccatorum
1473 2281 1862 2338 comburentur

280 2384 393 2458 igni
426 2379 873 2452 inexstinguibili.

353 2475 518 2529 Vsus.
546 2472 637 2528 25.
665 2502 736 2512 -
764 2470 832 2525 Et
861 2470 1195 2542 dispergaris.
1226 2468 1381 2526 Sicut
1404 2466 1574 2524 Judaei
1602 2466 1860 2538 captivati

278 2578 383 2636 per
429 2564 771 2620 latitudinem
812 2562 961 2619 orbis
1011 2563 1238 2634 dispersi
1289 2569 1415 2618 sunt
1474 2562 1602 2632 quia
1670 2569 1859 2617 contra

280 2658 452 2713 Deum
489 2656 696 2713 collecti
732 2663 877 2721 sunt,
903 2655 984 2710 sic
1018 2654 1298 2727 generatio
1331 2653 1598 2709 malorum
1629 2668 1661 2708 a
1695 2653 1858 2725 spiri-

280 2749 427 2804 tibus
454 2747 749 2803 immundis
782 2746 1023 2817 dispersa
1066 2759 1164 2817 per
1203 2760 1484 2816 poenarum
1512 2759 1710 2816 genera
1736 2760 1861 2815 per-

279 2841 554 2907 turbatur,
585 2839 726 2895 unde
752 2856 769 2893 :
803 2836 1012 2892 Inimici
1043 2838 1120 2891 tui
1155 2836 1394 2907 peribunt
1423 2846 1473 2889 et
1500 2837 1861 2907 dispergentur

277 2950 457 2989 omnes
482 2932 573 3003 qui
590 2938 871 3002 operantur
890 2928 1213 2999 iniquitatem
1243 2924 1416 2997 (Psal.
1443 2925 1577 2997 χοι).

352 3022 520 3077 Vens.
546 3022 635 3076 27.
669 3050 740 3061 -—
764 3017 1033 3074 Percutiat
1062 3027 1109 3071 te
1144 3016 1400 3070 Dominus
1422 3014 1592 3069 ulcere
1614 3012 1854 3085 AEgypti.

281 3116 477 3172 Ulcera
533 3111 782 3167 dolorosa
824 3118 879 3165 et
916 3108 1206 3181 purulenta
1252 3104 1479 3160 malitia.
1511 3104 1745 3169 Vesicae,
1779 3106 1861 3160 in-

276 3205 405 3261 nata
431 3204 700 3274 superbia.
733 3198 957 3257 Scabies
993 3207 1049 3254 et
1075 3198 1322 3270 prurigo,
1351 3199 1430 3252 ira
1454 3196 1663 3253 fervida
1692 3204 1746 3252 et
1776 3192 1858 3251 fu-

278 3298 423 3355 roris
450 3297 678 3352 insania.
708 3292 836 3350 Haec
856 3294 912 3348 in
934 3291 1189 3364 praesenti
1215 3305 1452 3362 congrua
1484 3302 1643 3361 ptena
1666 3305 1859 3361 pecca—

277 3392 351 3447 tis
390 3389 650 3460 inﬂigitur
693 3404 706 3440 :
744 3392 869 3456 post
910 3386 1053 3440 hanc
1075 3383 1242 3438 vitam
1284 3382 1473 3455 (quod
1520 3380 1768 3453 signatur
1809 3382 1865 3439 in

276 3478 710 3554 posterioribus)
742 3477 966 3533 fetorem
991 3475 1256 3533 scelerum
1302 3475 1359 3530 in
1394 3475 1616 3532 aeternis
1645 3476 1861 3532 crucia-

288 3576 436 3630 tibus
474 3572 834 3629 sustinebunt.

356 3663 623 3718 Percutiat
648 3671 696 3717 te
730 3660 1003 3715 Dominus.
1030 3655 1280 3713 Haeretici
1310 3664 1366 3713 et
1390 3657 1719 3713 schismatici
1749 3658 1861 3713 cla-

286 3758 540 3812 rescente
560 3752 850 3825 Evangelio
870 3751 925 3806 in
944 3758 1057 3806 toto
1081 3750 1213 3805 orbe
1234 3747 1438 3804 erroris
1448 3747 1690 3804 ctecitate
1711 3748 1863 3804 invo-

280 3848 408 3913 luti,
437 3846 727 3901 amentiam
752 3858 906 3899 suam
932 3848 1249 3899 exercentes
1271 3837 1556 3896 catholicae
1584 3839 1710 3896 ﬁdei
1739 3856 1865 3896 con-

280 3938 575 3992 tradicunt.
616 3932 743 3990 ideo
770 3932 1023 3989 Ecclesiae
1065 3930 1391 3989 calumniam
1435 3930 1704 3987 sustinent
1746 3940 1803 3987 et
1830 3947 1863 3987 a

282 4027 516 4082 veritate
541 4026 935 4098 opprimuntur.

353 4120 608 4174 Amentes
653 4125 709 4173 et
749 4117 876 4173 caeci
910 4114 1165 4182 fuerunt,
1209 4130 1332 4172 cum
1360 4113 1565 4171 Christi
1603 4113 1863 4170 miracula

278 4213 564 4279 videntes,
615 4210 670 4266 in
696 4208 1003 4266 Beelzebub
1032 4224 1096 4267 ea
1143 4208 1263 4264 ﬁeri
1292 4206 1578 4275 dicebant,
1609 4216 1664 4263 et
1708 4206 1864 4263 Chri-

281 4316 426 4362 stum
454 4305 624 4361 Deum
642 4318 763 4361 esse
784 4302 1055 4375 negabant
1072 4300 1285 4374 (Matth.
1312 4298 1436 4375 vn),
1458 4315 1560 4357 nec
1578 4300 1864 4357 veritatem

279 4399 580 4465 videbant,
608 4399 662 4454 id
688 4405 772 4454 est
800 4397 1188 4466 intelligebant.

356 4490 522 4545 Vens.
551 4489 640 4547 29.
667 4520 739 4531 -—
770 4488 835 4545 Et
863 4488 1060 4560 palpes.
1101 4484 1361 4542 Tenebrae
1386 4484 1542 4541 factae
1575 4493 1703 4541 sunt
1741 4500 1862 4542 cum

283 4581 693 4655 cruciﬁgeretur
721 4578 878 4637 Iesus
926 4593 1096 4649 usque
1137 4578 1189 4631 in
1220 4576 1410 4633 horam
1435 4592 1630 4633 nonam
1658 4614 1675 4644 ,
1722 4577 1865 4633 sicut
1885 4601 1942 4662 D

286 4678 525 4735 tenebrae
545 4683 703 4731 erant
730 4674 785 4729 in
817 4672 1071 4730 cordibus
1090 4670 1416 4729 Iudaeorum.

354 4770 486 4826 Non
510 4768 709 4840 dirigas
738 4783 757 4822 :
780 4782 881 4822 nec
899 4765 1117 4821 Christo
1142 4760 1469 4835 praedicante
1492 4761 1858 4826 crediderunt,

282 4880 389 4921 nec
419 4878 516 4933 per
544 4860 915 4931 paenitentiam
947 4858 1101 4929 dirigi
1133 4857 1437 4915 voluerunt.

357 4952 525 5007 Vsus.
554 4950 642 5007 '50.
681 4980 752 4989 —
781 4946 1007 5003 Uxorem
1040 4948 1267 5017 accipias
1291 4988 1306 5012 ,
1337 4954 1385 5001 et
1426 4943 1565 5000 alius
1591 4985 1606 5012 ,
1647 4953 1752 5001 etc.
1802 4942 1864 4999 In

282 5058 459 5102 uxore
498 5042 648 5113 plebs
690 5041 964 5097 haereticis
1007 5040 1208 5094 sociata
1258 5038 1538 5109 accipitur,
1588 5052 1711 5093 cum
1756 5052 1864 5107 qua

283 5134 535 5193 diabolus
564 5132 885 5196 fornicatur,
914 5130 1039 5185 dum
1068 5130 1122 5184 in
1153 5142 1391 5184 errorem
1414 5128 1709 5183 seducitur.
1736 5125 1866 5180 Ani—

283 5226 454 5281 malia
484 5224 754 5281 haereticis
800 5222 1099 5293 rapiuntur,
1128 5237 1251 5277 cum
1278 5221 1505 5291 subjecti
1532 5219 1601 5275 ab
1630 5219 1709 5275 eis
1730 5217 1868 5275 libe-

285 5326 483 5372 rantur
516 5334 528 5370 :
560 5331 682 5371 cum
712 5313 813 5385 ipsi
849 5314 959 5368 vita
999 5321 1053 5369 et
1096 5310 1335 5369 doctrina
1384 5313 1682 5382 privamur.
1728 5309 1869 5366 Sub-

286 5405 548 5461 stantiam
578 5420 814 5475 quoque,
855 5418 1014 5473 quam
1047 5399 1212 5457 Judaei
1254 5403 1353 5459 sibi
1385 5403 1622 5458 docendo
1651 5410 1707 5457 et
1734 5400 1869 5457 scri-
1900 5413 1910 5423 '

285 5498 465 5554 bendo
489 5496 835 5567 singulariter
860 5506 1317 5567 praeparaverunt,
1346 5492 1583 5549 Ecclesia
1606 5493 1711 5550 sibi
1737 5507 1866 5549 con-

286 5590 454 5647 vertit
483 5589 536 5643 in
562 5605 738 5644 usum.
1458 5595 1463 5599 ’

366 5680 633 5738 Vens.55.
663 5713 733 5723 —
758 5681 989 5737 Fructus
1023 5690 1174 5737 terra:
1199 5691 1320 5738 tute.
1355 5680 1487 5737 Tota
1517 5679 1863 5736 caeremoniae

256 5774 269 5783 ’
291 5791 414 5832 rum
441 5774 643 5829 utilitas
671 5772 737 5829 ad
768 5773 1063 5831 Ecclesiam
1106 5774 1363 5829 translata
1392 5782 1493 5829 est.
1536 5772 1659 5829 Haec
1701 5772 1867 5827 abun-

294 5867 481 5925 dantia
522 5864 740 5935 fruitur,
781 5865 951 5923 Judati
1002 5873 1237 5938 egestate
1284 5874 1528 5937 pereunt,
1576 5866 1715 5921 unde
1773 5880 1867 5936 per

1959 2011 2306 2084 Assyriorum
2340 2027 2466 2068 cum
2499 2013 2684 2068 decem
2720 2014 2969 2069 tribubus
3003 2012 3154 2069 duxit
3175 2012 3230 2068 in
3257 2011 3540 2084 captivita-

1963 2110 2069 2157 tem
2101 2120 2113 2155 :
2150 2101 2667 2170 Nabuchodonosor,
2691 2103 2943 2170 Joachin,
2964 2113 3022 2161 et
3050 2102 3331 2162 Sedeciam
3359 2119 3541 2178 regem

1961 2190 2099 2250 Juda
2122 2210 2245 2252 cum
2274 2196 2472 2267 populo
2498 2197 2810 2268 captivavit.

1944 2352 1951 2359 δ
2033 2285 2198 2341 Vsus.
2247 2285 2336 2342 38.
2368 2317 2438 2327 —
2466 2286 2780 2353 Semcntem,
2828 2295 2934 2344 etc.
2979 2286 3145 2344 Nobis
3186 2302 3401 2360 quoque
3449 2303 3541 2346 ca-

1958 2376 2194 2433 vendum
2218 2387 2319 2444 est,
2359 2393 2428 2433 ne
2458 2379 2746 2451 perdamus
2775 2395 2969 2449 panem
2995 2380 3087 2452 qui
3113 2379 3401 2439 conﬁrmat
3444 2396 3540 2438 cor

1960 2466 2218 2533 hominis,
2251 2476 2306 2523 et
2330 2468 2517 2524 vinum
2546 2468 2690 2540 quod
2716 2467 2971 2532 laetiﬁcat.
2995 2478 3051 2525 et
3075 2470 3257 2527 oleum
3281 2471 3424 2542 quod
3443 2486 3542 2527 ex-

1948 2557 2161 2643 hilarat
2190 2557 2404 2613 faciem.

1991 2679 1997 2683 -
2029 2646 2196 2704 Vens.
2220 2646 2310 2703 45.
2350 2679 2421 2691 -
2446 2649 2681 2705 Advena.
2708 2649 2910 2721 Aperte
2934 2648 3268 2725 signiﬁcatur
3312 2652 3545 2723 abjectio

1959 2742 2267 2801 Iudaeorum
2290 2754 2344 2801 et
2366 2743 2562 2800 electio
2586 2744 2845 2817 gentium,
2858 2745 3001 2801 unde
3016 2763 3031 2799 :
3046 2745 3328 2816 Auferetur
3347 2765 3380 2802 a
3395 2747 3539 2805 vobis

1960 2854 2175 2910 regnum
2192 2836 2309 2903 Det,
2336 2847 2384 2893 et
2416 2838 2629 2892 dabitur
2651 2838 2789 2909 genti
2812 2838 3027 2909 facienti
3060 2838 3266 2909 fructus
3296 2841 3410 2913 ejus
3433 2882 3448 2909 ,
3486 2851 3543 2899 et

1959 2930 2087 2987 alibi
2119 2946 2133 2985 :
2162 2929 2250 2987 Sic
2277 2941 2430 2985 erunt
2457 2931 2721 2985 novissimi
2762 2931 2919 3002 prim:
2946 2970 2961 2997 ,
2988 2941 3040 2986 et
3064 2931 3221 3002 primi
3249 2933 3535 2990 novissimi.

2030 3022 2186 3095 (Bas.
2210 3024 2264 3078 in
2290 3020 2447 3078 Deut.
2477 3065 2494 3091 ,
2535 3031 2666 3078 tom.
2692 3022 2781 3088 ll.)
2809 3024 3022 3079 Advena
3049 3026 3140 3098 qui
3164 3036 3334 3082 tecum
3365 3044 3541 3089 νέηαι

1959 3120 2065 3177 tur,
2097 3120 2204 3169 etc.
2233 3111 2460 3168 Greater
2485 3111 2725 3167 omnium
2749 3128 2847 3185 per
2875 3113 3268 3172 incarnationis
3291 3133 3402 3173 suae
3428 3134 3543 3191 my-

1962 3205 2208 3272 sterium,
2252 3214 2358 3260 etc.
2386 3245 2402 3269 ,
2439 3221 2603 3276 usque
2644 3205 2714 3260 ad
2759 3212 2817 3262 et
2863 3208 3180 3279 sanguinem
3228 3212 3540 3269 testamenti

1965 3297 2225 3367 pollutum
2257 3300 2489 3355 duxerit.

2038 3378 2201 3443 Vens.
2226 3389 2313 3445 66.
2341 3420 2408 3431 --
2437 3388 2507 3445 Et
2545 3390 2644 3445 erit
2668 3391 2796 3447 vita.
2822 3390 2965 3449 Nihil
3007 3393 3160 3466 pejus
3196 3394 3338 3455 inter
3370 3395 3537 3456 male-

1964 3479 2132 3545 dicta,
2156 3495 2277 3550 quae
2297 3478 2496 3536 Judaeis
2518 3482 2710 3539 merito
2728 3484 2993 3553 superbiae
3012 3485 3349 3553 acciderunt,
3370 3503 3534 3559 quam

1843 3611 1849 3619 .
1904 3591 1909 3595 η
1962 3571 2147 3626 videre
2172 3571 2338 3626 vitam
2378 3587 2550 3638 suam,
2585 3572 2637 3627 id
2667 3582 2750 3629 est
2771 3573 2963 3631 Filium
2998 3574 3093 3633 Dei
3114 3578 3454 3647 pendentem,
3482 3589 3539 3636 et

1967 3676 2074 3717 non
2105 3661 2325 3716 credere
2361 3661 2431 3717 ei.
2475 3661 2755 3719 Maledicta
2789 3673 2973 3721 autem
3015 3681 3137 3723 cum
3164 3681 3231 3724 ex
3257 3670 3536 3741 prephetia

1965 3751 2218 3807 dicuntur
2247 3770 2262 3806 ι
2294 3768 2401 3807 non
2430 3753 2498 3808 de
2527 3753 2668 3810 malo
2694 3762 2821 3811 voto
2847 3765 2991 3820 sunt,
3024 3757 3118 3813 sed
3144 3760 3533 3830 praedicuntur.

1948 3840 2145 3901 'Potuit
2167 3852 2345 3899 autem
2376 3844 2453 3899 sic
2481 3859 2674 3901 sonare
2699 3844 2901 3909 Judaeis
2923 3844 3171 3905 :Videbis
3194 3850 3359 3906 vitam
3390 3860 3535 3909 tuam

1962 3934 2304 4017 pendentem,
2336 3943 2389 3990 et
2419 3950 2525 3991 non
2551 3937 2743 3993 credes
2767 3938 2890 3997 vita:
2920 3945 3042 4007 tute.
3068 3940 3129 3999 id
3155 3951 3238 3997 est
3260 3942 3402 3998 inter
3436 3943 3538 3999 mi-

1963 4041 2063 4082 nas
2081 4034 2138 4082 et
2165 4025 2316 4084 dolos
2336 4027 2573 4085 hostium
2604 4028 2770 4085 vitam
2800 4038 2950 4087 tuam
2968 4030 3178 4091 videbis
3204 4034 3442 4107 pendere
3466 4050 3535 4095 ex

1964 4122 2194 4179 incerto.

2489 4235 2717 4296 CAPUT
2756 4235 2947 4295 XXIX.

1942 4396 1951 4402 -
2034 4372 2203 4429 Vnus.
2229 4373 2283 4428 l.
2300 4402 2369 4414 -
2395 4371 2526 4429 Hac
2554 4381 2675 4428 sunt
2696 4373 2870 4439 verba,
2896 4376 3006 4430 etc.
3035 4373 3220 4447 (ilum,
3244 4386 3437 4447 quast.
3466 4376 3541 4435 49

1961 4467 2020 4522 in
2062 4465 2246 4536 Deut.)
2292 4464 2436 4520 LXX
2464 4484 2476 4520 :
2507 4464 2639 4519 Herc
2678 4477 2800 4519 sunt
2830 4464 2990 4519 verba
3028 4468 3323 4523 testamenti
3340 4509 3355 4535 ,
3403 4476 3539 4539 etc.,

1964 4574 2127 4629 usque
2154 4560 2223 4612 ad
2251 4556 2319 4612 ad
2339 4556 2614 4611 Abraham
2636 4555 2705 4612 de
2726 4555 3139 4613 circumcisione
3165 4552 3251 4615 vel
3278 4546 3505 4617 aliNec.

2037 4648 2203 4705 Vens.
2228 4649 2282 4703 5.
2298 4678 2367 4689 -—
2387 4647 2718 4703 Tentationes
2752 4664 2995 4719 magnas,
3017 4656 3124 4706 etc.
3146 4648 3331 4723 (Auc.,
3349 4660 3536 4723 quiest.

1965 4740 2080 4814 50.)
2109 4741 2177 4796 Et
2208 4758 2311 4797 non
2338 4741 2481 4796 dedit
2502 4739 2760 4795 Dominus
2780 4739 2923 4796 Deus
2944 4741 3088 4797 vobis
3113 4758 3205 4798 cor
3222 4744 3373 4812 scire,
3402 4752 3537 4814 etc.,

1968 4849 2126 4904 usque
2147 4832 2217 4886 ad
2242 4831 2498 4902 quoniam
2520 4830 2727 4902 judicia
2756 4829 2853 4887 Dei
2898 4833 3148 4903 quamvis
3184 4834 3415 4902 occuita,
3450 4842 3538 4892 ta-

1962 4940 2093 4982 men
2115 4923 2260 4994 justa
2288 4931 2435 4979 sunt.

1975 4995 2001 5017 ’
2038 5015 2199 5069 Vens.
2232 5013 2285 5069 6.
2318 5043 2388 5055 -
2424 5012 2621 5069 Panem
2667 5029 2772 5069 non
2819 5014 3146 5082 contulistis,
3192 5022 3299 5072 etc.
3350 5016 3536 5088 (Αυρ.)

1967 5104 2105 5161 Hinc
2130 5113 2368 5175 apparet
2393 5103 2695 5169 lsraelitas,
2728 5112 2861 5172 etc,
2898 5118 3063 5177 usque
3100 5106 3169 5160 ad
3209 5105 3538 5177 principium

1966 5196 2118 5263 belli,
2140 5197 2232 5251 sed
2258 5197 2584 5268 principium
2616 5196 2749 5253 vini.

2040 5286 2205 5343 Vm.
2232 5287 2501 5345 18.—Ne
2521 5289 2656 5359 forte
2675 5290 2762 5345 sit.
2786 5288 2970 5364 (Ana,
3010 5297 3195 5360 quam.
3220 5287 3333 5364 82.)
3362 5284 3536 5346 LXX:

1972 5379 2225 5450 Nunquid
2268 5379 2457 5452 aliquis
2506 5389 2586 5435 est
2632 5381 2770 5435 inter
2806 5396 2924 5447 eos,
2968 5390 3103 5446 εαξη
3130 5394 3295 5446 usque
3328 5382 3398 5436 ad
3432 5392 3544 5438 non

1952 5470 2249 5542 conjugem
2282 5472 2387 5529 sibi
2414 5472 2801 5543 concupiverat
2826 5471 3086 5529 alienam.

2042 5564 2407 5630 Vens.i9,20.
2422 5594 2492 5606 -
2507 5563 2670 5619 Ebria
2695 5564 2975 5631 sitientem,
2997 5561 3332 5625 “Dominus,
3360 5559 3540 5619 etc.”

1964 5665 2073 5729 est,
2094 5672 2163 5712 ne
2190 5657 2315 5729 quis
2343 5656 2535 5726 plenus
2558 5654 2762 5711 malitia
2783 5664 2839 5711 et
2858 5654 3161 5712 idololatria
3182 5653 3542 5710 seducateum
3564 5712 3579 5733 κ

1968 5750 2062 5820 qui
2090 5749 2206 5806 sitit
2232 5749 2441 5841 discere
2458 5757 2516 5804 et
2537 5748 2678 5805 scire
2704 5740 3012 5815 veritatem;
3026 5746 3190 5803 sicuti
3204 5744 3419 5803 iaciunt
3432 5744 3544 5804 ha-

1984 5841 2157 5897 retici.
