4006 6352
477 441 583 498 487

1046 551 1274 607 CAPUT
1313 549 1482 605 XXX.

554 670 720 725 Vens.
755 667 841 721 Η.
864 695 934 705 -
957 664 1270 718 Mandatum
1299 663 1416 728 hoc,
1439 662 1578 732 quod
1608 677 1722 732 ego,
1745 669 1848 716 etc.
1878 659 2058 732 (Auc.,

481 771 668 835 quiest.
708 757 822 830 54.)
868 757 1050 813 LXX:
1084 755 1223 822 Quia
1251 753 1562 809 mandatum
1595 753 1711 817 hoc,
1741 762 1870 817 etc.,
1901 769 2062 824 usque

485 857 554 912 ad
581 856 697 912 siue
722 865 828 924 qua
850 851 894 906 si
919 849 1050 906 foris
1091 848 1339 903 manibus
1375 847 1529 912 ﬁant,
1561 854 1618 903 et
1659 847 1713 901 in
1748 846 1911 902 corde
1957 861 2063 901 non

486 949 643 1010 ﬁant,
670 951 939 1016 praecepta
971 941 1067 998 Dei
1094 956 1202 997 non
1230 939 1542 1010 implentur.

559 1037 727 1092 Vens.
755 1034 841 1089 14.
875 1064 945 1074 -
974 1031 1141 1086 Juxta
1164 1040 1212 1086 te
1236 1040 1310 1086 est
1354 1047 1544 1096 sermo,
1575 1039 1681 1086 etc.
1711 1029 1771 1086 Id
1803 1036 1886 1086 est
1908 1045 2062 1085 man-

489 1130 614 1184 data
651 1128 746 1184 Dei
784 1127 1058 1182 moderata
1099 1131 1154 1180 et
1197 1130 1602 1193 contemperata
1648 1130 1774 1178 sunt
1816 1121 2067 1177 humanis

488 1221 711 1275 viribus.
743 1217 928 1274 Potest
973 1218 1078 1273 hoc
1113 1217 1178 1272 de
1219 1216 1591 1272 incarnatione
1632 1215 1834 1272 Christi
1873 1214 2064 1284 accipi,

490 1313 583 1383 qui
609 1321 882 1375 assumpta
905 1310 1240 1366 humanitate
1269 1325 1430 1380 super
1460 1316 1662 1365 terram
1701 1307 1848 1364 visus
1871 1314 1983 1374 est,
2013 1314 2069 1364 et

493 1407 636 1463 inter
660 1406 910 1464 homines
933 1411 1304 1462 conversatus.

1059 1536 1286 1594 CAPUT
1324 1536 1518 1592 XXXI.

562 1653 730 1708 Vens.
760 1653 816 1708 7.
853 1683 922 1692 —
965 1649 1300 1722 Vocavitque.
1350 1647 1525 1705 Verba
1570 1644 1740 1719 Moysi
1790 1645 1858 1699 ad
1909 1643 2072 1700 Josue

494 1747 801 1818 signiﬁcant
827 1744 970 1815 quod
1006 1742 1255 1798 Christus
1285 1749 1486 1796 terram
1520 1738 1814 1794 viventium
1846 1735 2070 1809 singulis

493 1839 789 1896 secundum
815 1836 1032 1908 propria
1069 1835 1341 1891 distribuit
1369 1834 1584 1899 merita,
1624 1840 1680 1887 et
1721 1832 1900 1887 omnia
1939 1847 2069 1902 pro-

989 431 1384 490 WALAFRIDI
1420 431 1504 487 ST
1512 429 1668 487 RABI
1708 428 1923 486 FULD.
1969 423 2135 482 ΜΟΝ.
2177 423 2328 481 ΟΡΡ.
2369 422 2549 480 PARS
2583 421 2626 478 I.
2669 453 2736 464 -
2776 419 3236 479 THEOLOGICA.

2091 547 2138 605 A

3637 401 3746 475 ¹488

2718 542 2946 600 CAPUT
2973 539 3189 596 XXXII.

2230 635 2439 699 Audite,
2477 633 2609 688 coeti.
2655 633 2713 688 In
2768 633 3034 704 principio
3093 629 3327 686 maxima
3374 629 3651 686 elementa
3697 629 3753 686 in

2163 726 2530 782 testimonium
2553 731 2732 790 vocat,
2758 731 2817 778 ut
2837 724 2880 778 si
2905 722 3158 778 mandata
3175 719 3539 792 neglexerint,
3564 735 3753 776 eorum

2162 815 2477 873 testimonio
2506 816 2784 871 convictos
2811 814 3020 884 puniat.

2234 908 2501 964 Hebraice
2549 908 2794 962 samaiim
2825 903 3064 978 (mare),
3093 905 3148 960 id
3180 913 3262 961 est
3289 917 3436 968 cce...
3485 901 3632 972 quod
3675 912 3760 958 est

2162 1001 2369 1072 plurale
2404 1008 2457 1056 et
2483 999 2769 1055 masculini
2810 999 3044 1069 generis,
3075 999 3172 1053 sed
3211 995 3382 1051 voluit
3409 993 3762 1064 singulariter
3863 1001 3868 1008 ‘

2166 1094 2412 1165 intelligi,
2455 1093 2593 1149 sicut
2639 1091 2880 1162 singulas
2909 1091 3159 1148 civitates
3186 1089 3400 1145 Thebas
3429 1095 3488 1144 et
3515 1086 3762 1143 Athenas

2167 1183 2418 1240 dicimus.
2903 1251 2932 1258 Δ
3533 1254 3538 1258 τ

2238 1274 2454 1342 Audite,
2476 1273 2609 1330 caeli.
2642 1271 2825 1347 (ΕΑΒ.)
2843 1257 3081 1328 Audiant
3101 1271 3226 1328 coeli
3247 1257 3589 1344 allegoriam,
3612 1279 3762 1327 terra

2167 1365 2473 1422 historiam.

2697 1461 2925 1518 CAPUT
2969 1460 3182 1516 XXXII.

2244 1553 2407 1609 Vens.
2441 1553 2491 1608 l.
2519 1583 2590 1594 —-
2617 1554 2830 1620 Audite,
2873 1553 3006 1620 caeli,
3055 1561 3161 1609 etc.
3203 1551 3430 1619 Quidam
3465 1549 3668 1606 ccelum
3709 1559 3766 1605 et

2171 1655 2374 1704 terram
2409 1646 2562 1718 quasi
2601 1647 2838 1702 animata
2873 1648 2941 1702 ad
2973 1645 3296 1702 audiendum
3338 1646 3629 1716 provocari
3663 1660 3768 1715 pu-

2171 1749 2321 1807 tant,
2365 1740 2660 1795 secundum
2708 1738 2880 1794 illud:
2914 1738 3019 1805 Qui
3058 1738 3265 1808 respicit
3309 1747 3506 1792 terram
3550 1747 3599 1790 et
3633 1735 3768 1805 facit

2172 1851 2288 1890 eam
2327 1843 2542 1888 tremere
2571 1829 2744 1904 (Psal.
2775 1831 2916 1904 CIII),
2943 1845 3066 1887 eum
3100 1833 3204 1886 hoc
3229 1829 3326 1886 Dei
3354 1829 3645 1901 potestatis
3668 1831 3767 1898 sit,

493 1930 658 1984 missa
689 1927 782 1981 Dei
814 1926 1052 1995 impleat.
1082 1924 1200 1994 Ipse
1238 1924 1380 1977 enim
1415 1923 1708 1978 introducit
1732 1921 1987 1993 populum
2016 1922 2070 1977 in
2099 1918 2147 1978 B
2176 1942 2282 1982 non
2315 1940 2502 1981 eorum
2529 1924 2911 1996 intelligentiae.

497 2027 698 2074 terram
741 2016 1082 2088 promissam.
1113 2015 1190 2070 Eo
1227 2030 1456 2083 namque
1501 2013 1636 2068 duce
1671 2013 1948 2070 cmlestem
1989 2013 2072 2069 in-

493 2110 767 2182 gredimur
793 2108 1047 2178 patriam,
1078 2106 1170 2177 qui
1211 2106 1287 2160 ait
1316 2125 1328 2158 :
1359 2105 1525 2159 Nemo
1570 2106 1708 2160 venit
1748 2106 1817 2160 ad
1857 2103 2071 2161 Patrem

493 2205 597 2258 nisi
615 2219 707 2273 per
731 2219 812 2256 me
834 2200 1014 2272 (Joan.
1041 2199 1172 2268 xxv).
1199 2199 1266 2252 Et
1294 2217 1305 2250 :
1334 2196 1501 2252 Nemo
1529 2199 1759 2252 ascendit
1797 2199 1852 2251 in
1887 2197 2071 2253 coelum

493 2294 596 2348 nisi
616 2293 706 2364 qui
735 2290 995 2346 descendit
1035 2289 1097 2344 de
1118 2287 1262 2354 ctelo,
1301 2286 1348 2340 F
1351 2288 1472 2342 ilius
1511 2288 1757 2355 hominis,
1794 2289 1884 2358 qui
1915 2289 2073 2343 est'in

493 2384 618 2439 caelo
660 2384 850 2454 (Joan.
902 2379 1036 2453 ut);
1096 2398 1187 2452 qui
1231 2381 1375 2436 enim
1421 2380 1608 2435 unitur
1655 2389 1710 2436 et
1754 2396 1852 2452 per
1896 2381 2070 2452 ipsum

494 2474 760 2532 ascendit.

567 2571 729 2624 Vens.
761 2567 847 2622 10.
872 2597 945 2607 —
969 2563 1099 2620 Post
1133 2575 1326 2636 septem
1374 2582 1560 2620 annos.
1603 2565 1661 2620 In
1704 2566 1897 2636 quibus
1930 2581 2071 2636 prte-

494 2675 619 2716 sens
647 2659 756 2712 vita
779 2658 1043 2729 signatur,
1074 2672 1193 2726 quae
1227 2657 1534 2726 septenario
1557 2672 1783 2713 numero
1810 2657 2068 2724 volvitur;

495 2751 580 2806 vel
631 2760 843 2820 tempus
890 2748 1090 2804 veteris
1137 2748 1273 2819 legis
1324 2758 1546 2820 propter
1595 2750 1894 2805 sabbatum.
1947 2749 2075 2806 Post

494 2847 700 2910 septem
743 2855 872 2910 ergo
918 2855 1088 2895 annos
1116 2839 1168 2894 in
1199 2855 1340 2895 anno
1379 2841 1709 2897 remissionis
1737 2842 1824 2898 lex
1853 2843 1908 2897 in
1946 2857 2076 2900 con-

495 2939 655 2987 ventu
683 2931 783 3003 legi
811 2931 1120 3002 praecipitur
1145 2949 1157 2985 :
1184 2931 1310 3002 quia
1335 2933 1600 3002 completa
1627 2932 1760 3004 legis
1789 2933 2076 2988 observan-

496 3023 594 3088 tia,
620 3023 703 3079 lex
727 3023 1018 3092 spiritualis
1039 3024 1296 3079 succedit.
1324 3023 1504 3080 Unde:
1525 3023 1628 3078 Ubi
1650 3025 1778 3080 venit
1807 3023 2073 3096 plenitudo

493 3115 777 3185 temporis,
823 3115 967 3168 misit
1007 3113 1146 3169 Deus
1193 3112 1393 3170 Filium
1439 3132 1591 3170 suum
1631 3124 1810 3170 natum
1855 3132 1919 3170 ea:
1961 3132 2076 3170 mu-

499 3203 645 3270 liere,
675 3214 779 3260 etc.
813 3204 1030 3276 (Ephes.
1057 3206 1155 3278 tv).

567 3294 730 3349 Vens.
767 3295 859 3349 24.
886 3327 955 3336 —
979 3294 1269 3367 Postquam
1297 3312 1418 3367 ergo
1448 3298 1653 3367 scripsit
1680 3297 1903 3369 Moyses.
1937 3300 2074 3354 Deu-
2099 3295 2144 3360 C

499 3388 857 3442 teronomium
889 3388 1298 3443 commendatur
1330 3387 1552 3455 Levitis,
1580 3391 1704 3460 quia
1725 3391 2069 3462 Evangelium

494 3476 697 3532 Christi
724 3492 822 3548 per
845 3493 1096 3533 verorum
1118 3479 1456 3534 sacerdotum
1480 3481 1838 3536 ministerium
1871 3483 1922 3535 in
1953 3499 2068 3538 me-

497 3570 670 3625 moria
701 3569 1013 3625 reconditur
1059 3569 1332 3638 Ecclesize,
1380 3587 1500 3642 qua:
1547 3580 1630 3626 est
1669 3586 1794 3626 arca
1834 3571 2066 3640 Domini,

492 3666 585 3722 ubi
617 3665 867 3721 caelestes
897 3665 1138 3720 thesauri
1169 3667 1553 3722 reconduntur.
1597 3665 1675 3721 Ibi
1717 3667 1836 3722 dua:
1875 3667 2073 3723 tabulae

494 3761 830 3826 testainenti,
855 3761 976 3816 libri
1008 3761 1217 3816 scilicet
1251 3761 1384 3832 legis
1412 3769 1467 3816 et
1502 3760 1797 3832 Evangelii.
1825 3761 1902 3816 Ibi
1936 3776 2074 3816 urna

493 3853 614 3923 qua:
637 3853 879 3908 continet
902 3867 1117 3918 manna,
1140 3852 1194 3906 id
1219 3860 1304 3907 est
1322 3867 1448 3906 caro
1471 3849 1689 3915 Christi,
1716 3852 1771 3906 in
1798 3867 1902 3923 qua
1922 3853 2073 3909 cibus

494 3945 620 4001 vitae
646 3952 892 4010 aeternas;
933 3945 1008 3999 ibi
1032 3945 1184 4015 virga
1213 3944 1413 4010 Aaron,
1441 3960 1559 4015 quae
1585 3942 1918 4012 fronduerat,
1947 3948 2071 4017 quia

496 4039 569 4094 ibi
620 4037 982 4095 sacerdotium
1027 4037 1266 4104 Christi,
1297 4038 1438 4107 quod
1467 4046 1649 4093 manet
1691 4039 1744 4093 in
1787 4050 2068 4106 aeternum,

495 4135 600 4201 vel,
641 4135 695 4190 in
737 4142 1078 4205 perpetuum,
1120 4142 1178 4188 ut
1212 4132 1283 4187 sit
1306 4133 1380 4188 ibi
1411 4140 1602 4188 contra
1645 4143 1697 4188 te
1735 4135 1789 4189 in
1828 4135 2070 4190 testimo-

495 4229 666 4306 nium.
709 4227 885 4284 Verha
935 4226 1069 4298 legis
1108 4225 1538 4282 custodientibus
1577 4232 1702 4282 sunt
1729 4226 1796 4282 ad
1823 4226 2066 4292 salutem,

495 4320 959 4392 contemptoribus
983 4320 1035 4374 in
1059 4319 1422 4375 testimonium
1445 4319 1797 4375 contumacia:
1817 4327 1871 4374 et
1891 4319 2074 4375 inobe-

495 4412 711 4490 dientite
738 4429 752 4465 :
781 4410 960 4467 unde:
991 4409 1088 4465 Est
1119 4411 1208 4482 qui
1238 4421 1453 4466 accusat
1478 4428 1586 4477 vos,
1628 4409 1866 4482 Moyses,
1897 4412 1952 4466 in
1971 4428 2072 4482 quo

495 4503 736 4574 speratis.
766 4500 828 4557 Si
846 4502 980 4556 enim
1009 4501 1284 4556 crederetis
1316 4500 1510 4572 Moysi,
1541 4501 1815 4556 crederetis
1854 4510 1900 4555 et
1945 4501 2073 4556 mihi

494 4592 727 4665 forsitan
771 4606 789 4644 .'
839 4592 903 4646 de
947 4608 1028 4647 me
1066 4593 1203 4647 enim
1251 4591 1339 4647 ille
1381 4593 1582 4663 scripsit
1629 4591 1820 4664 (Joan.
1878 4592 1972 4664 v);
2020 4600 2072 4648 et

495 4653 624 4738 alibi
660 4701 672 4736 :
713 4680 896 4738 Sermo
938 4699 1091 4754 quem
1121 4699 1213 4754 ego
1249 4682 1452 4737 locutus
1483 4653 1646 4747 usum,‘
1671 4683 1778 4752 ipse
1811 4653 2072 4752 judicabit
2099 4653 2150 4714 θ

498 4774 662 4848 (Joan
678 4773 799 4846 xu).

567 4866 734 4922 Vens.
785 4864 874 4920 50.
924 4896 991 4906 ——
1034 4864 1259 4920 Locutus
1311 4874 1387 4920 est
1444 4882 1566 4936 ergo
1623 4863 1851 4935 Moyses.
1894 4863 2072 4921 Verba

496 4957 665 5032 Moysi
696 4975 803 5014 non
831 4958 1147 5030 simpliciter
1193 4967 1319 5016 sunt
1363 4957 1693 5027 accipienda,
1722 4958 1846 5029 quia
1875 4973 2071 5014 secun-

495 5053 622 5108 dum
668 5052 952 5108 historiam
991 5051 1247 5107 lsraelitis
1293 5049 1536 5120 largitori
1573 5049 1682 5104 Deo
1711 5048 1940 5122 ingratis
1978 5063 2075 5106 ex-

492 5142 718 5214 probrat
753 5141 1076 5212 perﬁdiam,
1121 5150 1178 5196 et
1222 5139 1508 5209 allegorice
1555 5147 1798 5196 sanctam
1831 5127 2074 5196 instruit

493 5232 815 5300 Ecclesiam,
859 5243 914 5292 et
963 5236 1030 5290 ad
1073 5250 1282 5290 morum
1321 5233 1660 5288 honestatem
1695 5242 1954 5305 provocat
1977 5248 2074 5304 per

495 5324 870 5398 tropologiam.
918 5325 1195 5382 Servanda
1222 5332 1306 5381 est
1333 5339 1465 5396 ergo
1494 5325 1550 5379 in
1579 5325 1804 5382 historia
1851 5327 2069 5392 veritas,

495 5420 549 5475 in
581 5419 836 5491 allegoria
865 5419 1142 5492 mysteria,
1177 5420 1229 5474 in
1274 5418 1569 5490 tropologia
1601 5418 1897 5488 disciplina:
1925 5418 2072 5474 utiliu

495 5521 608 5580 tas,
640 5523 699 5568 ut
729 5515 810 5570 sic
849 5514 915 5568 ad
961 5513 1234 5569 caelestem
1267 5511 1530 5566 theoriam
1561 5511 1938 5580 provehamur.
1967 5510 2071 5566 No-

493 5608 716 5664 tandum
754 5624 966 5680 quoque
1016 5608 1160 5676 quod
1195 5607 1392 5662 dicitur
1433 5625 1446 5660 :
1488 5607 1715 5662 Locutus
1751 5617 1826 5661 est
1867 5605 2070 5676 Moyses

493 5703 644 5758 verba
667 5705 916 5758 carminis
958 5701 1139 5771 hujus,
1176 5710 1306 5768 elc.,
1336 5710 1397 5756 ut
1426 5702 1516 5772 qui
1545 5701 1712 5757 Deum
1743 5715 1837 5757 ore
1868 5701 2067 5766 laudat,

492 5808 655 5862 opere
675 5803 805 5858 :non
839 5790 1199 5848 contradicat.
1237 5792 1358 5848 Non
1385 5803 1461 5849 est
1489 5794 1722 5866 speciosa
1757 5794 1872 5849 laus
1901 5794 1955 5847 in
1983 5810 2071 5849 ore

491 5888 774 5947 peccatoris
801 5886 990 5956 (Eccli.
1019 5885 1159 5956 xm).

2251 2015 2411 2070 Vens.
2441 2015 2496 2069 2.
2521 2046 2590 2055 —
2616 2013 2944 2070 Concrescat.
2978 2015 3290 2070 Doctrinam
3323 2011 3460 2084 legis
3490 2012 3687 2085 pluviae
3715 2024 3772 2070 et

2172 2109 2289 2166 rori
2311 2116 2611 2178 comparat,
2641 2107 2766 2178 quia
2792 2123 2822 2162 a
2850 2107 3087 2163 ﬁdelium
3104 2105 3356 2162 cordibus
3372 2107 3620 2178 germina
3647 2106 3768 2177 spi-

2175 2203 2350 2260 ritalis
2379 2202 2588 2258 fructus
2613 2201 2803 2274 exigit.
2838 2200 2966 2258 Haec
3003 2201 3148 2256 enim
3180 2208 3308 2256 sunt
3339 2214 3468 2270 ager
3503 2207 3562 2253 et
3604 2199 3770 2253 vinea

2173 2300 2291 2355 Dei.
2326 2297 2458 2353 Tale
2483 2305 2567 2352 est
2601 2295 2731 2352 illud
2759 2294 2913 2350 Isaiae
2941 2313 2954 2348 :
2983 2293 3258 2360 Quomodo
3287 2291 3550 2347 descendit
3577 2291 3766 2359 imber,

2173 2404 2219 2450 et
2243 2395 2334 2448 nia:
2358 2393 2422 2446 de
2443 2390 2590 2456 ctelo,
2611 2400 2658 2445 et
2675 2389 2804 2444 illuc
2824 2388 2965 2444 ultra
2988 2404 3092 2442 non
3115 2387 3409 2452 revertitur,
3424 2385 3517 2440 sed
3536 2384 3768 2439 inebriat

2173 2495 2386 2549 terram,
2425 2484 2609 2554 irrigat
2649 2481 2838 2552 faciem
2873 2481 3096 2551 ejus,'et
3141 2479 3434 2550 germinare
3472 2493 3592 2532 eam
3633 2475 3770 2546 facit

2177 2575 2312 2649 (Ιεα.
2343 2573 2454 2646 ιν).

2246 2667 2411 2722 Vens.
2437 2665 2490 2720 5.
2517 2696 2586 2706 -
2616 2664 2844 2720 Nomen.
2887 2664 3234 2720 Demonstrat
3278 2676 3398 2732 quae
3439 2661 3513 2716 sit
3553 2660 3766 2732 pluvia.

2177 2760 2388 2816 Nomen
2425 2759 2568 2814 enim
2597 2757 2813 2813 Domini
2839 2757 3114 2823 invocare,
3141 2764 3224 2812 est
3244 2754 3596 2824 Evangelium
3622 2769 3769 2824 prae-

2177 2853 2359 2908 dicare
2388 2870 2400 2906 :
2436 2852 2581 2924 quod
2625 2852 2718 2924 qui
2761 2851 2912 2908 audit
2942 2850 3169 2918 etfacit,
3208 2851 3444 2906 fructum
3482 2851 3610 2905 vita:
3639 2865 3767 2919 pos-

2177 2946 2391 3002 sidebit.

2248 3037 2365 3092 Dei.
2396 3037 2550 3094 Unde
2581 3055 2594 3092 :
2625 3036 2854 3108 Perfecti
2875 3047 2996 3093 sunt
3033 3037 3167 3105 caeli,
3211 3048 3260 3094 et
3294 3047 3458 3105 terra,
3499 3046 3550 3092 et
3591 3039 3768 3093 omnis

2177 3138 2393 3183 ornatus
2431 3145 2612 3183 eorum
2636 3143 2653 3180 .'
2677 3128 3044 3200 complevitquc
3071 3128 3212 3183 Deus
3250 3130 3335 3184 die
3373 3129 3593 3200 septimo
3634 3145 3764 3198 opus

2176 3235 2328 3273 suum
2360 3216 2513 3291 (Gen.
2550 3217 2636 3291 ιι),
2667 3219 2811 3289 quod
2841 3229 2922 3275 est
2947 3219 3246 3291 redemptio
3275 3219 3497 3274 humani
3520 3220 3762 3290 generis,

2175 3327 2336 3383 quam
2375 3311 2612 3366 ostendit
2651 3311 2807 3367 nobis
2850 3314 3096 3383 quando,
3146 3312 3434 3384 perﬁciens
3480 3311 3766 3384 spirituale

2177 3405 2484 3469 sabbatum,
2517 3404 2572 3457 in
2599 3403 2846 3475 sepulcro
2872 3404 3156 3474 requievit.

2247 3495 2410 3550 Vens.
2443 3494 2494 3550 5.
2525 3525 2596 3535 --
2618 3493 2970 3550 Peccauerunt
2998 3497 3064 3558 ei,
3097 3503 3201 3553 etc.
3227 3497 3410 3568 (Auc.,
3431 3504 3624 3567 quiest.
3647 3495 3764 3566 55.)

2177 3587 2320 3642 LXX
2345 3605 2358 3642 :
2383 3585 2737 3642 Peccauerunt
2768 3604 2871 3642 non
2891 3588 2936 3642 ei
2956 3586 3054 3658 ﬁlii
3083 3587 3464 3660 vituperabiles.
3482 3587 3589 3656 Qui
3613 3588 3764 3642 enim

2176 3693 2384 3756 peccat,
2435 3692 2570 3750 etc.,
2618 3701 2781 3756 usque
2824 3685 2893 3738 ad
2935 3685 3228 3740 secundum
3275 3683 3327 3740 id
3372 3683 3516 3754 quod
3561 3698 3674 3738 non
3715 3681 3762 3736 ei

2179 3786 2485 3834 nocuerunt
2515 3785 2738 3848 peccato
2765 3792 2882 3844 suo,
2920 3779 3013 3832 sed
3035 3776 3154 3832 sibi.

2249 3868 2318 3923 Et
2353 3886 2478 3923 non.
2513 3869 2648 3936 Quia
2674 3885 2781 3924 non
2805 3883 2872 3924 ex
2905 3868 3029 3924 ﬁde.
3061 3868 3215 3922 Dedit
3255 3867 3402 3922 enim
3430 3867 3506 3922 eis
3533 3876 3764 3938 potesta-

2179 3968 2281 4012 tem
2319 3958 2456 4028 filios
2488 3958 2583 4012 Dei
2623 3958 2762 4028 fieri,
2803 3959 2884 4012 his
2911 3959 3000 4029 qui
3035 3957 3247 4012 credunt
3284 3957 3338 4011 in
3383 3957 3596 4010 nomine
3623 3956 3760 4025 ejus.

2178 4049 2237 4105 In
2260 4049 2510 4106 ﬁdelibus
2534 4059 2712 4105 autem
2735 4049 2961 4105 dicitur:
2991 4047 3091 4103 Vos
3121 4065 3184 4102 ea:
3209 4057 3355 4119 patre
3380 4046 3595 4101 diabolo
3615 4048 3761 4102 estis.

2250 4140 2527 4199 Generatio
2550 4161 2728 4214 prava.
2771 4143 2848 4198 De
2880 4158 2988 4214 qua
3023 4143 3076 4196 in
3105 4140 3399 4214 Evangelio
3431 4158 3445 4194 :
3477 4139 3761 4198 Generatio

2177 4249 2339 4304 prava
2371 4242 2524 4302 atque
2561 4248 2801 4302 perversa
2839 4221 3042 4302 signum
3077 4231 3264 4302 quwrit
3288 4229 3505 4302 (Matth.
3541 4232 3665 4304 xu).
3696 4231 3763 4286 Et

2180 4322 2310 4378 alibi
2344 4339 2358 4376 :
2389 4319 2662 4375 Genimina
2687 4321 3008 4391 viperarum,
3028 4321 3143 4393 quis
3166 4321 3387 4376 ostendit
3417 4321 3560 4376 vobis
3581 4323 3760 4391 fugere

2178 4430 2211 4467 a
2236 4423 2450 4468 ventura
2479 4413 2558 4466 ira
2583 4410 2733 4483 (Luc.
2762 4410 2888 4484 III)?

2251 4501 2416 4557 Vens.
2441 4500 2576 4556 6.—
2594 4499 2849 4572 Nunquid
2879 4517 3002 4567 non,
3022 4507 3125 4555 etc.
3153 4498 3254 4568 Qui
3275 4500 3518 4556 omnium
3547 4508 3759 4555 creator

2179 4603 2235 4651 et
2275 4593 2522 4650 conditor
2549 4609 2690 4648 unus
2715 4594 2856 4649 Deus
2883 4608 2912 4648 a
2938 4607 3046 4663 quo
3087 4591 3236 4662 ipso,
3263 4601 3317 4648 et
3350 4607 3446 4662 per
3475 4593 3675 4662 ipsum,
3703 4601 3756 4647 et

2177 4687 2230 4742 in
2263 4687 2380 4756 ipso
2411 4692 2537 4740 sunt
2565 4685 2766 4740 omnia.
2812 4683 3184 4754 Praeposterus
3209 4683 3362 4739 ordo.
3399 4683 3582 4738 Primo
3611 4683 3754 4738 enim

2177 4778 2384 4835 ereavit
2435 4778 2578 4834 Deus
2634 4776 2967 4848 disponendo
3017 4785 3077 4831 ut
3120 4785 3294 4842 esset,
3347 4776 3584 4833 secundo
3629 4775 3756 4831 fecit

2175 4870 2484 4938 formando,
2507 4869 2671 4926 tertio
2701 4868 3024 4924 dominando
3052 4870 3309 4938 possedit.

2248 4967 2474 5024 Creavit.
2499 4967 2732 5032 Creavit,
2760 4966 2886 5022 dum
2909 4967 3195 5022 materiam
3223 4964 3364 5022 unde
3383 4963 3607 5020 formari
3632 4978 3753 5035 pos-

2177 5063 2268 5129 sit,
2297 5059 2554 5117 condidit.
2591 5059 2799 5115 Stultus
2823 5074 2954 5131 ergo
2982 5069 3035 5115 et
3063 5059 3342 5131 insipiens,
3367 5057 3492 5127 quia
3519 5056 3742 5112 Creato-

2177 5167 2292 5208 rem
2313 5159 2368 5206 et
2391 5149 2654 5227 factorem
2687 5164 2843 5204 suum
2871 5148 3031 5222 digna
3053 5147 3402 5204 veneratione
3433 5163 3542 5203 non
3582 5147 3707 5202 colit
3731 5161 3748 5200 :

2179 5243 2464 5297 immemor
2510 5241 2628 5312 ejus
2675 5239 2945 5306 beneﬁcii,
2979 5256 3088 5310 quo
3115 5255 3237 5295 eum
3287 5239 3428 5294 Deus
3479 5240 3546 5296 de
3591 5253 3747 5293 manu

2175 5333 2516 5390 inimicorum
2567 5333 2712 5388 eruit
2755 5341 2810 5386 et
2856 5332 3125 5404 possedit,
3173 5346 3270 5402 per
3319 5345 3472 5386 mare
3511 5330 3747 5385 Rubrum

2175 5427 2353 5494 duxit,
2392 5442 2592 5482 manna
2644 5426 2711 5482 de
2761 5425 2897 5482 coelo
2945 5425 3111 5488 dedit,
3164 5424 3279 5493 ipse
3318 5423 3564 5494 ingratus
3612 5421 3744 5478 idola

2174 5520 2342 5575 coluit
2359 5519 2576 5575 dicens:
2605 5517 2677 5572 Hi
2706 5528 2826 5572 sunt
2848 5519 2921 5572 dii
2946 5519 3044 5582 tui,
3076 5515 3267 5581 Israel,
3287 5517 3375 5587 qui
3393 5517 3682 5571 eduxerunt
3701 5524 3746 5568 te

2174 5617 2237 5665 de
2261 5621 2399 5666 terra
2426 5611 2644 5680 Αἰαίη)ιὶ
2678 5609 2876 5671 (Exod.
2909 5608 3104 5679 χχχιι).

2249 5699 2411 5754 Vens.
2439 5701 2490 5753 7.
2516 5731 2582 5739 —
2615 5699 2848 5753 Patrem.
2881 5698 3168 5755 Doctorem
3210 5699 3344 5769 legis
3392 5706 3448 5753 et
3495 5697 3742 5767 praedica-

2179 5800 2349 5846 torem
2374 5790 2675 5873 Evangelii,
2702 5791 2858 5862 cujus
2886 5790 3131 5847 doctrina
3167 5799 3223 5847 et
3255 5790 3506 5860 exemplo
3544 5789 3738 5846 scilicet

2177 5885 2483 5942 instruatis.

3973 1061 3975 1183 γ
