4006 6352
1221 411 1488 472 GLOSSA
1525 409 1922 469 OiiDlNARIA.
1962 431 2034 456 -'--
2066 413 2197 472 ιω.
2238 413 2444 474 DEUT.

3349 419 3456 476 490

285 535 454 592 Vnus.
485 534 540 592 8.
565 564 637 576 —
664 533 888 602 Quando
929 534 1217 599 dividebat,
1260 541 1368 588 etc.
1413 531 1610 600 Quasi,
1663 545 1784 586 cum
1813 530 1868 590 Α
1961 528 2033 583 Et
2061 539 2281 600 augeret.
2315 529 2532 603 (Cum,
2561 530 2701 585 hom.
2724 527 2794 584 26
2820 528 2877 584 in
2905 528 3134 602 Evang.)
3163 529 3228 585 Ut
3255 546 3462 604 angeret

213 629 508 688 multitudo
532 626 812 681 hominum
847 623 1262 680 innumerabilis
1297 624 1392 690 sit,
1416 623 1556 678 ﬁlios
1583 631 1793 677 tantum

209 719 384 777 Israel
432 715 806 784 hereditatem
857 731 1009 772 suam
1053 715 1315 772 Dominus
1357 714 1552 787 elegit,
1595 713 1792 784 quibus

211 810 513 884 potentiam
554 823 708 864 suam
745 815 800 863 et
825 815 1040 864 secreta
1067 821 1164 864 sua
1190 820 1288 878 per
1315 805 1451 877 legis
1479 813 1536 862 et
1561 805 1794 877 prophe-

216 913 400 960 tarum
425 899 808 956 manifestabat
829 899 1051 955 indicia.

288 993 592 1048 Constituit.
637 990 851 1062 (Cum,
885 991 1027 1045 hom.
1055 989 1089 1046 4
1112 991 1169 1045 in
1207 988 1438 1062 Evang.)
1463 988 1581 1043 Alia
1607 986 1791 1053 editio,

214 1092 350 1149 etc.,
376 1099 539 1155 usque
560 1081 629 1136 ad
650 1090 706 1137 et
733 1081 790 1137 in
811 1095 1000 1138 eorum
1022 1090 1226 1138 sortem
1248 1097 1345 1153 per
1367 1079 1794 1138 conversationis

216 1173 630 1232 similitudinem
657 1173 974 1230 ascendunt.

295 1267 459 1324 Vnus.
481 1267 535 1324 9.
557 1297 628 1307 —
647 1265 785 1322 Pars
813 1276 988 1322 autem
1015 1266 1227 1322 Domini
1247 1266 1470 1339 populus
1497 1267 1632 1338 ejus.
1660 1265 1796 1322 Cum

214 1360 364 1416 Deus
426 1358 709 1415 universas
764 1367 953 1430 gentes
1015 1359 1220 1415 creavit
1240 1398 1256 1423 ,
1313 1358 1458 1415 solos
1520 1356 1797 1414 lsraelitas

211 1454 404 1525 elegit,
431 1467 569 1524 quos
609 1468 707 1509 sua
741 1454 1064 1524 cognitione
1096 1454 1266 1527 signis
1294 1463 1352 1512 et
1380 1453 1659 1511 miraculis
1683 1453 1796 1526 glo-

213 1544 476 1602 riﬁcavit.

289 1635 459 1692 Vsus.
489 1637 660 1692 l0.—
684 1635 909 1694 Invenit.
939 1637 1076 1707 Quia
1102 1638 1158 1694 in
1190 1637 1318 1694 Sina
1342 1647 1561 1710 pactum
1587 1654 1708 1696 cum
1730 1653 1796 1695 eo

217 1726 363 1794 iniit,
389 1742 586 1783 manna
615 1727 779 1794 dedit,
807 1737 865 1784 et
895 1743 1090 1800 aquam
1120 1730 1189 1786 de
1219 1737 1371 1801 petra
1397 1731 1670 1801 produxit,
1703 1744 1796 1786 co-

217 1822 462 1878 turnices
488 1821 849 1890 ministravit;
881 1831 938 1878 et
960 1823 1013 1878 in
1040 1838 1226 1880 eremo
1257 1825 1612 1897 quadraginta
1636 1822 1793 1882 annis

213 1927 313 1971 eos
334 1912 788 1970 circumducendo
811 1922 1080 1984 princepta
1110 1930 1208 1971 sua
1237 1915 1438 1971 docuit.

291 2002 677 2060 Circumduxit.
707 2003 1007 2062 Ecclesiam
1025 2020 1124 2077 per
1146 2006 1334 2062 orbem
1364 2015 1636 2062 terrarum
1662 2005 1797 2063 dila-

216 2093 409 2162 tando,
437 2094 492 2149 in
522 2094 665 2149 viam
693 2095 1071 2151 mandatorum
1097 2110 1319 2151 suorum
1342 2095 1638 2166 dirigenda.

291 2183 605 2240 Custodivit.
645 2184 796 2241 Multi
845 2186 900 2241 in
945 2185 1162 2244 deserto
1204 2186 1462 2258 prostrati
1510 2192 1657 2255 sunt,
1703 2185 1800 2244 sed

212 2288 504 2352 postquam
530 2277 783 2334 mandata
809 2277 904 2334 Dei
927 2277 1257 2351 transgressi
1287 2284 1430 2334 sunt.

285 2367 457 2425 Vens.
486 2367 574 2423 11.
604 2399 678 2409 -
697 2365 845 2424 Sicut
869 2368 1067 2440 aquila.
1095 2367 1328 2438 Aquila,
1352 2367 1650 2424 secundum
1670 2369 1800 2442 phy-

215 2462 385 2530 sicos,
407 2462 476 2519 ab
503 2462 751 2518 acumine
765 2461 1046 2518 oculorum
1069 2472 1286 2529 vocata,
1312 2471 1422 2516 tam
1451 2468 1607 2517 acute
1627 2461 1795 2528 videt,

218 2563 282 2612 ut
328 2570 456 2611 cum
505 2570 667 2627 super
711 2555 884 2611 maria
931 2554 1192 2610 immobili
1238 2569 1413 2626 penna
1457 2553 1653 2622 fertur,
1698 2569 1800 2611 nec

220 2650 481 2707 humanis
525 2647 733 2709 visibus
773 2655 956 2720 patet,
996 2647 1283 2720 pisciculos
1327 2649 1382 2704 in
1425 2647 1562 2703 mari
1609 2656 1799 2704 natare

222 2743 426 2808 videat,
455 2751 512 2798 et
533 2741 788 2798 tormenti
823 2741 996 2796 instar
1026 2739 1355 2796 descendens
1375 2748 1586 2810 raptam
1606 2740 1798 2811 pennis

217 2833 463 2905 praedam
518 2832 587 2888 ad
635 2832 787 2888 littus
832 2833 1132 2904 pertrahat.
1182 2831 1362 2888 Pullos
1415 2847 1629 2903 quoque
1675 2833 1797 2902 plu-

218 2932 525 2983 mescentes
554 2922 654 2981 alis
695 2924 949 2980 verberat
985 2930 1040 2979 et
1080 2923 1147 2978 ad
1193 2921 1485 2980 velandum
1515 2932 1794 2994 provocat.

221 3016 316 3072 Sic
356 3014 608 3072 Christus
642 3028 742 3070 nos
779 3013 939 3070 dictis
981 3021 1037 3068 et
1079 3013 1340 3085 exemplis
1373 3013 1700 3080 exhortans,
1729 3014 1799 3071 ad

221 3108 330 3164 alta
374 3106 656 3177 provehit,
687 3116 748 3162 ut
778 3120 1071 3176 sequamur
1111 3121 1218 3176 quo
1261 3106 1568 3176 praecessit;
1615 3107 1794 3163 unde:

221 3198 324 3254 Ubi
346 3198 508 3268 fuerit
521 3214 728 3268 corpus,
747 3197 820 3253 ibi
838 3197 1289 3269 congregabantur
1301 3207 1351 3252 et
1366 3197 1558 3269 aquila:
1580 3197 1794 3270 (Matth.

141 3277 152 3284 ’
219 3292 396 3363 xxxv).
443 3290 623 3362 Super
650 3290 818 3346 caelos
858 3304 1073 3361 quoque
1120 3289 1408 3354 exaltatus,
1456 3297 1511 3345 et
1549 3290 1799 3346 humanis

221 3386 536 3442 subtractus
559 3382 886 3453 aspectibus,
913 3382 968 3436 in
993 3381 1129 3437 mari
1151 3379 1310 3450 hujus
1338 3382 1523 3437 mundi
1552 3390 1800 3440 natantes

221 3475 396 3531 oculis
445 3472 832 3530 misericordia
883 3471 1045 3535 videt,
1099 3480 1154 3526 et
1197 3471 1390 3542 pennis
1437 3473 1637 3528 amoris
1672 3487 1798 3541 per-

221 3565 396 3620 trahit
441 3563 509 3618 ad
551 3563 703 3618 littus
745 3569 961 3619 εδει-ηδε
1002 3560 1334 3617 securitatis.
1366 3559 1522 3617 Unde
1563 3579 1577 3615 ε
1611 3561 1724 3632 Ego
1755 3562 1801 3616 si

221 3655 490 3712 excitatus
533 3654 680 3724 fuero
722 3671 758 3708 a
807 3662 971 3722 terra,
1013 3652 1190 3708 omnia
1215 3653 1421 3708 traham
1449 3653 1518 3707 ad
1545 3653 1802 3723 meipsum

224 3748 414 3820 (.‘Ioan.
439 3745 566 3820 xu).

297 3829 662 3910 Sicutaquita,
678 3846 784 3896 etc.
806 3839 1020 3911 Aquila,
1043 3848 1104 3897 ut
1125 3841 1294 3904 aiunt,
1319 3855 1442 3897 cum
1463 3841 1804 3914 plumescere

221 3930 405 4003 pullos
432 3944 561 3985 suos
582 3928 746 3996 videt,
771 3930 837 3986 ad
865 3930 1033 3986 solem
1060 3931 1345 3997 convertit,
1371 3939 1426 3987 et
1453 3930 1602 3986 illum
1633 3931 1808 3987 nutrit

227 4021 323 4094 qui
355 4018 753 4076 irreverberata
797 4021 912 4076 acie
955 4021 1147 4094 aspicit
1173 4021 1354 4077 radios
1382 4020 1534 4088 solis,
1558 4028 1613 4076 et
1641 4021 1688 4076 si
1719 4020 1804 4076 lu-

229 4114 380 4170 mina
419 4110 674 4180 deﬂectit,
716 4113 869 4183 quasi
892 4111 1215 4183 degenerem
1242 4111 1493 4184 negligit;
1525 4111 1806 4183 pullosque

229 4208 301 4262 ad
329 4205 618 4262 volandum
647 4215 931 4276 provocat,
967 4213 1024 4261 et
1056 4205 1228 4261 lassos
1256 4205 1356 4260 alis
1385 4213 1656 4261 sustentat
1683 4223 1696 4260 :
1727 4205 1808 4260 sic

223 4297 370 4354 Deus
423 4296 491 4350 ad
532 4309 720 4350 verum
769 4293 948 4350 Solem
1001 4310 1100 4352 nos
1148 4295 1356 4359 invitat,
1403 4294 1806 4352 inﬁrmitatibus

225 4387 437 4444 nostris
456 4386 804 4458 compatitur,
831 4394 887 4442 et
915 4386 1015 4442 alis
1037 4386 1226 4457 gratiae
1254 4394 1540 4443 sustentat.

298 4478 624 4535 Provocans.
650 4510 722 4519 —
756 4477 838 4532 Ad
884 4487 1084 4534 terram
1129 4477 1388 4534 Chanaan
1427 4477 1807 4550 possidendam

221 4571 496 4629 Dominus
537 4570 794 4642 populum
837 4585 993 4627 suum
1040 4571 1372 4642 provocavit,
1403 4570 1628 4641 adjuvit,
1658 4578 1715 4626 et
1738 4569 1808 4626 ab

223 4663 465 4722 inimicis
489 4663 747 4734 protexit.

300 4753 467 4810 Vnus.
505 4754 594 4809 12.
617 4783 689 4796 —
715 4752 993 4810 Dominus.
1025 4763 1188 4810 rater
1211 4763 1268 4811 et
1288 4754 1458 4811 Filius
1485 4763 1541 4810 et
1568 4753 1804 4826 Spiritus

221 4855 454 4904 sanctus
480 4861 621 4902 unus
643 4854 729 4902 est
750 4847 912 4902 Deus.
938 4845 1054 4901 Non
1083 4847 1214 4902 dicit
1239 4847 1386 4903 solus
1411 4848 1590 4914 Pater,
1620 4863 1687 4902 ne
1715 4862 1804 4902 ex-

220 4937 410 4993 cludat
447 4935 642 4992 Filium
683 4936 768 4993 vel
816 4935 1078 5008 Spiritum
1115 4949 1394 5006 sanctum,
1423 4939 1519 4996 sed
1545 4939 1806 4998 Dominus

219 5028 399 5094 solus,
428 5027 486 5084 id
512 5038 597 5085 est
622 5029 785 5084 Deus.

295 5120 578 5177 Dominus.
630 5121 1026 5179 liaereticorum
1065 5130 1148 5180 tot
1197 5122 1402 5180 domini
1451 5131 1616 5192 sunt,
1669 5133 1807 5196 quot

221 5226 448 5269 errores
475 5212 675 5268 colunt.

300 5303 471 5360 Vnus.
512 5302 602 5360 i3.
634 5335 705 5345 ——
737 5305 1038 5364 Excelsam.
1070 5306 1414 5366 Palaestinam
1431 5348 1446 5376 ,
1496 5322 1617 5380 quae
1657 5325 1810 5366 mon-

222 5403 420 5461 tuosa;
449 5393 715 5469 Egyptus
739 5398 899 5468 plana
929 5407 984 5455 et
1006 5400 1282 5472 depressa.

296 5488 620 5556 Ecclesiam,
643 5506 764 5562 quae
787 5493 989 5550 virtute
1009 5501 1064 5550 et
1083 5495 1312 5551 scientia
1332 5493 1597 5552 sublimis.
1621 5495 1681 5552 In
1701 5513 1810 5569 qua

225 5582 536 5638 eomeditur
551 5583 762 5640 fructus
782 5599 1054 5656 agrorum,
1077 5589 1204 5659 quia
1233 5587 1306 5642 ibi
1336 5588 1604 5658 germinat
1623 5605 1809 5647 semen

226 5671 469 5738 bonum,
501 5671 556 5728 id
593 5682 679 5730 est
711 5673 808 5730 Dei
848 5677 1092 5732 verbum.
1125 5679 1205 5736 Ibi
1244 5678 1454 5736 fructus
1481 5683 1811 5752 tricesimus,

219 5761 608 5832 usagesimus
638 5771 693 5818 et
741 5767 1088 5835 centesimus,
1118 5777 1180 5826 ut
1199 5771 1428 5842 quisque
1470 5789 1573 5846 pro
1607 5776 1819 5849 capaci-

228 5859 348 5907 tate
374 5865 470 5906 sua
495 5849 821 5909 sufficienter
845 5857 1109 5913 comedat.

559 5943 830 6010 Panos.
877 5945 1080 6010 CXIII

1892 622 1993 676 met
2021 623 2086 676 de
2103 631 2270 693 petra,
2296 632 2343 677 et
2367 621 2536 677 oleum
2555 623 2618 677 de
2637 623 2790 692 firma
2809 630 2974 694 petra.
2996 621 3110 678 Hoc
3122 621 3276 692 juxta
3297 625 3462 682 histoo

1893 712 2029 768 riam
2055 711 2258 768 factum
2283 729 2550 784 nusquam
2595 713 2811 786 legitur,
2839 722 2972 779 etc.,
3001 730 3163 785 usque
3202 715 3273 768 ad
3299 715 3464 772 dona-

1893 803 1973 859 tio
1995 803 2194 859 diaboli
2219 819 2319 874 per
2345 805 2654 862 unctionem
2681 805 2911 876 Spiritus
2939 806 3128 861 sancti.

1965 893 2066 950 Mel
2089 895 2327 966 quidem,
2361 893 2427 951 ad
2451 896 2708 963 litteram,
2741 896 2981 952 omnium
3024 909 3206 952 rerum
3249 895 3462 967 copiam

1894 986 2186 1059 signiﬁcat.

1965 1081 2131 1136 Vsus.
2161 1080 2250 1134 14.
2270 1110 2341 1120 -
2362 1077 2644 1135 Filiorum.
2679 1079 2854 1135 Basan
2885 1078 3033 1150 regio
3054 1087 3138 1134 est
3161 1094 3280 1150 quae
3305 1094 3466 1150 peco-

1893 1171 2045 1228 ribus
2079 1171 2319 1228 abundat
2361 1179 2578 1244 propter
2621 1186 2820 1242 pascua
2854 1188 2868 1224 :
2901 1171 3044 1227 unde
3091 1169 3375 1228 Rubeuitis
3415 1178 3472 1225 et

1894 1264 2104 1320 Gaditis
2131 1272 2186 1320 et
2211 1263 2448 1320 dimidia:
2475 1263 2639 1320 tribui
2668 1262 2914 1320 Manasse
2952 1263 3150 1319 tradita
3191 1273 3298 1330 est,
3341 1263 3468 1334 quia

1894 1371 2095 1426 pecora
2119 1355 2290 1412 multa
2317 1356 2607 1412 habebant.

1966 1445 2036 1500 Et
2077 1447 2276 1502 'Itircos.
2315 1445 2420 1514 Qui
2458 1447 2784 1518 poenitean
2823 1447 3160 1520 signiﬁcant;
3209 1449 3332 1520 quia
3365 1463 3466 1520 pro

1895 1546 2120 1612 peccato
2144 1538 2530 1596 offerebantur.
2553 1539 2669 1596 Non
2693 1540 2825 1597 satis
2843 1548 2926 1598 est
2949 1540 3195 1597 ﬁdelibus
3209 1543 3348 1599 dona
3363 1542 3469 1598 vir—

1899 1641 2070 1688 tutum
2096 1631 2404 1703 percipere.
2431 1632 2538 1688 nisi
2581 1632 2836 1688 studeant
2873 1647 2971 1703 pro
3005 1633 3310 1690 commissis
3350 1647 3468 1702 pae-

1896 1727 2088 1784 nitere.
2141 1727 2294 1786 Unde
2328 1744 2344 1784 :
2381 1725 2618 1797 Amplius
2657 1726 2776 1782 lava
2816 1743 2897 1783 me
2933 1726 2998 1782 ab
3035 1727 3310 1798 iniquitate
3353 1743 3473 1781 mea

1899 1817 2074 1890 (Psal.
2092 1814 2181 1891 ἰ).

1823 1887 1872 1948 Β
1910 1887 1917 1890 ⁷
1973 1887 2164 1965 llircos
2213 1916 2372 1965 vocat
2421 1908 2514 1979 qui
2552 1908 2796 1979 exemplo
2845 1923 2944 1964 suo
2997 1907 3114 1964 aliis
3165 1907 3477 1964 ministrant

1899 1999 2232 2071 poenitentia:
2277 2014 2475 2070 opera,
2507 2000 2752 2070 quamvis
2796 2015 2901 2056 non
2943 2001 3314 2056 commiserint
3348 2016 3476 2072 gra-

1899 2093 1985 2146 via
2027 2109 2040 2145 :
2093 2090 2290 2147 deﬂent
2329 2092 2474 2147 enim
2523 2091 2906 2164 cogitationum
2952 2100 3176 2161 peccata
3220 2099 3476 2163 tanquam

1899 2184 2066 2240 facta.

1971 2273 2106 2331 Cum
2135 2274 2365 2330 meauda
2389 2275 2570 2331 tritici.
2600 2275 2854 2348 Corporis
2885 2277 3117 2345 Christi;
3144 2279 3321 2336 unde:
3355 2279 3478 2334 Nisi

1899 2383 2122 2439 granum
2157 2367 2406 2437 frumenti
2435 2368 2626 2423 cadens
2659 2370 2714 2423 in
2753 2380 2966 2438 terram,
3001 2379 3108 2427 etc.
3137 2371 3320 2443 (Joan.
3350 2372 3472 2442 xu).

1950 2444 2136 2515 'Vsns.
2174 2457 2260 2512 15.
2289 2457 2716 2514 —Incrassatus
2757 2470 2831 2515 est
2877 2460 3128 2528 dilectus,
3170 2471 3274 2518 etc.
3327 2461 3478 2518 Sicut

1901 2548 2072 2606 Judaei
2115 2549 2406 2606 incrassati
2453 2549 2763 2618 beneﬁciis,
2815 2551 3112 2609 idololatria
3149 2552 3279 2630 facti
3309 2563 3473 2610 sunt:

1902 2641 1982 2698 sic
2007 2641 2225 2712 quidam
2251 2640 2547 2698 Christiani
2577 2650 2856 2712 acceptum
2886 2645 3204 2714 mysterium
3235 2647 3482 2717 corporis

1901 2742 1956 2790 et
1980 2733 2258 2806 sanguinis
2294 2731 2512 2790 Domini
2537 2734 2590 2788 in
2621 2733 2978 2804 perditionem
3001 2735 3103 2792 sibi
3135 2745 3478 2793 convertunt.

1974 2827 2140 2884 Vnus.
2174 2826 2262 2882 16.
2292 2856 2364 2866 -—-
2411 2826 2844 2881 p“evocaverunt.
2894 2827 2999 2884 Alii
3040 2828 3176 2884 ﬁunt
3214 2831 3477 2898 haeretici,

1903 2921 1994 2977 alii
2020 2919 2338 2988 idololatria,
2363 2919 2456 2992 qui
2489 2919 2556 2976 de
2581 2919 2744 2976 corde
2773 2920 2914 2977 idola
2949 2930 3005 2978 et
3047 2923 3477 2981 abominationes

1903 3013 2008 3070 sibi
2039 3013 2246 3085 ﬁngunt

1975 3103 2142 3160 Vens.
2177 3103 2262 3156 17.
2290 3133 2358 3142 —
2381 3101 2519 3156 Novi
2557 3111 2901 3176 recentesque.
2940 3103 3274 3163 Recedentes
3301 3124 3332 3164 a
3361 3110 3482 3166 cul-

1907 3211 2032 3257 tura
2075 3201 2192 3266 Dei,
2237 3199 2561 3256 invenerunt
2596 3201 2700 3266 siln'
2734 3202 2865 3258 deos
2892 3217 3028 3274 quos
3067 3213 3251 3275 patres
3289 3221 3479 3263 eorum

1827 3269 1872 3333 Ο
1906 3292 2208 3348 coluerunt.

1975 3389 2140 3445 Vnus.
2165 3387 2254 3442 20.
2283 3417 2353 3428 -
2375 3385 2445 3443 Et
2471 3387 2543 3441 ait
2575 3400 2592 3438 :
2628 3386 2955 3442 Abscondunt
2977 3429 2991 3456 ,
3023 3395 3127 3444 etc.
3169 3389 3312 3446 Nihil
3358 3408 3481 3464 gra-

1903 3481 2024 3536 vius
2045 3489 2307 3550 estquam
2331 3479 2536 3533 visione
2558 3478 2650 3534 Dei
2674 3479 2908 3550 privari;
2931 3481 3104 3536 unde:
3129 3479 3212 3536 Ne
3231 3484 3481 3554 projicias

1903 3587 2040 3624 mea
2069 3569 2205 3640 facie
2231 3577 2323 3622 tua
2373 3567 2545 3641 (Psal.
2586 3567 2663 3640 ι).
2712 3567 2888 3624 Item:
2921 3566 3005 3624 Ne
3044 3579 3246 3626 avertas
3293 3573 3482 3642 faciem

1906 3672 2070 3726 tuam,
2095 3671 2196 3718 etc.
2226 3661 2395 3734 (Psal.
2427 3664 2714 3736 Lxxxvm.)

1975 3753 2087 3824 Ipsi
2115 3770 2196 3808 me
2230 3766 2655 3825 provocaverunt,
2687 3765 2789 3812 etc.
2832 3756 2996 3826 Quasi
3023 3777 3035 3812 :
3065 3759 3206 3815 sicut
3229 3761 3482 3816 irritave-

1907 3856 2036 3903 runt
2073 3862 2159 3903 me
2196 3848 2596 3904 multitudinem
2619 3850 2880 3906 falsorum
2909 3851 3128 3906 deorum
3156 3852 3401 3919 colendo,
3427 3862 3484 3910 et

1907 3952 1995 3993 me
2045 3938 2412 4006 reprobando,
2462 3939 2541 3995 sic
2588 3940 2813 3996 irritabo
2854 3955 2948 3996 eos
2993 3943 3046 3996 in
3085 3943 3484 4000 multitudinem

1909 4029 2151 4100 gentium
2177 4030 2504 4086 assumenda
2532 4032 2654 4088 illos
2674 4042 2729 4088 et
2748 4035 3102 4105 reprobando.

1980 4119 2052 4174 Et
2078 4137 2170 4192 ego
2202 4123 2513 4192 provocabo,
2542 4133 2642 4180 etc.
2674 4123 2960 4181 Tradeudo
2984 4141 3077 4182 eos
3097 4127 3364 4198 gentibus,
3390 4129 3483 4200 qui

1912 4214 2197 4285 aliquando
2244 4232 2352 4272 non
2397 4217 2646 4288 populus,
2699 4234 2844 4274 nunc
2889 4226 3066 4274 autem
3109 4222 3336 4292 p0pulus
3365 4223 3482 4277 Dei.

1914 4306 2177 4362 Similiter
2197 4306 2513 4374 Christiani,
2545 4310 2636 4378 qui
2669 4309 2884 4365 deserta
2910 4310 3133 4365 veritate
3170 4313 3238 4364 ad
3276 4327 3491 4369 errores

1911 4398 2206 4466 declinant,
2236 4399 2486 4471 malignis
2527 4401 2808 4470 spiritibus
2851 4403 3161 4466 traduntur,
3193 4403 3284 4470 qui
3318 4403 3493 4475 digni-

1915 4498 2081 4547 tatem
2126 4491 2427 4562 angelicam
2465 4489 2832 4562 perdiderunt.
2870 4492 2971 4560 Qui
3001 4493 3137 4548 bene
3165 4510 3295 4566 gens
3324 4495 3488 4550 stulta

1829 4621 1886 4684 Β
1916 4584 2187 4649 dicuntur,
2213 4584 2482 4684 justitiam
2512 4583 2778 4650 odientes,
2803 4585 3141 4654 iniquitatem
3163 4596 3428 4642 amantes.

1983 4674 2147 4730 Vsus.
2191 4673 2280 4728 22.
2306 4703 2351 4714 -—
2405 4672 2549 4744 Ignis
2578 4690 2857 4729 succensus
2895 4685 2988 4742 est,
3016 4684 3120 4731 etc.
3151 4675 3340 4748 (Gneo.
3389 4676 3485 4731 lib.

1913 4779 2045 4819 xvm
2076 4762 2294 4830 Moral.,
2325 4779 2442 4834 cap.
2469 4763 2580 4832 12.)
2606 4765 2680 4820 De
2702 4764 2786 4820 bis
2809 4780 2945 4836 quos
2969 4767 3226 4822 damnant
3254 4767 3485 4841 ﬂagella,

1913 4867 1968 4913 et
2015 4872 2121 4912 non
2152 4856 2400 4921 liberant,
2429 4857 2689 4928 scriptum
2730 4866 2852 4914 est:
2899 4857 3212 4916 Percussisti
3260 4877 3346 4916 eos
3395 4879 3488 4916 nec

1912 4947 2210 5014 doluerunt,
2237 4956 2343 5004 etc.
2395 4947 2491 5003 His
2515 4947 2722 5020 ﬂagella
2767 4950 2820 5004 in
2865 4949 2967 5006 hac
2993 4952 3106 5008 vita
3132 4952 3409 5017 inchoant,
3432 4960 3490 5008 et

1876 5060 1880 5066 ι
1913 5040 1969 5095 in
1993 5050 2254 5096 aeternum
2267 5040 2688 5110 permanebunt;
2721 5041 2863 5097 unde
2887 5041 3132 5115 Moyses:
3162 5041 3311 5114 Ignis
3335 5060 3487 5098 exar-

1909 5133 1975 5187 sit
2005 5133 2070 5187 ab
2097 5134 2179 5188 ira
2201 5149 2320 5199 sua,
2344 5142 2392 5188 et
2412 5133 2613 5189 ardebit
2640 5151 2802 5207 usque
2829 5136 2898 5191 ad
2923 5137 3120 5206 inferos
3140 5146 3190 5192 et
3218 5137 3482 5194 deorsum.

1911 5225 1988 5282 De
2017 5225 2266 5296 praesenti
2294 5226 2436 5282 enim
2463 5229 2811 5297 percussione
2834 5228 3066 5285 dicitur:
3115 5228 3267 5301 Ignis
3287 5233 3487 5287 exarsit

1908 5317 1974 5372 ab
2001 5315 2081 5370 ira
2107 5332 2223 5371 mea
2248 5315 2383 5390 (Jer.
2414 5319 2537 5390 xv);
2574 5321 2639 5376 de
2663 5329 2870 5378 aeterna
2905 5323 3182 5392 sequitur:
3222 5323 3291 5378 Et
3326 5327 3485 5380 arde-

1915 5407 1986 5462 bit
2012 5423 2173 5478 nsque
2193 5407 2260 5462 ad
2287 5407 2483 5479 inferos
2503 5419 2552 5465 et
2582 5410 2826 5467 deorsum
2848 5409 3018 5484 (Psal.
3049 5415 3332 5482 Lxxxvm).
3362 5415 3480 5471 Non

1914 5509 2094 5556 tamen
2118 5499 2324 5571 iudicat
2353 5503 2496 5559 Deus
2517 5504 2601 5560 his
2637 5505 2691 5559 in
2734 5504 2997 5575 idipsum:
3031 5522 3200 5563 unum
3233 5517 3314 5564 est
3339 5509 3486 5564 enim

1914 5592 2183 5666 ﬂagellum
2221 5596 2365 5666 quod
2421 5597 2791 5669 temporaliter
2841 5597 3046 5671 incipit,
3077 5607 3132 5655 et
3173 5601 3230 5663 in
3273 5591 3506 5658 :eternis’

1917 5686 2198 5758 suppliciis
2224 5699 2652 5745 consummatur.

1986 5773 2364 5850 Devorabitque
2404 5791 2616 5836 terram.
2652 5780 2786 5838 Alii:
2815 5783 3080 5838 comedent
3105 5795 3298 5839 terram
3326 5796 3373 5840 et
3393 5804 3491 5841 ua-

1915 5870 2112 5925 scentia
2141 5869 2275 5940 ejus,
2304 5871 2354 5926 id
2388 5879 2472 5926 est
2511 5887 2749 5941 carnem,
2775 5881 2994 5944 pmpter
3032 5890 3197 5946 opera
3234 5861 3510 5944 libidinis,

3103 5969 3177 6034 16
