4006 6352
539 421 641 479 491

1038 417 1433 475 WALAFRIDI
1470 413 1719 474 STRABI
1753 414 1958 472 FULD.
2003 411 2170 470 MON.
2209 414 2363 474 OPP.
2404 413 2586 472 PARS
2622 411 2666 472 ι.
2703 443 2774 456 --
2811 413 3266 472 THEOLOGICA.

3694 413 3808 474 49!

538 547 692 594 terna
738 531 955 589 ﬂamma
1009 534 1316 598 comburet;
1370 532 1647 586 nascentia
1697 533 1842 584 enim
1887 528 2068 584 carnis
2095 568 2111 594 ,
2140 531 2195 592 Α
2287 528 2451 585 Vens.
2488 529 2577 585 56.
2601 561 2670 570 -
2696 529 2985 584 Judicabit.
3017 528 3385 585 Discernendo
3424 543 3454 583 a
3485 527 3667 596 malis,
3716 548 3809 590 se-

537 645 702 701 opera
727 625 1180 696 concupiscentiae
1209 624 1460 690 carnalis,
1487 637 1608 694 quae
1637 630 1763 678 sunt
1802 620 2110 688 fornicatio,

544 718 887 776 immunditia
917 725 973 772 et
996 716 1326 786 hujusmodi.

615 811 772 865 Vens.
805 807 899 861 24.
920 837 990 846 —
1010 805 1144 860 Aves
1173 819 1368 870 morsu,
1405 804 1536 872 Quae
1571 801 1726 872 juxta
1767 803 1914 857 viam
1959 816 2112 858 com-

543 901 762 956 medere
787 907 1104 954 sementem.

609 991 798 1044 Dentes
826 988 1128 1052 bestiarum,
1155 996 1263 1042 etc.
1309 985 1554 1040 Trahunt
1595 986 1784 1041 bestite
1811 992 1868 1039 et
1897 995 2116 1052 serpen-

540 1093 623 1137 tes
647 1081 898 1136 dentibus
921 1077 1140 1133 furiosis
1165 1078 1425 1148 reprobos
1451 1092 1611 1146 super
1649 1085 1874 1141 terram,
1899 1072 2115 1143 quando

537 1174 684 1246 quod
728 1172 878 1244 prius
922 1169 1246 1225 blandiendo
1289 1169 1597 1224 carnalibus
1627 1171 2014 1238 persuaserunt
2059 1171 2118 1218 ut

538 1263 878 1326 seducerent,
913 1257 1116 1314 furiose
1144 1274 1174 1312 a
1200 1256 1574 1328 peccatoribus
1599 1262 1860 1326 expetunt
1903 1262 1966 1308 ut
1991 1269 2116 1309 cru.

539 1357 703 1412 cient.

609 1451 771 1508 Vens.
801 1453 892 1507 25.
921 1480 993 1492 -
1018 1445 1198 1502 Foris.
1246 1444 1456 1513 Corpus
1497 1439 1640 1512 ignis
1669 1437 1857 1492 aeterni
1889 1445 2115 1506 torque-

543 1543 623 1598 bit
645 1528 885 1608 ‘exustio,
913 1551 970 1597 et
1003 1547 1242 1594 mentem
1271 1532 1536 1606 angustiae
1567 1528 1911 1600 magnitudo;
1940 1527 2115 1584 unde:

545 1631 748 1688 Vermis
775 1649 956 1688 eorum
986 1647 1089 1684 non
1121 1629 1394 1690 morietur,
1425 1633 1473 1678 et
1509 1621 1645 1691 ignis
1679 1635 1860 1674 eorum
1899 1634 2004 1674 non
2027 1634 2118 1673 ea:-

538 1723 832 1793 stinguetur
855 1721 906 1792 (1
911 1739 992 1776 sa.
1027 1720 1159 1788 LVI).

607 1811 882 1866 Juvenem.
907 1811 1048 1865 Nulli
1077 1809 1283 1865 scilicet
1303 1811 1451 1865 aetati
1473 1817 1747 1881 parcetur,
1770 1805 1900 1877 quia
1926 1815 2117 1858 omnes

539 1907 844 1962 idololatria
873 1905 1182 1960 maculavit.

613 1997 777 2053 Vens.
826 1997 918 2053 26.
961 2028 1031 2038 —
1069 1995 1286 2052 Cessare
1334 1997 1528 2066 faciam
1589 2014 1654 2052 ea:
1703 1997 2017 2052 hominibus.
2071 1996 2116 2051 Α

541 2102 684 2148 terra
714 2108 810 2148 sua
839 2092 996 2163 ejecti
1037 2099 1092 2146 et
1132 2105 1230 2161 per
1259 2098 1432 2146 totum
1473 2091 1660 2146 orbem
1690 2089 1922 2160 dispersi
1963 2098 2111 2144 sunt.

539 2175 876 2240 Generaliter
903 2199 1030 2238 vero
1076 2191 1391 2252 peccatores
1434 2182 1690 2238 tollentur
1720 2183 1786 2236 de
1819 2188 1963 2236 terra
1991 2195 2117 2236 san-

538 2285 768 2342 ctorum,
796 2286 850 2332 et
880 2275 1138 2330 memoria
1163 2290 1383 2340 eorum;
1420 2275 1563 2330 unde
1595 2291 1608 2328 :
1647 2272 1930 2343 Propterea
1973 2272 2114 2326 Deus

537 2379 657 2424 tuus
685 2369 910 2422 destruet
941 2378 990 2420 te
1012 2367 1066 2420 in
1088 2367 1268 2434 ﬁnem,
1295 2366 1498 2444 evellet,
1529 2376 1577 2420 et
1604 2365 1786 2421 educet
1811 2374 1860 2420 te
1883 2365 1948 2420 de
1967 2375 2112 2420 terra

538 2458 838 2522 viventium,
863 2465 964 2514 etc.
1001 2455 1174 2528 (Psat.
1205 2457 1306 2527 LI.)

613 2551 772 2607 Vens.
819 2551 910 2606 27.
943 2581 1010 2591 —
1039 2549 1256 2604 Distuli.
1310 2547 1386 2604 Ne
1429 2550 1872 2620 blasphemarent
1917 2563 2114 2604 nomen

537 2658 717 2699 meum
744 2657 844 2696 nec
871 2649 1049 2695 tamen
1081 2639 1278 2694 abstuli
1303 2641 1616 2694 vindictam.

611 2731 768 2786 Vens.
794 2731 882 2785 50.
911 2761 980 2770 —
1007 2729 1300 2795 Quomodo.
1341 2730 1572 2784 Tantum
1597 2730 1834 2786 ostendit
1861 2730 2112 2786 timorem

541 2824 778 2882 Iudaicae
808 2823 1003 2894 gentis,
1043 2829 1326 2892 postquam
1371 2821 1602 2877 Domino
1643 2829 2025 2892 peccaverunt,
2057 2829 2115 2876 ut

535 2932 676 2972 unus
700 2915 936 2971 hostium
978 2913 1125 2968 mille
1160 2915 1226 2968 de
1251 2913 1353 2978 eis,
1387 2922 1446 2969 et
1493 2914 1600 2969 duo
1628 2911 1880 2985 fugareut
1925 2915 2112 2971 decem

537 3004 726 3070 millia,
755 3005 857 3059 hoc
886 3013 971 3060 est
1002 3005 1161 3073 pauci
1191 3003 1476 3074 plurimos.

608 3095 770 3150 Vens.
820 3097 1002 3150 5L—
1041 3095 1278 3150 Iudices.
1328 3095 1759 3166 Approbatores;
1805 3097 1970 3152 etiam
2017 3098 2111 3169 qui

538 3185 678 3240 idola
699 3185 902 3252 colunt,
933 3201 1098 3240 unum
1128 3185 1295 3241 Deum
1324 3201 1447 3242 esse
1477 3186 1804 3254 intelligunt,
1835 3189 1928 3259 qui
1979 3188 2111 3245 fecit

535 3277 730 3332 cretum
759 3285 814 3331 ct
846 3285 1066 3330 terram.

605 3370 767 3425 Vens.
799 3369 888 3424 52.
914 3399 979 3408 —
999 3368 1076 3422 De
1121 3369 1292 3432 vinea,
1317 3376 1423 3424 etc.
1476 3367 1868 3426 Haereticorum
1913 3374 2109 3443 nequi-

533 3458 663 3514 tiam
691 3457 980 3529 signiﬁcat,
1006 3457 1098 3527 qui
1127 3473 1154 3510 a
1204 3457 1408 3512 sanctis
1452 3457 1768 3514 doctoribus
1809 3460 2110 3531 spiritalem

535 3548 835 3604 doctrinam
867 3562 1054 3617 puram
1083 3557 1422 3617 acceperunt,
1451 3547 1545 3603 sed
1575 3563 1606 3602 a
1633 3563 1844 3604 veneno
1868 3565 1968 3606 suo
1991 3567 2114 3606 cor-

539 3643 822 3709 ruperunt,
849 3648 905 3693 et
924 3639 978 3692 in
1009 3637 1148 3692 fellis
1178 3647 1232 3692 et
1258 3639 1517 3693 absinthii
1544 3639 1960 3698 amaritudinem
1983 3658 2111 3713 per-

532 3737 834 3785 verterunt.
879 3727 1032 3797 Saepe
1061 3727 1358 3784 Jerusalem
1401 3729 1650 3786 Sodomae
1694 3739 1748 3785 et
1796 3731 2115 3789 Gomorrhae

536 3828 916 3890 comparatur;
945 3820 1088 3876 unde
1111 3838 1124 3874 :
1149 3819 1339 3880 Audite
1369 3822 1572 3876 verbum
1597 3821 1830 3888 Domini,
1853 3825 2116 3895 principes

537 3911 890 3968 Sodomorum
913 3909 1220 3965 Gomorrha?
1241 3910 1388 3982 (Isa.
1421 3912 1480 3981 ι).

603 4004 754 4059 Botri
784 4005 1123 4059 amarissimi.
1176 4006 1413 4062 Fructus
1440 4007 1647 4062 scilicet
1676 4023 1839 4078 Opera
1884 4011 2117 4067 amaris-

537 4097 673 4152 sima
729 4104 875 4164 sunt,
906 4096 1085 4152 vinum
1129 4097 1273 4152 enim
1314 4113 1436 4152 cum
1475 4097 1600 4154 felle
1644 4099 1861 4156 mistum
1907 4101 2115 4158 obtule-

535 4197 664 4243 1⁸11111.

602 4277 763 4333 Vens.
799 4277 888 4334 55.
916 4307 986 4318 --
1009 4275 1107 4332 Fet
1137 4278 1443 4334 draconum.
1495 4279 1661 4347 Quasi
1693 4283 1835 4337 intra
1867 4299 1926 4340 se
1975 4285 2115 4340 reti-

531 4379 664 4424 nent
707 4384 974 4426 vencnum
1025 4369 1265 4438 malitia,
1318 4386 1386 4425 ne
1434 4371 1628 4427 salutis
1668 4382 1724 4428 et
1765 4376 2118 4433 correctionis

534 4462 854 4517 medicinam
871 4461 1189 4531 suscipiant.
1224 4461 1470 4520 Hmretici
1498 4465 1636 4522 sicut
1663 4477 1941 4538 serpentes
1969 4485 2118 4526 ama-

534 4554 823 4609 ritudinem
867 4561 922 4609 et
964 4569 1228 4610 venenum
1277 4555 1580 4623 occultant,
1625 4566 1684 4612 ut
1729 4559 1975 4616 incautos
2021 4561 2114 4616 lte-

540 4645 688 4700 danL

607 4736 768 4790 Vens.
821 4735 911 4791 55.
942 4766 1012 4776 —
1037 4735 1159 4792 Mea
1188 4746 1263 4792 est
1312 4737 1464 4806 ultio,
1493 4736 1598 4805 etc,
1646 4741 1845 4798 Paulus
1898 4743 1965 4798 de
2007 4743 2114 4799 hoc

534 4826 655 4882 loco
669 4827 925 4896 sumpsit:
960 4826 1091 4882 Mihi
1123 4829 1489 4896 vindictam,et
1512 4848 1606 4903 ego
1628 4834 1909 4888 retribuam
1933 4833 2104 4904 (Rom.

533 4917 634 4988 xu)
663 4917 958 4974 secundum
987 4917 1200 4972 merita.

495 5037 505 5106 .
605 5008 671 5064 In
707 5019 951 5080 tempore.
999 5007 1185 5076 Quasi,
1211 5027 1327 5064 cum
1374 5027 1621 5082 accepero
1648 5021 1874 5083 tempus,
1895 5029 1988 5085 ego
2015 5015 2111 5085 ju-

496 5098 508 5144 ¹-
532 5101 700 5156 stitias
738 5100 986 5171 judicabo
1015 5098 1187 5176 (Psat.
1223 5100 1428 5174 anv).
1480 5101 1620 5156 Hinc
1662 5101 1834 5174 Moysi
1864 5120 1963 5174 pro
2007 5122 2108 5176 po-

532 5197 660 5270 pulo
679 5197 852 5252 oranti
881 5196 1016 5252 dixit
1050 5215 1062 5250 :
1091 5196 1158 5254 In
1183 5196 1266 5250 die
1293 5196 1507 5250 ultionis
1537 5195 1758 5252 uisitabo
1792 5208 1842 5254 et
1867 5199 1964 5254 hoc
1991 5218 2110 5270 pec-

531 5301 708 5346 catum
735 5305 910 5344 eorum
935 5287 1133 5360 (Exod.
1161 5286 1333 5359 xxx")

605 5381 770 5435 lucta
810 5390 885 5435 est
932 5380 1042 5434 dies
1089 5380 1416 5452 perditionis.
1469 5379 1788 5453 Unicuique.
1837 5381 2109 5456 Quidquid

529 5479 676 5532 eiiim
705 5476 908 5542 ﬁnitur,
940 5475 1323 5532 brevissimum
1352 5484 1456 5541 est,
1489 5476 1531 5531 si
1564 5478 1860 5534 aeternitati
1889 5493 2108 5550 compa-

527 5578 702 5627 ratur.
750 5568 1055 5632 Secundum
1081 5567 1361 5622 historiam
1409 5566 1718 5624 Iudaeorum
1746 5570 1986 5626 vindicta
2026 5570 2109 5627 fe-

529 5661 716 5726 stinat,
747 5660 874 5730 quia
904 5660 1078 5714 locum
1108 5665 1164 5712 et
1199 5667 1410 5728 gentem
1435 5666 1493 5715 et
1531 5674 1748 5715 omnem
1773 5663 2108 5733 prosperi“-

529 5759 640 5808 tem
670 5752 724 5806 in
751 5752 902 5808 brevi
944 5748 1317 5820 perdiderunt,
1343 5750 1468 5820 quia
1495 5751 1788 5821 prophetas
1817 5761 1872 5808 et
1915 5753 2104 5810 Salva-

531 5850 704 5898 torem
733 5841 1062 5897 occiderunt.

2215 623 2450 677 cundum
2479 621 2610 675 illud
2647 637 2662 674 :
2691 619 2888 674 Judica
2911 637 3011 687 me,
3045 620 3208 681 Deus.
3231 629 3280 676 et
3308 620 3548 676 discerne
3587 638 3809 680 causam

2213 727 2388 768 meam
2419 709 2590 784 (Psat.
2622 712 2776 784 xui).

2297 803 2502 859 Videbit
2529 805 2668 876 quod
2700 805 2971 873 inﬁrmata
2997 805 3064 860 sit
3086 821 3292 862 manus.
3319 806 3684 878 Quodcunque
3719 827 3810 880 po-

2217 905 2314 952 test
2348 913 2533 951 manus
2565 907 2679 960 tua,
2706 897 2963 951 instanter
2987 913 3222 968 operare,
3250 898 3374 968 quia
3401 916 3492 952 nec
3533 917 3690 970 opus,
3719 919 3811 958 nec

2219 988 2380 1052 ratio,
2409 1003 2502 1040 nec
2526 987 2780 1056 sapientia
2809 995 2884 1040 est
2915 987 3053 1056 apud
3074 988 3270 1055 inferos
3296 987 3495 1058 (Eccle.
3522 989 3626 1061 Ix).

2296 1078 2455 1135 Vens.
2501 1079 2590 1134 57.
2625 1078 2726 1133 Ubi
2745 1087 2866 1133 sunt
2895 1079 2989 1132 dii.
3023 1078 3210 1146 Quasi,
3236 1079 3368 1134 nihil
3397 1089 3632 1150 prosunt
3669 1081 3812 1140 idola

2219 1170 2275 1226 in
2307 1172 2500 1241 quibus
2539 1171 2900 1234 conﬁdebant,
2931 1170 3014 1224 vel
3045 1185 3176 1238 opes
3197 1169 3281 1226 vel
3314 1171 3553 1227 honores
3587 1174 3678 1228 vel
3711 1191 3812 1231 sae-

2219 1262 2324 1318 culi
2353 1262 2678 1334 voluptates,
2699 1261 2835 1316 nihil
2860 1261 3005 1315 enim
3037 1275 3222 1316 secum
3251 1259 3433 1317 ferunt
3455 1263 3526 1318 de
3547 1264 3815 1323 universo

2221 1351 2428 1408 labore.

2291 1443 2455 1498 Vens.
2489 1441 2576 1496 59.
2603 1471 2675 1482 —
2707 1441 2884 1498 Videte
2903 1443 3042 1514 quod
3063 1461 3156 1515 ego
3177 1445 3278 1498 sim
3306 1444 3598 1508 satus,etc.
3632 1445 3816 1502 Gene-

2221 1534 2351 1590 ralis
2397 1535 2710 1597 admonitio,
2746 1537 2899 1605 quasi
2922 1537 3110 1592 relicta
3147 1538 3447 1594 idololatria
3486 1540 3575 1594 vel
3615 1541 3813 1598 heresi

2221 1635 2278 1681 et
2303 1627 2554 1682 omnibus
2572 1627 2768 1697 spretis
2791 1627 3165 1694 immunditiis,
3187 1630 3254 1685 ad
3275 1645 3462 1686 verum
3488 1632 3670 1688 Deum
3692 1649 3816 1690 con-

2225 1717 2520 1773 vertimini.

2293 1807 2408 1878 Ego
2457 1808 2712 1862 occidam.
2765 1807 2980 1879 (Germ,
3013 1809 3108 1865 lib.
3142 1826 3217 1866 vn
3266 1811 3484 1880 March,
3519 1829 3646 1884 cap.
3709 1815 3813 1887 18.)

2146 1887 2196 1951 Β
2222 1899 2432 1957 Occidit
2457 1909 2518 1955 ut
2538 1902 2791 1966 viviﬁcet,
2809 1903 3066 1972 percutit:
3092 1913 3150 1959 ut
3177 1915 3350 1972 sanet,
3381 1916 3504 1974 etc.,
3545 1928 3725 1981 usque
3753 1917 3814 1967 ad

2219 2001 2276 2048 et
2300 1993 2584 2048 sensibiles
2609 2009 2706 2063 per
2730 1995 2978 2051 ardorem
3000 1996 3285 2053 charitatis
3321 1997 3468 2053 facit.

2290 2084 2450 2139 Vens.
2479 2084 2571 2138 40.
2599 2115 2671 2124 -
2690 2084 2913 2140 Levabo.
2939 2086 3058 2142 Alia
3083 2089 3282 2144 editio:
3313 2089 3515 2145 Tollam
3541 2093 3596 2147 in
3621 2096 3814 2150 catum

2215 2189 2433 2228 manum
2465 2190 2655 2241 meum,
2686 2187 2732 2229 et
2749 2177 2944 2246 jurabo
2971 2195 3064 2247 per
3103 2179 3370 2234 dexteram
3411 2197 3603 2248 meam,
3653 2195 3714 2239 et
3742 2189 3816 2240 di-

2216 2281 2332 2318 cam
2372 2281 2391 2318 :
2433 2263 2560 2320 Vivo
2583 2282 2676 2336 ego
2714 2268 2769 2320 in
2799 2275 3074 2322 cateruam.
3126 2268 3184 2323 ln
3216 2269 3413 2325 caelum
3437 2287 3669 2329 manum
3733 2277 3814 2332 Dei

2215 2350 2416 2418 levare,
2439 2354 2527 2410 vel
2567 2355 2837 2423 attollere,
2869 2365 2954 2412 est
2991 2360 3294 2428 potentiam
3321 2363 3649 2419 :eternitatis
3709 2382 3816 2422 suae

2215 2461 2380 2517 super
2407 2449 2587 2504 omnia
2605 2449 2960 2505 excellentem
2981 2453 3290 2508 ostendere.
3321 2451 3516 2510 Jurare
3535 2471 3642 2525 per
3678 2457 3814 2514 dex-

2215 2545 2410 2605 teram,
2439 2540 2492 2596 id
2519 2549 2604 2597 est
2637 2556 2735 2613 per
2761 2541 2977 2609 Filium,
3008 2545 3099 2614 qui
3127 2553 3210 2601 est
3245 2545 3462 2603 dextera
3494 2547 3714 2616 Patris,
3742 2560 3820 2610 est

2213 2630 2482 2699 promissa
2527 2632 2696 2702 ipsius
2725 2634 2778 2688 in
2808 2645 3101 2706 conspectu
3148 2637 3426 2693 hominum
3473 2643 3818 2700 conﬁrmare

2213 2725 2270 2777 et
2296 2723 2654 2784 aeternitatem
2685 2741 2839 2781 suam
2883 2728 3232 2784 credentibus
3273 2731 3375 2786 sibi
3419 2746 3516 2802 per
3559 2734 3818 2809 Evange-

2213 2810 2345 2868 lium
2389 2814 2650 2882 revelare,
2695 2818 2824 2887 quia
2873 2827 3103 2888 potestas
3151 2822 3286 2890 ejus,
3331 2834 3564 2892 potestas
3603 2837 3813 2883 (eterna

2215 2903 2379 2975 (Dan.
2416 2909 2540 2978 vn).

2285 2997 2448 3052 Vitas.
2495 2997 2584 3052 ΔΞ.
2613 2997 2958 3072 -—Sagittas.
3006 3002 3322 3071 Daemones,
3373 3008 3438 3061 de
3471 3009 3676 3078 quibus
3747 3011 3815 3065 ait

2213 3086 2347 3143 Job:
2376 3087 2594 3160 Sagitta:
2621 3090 2831 3146 Domini
2857 3093 2912 3147 in
2942 3109 3022 3148 me
3048 3102 3172 3149 sunt
3195 3094 3340 3167 (Job,
3367 3097 3464 3169 vi),
3495 3099 3656 3168 quasi
3699 3111 3814 3157 tan-

2217 3186 2330 3234 tam
2377 3183 2648 3237 exercebo
2687 3182 3019 3250 vindictam,
3063 3199 3183 3255 qua:
3213 3186 3546 3244 daemonibus
3595 3204 3815 3262 quoque

2140 3247 2188 3313 δ
2216 3279 2401 3340 posset
2436 3270 2699 3328 subicere.

2283 3360 2352 3414 Et
2380 3361 2445 3415 de
2473 3363 2789 3432 captivitate.
2839 3363 3187 3436 Captivorum
3214 3370 3402 3439 capita
3445 3369 3810 3440 radebantur,

2215 3449 2306 3520 qui
2335 3450 2794 3521 distrahebantur,
2825 3465 2884 3511 et
2909 3459 3010 3513 sub
3039 3474 3242 3514 corona
3268 3462 3427 3518 vendi
3459 3465 3810 3522 dicebantur.

2213 3539 2292 3594 De
2315 3543 2626 3612 captivitate.
2684 3545 2858 3616 Caput
2897 3549 3242 3606 inimicorum
3287 3554 3546 3623 nudatur,
3593 3560 3813 3628 quando

2215 3633 2498 3690 consilium
2524 3636 2722 3707 iniquae
2764 3641 2962 3696 mentis
2984 3656 3182 3698 vanum
3227 3661 3350 3701 esse
3389 3649 3678 3716 probatur,
3703 3668 3814 3722 quo

2216 3738 2276 3780 se
2301 3725 2518 3797 impune
2543 3743 2770 3798 peccare
2796 3733 3183 3790 arbitrabatur.
3229 3736 3417 3809 Capita
3447 3755 3668 3811 quoque
3705 3743 3810 3798 ini-

2217 3817 2484 3874 micorum
2525 3830 2651 3876 sunt
2695 3825 2980 3894 magistri,
3029 3826 3083 3881 in
3142 3844 3278 3900 quos
3326 3830 3459 3886 ultio
3509 3834 3810 3890 novissima

2217 3911 2572 3980 redundabit;
2607 3916 2778 3970 unde:
2824 3915 3000 3972 Exibit
3045 3923 3258 3992 sanguis
3287 3913 3350 3978 de
3387 3923 3510 3978 lacu
3549 3942 3715 3998 usque
3747 3929 3810 3981 ad

2219 4001 2394 4072 frenos
2434 4021 2686 4073 equorum
2725 4007 2910 4079 (Apoc.
2957 4011 3093 4080 xrv),
3126 4013 3178 4068 id
3209 4023 3290 4070 est
3331 4013 3467 4071 ultio
3500 4027 3808 4076 tormento.

2221 4109 2338 4152 rum
2360 4111 2530 4166 usque
2565 4097 2630 4152 ad
2654 4109 2894 4156 rectores
2923 4105 3263 4174 populorum.

2291 4187 2454 4243 Vens.
2480 4189 2570 4244 45.
2597 4221 2669 4232 ——
2698 4192 2836 4258 Quia
2876 4197 3203 4266 sanguinem.
3238 4197 3296 4252 In
3327 4197 3536 4270 judicio
3574 4202 3806 4272 populus

2220 4278 2316 4335 Dei
2345 4280 2669 4349 laudabitur,
2703 4299 2826 4340 cum
2856 4290 3139 4358 apparebit
3179 4289 3466 4362 gloriosus,
3496 4302 3554 4348 et
3597 4295 3805 4350 inimici

2212 4369 2359 4441 iusta
2389 4376 2747 4434 retributione
2779 4382 3088 4450 punientur.

2291 4464 2454 4521 Vens.
2501 4468 2591 4524 49.
2618 4501 2653 4510 -
2716 4471 2948 4528 Ascende
2975 4474 3030 4528 in
3057 4485 3301 4530 montem.
3365 4479 3589 4535 Abarim
3621 4491 3806 4549 una:

2219 4557 2607 4628 interpretatur
2661 4567 2912 4620 transitus
2945 4584 2958 4634 ;
3016 4567 3163 4624 Nebo
3205 4577 3308 4633 tu,
3351 4571 3405 4624 in
3445 4573 3800 4631 conclusione.

2215 4649 2423 4705 Dicitur
2466 4651 2616 4709 Nebo
2649 4671 2804 4711 mons
2834 4671 2954 4712 esse
2983 4659 3037 4714 in
3066 4670 3210 4714 terra
3238 4661 3392 4717 Moab
3421 4671 3616 4719 contra
3661 4667 3800 4722 Jeri-

2214 4742 2355 4807 eho,
2386 4757 2546 4813 supra
2589 4743 2900 4813 Jordanem,
2945 4749 2998 4802 in
3043 4752 3330 4820 supercilio
3369 4751 3608 4826 Phasga,
3649 4757 3798 4828 juxta

2213 4842 2450 4888 montem
2481 4834 2714 4906 Phogor,
2747 4853 2775 4893 a
2808 4854 2914 4910 quo
2938 4842 3082 4897 circa
3106 4859 3228 4898 eum
3267 4845 3414 4917 regio
3440 4862 3614 4917 usque
3661 4865 3800 4906 nunc

2212 4923 2426 5000 Phasga
2473 4930 2788 4999 appellatur.
2861 4932 3036 4989 Moses
3084 4950 3214 5006 ergo
3259 4937 3312 4990 in
3355 4937 3580 4994 Abarim
3635 4951 3694 4996 et
3743 4943 3794 4998 in

2212 5025 2395 5071 monte
2423 5017 2570 5074 Nebo
2616 5030 2805 5076 contra
2851 5022 3069 5079 Jericho
3113 5026 3252 5081 ultra
3289 5024 3586 5084 Iordanem
3630 5033 3796 5088 mori-

2217 5116 2307 5164 tur
2334 5128 2348 5164 :
2381 5113 2506 5180 quia
2535 5113 2620 5168 lex
2649 5123 2705 5168 et
2740 5117 3082 5173 circumcisio
3112 5135 3283 5191 usque
3315 5122 3381 5176 ad
3425 5121 3709 5180 Christum
3749 5135 3796 5180 et

2215 5200 2466 5271 baptismi
2510 5217 2906 5262 sacramentum
2956 5211 3253 5278 processit,
3303 5211 3488 5282 ibique
3541 5217 3790 5272 conclusa

2215 5300 2320 5356 est,
2346 5295 2467 5362 quia
2518 5296 2640 5351 ﬁnis
2682 5297 2814 5368 legis
2859 5298 3126 5354 Christus.
3183 5299 3330 5356 Vidit
3383 5303 3564 5359 Moses
3595 5313 3792 5361 terram

2215 5385 2612 5454 promissionis,
2638 5389 2731 5442 sed
2761 5405 2866 5444 non
2896 5391 3170 5459 ingressus
3197 5399 3301 5456 est,
3335 5394 3459 5464 quia
3495 5395 3547 5449 in
3599 5397 3792 5468 spiritu

2214 5476 2484 5545 praevidit,
2509 5486 2567 5531 et
2595 5477 2649 5534 in
2688 5478 2806 5551 lege
2834 5481 3084 5551 praedixit
3129 5483 3334 5540 Christi
3374 5487 3608 5558 gratiam
3653 5488 3792 5544 inlu-

2213 5579 2349 5631 ram,
2385 5567 2478 5622 sed
2521 5579 2840 5638 praesentem
2888 5585 2997 5627 non
3023 5572 3162 5628 vidit
3203 5589 3347 5629 eum.
3383 5575 3535 5632 Unde
3572 5595 3586 5632 :
3636 5577 3792 5632 Multi

2202 5657 2341 5730 justi
2376 5668 2424 5712 et
2455 5660 2717 5729 propheta:
2745 5660 3018 5716 uoluerunt
3053 5663 3225 5719 uidere
3246 5681 3362 5737 qua:
3385 5683 3473 5722 vos
3501 5668 3710 5730 uidetis,
3740 5677 3788 5720 es

2212 5765 2318 5803 non
2343 5749 2578 5804 viderunt
2611 5749 2826 5821 (Matth.
2854 5751 2994 5807 xm).
3775 5759 3816 5793 ο
