4006 6352
726 508 952 567 CAPUT
989 510 1224 567 XXXIII.

261 621 427 678 Vens.
458 623 509 676 l.
541 653 610 663 —
640 621 772 679 Dare
803 635 875 679 est
911 625 1217 680 benedictio.
1251 625 1396 682 Bene
1423 627 1478 682 in
1507 629 1614 683 ﬁne
1633 628 1772 682 Deu-

183 715 479 770 teronomii
506 715 936 770 benedictionem
975 718 1176 786 posuit,
1207 719 1332 788 quia
1372 717 1622 774 Christus
1651 727 1771 788 post

183 806 605 876 completionem
633 805 908 879 Evangelii
929 824 1257 866 ascensurus
1283 810 1336 865 in
1355 811 1576 876 caelum,
1594 811 1772 866 eleva-

182 897 258 954 tis
308 898 559 953 manibus
605 898 899 970 discipulos
942 916 1070 956 suos
1114 903 1436 959 benedixit.-
1462 902 1772 958 Benedictio

181 1005 292 1060 qua
323 990 450 1044 ﬁliis
473 989 638 1044 Israel
668 991 724 1045 in
767 991 1191 1049 Deuteronomio
1221 994 1386 1067 (quod
1415 1003 1500 1050 est
1535 995 1771 1050 secunda

183 1078 298 1150 lex)
325 1079 628 1144 benedixit,
649 1081 716 1135 ad
746 1083 978 1153 gratiam
1005 1085 1242 1154 pertinet
1258 1084 1390 1140 Novi
1418 1085 1771 1152 Testamenti,

183 1174 242 1230 in
296 1191 405 1246 quo
446 1177 639 1246 prisca
687 1176 822 1248 legis
877 1179 1134 1250 mysteria
1180 1188 1518 1246 reserantur,
1563 1187 1618 1234 et
1659 1179 1772 1236 veri

181 1267 446 1324 Israelita)
473 1269 926 1337 benedictionem,
951 1285 1050 1342 per
1083 1273 1302 1344 Moysen
1350 1273 1628 1327 hominem
1676 1273 1771 1328 Dei

179 1359 518 1430 przedictam,
547 1375 645 1429 per
690 1361 964 1416 hominem
1010 1361 1287 1417 Christum
1337 1371 1767 1432 consequuntur.

177 1447 331 1506 Bene
359 1460 539 1506 autem
579 1453 894 1509 imminente
938 1464 1112 1510 morte
1143 1455 1312 1526 Moysi
1347 1456 1653 1510 benedictio
1679 1456 1772 1509 da-

183 1556 294 1612 tur,
329 1547 480 1617 quia,
512 1547 648 1618 legis
693 1550 882 1604 umbra
933 1551 1221 1614 moriente,
1259 1550 1560 1604 cmlestium
1603 1550 1774 1605 dono-

182 1651 305 1691 rum
338 1637 540 1691 veritas
569 1637 829 1708 aperitur.
854 1638 1164 1695 Pnevidens
1193 1655 1324 1710 ergo
1346 1639 1558 1710 Moyses
1588 1639 1774 1693 Salva-

184 1730 322 1785 toris
365 1730 655 1785 adventum
686 1740 738 1785 et
771 1732 999 1802 gratiam
1051 1732 1186 1787 Novi
1238 1733 1572 1788 Testamenti
1616 1733 1772 1802 quasi

180 1819 516 1892 prteteritam
558 1821 854 1890 explicans,
881 1837 1011 1877 voce
1059 1823 1344 1893 primitiva:
1385 1823 1640 1877 Ecclesia:
1688 1822 1774 1876 lae-

185 1910 460 1966 tabundus
501 1910 769 1977 exsultat,
800 1912 985 1967 dicens
1028 1927 1043 1967 :
1089 1908 1346 1967 Dominus
1401 1913 1464 1966 de
1505 1911 1636 1968 Sina
1692 1929 1776 1966 ve-

184 2002 285 2066 nit,
319 2009 422 2056 etc.

255 2095 442 2166 (Aea,
469 2105 654 2166 quam.
683 2096 797 2167 56.)
815 2097 932 2152 Alia
950 2097 1146 2162 littera,
1173 2107 1302 2164 etc.,
1332 2113 1495 2168 usque
1512 2099 1580 2151 ad
1601 2098 1776 2153 unde:

183 2173 486 2252 La'tamini,
512 2199 710 2258 gentes,
735 2207 850 2243 cum
873 2190 1065 2261 populo
1093 2191 1230 2261 ejus.
1261 2190 1397 2256 Quia
1428 2191 1636 2244 ctecitas
1658 2207 1780 2244 con-

181 2279 298 2349 tigit
320 2289 547 2349 exparte
565 2279 619 2334 in
635 2277 822 2345 Israel,
843 2282 1005 2334 donec
1020 2281 1314 2351 plenitudo,
1341 2289 1445 2336 etc.
1471 2279 1644 2351 (Rom.
1676 2281 1777 2350 ιιι.)

258 2369 471 2441 Moyses
499 2373 674 2425 homo.
727 2369 936 2442 Moyses
973 2372 1242 2443 signiﬁcat
1272 2372 1465 2443 legem,
1496 2387 1617 2442 qua:
1655 2381 1779 2426 ante

183 2473 444 2529 mortem,
474 2463 650 2526 idest,
680 2473 972 2535 antequam
1007 2466 1058 2520 in
1096 2467 1210 2537 ipso
1232 2466 1499 2531 ﬁniretur,
1533 2464 1780 2535 praedixit

180 2557 488 2615 Ecclesiam
517 2559 571 2612 in
599 2557 818 2614 Christo
841 2558 1282 2614 benedicendam.

257 2671 429 2726 Vens.
468 2671 519 2724 2.
543 2702 613 2711 —
636 2670 890 2725 Dominus
942 2672 1005 2726 de
1046 2671 1200 2726 Sinni
1234 2672 1389 2726 venit.
1423 2670 1573 2726 Sinai
1622 2669 1774 2740 (91⁷0)

183 2763 581 2834 interpretatur
634 2764 886 2834 amphora
935 2780 1049 2818 mea
1092 2763 1174 2818 vel
1228 2779 1472 2817 mensura
1532 2779 1645 2815 mea
1693 2763 1776 2816 vel

184 2856 524 2909 mandatum.
569 2855 690 2910 Seir
722 2855 916 2927 (ηηπυ)
965 2853 1165 2926 pilosus
1209 2855 1293 2910 vel
1340 2855 1595 2926 hispidus.
1644 2853 1779 2908 Pha-

186 2963 286 3002 ran
317 2946 509 3020 (mea)
537 2948 784 3017 ferocitas
825 2964 1006 3001 eorum
1039 2948 1122 3001 vel
1171 2947 1414 3017 frugifer.
1458 2946 1587 3000 Sina
1616 2946 1778 3016 igitur

183 3038 386 3110 ﬁgurat
415 3039 584 3093 Vetus
611 3038 1039 3104 Testamentum,
1069 3038 1192 3108 quia
1226 3045 1431 3092 certam
1469 3052 1775 3091 mensuram

184 3131 572 3188 mandatorum
613 3130 766 3202 juxta
797 3129 1039 3201 decaIOgi
1086 3130 1364 3184 decretum
1412 3137 1620 3191 tenens,
1655 3143 1778 3196 pro-

183 3221 377 3290 hibere
413 3222 585 3288 novit,
625 3221 942 3293 noujuvare
968 3240 979 3274 :
1010 3236 1110 3276 nec
1157 3221 1349 3289 spiritu
1385 3220 1686 3275 dilectionis
1715 3219 1775 3272 li-

185 3315 363 3380 berat,
395 3314 489 3370 sed
513 3316 704 3369 timore
728 3330 900 3384 poenae
923 3313 1169 3368 subditos
1201 3312 1349 3383 ligat.
1379 3311 1570 3368 Unde:
1598 3310 1775 3365 Unum

187 3405 400 3478 quidem
447 3405 500 3457 in
543 3415 715 3457 monte
744 3401 876 3457 Sina
918 3403 972 3456 in
1016 3403 1314 3456 servitutem
1355 3417 1632 3473 generans,
1673 3411 1775 3454 etc.

190 3493 338 3567 (Cal.
367 3494 466 3567 tv.)
499 3493 756 3548 Dominus
775 3507 905 3562 ergo
926 3494 1154 3548 venitde
1182 3493 1332 3559 Sina,
1360 3493 1412 3548 id
1439 3503 1523 3546 est
1554 3507 1618 3546 ex
1663 3492 1780 3561 lege

189 3594 247 3642 et
272 3587 553 3658 prophetis
581 3585 929 3641 credentibus
982 3585 1234 3639 innowit.
1280 3585 1405 3639 Inde
1435 3585 1578 3638 enim
1612 3584 1777 3648 venit,

191 3695 316 3735 cum
351 3679 423 3733 ibi
451 3677 650 3749 legenti
674 3683 730 3732 et
755 3675 1075 3748 intelligenti
1102 3677 1409 3730 iunotescit.
1445 3675 1597 3730 Unde
1623 3694 1634 3728 :
1661 3675 1781 3745 Ipse

188 3769 442 3842 incipiens
478 3787 509 3823 a
539 3768 720 3838 Moyse
763 3777 808 3822 et
847 3768 1086 3821 omnibus
1134 3768 1395 3837 prophetis
1421 3765 1570 3837 (Luc.
1606 3767 1777 3839 xxiv),

191 3860 475 3932 discipulis
495 3860 816 3930 exponebat,
851 3861 917 3914 ad
950 3875 1181 3930 quorum
1203 3861 1366 3914 corda
1385 3861 1572 3915 venire
1599 3861 1781 3931 cupie-

187 3952 307 4010 bat.
348 3951 425 4006 De
471 3949 593 4006 Seir
634 3959 788 4006 ortus
836 3949 1132 4004 secundum
1184 3965 1429 4016 carnem,
1474 3950 1684 4005 scilicet
1716 3949 1783 4004 de

190 4041 398 4101 ludatis
425 4043 644 4099 malitia:
674 4053 729 4098 et
758 4042 1001 4114 perﬁdiae
1032 4042 1246 4113 spineto
1274 4041 1610 4111 asperrimis,
1631 4058 1783 4096 novae

187 4131 332 4192 lucis
358 4144 480 4191 ortu
510 4145 763 4204 tauquam
797 4149 959 4189 verus
993 4134 1074 4189 sol
1111 4133 1338 4204 justitite
1369 4131 1554 4188 ﬁdeles
1588 4133 1784 4188 illumi-

187 4231 364 4289 navit.
395 4229 548 4286 Unde
575 4245 588 4283 :
617 4228 782 4282 Nobis
811 4229 1010 4283 orietur
1031 4227 1109 4282 sol
1135 4228 1363 4298 justitiw
1391 4224 1546 4297 (Mal.
1578 4225 1675 4297 tv).
1717 4226 1785 4282 Et

188 4327 361 4383 alibi:
389 4326 601 4380 Orietur
627 4325 777 4381 stella
808 4343 871 4380 ex
908 4324 1097 4391 Jacob,
1143 4335 1192 4380 et
1226 4335 1502 4394 consurget
1529 4325 1681 4378 homo
1720 4326 1784 4378 de

189 4418 369 4476 Israel
401 4419 591 4490 (Num.
622 4418 798 4489 xxiv).

263 4532 547 4598 Dominus,
584 4540 690 4588 etc.
723 4532 853 4588 Sina
902 4533 1296 4602 interpretatur
1323 4533 1558 4587 tentatio.
1603 4532 1784 4586 Domi-

189 4642 300 4686 nus
336 4638 465 4696 ergo
507 4625 572 4681 de
604 4626 732 4680 Sina
786 4626 951 4691 venit,
998 4626 1125 4695 quia
1166 4641 1388 4680 carnem
1429 4634 1694 4689 nostram,
1729 4625 1782 4678 in

189 4736 302 4790 qua
333 4728 653 4782 tentaretur,
685 4719 915 4790 accepit.

272 4829 342 4883 Et
377 4829 444 4883 de
475 4827 618 4894 Set},
649 4838 756 4883 etc.
787 4828 888 4895 Qui
931 4836 987 4884 et
1033 4827 1199 4882 Edom
1245 4825 1329 4881 vel
1379 4825 1542 4881 Esau.
1573 4824 1671 4880 Hic
1703 4834 1786 4879 est

189 4921 428 4996 populus
476 4919 809 4985 Iudaeorum,
845 4920 938 4990 qui
983 4919 1121 4990 gulae
1173 4919 1441 4974 desiderio
1491 4918 1647 4988 quasi
1687 4933 1784 4989 pro

189 5012 366 5071 lentis
403 5013 580 5068 edulio
603 5014 871 5082 primatus
915 5012 1140 5083 gloriam
1185 5011 1442 5080 perdidit,
1470 5019 1525 5066 et
1567 5011 1786 5066 benedi-

149 5105 400 5164 .ctionis
441 5105 671 5176 gratiam
735 5105 838 5160 ﬁde
884 5104 1125 5174 junioris
1179 5102 1361 5174 populi
1412 5101 1787 5174 supplantatus

197 5196 410 5251 amisit.

271 5287 352 5344 De
385 5286 506 5342 Seir
533 5295 679 5342 ortus
705 5296 782 5342 est
815 5288 983 5352 nobis,
1021 5295 1131 5343 etc.
1159 5285 1320 5342 Hunc
1352 5293 1592 5341 montem
1629 5284 1788 5356 longo

193 5391 449 5450 tempore
476 5381 890 5447 circumierunt,
917 5390 972 5438 et
1009 5381 1063 5435 in
1088 5396 1152 5436 eo
1189 5379 1372 5450 aliqua
1401 5386 1669 5450 praecepta
1698 5392 1791 5432 ac-

191 5487 486 5547 ceperunt.
520 5475 661 5540 Seir,
692 5475 744 5530 id
764 5483 848 5530 est
886 5474 1120 5544 hispidus
1145 5473 1230 5528 vel
1258 5473 1480 5546 pilosus,
1515 5471 1785 5544 gentilita-

193 5575 315 5624 tem
353 5565 644 5637 signiﬁcat,
676 5581 794 5636 quae
814 5567 1056 5636 peccatis
1083 5573 1202 5620 erat
1230 5565 1534 5630 horrenda;
1573 5564 1638 5619 de
1677 5579 1783 5636 qua

195 5668 358 5715 ortus
397 5667 482 5714 est
506 5659 766 5716 Dominus
793 5660 885 5730 qui
931 5660 982 5714 in
1019 5659 1126 5716 ﬁne
1165 5660 1230 5716 de
1272 5659 1514 5714 Ecclesia
1543 5660 1784 5730 gentium

191 5745 404 5816 btdaais
431 5749 766 5818 praedicabit,
794 5752 918 5820 quia
957 5749 1192 5819 reliquiae
1221 5749 1380 5804 salva:
1405 5751 1551 5806 ﬁent.

273 5843 531 5909 Apparuit
559 5845 620 5898 de
641 5861 814 5902 manu
843 5844 1080 5906 Murali,
1107 5851 1208 5896 etc.
1243 5842 1341 5908 Qui
1375 5843 1597 5913 frugifer
1621 5846 1786 5899 inter-

1225 396 1489 455 GLOSSA
1527 397 1923 456 ORDINARIA.

1805 518 1858 578 Α
1880 523 2146 584 pretatur,
2186 519 2313 587 quia
2343 518 2410 574 de
2449 518 2693 576 Ecclesia
2741 521 2985 593 gentium
3013 523 3310 583 virtutibus
3333 527 3453 586 Iru-

2063 402 2192 458 LIB.
2229 404 2434 460 DEUT.
2967 414 2980 426 '
3342 412 3452 470 494

1871 608 2042 681 giiera
2081 611 2213 667 ﬁdes
2255 612 2454 682 Christi
2501 615 2897 685 praedicabatur
2935 617 3154 687 Iudaeis.
3198 621 3449 682 Christus

1871 715 2002 770 ergo
2029 703 2094 757 de
2130 703 2340 759 Pharan
2372 708 2640 775 apparuit;
2678 708 2802 776 quia
2849 719 3049 778 quanto
3087 722 3276 769 contra
3321 731 3448 774 eum

1872 792 2129 850 ferocitas
2167 795 2462 854 inﬁdelium
2505 800 2732 866 exarsit,
2766 809 2914 856 tanto
2957 801 3120 858 altius
3144 804 3447 863 divinitatis

1872 883 1989 955 ejus
2037 886 2230 941 notitia
2291 879 2482 943 crevit.
2537 888 2750 956 Quanto
2797 891 2942 946 enim
2983 893 3126 948 inter
3174 897 3446 964 passionis

1872 977 2230 1032 contumelias
2257 977 2434 1044 latuit,
2485 987 2634 1040 tanto
2681 995 2780 1051 per
2820 983 3072 1039 virtutem
3102 989 3450 1044 resurrectio-

1871 1067 1958 1123 nis
1982 1068 2210 1135 eﬂ'ulsit;
2237 1079 2292 1125 et
2315 1070 2407 1139 qui
2435 1085 2585 1139 prius
2611 1071 3004 1129 incredulitatis
3027 1073 3308 1133 ferocitate
3327 1092 3451 1148 per-
3533 1077 3540 1084 ’

1873 1160 2044 1215 secuti
2072 1171 2214 1226 sunt,
2249 1163 2590 1232 postmodum
2643 1163 2692 1218 ei
2720 1166 3003 1222 cnaritatis
3044 1168 3237 1226 ardore
3270 1170 3456 1226 adhae-

1873 1261 2096 1317 serunt;
2147 1252 2214 1307 de
2255 1252 2454 1322 quibus
2501 1253 2844 1309 additurzEt
2894 1271 3010 1310 cum
3039 1272 3098 1310 eo
3153 1267 3454 1314 sanctorum

1877 1343 2068 1396 millia.

1947 1434 2012 1488 In
2063 1436 2277 1491 dextera
2325 1437 2438 1507 ejus
2485 1439 2636 1508 ignea
2691 1436 2794 1492 lex.
2853 1438 3070 1495 Tabulae
3112 1441 3351 1508 scilicet,
3396 1441 3452 1496 in

1875 1527 2073 1597 quibus
2123 1528 2229 1592 lex,
2284 1544 2403 1597 qua:
2438 1539 2636 1600 purgat
2681 1537 2736 1583 et
2780 1529 2889 1584 urit
2934 1540 3178 1600 peccata.
3228 1532 3462 1588 Dextera

1876 1635 2092 1691 quoque
2120 1621 2298 1676 Patris
2323 1631 2407 1676 est
2435 1620 2623 1688 Filius,
2650 1622 2740 1691 qui
2771 1622 2946 1676 attulit
2981 1623 3150 1693 legem
3177 1625 3459 1680 charitatis

1877 1710 2064 1766 dicens
2093 1728 2106 1763 :
2130 1709 2315 1780 Ignem
2344 1713 2456 1766 veni
2479 1713 2680 1765 mittere
2717 1712 2773 1765 in
2795 1721 3009 1776 terram,
3031 1721 3136 1767 etc.
3163 1712 3313 1783 (Luc.
3331 1713 3455 1784 xu.)

1950 1800 2016 1854 In
2063 1802 2278 1856 dextera
2315 1802 2429 1871 ejus
2477 1801 2630 1872 ignea
2661 1800 2762 1856 (ex.
2799 1801 3050 1867 Dextera,
3084 1802 3452 1874 Evangelium,

1806 1879 1854 1940 Β
1881 1908 1980 1965 per
1999 1893 2142 1963 quod
2163 1893 2442 1948 beatitudo
2467 1903 2670 1948 mterna
2702 1894 3064 1962 promittitur;
3095 1910 3212 1964 qua:
3237 1895 3458 1950 dextera

1884 1983 2104 2049 dicitur,
2136 1999 2244 2038 non
2285 1984 2625 2054 temporalis,
2663 1984 2806 2038 sicut
2843 1983 2896 2038 in
2930 1983 3068 2055 lege,
3103 2000 3222 2054 qua:
3263 1985 3460 2040 dicitur

1841 2105 1844 2108 ~
1882 2072 2034 2130 lteva.
2072 2075 2224 2130 Unde
2249 2093 2261 2128 :
2285 2075 2516 2130 Dextera
2546 2075 2688 2130 illius
2725 2074 3108 2146 amplexabitur
3137 2093 3235 2130 me.
3267 2076 3324 2132 In
3356 2077 3459 2132 hac

1883 2167 2103 2222 dextera
2131 2166 2218 2221 lex
2244 2167 2422 2237 ignea,
2471 2167 2522 2222 id
2561 2176 2665 2230 est,
2691 2167 2930 2222 cbaritas
2965 2182 2995 2220 a
3032 2166 3232 2237 Spiritu
3274 2177 3462 2224 sancto

1882 2260 1938 2314 in
1967 2260 2262 2315 electorum
2300 2257 2554 2314 cordibus
2584 2254 2937 2312 inﬂammata.
2959 2256 3112 2313 Unde
3146 2258 3311 2312 dicit:
3341 2256 3463 2312 Ple-

1881 2354 2068 2410 nitudo
2090 2353 2214 2424 legis
2241 2352 2451 2406 dilectio
2478 2351 2650 2422 (Rom.
2677 2350 2822 2420 xm).
2855 2351 2922 2406 Et
2956 2351 3081 2406 alibi
3109 2366 3122 2404 :
3148 2351 3460 2406 Mandatum

1881 2463 2071 2502 nouum
2097 2447 2166 2499 do
2192 2445 2352 2510 vobis,
2385 2455 2440 2499 ut
2467 2443 2699 2514 diligatis
2723 2443 2936 2497 invicem
2960 2441 3142 2513 (Jonn.
3175 2437 3314 2514 xm).
3339 2443 3462 2498 llmc

1885 2541 2060 2612 igneis
2103 2539 2300 2610 linguis
2339 2537 2574 2606 Spiritus
2608 2536 2780 2591 sancti
2819 2535 3076 2606 apostolis
3107 2536 3306 2604 infusa,
3346 2552 3464 2593 om-

1882 2646 2006 2686 nem
2039 2630 2173 2700 legis
2209 2628 2596 2700 plenitudinem
2643 2636 2896 2696 tanquam
2930 2627 3097 2698 digito
3145 2626 3241 2682 Dei
3268 2628 3468 2684 descri-

1882 2723 2012 2793 psit,
2044 2731 2098 2776 et
2121 2721 2314 2791 spiritu
2348 2719 2620 2776 ferventes
2641 2729 2695 2774 et
2713 2719 3026 2790 operatione
3049 2719 3290 2776 lucentes
3315 2720 3460 2777 fecit.

1884 2813 1991 2868 Sed
2012 2813 2136 2883 quia
2167 2827 2272 2866 non
2298 2811 2389 2866 uni
2415 2811 2634 2881 populo,
2665 2819 2722 2864 ut
2749 2809 2836 2866 lex
2861 2809 3054 2882 Moysi,
3089 2811 3182 2866 sed
3215 2812 3467 2866 omnibus

1882 2905 2009 2960 data
2035 2913 2138 2967 est,
2177 2901 2422 2973 adjungit
2451 2919 2464 2955 :
2490 2901 2687 2956 Dilexit
2711 2899 2949 2970 populos.

1956 2994 2122 3049 Vens.
2146 3025 2215 3034 —
2239 2997 2292 3050 5.
2323 3023 2383 3036 —-—
2417 2993 2634 3047 Dilexit.
2677 2991 2828 3048 Unde
2859 3012 2871 3047 :
2899 2992 3159 3064 Majorem
3201 2995 3299 3049 hac
3337 2996 3467 3049 dile-

1883 3091 2105 3144 ctionem
2151 3106 2300 3144 nemo
2342 3089 2517 3155 habet,
2569 3099 2624 3142 ut
2671 3089 2904 3144 animam
2943 3107 3095 3146 suam
3137 3100 3316 3162 ponat,
3357 3100 3460 3148 etc.

1883 3179 2066 3250 (Joan.
2098 3179 2206 3250 xv).

1955 3267 2168 3321 Omnes.
2203 3266 2334 3322 Sine
2377 3283 2617 3337 persona:
2665 3269 3014 3338 acceptione;
3047 3269 3227 3324 unde:
3260 3271 3362 3336 Qui
3402 3274 3468 3326 ti-

1881 3367 1984 3409 met
2037 3356 2200 3415 Deum
2249 3365 2296 3410 et
2357 3369 2604 3428 operatur
2643 3359 2934 3429 justitiam,
2985 3368 3224 3430 acceptus
3274 3370 3348 3414 est
3390 3360 3468 3415 illi

1884 3447 2024 3519 (Act.
2058 3452 2136 3520 χ).
3227 3495 3232 3498 .

1957 3537 2150 3593 Omnes
2176 3542 2365 3594 sancti.
2393 3541 2728 3598 Sanctiﬁcati
2770 3543 2979 3618 scilicet
3014 3544 3068 3598 in
3106 3544 3325 3599 nomine
3349 3544 3465 3613 ejus

1883 3629 1975 3696 qui
2019 3631 2346 3686 audierunt:
2378 3631 2563 3688 Sancti
2605 3643 2782 3701 estote,
2825 3635 3074 3705 quoniam
3122 3651 3214 3706 ego
3254 3646 3466 3692 sanctus

1883 3738 2020 3786 sum,
2055 3732 2160 3776 etc.
2188 3721 2331 3794 (Leu.
2362 3723 2496 3795 xix).

1957 3811 2024 3867 In
2056 3829 2237 3866 manu.
2263 3814 2316 3868 ld
2347 3824 2429 3870 est
2451 3817 2715 3885 potentia,
2741 3834 2848 3888 qua
2873 3828 3250 3892 proteguntur.
3282 3819 3466 3879 Unde:

1888 3901 2014 3958 Non
2050 3905 2212 3974 rapiet
2261 3907 2534 3977 quisquam
2565 3909 2630 3963 de
2658 3926 2818 3964 manu
2860 3927 2996 3977 mea,
3033 3919 3138 3967 etc.
3174 3910 3356 3983 (Joan.
3387 3915 3465 3984 x).

1884 3996 1952 4052 Ili
1979 3998 2424 4076 per'charitatem
2452 4009 2575 4057 sunt
2610 4018 2772 4058 unum
2813 4017 3037 4074 regnum
3081 4004 3133 4057 in
3170 4019 3334 4059 manu
3368 4003 3472 4062 Do-

1885 4089 2060 4155 mini;
2099 4091 2241 4146 unde
2284 4091 2451 4148 Isaias
2478 4111 2490 4147 :
2517 4092 2583 4146 Et
2623 4095 2725 4148 eris
2768 4111 2963 4150 corona
2993 4095 3175 4166 gloria:
3217 4097 3272 4150 in
3311 4113 3470 4152 manu

1890 4181 2122 4249 Domini,
2143 4194 2189 4238 et
2213 4185 2458 4240 diadema
2485 4187 2626 4257 regni
2649 4189 2702 4242 in
2739 4204 2898 4242 manu
2927 4187 3022 4242 Dei
3044 4188 3121 4241 tui
3143 4187 3276 4260 (lsa.
3310 4187 3465 4259 ιλιι).

1959 4273 2029 4326 Et
2065 4276 2152 4345 qui
2202 4277 2656 4348 appropinquant,
2695 4287 2802 4333 etc.
2855 4277 3017 4344 Quasi
3050 4296 3062 4332 :
3095 4277 3210 4332 Non
3265 4279 3468 4333 contri-

1886 4373 2099 4420 stentur
2129 4366 2220 4436 qui
2247 4365 2520 4422 Christum
2547 4369 2598 4421 in
2636 4381 2800 4422 carne
2837 4368 3117 4422 docentem
3149 4383 3252 4420 non
3285 4366 3468 4422 audie-

1887 4467 2036 4524 runt,
2052 4459 2206 4529 quasi
2234 4462 2303 4514 ab
2333 4459 2642 4516 hominibus
2662 4458 3016 4529 decipiantur.
3043 4457 3147 4514 Per
3165 4473 3227 4515 os
3255 4467 3468 4514 sancto.

1889 4567 2026 4606 rum.
2057 4552 2294 4620 loquitur
2327 4550 2601 4616 Christus,
2649 4564 2744 4620 per
2770 4550 2938 4620 pedes
2981 4550 3227 4605 doctrina
3273 4551 3467 4621 capitis

1890 4643 2146 4707 auditur;
2180 4642 2354 4696 unde:
2384 4640 2488 4706 Qui
2529 4659 2614 4696 vos
2651 4642 2824 4708 audit,
2853 4657 2934 4696 me
2971 4641 3142 4708 audit,
3182 4650 3286 4698 etc.
3313 4642 3464 4714 (Luc.

1887 4733 1968 4803 Χ.)
1993 4732 2087 4787 Vel
2108 4732 2181 4786 illi
2205 4734 2634 4802 appropinquant
2658 4733 2884 4802 pedibus
2913 4732 3028 4802 ejus
3050 4733 3115 4788 ad
3147 4735 3466 4804 capiendam

1887 4825 2216 4890 doctrinam,
2243 4825 2332 4894 qui
2359 4824 2626 4894 spirituali
2650 4825 2918 4880 desiderio
2961 4825 3272 4898 ﬂagrantes,
3306 4843 3468 4882 evan-

1887 4919 2076 4991 gelicis
2097 4926 2154 4972 et
2181 4917 2494 4986 apostolicis
2538 4916 2837 4988 Scripturis
2869 4919 2956 4974 die
2986 4929 3258 4992 noctuque
3279 4921 3470 4992 invigi-

1885 5014 2022 5070 lant.
2047 5012 2154 5068 Sed
2185 5011 2310 5081 quia
2339 5012 2455 5066 hatc
2486 5013 2552 5068 de
2592 5011 2744 5068 Novo
2779 5012 3123 5082 Testamento
3149 5014 3290 5069 dicta
3321 5023 3464 5079 sunt,
3561 5029 3582 5046 κ

1889 5104 2136 5174 sequitur
2156 5118 2384 5173 quorum
2410 5118 2540 5158 voce
2574 5103 2782 5176 Moyses
2810 5106 3046 5178 loquitur
3067 5107 3134 5161 de
3166 5105 3333 5160 veteri
3355 5104 3472 5178 lege

1890 5196 2076 5254 dicens
2101 5214 2115 5249 ε
2139 5193 2324 5266 Legem
2351 5199 2594 5268 praecepit
2622 5198 2791 5264 nobis,
2823 5207 2926 5255 etc.

1963 5287 2128 5346 Vens.
2171 5286 2740 5346 4.—Hmreditatem.
2783 5288 2918 5357 Quia
2971 5291 3086 5345 btec
3129 5299 3212 5344 est
3263 5291 3469 5346 utilitas

1890 5377 2045 5449 legis,
2091 5377 2380 5434 haereditas
2407 5378 2640 5438 Abrahae
2679 5383 2982 5452 promissa:
3010 5380 3070 5436 Si
3112 5380 3376 5436 volueritis
3418 5391 3468 5434 et

1889 5469 2187 5538 audieritis,
2209 5487 2288 5525 ma
2325 5470 2462 5528 bona
2487 5482 2639 5542 terra:
2663 5473 2958 5544 comedetis.

1967 5562 2083 5616 Erit
2112 5561 2251 5632 apud
2299 5563 2666 5627 rectissimum,
2692 5571 2800 5617 etc.
2828 5561 3013 5629 Jacob,
3046 5565 3114 5618 ab
3157 5561 3345 5633 angelo
3369 5562 3465 5617 be-

1893 5654 2158 5720 nedictus,
2185 5653 2348 5712 Israel
2367 5662 2603 5710 evocatus
2625 5663 2720 5718 est,
2753 5655 2804 5709 id
2839 5665 2922 5710 est
2947 5667 3112 5709 rectus
3143 5653 3272 5718 Dei;
3298 5660 3352 5707 et
3371 5649 3456 5708 Ju-

1892 5748 2041 5806 dteus
2063 5749 2129 5804 ad
2163 5748 2320 5804 ﬁdem
2348 5765 2641 5804 conversus
2681 5749 2832 5802 abeo
2863 5759 2982 5817 post
3019 5746 3467 5802 resurrectionem

1893 5845 2231 5912 benedictus,
2273 5844 2356 5898 cui
2401 5845 2454 5898 in
2497 5843 2746 5914 passione
2789 5843 3088 5915 prazvaluit,
3137 5842 3204 5898 ob
3242 5839 3464 5912 jtlstilizt‘
