4006 6352
541 397 652 455 495

1042 384 1436 446 WALAFRIDI
1473 379 1721 441 STRABI
1754 381 1960 441 FULD.
2001 377 2167 437 MON.
2205 375 2360 436 OPP.
2399 377 2580 435 PARS
2613 378 2658 435 l.
2696 407 2765 422 -
2799 374 3254 436 THEOLOGICA.

3697 373 3809 438 £35

539 514 934 592 professionem
979 512 1317 568 rectissimus
1360 509 1681 581 appellatur.
1739 506 1894 563 Unde
1917 522 1932 559 :
1958 502 2118 568 Audi,
2147 503 2200 564 Δ
2225 511 2281 560 et
2301 503 2500 559 mundo
2522 503 2923 569 renuntiantes,
2951 471 3167 557 culmen
3189 498 3574 556 ecclesiastica:
3600 500 3806 557 doctri-

541 608 728 671 Jacob,
786 621 932 662 serve
976 620 1142 669 meus,
1182 614 1230 657 et
1264 601 1566 680 rectissime,
1619 614 1771 670 quem
1825 595 1978 666 elegi,
2011 601 2117 649 etc.

546 699 682 773 (ιω.
714 696 884 771 ων.)

579 800 584 824 ί
618 792 781 849 Vsus.
806 791 860 846 5.
887 819 956 830 -
977 787 1105 843 Rex.
1150 775 1420 843 Christus.
1451 783 1564 855 Ego
1590 788 1772 837 autem
1799 778 2123 834 constitutus

548 902 668 943 sum
684 902 778 941 rex
802 885 870 939 ab
891 897 974 948 eo,
1003 888 1062 934 ut
1097 879 1306 936 scilicet
1338 875 1502 930 faciat
1546 885 1773 944 regnum
1801 877 1859 926 et
1885 876 2126 940 potesta-

550 991 680 1043 tem,
709 977 802 1048 qui
829 983 914 1032 est
937 989 1032 1029 rex
1060 979 1116 1028 et
1151 979 1392 1042 potestas
1417 966 1610 1037 prima.

621 1077 755 1132 Cum
775 1072 1010 1128 tribubus
1035 1064 1227 1122 Israel.
1253 1065 1330 1119 De
1350 1062 1545 1133 quibus
1563 1055 1837 1128 primitiva
1858 1050 2123 1108 Ecclesia.

550 1170 696 1225 Bene
720 1166 870 1236 prius
897 1161 1188 1232 principes,
1217 1153 1413 1211 deinde
1439 1151 1614 1205 tribus
1633 1141 2021 1236 congreganda:
2049 1140 2130 1196 di-

555 1233 772 1324 cuntur,
799 1257 925 1328 quia
969 1250 1130 1326 primi
1171 1245 1423 1320 apostoli,
1449 1249 1506 1298 et
1533 1255 1631 1311 per
1659 1252 1756 1294 eos
1784 1233 2131 1291 crediderunt

555 1351 666 1406 alii.
913 1383 950 1404 ο

626 1438 791 1493 Vens.
820 1436 874 1490 6.
896 1463 968 1476 ——
993 1431 1145 1488 Vivat
1185 1428 1389 1484 Ruben.
1437 1420 1704 1478 Praedicta
1743 1421 1917 1471 salute
1942 1409 2133 1483 primi-

555 1534 678 1588 tivar
713 1527 987 1590 Ecclesiae,
1013 1521 1241 1594 singulis
1265 1518 1513 1574 tribubus
1536 1511 1784 1586 proprias
1801 1504 2134 1564 benedictio-

555 1639 655 1681 nes
682 1621 904 1685 tribuit;
943 1631 1103 1672 veros
1128 1612 1401 1669 lsraelitas
1423 1610 1490 1664 de
1523 1616 1752 1675 utroque
1778 1598 1972 1672 populo
1995 1611 2136 1668 prte-

557 1716 833 1776 nuntians,
878 1723 1020 1764 nunc
1045 1707 1112 1762 de
1138 1705 1375 1766 Christo,
1413 1715 1559 1756 nunc
1593 1697 1662 1752 de
1688 1692 1966 1766 apostolis,
1992 1702 2136 1745 nunc

558 1808 624 1862 de
651 1803 949 1876 primitiva,
978 1814 1125 1854 nunc
1151 1798 1218 1852 de
1242 1803 1349 1851 tota
1380 1791 1625 1848 Ecclesia
1647 1786 1989 1844 vaticinatur.

2223 613 2307 654 na:
2331 596 2561 654 assecuti
2585 604 2732 662 sunt,
2759 603 3014 664 tanquam
3040 593 3155 648 veri
3179 591 3377 648 Levitae
3418 593 3472 648 in
3506 600 3657 647 terra
3679 608 3807 662 pars

2223 696 2332 744 tem
2354 702 2460 742 non
2499 685 2786 750 habentes,
2814 685 2908 741 sed
2939 699 3060 740 cum
3087 681 3358 753 Propheta
3381 682 3668 738 dicentes:
3699 682 3811 736 Da-

2223 780 2396 836 minus
2424 797 2548 852 pars
2575 780 2898 835 hereditatis
2926 795 3075 842 mete,
3111 784 3215 832 etc.
3237 773 3410 847 (Psal.
3434 775 3526 840 xv)
3553 792 3569 840 ;
3611 790 3813 831 secun-

2226 874 2352 930 dum
2393 873 2524 928 illud
2567 870 2668 927 :Si
2709 873 2824 944 quis
2882 871 2985 927 uult
3030 871 3203 926 uenire
3258 879 3372 940 post
3430 885 3510 923 me
3534 910 3550 935 ,
3591 870 3815 941 abneget

2225 987 2301 1037 se,
2330 977 2436 1026 etc.
2462 968 2612 1042 (Luc.
2643 968 2744 1040 Ix.)
2775 967 2878 1034 Qui
2915 965 3200 1038 perdiderit
3233 964 3464 1018 animam
3487 980 3645 1017 suam
3687 981 3815 1030 pro-

2227 1072 2342 1135 pter
2365 1079 2464 1126 me,
2501 1069 2608 1116 etc.
2635 1059 2852 1130 (Matth.
2877 1058 2958 1130 ι.)
2985 1057 3235 1112 Christus
3259 1065 3442 1110 autem
3462 1069 3629 1111 verus
3659 1053 3818 1119 Levi,

2229 1155 2322 1226 qui
2344 1155 2460 1210 haec
2487 1152 2670 1209 omnia
2701 1151 2831 1207 fecit
2853 1158 2909 1204 et
2937 1149 3140 1205 docuit.
3167 1147 3270 1218 Ipsi
3295 1146 3498 1203 Levita:
3530 1147 3822 1202 adhaerent

2230 1245 2507 1300 imitantes
2533 1243 2684 1298 illum
2729 1255 2900 1311 usque
2924 1239 2993 1295 ad
3037 1237 3374 1310 sanguinem,
3417 1237 3483 1294 de
3508 1236 3672 1306 cujus
3695 1250 3823 1306 pas-

2232 1337 2386 1392 sione
2410 1335 2660 1390 subditur
2685 1352 2699 1388 :
2732 1333 2898 1400 Quem
2925 1331 3239 1403 probasti-in
3263 1331 3568 1394 tentatione,
3593 1338 3712 1384 etc.

2304 1429 2384 1484 Ad
2423 1445 2607 1501 aquas.
2649 1427 2824 1484 Locus
2851 1432 2937 1482 est
2978 1423 3072 1479 ubi
3113 1422 3282 1495 Moysi
3309 1429 3364 1476 et
3382 1421 3564 1477 Aaron
3607 1421 3827 1492 ingres-

2235 1538 2354 1580 sum
2384 1529 2542 1578 terra:
2565 1517 2943 1592 promissionis
2971 1515 3321 1572 contradixit.

2307 1615 2388 1669 Ad
2422 1631 2605 1686 aquas.
2633 1613 2832 1685 Legem
2874 1609 3161 1681 significat,
3190 1623 3311 1678 qua:
3339 1606 3478 1661 male
3503 1605 3830 1663 viventibus

2237 1708 2513 1764 introitum
2548 1704 2700 1776 regni
2735 1702 2974 1759 caelestis
3010 1699 3356 1756 contradixit.
3384 1698 3572 1768 Aquae,
3607 1695 3830 1767 populi,

2239 1801 2330 1872 qui
2394 1798 2826 1855 contradicentes
2881 1795 3252 1850 clamaverunt
3310 1811 3323 1846 :
3367 1791 3630 1862 Cruciﬁge
3680 1807 3829 1847 eum.

636 1871 787 1951 Vivat
831 1892 1036 1947 Ruben.
1085 1887 1252 1957 Quasi
1281 1904 1296 1940 :
1330 1885 1480 1940 Licet
1524 1881 1711 1937 Ruben
1759 1875 1935 1934 cubile
1961 1871 2134 1964 patris
2164 1883 2209 1944 Β
2237 1871 2465 1964 Sanguis
2494 1891 2607 1962 ej",
2628 1906 2784 1961 super
2809 1905 2922 1954 ηοε,
2951 1897 2999 1942 ει
3029 1903 3185 1958 ευμεν
3211 1885 3349 1955 [mos
3381 1883 3830 1954 “umqum

557 1986 863 2050 violaverit,
895 1992 951 2038 et
977 1977 1320 2053 primogeniti
1354 1974 1671 2046 dignitatem
1697 1967 1964 2031 amiserit,
1987 1963 2135 2017 vivat

558 2093 762 2142 tamen,
796 2085 850 2133 et
897 2050 1064 2145 agens
1107 2067 1482 2143 penitentiam
1529 2078 1634 2118 non
1684 2059 1970 2115 moriatur.
2011 2050 2136 2107 Filii

558 2171 771 2234 Ruben,
803 2167 856 2222 id
892 2173 994 2230 est,
1021 2161 1191 2220 Judaei
1229 2174 1326 2230 per
1371 2156 1560 2211 Ruben
1599 2149 1912 2223 signiﬁcati,
1941 2146 2138 2202 lectum

555 2261 739 2318 Patris
762 2258 1120 2320 violaverunt,
1161 2253 1213 2308 id
1234 2258 1318 2306 est
1342 2248 1619 2304 Christum
1649 2243 1845 2299 Filium
1873 2239 1990 2310 ejus
2012 2252 2139 2307 spu—

559 2355 632 2410 tis
683 2349 976 2407 immundis
1017 2343 1327 2418 polluerunt
1370 2348 1594 2394 :tamen
1644 2333 1714 2390 ad
1764 2328 2140 2404 paenitentiam

557 2451 934 2508 reservantur,
967 2439 1064 2496 sed
1102 2435 1260 2510 pauci
1307 2446 1533 2490 numero
1575 2429 1644 2484 ad
1681 2423 2139 2497 comparationem

557 2539 817 2596 Ecclesia:
837 2534 1097 2609 gentium.

632 2605 1112 2684 RubeniVisionis
1138 2621 1303 2687 filius,
1327 2619 1454 2690 quia
1482 2621 1658 2671 mater
1676 2612 1755 2667 ait
1775 2610 1930 2681 (Gen.
1953 2605 2137 2674 sxum):

562 2720 713 2777 Vidit
739 2718 886 2773 Deus
920 2713 1287 2771 humilitatem
1329 2723 1528 2765 meam.
1564 2704 1662 2760 llic
1698 2710 1782 2758 est
1811 2697 2141 2770 primogeni-

563 2819 673 2876 tus,
699 2808 1014 2881 signiﬁcans
1053 2804 1254 2860 electos
1283 2816 1350 2858 ex
1371 2797 1589 2862 Judaais,
1620 2794 1714 2866 qui
1746 2791 2020 2848 Christum
2049 2802 2145 2844 ne-

563 2901 741 2974 gando
761 2907 818 2955 et
850 2895 1214 2968 cruciﬁgendo
1243 2889 1464 2955 mortui,
1505 2883 1888 2959 praedicatione
1922 2888 2141 2952 aposto-

563 2969 740 3049 lorum
762 2988 1030 3054 conversi,
1051 3003 1120 3042 ex
1140 2985 1244 3040 ﬁde
1276 2981 1479 3040 Christi
1505 2987 1631 3035 sunt
1656 2973 1911 3032 viviﬁcati
1935 2990 1950 3026 :
1974 2971 2031 3026 hi
2057 2969 2142 3025 vi-

565 3084 737 3142 sionis
759 3081 874 3147 lilii,
898 3079 1025 3150 quia
1053 3083 1300 3148 respectu
1337 3073 1529 3129 divina:
1557 3066 1945 3126 misericordia
1982 3061 2140 3120 salvi.

638 3174 802 3230 Vens.
825 3172 878 3226 7.
901 3199 973 3211 —
994 3167 1124 3224 Ηιεε
1152 3176 1226 3222 est
1255 3164 1434 3220 Judte.
1468 3160 1657 3224 Judas,
1699 3159 1793 3229 qui
1824 3158 2143 3227 interpreta-

563 3278 656 3324 tur
688 3263 963 3335 confessio,
1007 3257 1364 3316 universalem
1410 3253 1682 3326 signiﬁcat
1721 3249 2034 3312 Ecclesiam,
2085 3247 2140 3301 in
2169 3245 2214 3308 C

563 3373 670 3431 qua
702 3354 878 3411 laudis
912 3351 1104 3407 divinae
1147 3347 1414 3404 confessio
1454 3352 1509 3400 et
1541 3343 1835 3415 gratiarum
1868 3339 2030 3394 actio.
2066 3337 2142 3393 De

561 3427 672 3520 quo
702 3453 876 3502 mater
902 3442 980 3498 ait
1005 3459 1020 3496 :
1044 3439 1202 3496 Modo
1229 3435 1511 3508 confitebor
1531 3434 1755 3488 Domino
1785 3429 1936 3504 (Gen.
1966 3427 2140 3503 xxxx).

561 3539 692 3597 Haec
719 3543 807 3594 est
843 3549 972 3591 vera
1010 3547 1209 3604 sponsa
1251 3528 1454 3586 Christi
1476 3542 1596 3598 quae
1625 3525 1884 3580 virtutum
1931 3520 2146 3576 monili-

562 3639 668 3695 bus
688 3635 969 3698 adornata,
997 3645 1107 3686 non
1135 3626 1398 3699 superbit,
1419 3624 1515 3681 sed
1537 3621 1742 3694 gratias
1765 3619 1894 3691 agit,
1922 3633 2021 3689 pro
2041 3617 2145 3672 hac

562 3737 687 3786 orat
709 3735 770 3782 ut
789 3726 1060 3782 audiatur.

635 3819 796 3884 Audi,
837 3815 1082 3880 Domine,
1129 3825 1303 3867 uocem
1343 3807 1522 3862 Iudas.
1569 3804 1777 3875 Regum
1818 3799 2025 3856 scilicet
2053 3797 2146 3868 qui

565 3911 634 3968 de
653 3909 811 3973 Juda,
838 3907 931 3977 qui
964 3904 1242 3960 Christum
1267 3897 1680 3962 desiderabant;
1710 3903 1764 3949 et
1797 3892 1965 3961 ipsius
1984 3888 2145 3945 Chri-

565 4003 658 4069 sti,
689 4001 780 4072 qui
823 3999 934 4054 ait:
962 3994 1260 4066 Conﬁtebor
1294 3991 1410 4059 tibi,
1449 3989 1632 4056 Pater,
1678 4002 1771 4043 rea:
1795 3984 1910 4040 caeli
1955 3991 2005 4037 et
2025 3991 2148 4052 .ter-

482 4112 485 4113 '
564 4109 664 4160 rw,
685 4100 794 4148 etc.
829 4089 978 4162 (Luc.
1033 4086 1113 4159 ι.)

636 4184 853 4240 Manus.
884 4181 1072 4237 Oravit
1100 4177 1386 4234 Dominum
1415 4189 1513 4248 pro
1544 4171 1702 4238 Juda,
1733 4171 1822 4226 cui
1849 4183 1992 4224 nunc
2035 4167 2140 4222 Do-

565 4279 699 4337 mini
733 4273 1002 4348 promittit
1029 4271 1251 4337 auxilia,
1287 4269 1443 4340 quasi
1468 4283 1574 4323 non
1600 4271 1889 4336 praesumat
1916 4261 1983 4317 de
2010 4259 2145 4314 viri-

562 4378 665 4432 bus
705 4374 818 4430 suis
845 4370 1033 4436 Judas,
1063 4368 1160 4424 sed
1200 4366 1256 4421 in
1303 4365 1394 4421 illo
1427 4361 1665 4418 confidat
1700 4359 1792 4430 qui
1822 4358 1899 4412 ait
1926 4375 1938 4411 :
1965 4354 2146 4424 Conﬁ-

563 4468 692 4532 dite,
735 4480 828 4536 ego
865 4463 965 4518 uici
1003 4457 1258 4516 mundum
1284 4455 1467 4528 (Joan.
1493 4451 1638 4523 xvi);
1668 4449 1821 4520 cujus
1865 4461 2058 4504 manus
2092 4446 2148 4501 in

564 4570 730 4614 cruce
782 4561 971 4609 contra
1024 4547 1296 4622 spiritales
1334 4543 1606 4616 nequitias
1650 4545 2044 4613 pugnaverunt,
2086 4544 2146 4591 ut

563 4664 664 4720 per
687 4654 918 4703 mortem
945 4644 1247 4699 destrueret
1273 4653 1401 4696 eum
1427 4636 1520 4708 qui
1549 4634 1787 4692 habebat
1809 4631 2002 4688 mortis
2043 4631 2146 4686 im-

565 4741 799 4814 perium.

637 4833 883 4904 Adjutor.
925 4828 997 4886 Ut
1023 4830 1209 4887 vincat
1250 4835 1305 4884 et
1346 4826 1534 4883 dicat:
1571 4823 1745 4894 Super
1783 4819 1987 4876 excelsa
2027 4834 2145 4873 mea

563 4924 784 4982 deducet
803 4939 886 4978 me
903 4923 1064 4978 uictor
1085 4920 1312 4994 (Hahae.
1339 4918 1420 4989 ιιι)
1452 4935 1465 4971 :
1494 4918 1608 4986 ipse
1623 4914 1766 4968 enim
1782 4912 1835 4966 iu
1856 4911 2015 4966 nobis
2035 4910 2146 4965 vin-

564 5019 662 5084 cit,
686 5023 742 5072 et
778 5030 878 5086 pro
917 5013 1142 5069 victoria
1169 5026 1264 5068 sua
1304 5015 1530 5067 coronat
1558 5019 1657 5059 nos
1685 5005 1742 5058 in
1771 4999 2145 5057 misericordia

567 5117 620 5163 et
654 5106 1114 5163 miserationibus.

639 5200 802 5256 Vens.
845 5199 898 5255 8.
919 5229 990 5240 —
1012 5197 1295 5268 Perfectio.
1324 5191 1510 5262 Quasi,
1558 5205 1720 5262 quam
1746 5189 1824 5246 sis
1852 5185 2145 5260 perfectus,

565 5301 622 5348 et
641 5307 804 5364 quam
833 5300 1021 5348 sancta
1056 5287 1306 5346 doctrina
1337 5293 1429 5340 tua
1459 5298 1558 5355 per
1585 5282 1800 5354 Moysen
1833 5279 2144 5350 declarasti.

567 5381 666 5438 Vel
702 5398 734 5437 a
768 5390 958 5437 sancto
1007 5380 1124 5434 viro
1163 5387 1277 5443 tuo,
1307 5376 1362 5432 id
1387 5382 1472 5431 est
1510 5372 1735 5439 Levitis,
1777 5380 1861 5428 est
1889 5369 2148 5442 perfectio

565 5484 659 5532 tua
709 5481 765 5531 et
790 5474 1036 5531 doctrina
1066 5481 1177 5529 tua.
1223 5468 1304 5525 Illi
1336 5468 1485 5524 enim
1519 5467 1721 5524 debent
1761 5465 1936 5538 legem
1973 5471 2149 5521 custo-

566 5569 705 5633 dire,
733 5567 916 5624 facere
941 5574 997 5622 et
1019 5565 1232 5622 docere.

640 5658 902 5730 Pesfectio
944 5668 1056 5714 tua.
1085 5657 1266 5716 Choro
1299 5656 1614 5729 angelorum
1659 5663 1714 5711 et
1756 5661 2058 5725 martyrum
2091 5661 2147 5708 et

565 5753 807 5810 omnium
851 5753 1216 5824 periectorum
1268 5752 1374 5809 ista
1421 5749 1693 5816 dicuntur,
1729 5749 1822 5819 qui
1860 5746 2146 5818 perfectio-

571 5858 698 5901 nem
725 5841 1006 5901 ch'aritatis
1033 5843 1315 5906 moriendo
1354 5857 1455 5916 pro
1483 5841 1712 5918 Domino
1739 5839 2141 5912 impleverunt;

2167 4603 2226 4665 D

2236 1984 2430 2056 χχιιι).
2472 1982 2552 2038 Ad
2585 1980 2857 2037 cumulum
2885 1977 3236 2049 perfectionis
3271 1974 3399 2030 Levi
3428 1972 3722 2045 adiungit:

2307 2077 2472 2133 Vens.
2504 2075 2556 2131 9.
2588 2105 2658 2115 —
2680 2074 2784 2140 Qui
2827 2073 2961 2126 dixit
2992 2071 3133 2143 patri
3168 2085 3283 2124 suo.
3307 2067 3536 2136 Quando
3577 2065 3833 2123 fecerunt

2238 2171 2463 2227 vitulum
2506 2181 2755 2230 aureum,
2797 2164 3019 2234 iubente
3073 2163 3275 2235 Moyse,
3312 2161 3531 2224 Levita,
3587 2157 3834 2214 accincti

2241 2262 2457 2337 gladiis,
2482 2276 2513 2314 a
2537 2268 2690 2332 porta
2725 2273 2894 2326 usque
2919 2257 2984 2310 ad
3013 2263 3223 2326 portam
3255 2251 3574 2308 idololatras
3605 2247 3834 2305 interfe-

2241 2361 2451 2411 cerunt.
2478 2352 2536 2406 ln
2565 2351 2768 2406 ultione
2789 2347 3106 2403 idololatria:
3125 2345 3280 2416 quasi
3311 2359 3436 2400 suos
3469 2358 3582 2398 non
3621 2356 3833 2414 cogno-

2243 2446 2482 2506 scebant,
2504 2443 2628 2512 quia
2653 2443 2769 2497 sine
2789 2437 3091 2494 differentia
3113 2436 3451 2493 occidebant.
3476 2433 3636 2491 Unde
3659 2450 3680 2487 :
3709 2431 3834 2487 Nisi

2243 2552 2358 2609 quis
2384 2533 2646 2604 reliquerit
2685 2541 2885 2603 patrem
2918 2540 2966 2585 et
3007 2538 3228 2583 matrem
3265 2535 3313 2581 et
3342 2541 3561 2580 umorem
3607 2534 3655 2579 et
3690 2523 3836 2593 ﬁlios

2241 2637 2451 2702 prapter
2474 2643 2574 2690 me,
2605 2641 2706 2678 non
2730 2633 2803 2680 est
2826 2639 2972 2677 meus
3001 2619 3291 2690 discipulus
3320 2617 3471 2690 (Luc.
3493 2615 3674 2686 mu).

2317 2719 2421 2786 Qui
2448 2719 2579 2774 dixit
2604 2717 2743 2789 patri
2767 2732 2862 2771 suo
2891 2725 2939 2769 et
2962 2714 3142 2780 matri,
3169 2720 3276 2768 etc.
3313 2710 3584 2766 Debemus
3608 2719 3664 2764 et
3695 2717 3840 2766 tem-

2244 2810 2502 2884 poraliter
2527 2808 2611 2864 his
2641 2823 2763 2863 cum
2792 2805 2988 2877 quibus
3024 2804 3254 2860 vicinius
3276 2799 3685 2872 conjungimur,
3717 2800 3840 2871 plus

2244 2903 2524 2975 prodesse.
2571 2901 2840 2955 Debemus
2909 2896 3155 2967 copulam
3206 2903 3435 2950 terrenae
3486 2894 3840 2964 cognationis

2247 3010 2572 3071 agnoscere;
2604 2994 2700 3049 sed
2749 2991 2794 3047 si
2843 3005 3062 3047 cursum
3107 2987 3307 3044 mentis
3342 2985 3634 3056 prtepedit,
3679 2985 3842 3056 igno-

2245 3103 2390 3154 rare,
2417 3094 2477 3142 ut
2496 3083 2722 3141 affectus
2748 3083 2946 3139 mentis
2973 3081 3184 3138 viscera
3213 3078 3436 3150 repleat,
3463 3078 3560 3133 sed
3592 3092 3626 3131 a
3667 3077 3838 3148 spiri-

2249 3179 2342 3235 tali
2363 3178 2640 3250 proposito
2662 3191 2767 3230 non
2791 3180 3017 3230 avertat.
3051 3171 3177 3227 Hauc
3199 3171 3334 3226 bene
3360 3184 3544 3225 vacca:
3575 3169 3839 3236 innuunt,

2246 3285 2366 3340 quas
2395 3269 2494 3324 sub
2516 3283 2640 3322 arca
2673 3264 2887 3321 Domini
2919 3263 2987 3318 ad
3008 3272 3264 3318 montana
3293 3261 3600 3322 tendentes,
3638 3257 3841 3313 ams—ctu

2245 3370 2302 3418 et
2351 3359 2523 3431 rigido
2571 3373 2734 3414 sensu
2777 3355 3143 3429 gradiuntur:
3175 3366 3274 3423 pro
3316 3349 3498 3406 vitulis
3539 3359 3842 3420 pergentes

2246 3452 2560 3524 mugiebant
2621 3449 2716 3506 sed
2759 3455 3003 3519 accepto,
3050 3445 3246 3502 itinere
3279 3458 3501 3515 gressus
3536 3458 3652 3498 non
3673 3441 3844 3500 deﬂe-

2245 3545 2483 3600 ctebant.

2316 3635 2481 3691 Vnus.
2506 3633 2593 3688 10.
2615 3663 2686 3674 -
2707 3629 2912 3687 Panem
2938 3631 3244 3702 thymiama.
3282 3627 3435 3684 Sicut
3459 3627 3655 3682 Aaron
3687 3637 3842 3683 stans

2246 3728 2388 3783 inter
2402 3735 2644 3784 mortuos
2671 3733 2726 3780 et
2754 3725 2997 3780 viventes
3021 3737 3121 3793 pro
3147 3721 3342 3794 populo
3381 3721 3716 3792 deprecatus
3734 3730 3840 3779 est.

2249 3818 2452 3874 Ponent
2505 3817 2811 3889 thymiama.
2867 3813 3191 3870 Sanctorum
3237 3812 3414 3868 oratio
3444 3812 3845 3868 suavissimum

2248 3909 2528 3965 incensum
2577 3916 2662 3962 est
2709 3905 2974 3960 Domino:
3006 3919 3113 3974 quo
3148 3903 3429 3976 (peccante
3461 3901 3696 3972 populo)
3741 3902 3847 3957 Do-

2248 3999 2383 4056 mini
2427 3999 2576 4054 furor
2611 3999 2911 4068 mitigatur,
2951 3996 3077 4066 quia
3119 3994 3188 4050 ab
3223 3995 3368 4050 omni
3413 4003 3638 4049 terrena
3684 3995 3848 4050 sorde

2249 4091 2526 4158 defaecata,
2559 4090 2768 4146 caelesti
2803 4089 3073 4144 desiderio
3108 4086 3296 4158 ignita,
3332 4086 3484 4156 quasi
3530 4087 3845 4156 thymiama

2250 4184 2304 4240 in
2350 4190 2647 4255 conspectu
2686 4182 2784 4238 Dei
2822 4180 3031 4251 ﬂagrat,
3062 4189 3118 4234 et
3142 4179 3297 4249 quasi
3343 4178 3738 4235 holocaustum
3777 4182 3845 4236 ab

2249 4292 2342 4331 ara
2371 4277 2446 4348 pli
2472 4275 2650 4330 cordis
2674 4272 2890 4327 ﬂamma
2920 4271 3219 4328 devotionis
3253 4271 3307 4325 in
3329 4270 3524 4326 cmlum
3556 4272 3844 4327 subvolat.

2249 4369 2362 4424 Hoc
2383 4369 2652 4439 praecipue
2698 4365 2955 4436 apostolis
2995 4373 3050 4420 et
3098 4365 3426 4436 martyribus
3459 4367 3747 4436 congruit,
3783 4367 3849 4421 de

2249 4461 2446 4533 quibus
2474 4460 2675 4516 dicitur
2701 4477 2714 4513 :
2744 4457 3016 4528 Tanquam
3042 4473 3233 4511 aurum
3263 4457 3319 4511 in
3356 4456 3569 4526 fornace
3595 4458 3850 4528 probauit

2249 4553 2392 4621 illos,
2419 4563 2467 4608 et
2490 4553 2643 4625 quasi
2671 4551 2964 4606 holocausti
2984 4549 3207 4605 hostiam
3235 4549 3432 4619 accepit
3460 4546 3618 4620 (Sap.
3659 4550 3775 4620 ιιι).

2323 4649 2491 4706 Vens.
2526 4651 2614 4705 ll.
2644 4680 2706 4690 -—
2737 4648 2972 4719 Suscipe.
2998 4647 3162 4714 Quasi
3190 4654 3364 4719 grata,
3393 4653 3454 4700 ut
3491 4658 3845 4700 remuneres.

2253 4743 2464 4799 Dantur
2482 4755 2628 4796 nunc
2653 4739 2881 4809 singulis
2907 4737 3043 4794 alba
3071 4736 3242 4799 stolae,
3283 4735 3491 4791 scilicet
3524 4732 3846 4789 animarum

2252 4835 2437 4892 laetitia
2463 4851 2478 4901 ;
2505 4842 2562 4888 et
2592 4833 2646 4886 in
2679 4832 2885 4903 judicio
2915 4829 3212 4887 secundum
3237 4819 3454 4900 corpus,
3484 4834 3716 4897 recepta
3745 4826 3848 4881 im—

2253 4929 2609 4994 mortalitate,
2639 4927 2909 4998 fulgebunt
2949 4927 3084 4982 sicut
3122 4925 3202 4982 sol
3227 4934 3278 4980 et
3313 4933 3566 4995 tanquam
3589 4921 3846 4977 scintilla:

2253 5023 2307 5078 in
2331 5021 2645 5076 arundineto
2674 5008 2986 5084 discurrant,
3011 5018 3286 5074 exurendo
3307 5015 3515 5072 scilicet
3550 5028 3762 5070 manus
3789 5021 3848 5070 et

2255 5112 2626 5168 infructuosos
2671 5109 3010 5166 adversarios
3055 5125 3070 5175 ;
3115 5109 3183 5165 de
3227 5122 3459 5179 quorum
3504 5120 3674 5176 pinna
3716 5104 3844 5160 sub-

2253 5205 2402 5260 ditur
2429 5222 2443 5258 :

2324 5293 2550 5350 Percute
2597 5294 2775 5350 dorsa.
2825 5293 3040 5362 Quasi:
3076 5295 3403 5352 videbantur
3450 5293 3553 5348 sibi
3612 5291 3842 5362 impune

2251 5393 2556 5456 martyrum
2603 5385 2922 5457 sanguinem
2965 5383 3212 5452 fundere,
3255 5385 3350 5442 sed
3370 5383 3676 5455 quasipon
3715 5383 3841 5438 dor-

2254 5491 2376 5534 sum
2428 5489 2591 5547 pmna
2644 5477 2939 5548 improvisa
2990 5477 3318 5548 parabatur,
3378 5477 3434 5532 id
3497 5486 3588 5532 est
3625 5485 3843 5532 mter-II

2251 5571 2548 5635 damnatio,
2589 5570 2644 5624 in
2679 5585 2841 5640 quam
2879 5577 3098 5625 ruentes
3129 5584 3354 5640 surgere
3401 5579 3509 5624 non
3555 5565 3838 5622 valebunt.

2249 5660 2404 5718 Unde
2430 5680 2444 5714 :
2481 5659 2638 5732 Virga
2667 5663 2723 5715 in
2751 5661 2906 5716 dorso
2933 5661 3341 5732 imprudentium
3374 5657 3558 5732 (Prae.
3589 5656 3765 5730 xm).

2320 5753 2484 5808 Vens.
2539 5751 2626 5808 12.
2649 5783 2716 5793 -
2744 5749 2816 5806 Et
2837 5750 3152 5822 ‘Benjamin.
3206 5751 3424 5807 Videtur
3471 5750 3714 5805 historias
3745 5747 3842 5806 d-

2249 5845 2455 5910 ludere,
2508 5844 2633 5916 quia
2674 5841 2956 5915 Beniamin
2990 5842 3302 5914 patriarcha
3338 5850 3392 5899 et
3435 5841 3698 5916 propheta
3737 5837 3842 5908 ls-
