  <div class='ocr_page' id='page_1' title='image "/cluster/home/n/w/nwhite01/storage/ocr_20150623/113/hvd.32044018909572/254.png"; bbox 0 0 4006 6352; ppageno 0'>
   <div class='ocr_carea' id='block_1_1' title="bbox 245 347 355 410">
    <p class='ocr_par' dir='ltr' id='par_1_1' title="bbox 245 347 355 410">
     <span class='ocr_line' id='line_1_1' title="bbox 245 347 355 410; baseline 0.036 -5"><span class='ocrx_word' id='word_1_1' title='bbox 245 347 355 410; x_wconf 65' lang='grc'><strong><em>497</em></strong></span> 
     </span>
    </p>
   </div>
   <div class='ocr_carea' id='block_1_2' title="bbox 1262 345 2478 414">
    <p class='ocr_par' dir='ltr' id='par_1_2' title="bbox 1262 345 2478 414">
     <span class='ocr_line' id='line_1_2' title="bbox 1262 345 2478 414; baseline 0 -2"><span class='ocrx_word' id='word_1_2' title='bbox 1262 351 1531 414; x_wconf 82' lang='lat' dir='ltr'><strong><em>GLOSSA</em></strong></span> <span class='ocrx_word' id='word_1_3' title='bbox 1568 345 1964 414; x_wconf 73' lang='lat' dir='ltr'><strong><em>0RDINARIA.</em></strong></span> <span class='ocrx_word' id='word_1_4' title='bbox 2001 378 2073 394; x_wconf 95' lang='lat'><strong>—</strong></span> <span class='ocrx_word' id='word_1_5' title='bbox 2110 352 2235 410; x_wconf 82' lang='lat' dir='ltr'><strong><em>LIB.</em></strong></span> <span class='ocrx_word' id='word_1_6' title='bbox 2274 351 2478 414; x_wconf 81' lang='lat' dir='ltr'><strong><em>DEUT.</em></strong></span> 
     </span>
    </p>
   </div>
   <div class='ocr_carea' id='block_1_3' title="bbox 3392 362 3500 424">
    <p class='ocr_par' dir='ltr' id='par_1_3' title="bbox 3392 362 3500 424">
     <span class='ocr_line' id='line_1_3' title="bbox 3392 362 3500 424; baseline 0.037 -4"><span class='ocrx_word' id='word_1_7' title='bbox 3392 362 3500 424; x_wconf 66' lang='grc'><strong><em>498</em></strong></span> 
     </span>
    </p>
   </div>
   <div class='ocr_carea' id='block_1_4' title="bbox 245 464 3502 545">
    <p class='ocr_par' dir='ltr' id='par_1_4' title="bbox 245 464 3502 545">
     <span class='ocr_line' id='line_1_4' title="bbox 245 464 3502 545; baseline 0.005 -30"><span class='ocrx_word' id='word_1_8' title='bbox 245 468 351 526; x_wconf 73' lang='grc' dir='ltr'><strong><em>εοι)</em></strong></span> <span class='ocrx_word' id='word_1_9' title='bbox 395 465 587 538; x_wconf 73' lang='lat' dir='ltr'><strong><em>spiritu</em></strong></span> <span class='ocrx_word' id='word_1_10' title='bbox 617 464 808 539; x_wconf 79' lang='lat' dir='ltr'><strong><em>plenus</em></strong></span> <span class='ocrx_word' id='word_1_11' title='bbox 849 467 1009 526; x_wconf 79' lang='lat' dir='ltr'><strong><em>unice</em></strong></span> <span class='ocrx_word' id='word_1_12' title='bbox 1042 466 1272 534; x_wconf 79' lang='lat' dir='ltr'><strong><em>amabat,</em></strong></span> <span class='ocrx_word' id='word_1_13' title='bbox 1319 477 1376 524; x_wconf 79' lang='lat' dir='ltr'><strong><em>et</em></strong></span> <span class='ocrx_word' id='word_1_14' title='bbox 1423 470 1822 542; x_wconf 62' lang='lat' dir='ltr'><strong><em>dispensatione</em></strong></span> <span class='ocrx_word' id='word_1_15' title='bbox 1846 465 1902 528; x_wconf 74' lang='grc' dir='ltr'><strong>Α</strong></span> <span class='ocrx_word' id='word_1_16' title='bbox 1924 465 2013 536; x_wconf 87' lang='lat' dir='ltr'><strong><em>qui</em></strong></span> <span class='ocrx_word' id='word_1_17' title='bbox 2044 466 2302 522; x_wconf 79' lang='lat' dir='ltr'><strong><em>beneth</em></strong></span> <span class='ocrx_word' id='word_1_18' title='bbox 2329 485 2422 523; x_wconf 83' lang='lat' dir='ltr'><strong><em>nos</em></strong></span> <span class='ocrx_word' id='word_1_19' title='bbox 2443 470 2498 524; x_wconf 92' lang='lat' dir='ltr'><strong><em>in</em></strong></span> <span class='ocrx_word' id='word_1_20' title='bbox 2521 470 2662 526; x_wconf 88' lang='lat' dir='ltr'><strong><em>omni</em></strong></span> <span class='ocrx_word' id='word_1_21' title='bbox 2690 468 3042 528; x_wconf 73' lang='lat' dir='ltr'><strong><em>benedictione</em></strong></span> <span class='ocrx_word' id='word_1_22' title='bbox 3063 473 3288 545; x_wconf 89' lang='lat' dir='ltr'><strong><em>spiritali</em></strong></span> <span class='ocrx_word' id='word_1_23' title='bbox 3315 476 3370 531; x_wconf 88' lang='lat' dir='ltr'><strong><em>in</em></strong></span> <span class='ocrx_word' id='word_1_24' title='bbox 3399 492 3502 534; x_wconf 73' lang='lat' dir='ltr'><strong><em>co-</em></strong></span> 
     </span>
    </p>
   </div>
   <div class='ocr_carea' id='block_1_5' title="bbox 244 558 1819 630">
    <p class='ocr_par' dir='ltr' id='par_1_5' title="bbox 244 558 1819 630">
     <span class='ocr_line' id='line_1_5' title="bbox 244 558 1819 630; baseline 0.001 -15"><span class='ocrx_word' id='word_1_25' title='bbox 244 558 365 626; x_wconf 85' lang='lat' dir='ltr'><strong><em>Dei,</em></strong></span> <span class='ocrx_word' id='word_1_26' title='bbox 393 559 546 616; x_wconf 91' lang='lat' dir='ltr'><strong><em>locus</em></strong></span> <span class='ocrx_word' id='word_1_27' title='bbox 573 559 756 616; x_wconf 90' lang='lat' dir='ltr'><strong><em>divino</em></strong></span> <span class='ocrx_word' id='word_1_28' title='bbox 798 558 968 615; x_wconf 91' lang='lat' dir='ltr'><strong><em>cultui</em></strong></span> <span class='ocrx_word' id='word_1_29' title='bbox 996 560 1354 630; x_wconf 82' lang='lat' dir='ltr'><strong><em>mancipatus,</em></strong></span> <span class='ocrx_word' id='word_1_30' title='bbox 1380 559 1498 630; x_wconf 88' lang='lat' dir='ltr'><strong>ejus</strong></span> <span class='ocrx_word' id='word_1_31' title='bbox 1539 561 1701 615; x_wconf 77' lang='lat' dir='ltr'><strong><em>tribui</em></strong></span> <span class='ocrx_word' id='word_1_32' title='bbox 1727 576 1819 616; x_wconf 92' lang='lat' dir='ltr'><strong><em>cu—</em></strong></span> 
     </span>
    </p>
   </div>
   <div class='ocr_carea' id='block_1_6' title="bbox 241 651 1820 722">
    <p class='ocr_par' dir='ltr' id='par_1_6' title="bbox 241 651 1820 722">
     <span class='ocr_line' id='line_1_6' title="bbox 241 651 1820 722; baseline -0.001 -13"><span class='ocrx_word' id='word_1_33' title='bbox 241 651 562 709; x_wconf 83' lang='lat' dir='ltr'><strong><em>stodiendus</em></strong></span> <span class='ocrx_word' id='word_1_34' title='bbox 588 652 928 722; x_wconf 84' lang='lat' dir='ltr'><strong><em>decernitur;</em></strong></span> <span class='ocrx_word' id='word_1_35' title='bbox 949 652 1092 709; x_wconf 88' lang='lat' dir='ltr'><strong><em>unde</em></strong></span> <span class='ocrx_word' id='word_1_36' title='bbox 1109 653 1296 709; x_wconf 85' lang='lat' dir='ltr'><strong><em>addit:</em></strong></span> <span class='ocrx_word' id='word_1_37' title='bbox 1325 652 1492 720; x_wconf 92' lang='lat' dir='ltr'><strong><em>Quasi</em></strong></span> <span class='ocrx_word' id='word_1_38' title='bbox 1513 654 1566 709; x_wconf 91' lang='lat' dir='ltr'><strong><em>in</em></strong></span> <span class='ocrx_word' id='word_1_39' title='bbox 1588 652 1820 708; x_wconf 82' lang='lat' dir='ltr'><strong><em>thalamo</em></strong></span> 
     </span>
    </p>
   </div>
   <div class='ocr_carea' id='block_1_7' title="bbox 240 745 616 812">
    <p class='ocr_par' dir='ltr' id='par_1_7' title="bbox 240 745 616 812">
     <span class='ocr_line' id='line_1_7' title="bbox 240 745 616 812; baseline 0.005 -14"><span class='ocrx_word' id='word_1_40' title='bbox 240 754 353 800; x_wconf 86' lang='lat' dir='ltr'><strong><em>tota</em></strong></span> <span class='ocrx_word' id='word_1_41' title='bbox 375 745 481 812; x_wconf 90' lang='lat' dir='ltr'><strong><em>die,</em></strong></span> <span class='ocrx_word' id='word_1_42' title='bbox 511 753 616 802; x_wconf 82' lang='lat' dir='ltr'><strong><em>etc.</em></strong></span> 
     </span>
    </p>
   </div>
   <div class='ocr_carea' id='block_1_8' title="bbox 315 837 1816 894">
    <p class='ocr_par' dir='ltr' id='par_1_8' title="bbox 315 837 1816 894">
     <span class='ocr_line' id='line_1_8' title="bbox 315 837 1816 894; baseline 0.002 -4"><span class='ocrx_word' id='word_1_43' title='bbox 315 837 742 892; x_wconf 79' lang='lat' dir='ltr'><strong><em>Amantissimus.</em></strong></span> <span class='ocrx_word' id='word_1_44' title='bbox 773 837 1022 894; x_wconf 82' lang='lat' dir='ltr'><strong><em>Christus</em></strong></span> <span class='ocrx_word' id='word_1_45' title='bbox 1054 844 1139 894; x_wconf 88' lang='lat' dir='ltr'><strong><em>est</em></strong></span> <span class='ocrx_word' id='word_1_46' title='bbox 1159 838 1562 894; x_wconf 85' lang='lat' dir='ltr'><strong><em>amantissimus</em></strong></span> <span class='ocrx_word' id='word_1_47' title='bbox 1589 838 1685 893; x_wconf 87' lang='lat' dir='ltr'><strong><em>Dei</em></strong></span> <span class='ocrx_word' id='word_1_48' title='bbox 1713 837 1816 893; x_wconf 86' lang='lat' dir='ltr'><strong><em>Pa-</em></strong></span> 
     </span>
    </p>
   </div>
   <div class='ocr_carea' id='block_1_9' title="bbox 237 927 1818 1012">
    <p class='ocr_par' dir='ltr' id='par_1_9' title="bbox 237 927 1818 1012">
     <span class='ocr_line' id='line_1_9' title="bbox 237 927 1818 1012; baseline -0.001 -28"><span class='ocrx_word' id='word_1_49' title='bbox 237 929 363 992; x_wconf 84' lang='lat' dir='ltr'><strong><em>tris,</em></strong></span> <span class='ocrx_word' id='word_1_50' title='bbox 388 929 480 1012; x_wconf 76' lang='lat' dir='ltr'><strong><em>qui</em></strong></span> <span class='ocrx_word' id='word_1_51' title='bbox 503 928 571 983; x_wconf 90' lang='lat' dir='ltr'><strong><em>de</em></strong></span> <span class='ocrx_word' id='word_1_52' title='bbox 605 928 782 998; x_wconf 91' lang='lat' dir='ltr'><strong><em>seipso</em></strong></span> <span class='ocrx_word' id='word_1_53' title='bbox 804 930 922 984; x_wconf 89' lang='lat' dir='ltr'><strong><em>ait:</em></strong></span> <span class='ocrx_word' id='word_1_54' title='bbox 961 927 1063 984; x_wconf 84' lang='lat' dir='ltr'><strong><em>Hic</em></strong></span> <span class='ocrx_word' id='word_1_55' title='bbox 1105 939 1181 984; x_wconf 88' lang='lat' dir='ltr'><strong><em>est</em></strong></span> <span class='ocrx_word' id='word_1_56' title='bbox 1220 927 1394 984; x_wconf 83' lang='lat' dir='ltr'><strong><em>Filius</em></strong></span> <span class='ocrx_word' id='word_1_57' title='bbox 1435 945 1577 984; x_wconf 86' lang='lat' dir='ltr'><strong><em>meus</em></strong></span> <span class='ocrx_word' id='word_1_58' title='bbox 1599 927 1818 983; x_wconf 89' lang='lat' dir='ltr'><strong><em>dilectus</em></strong></span> 
     </span>
    </p>
   </div>
   <div class='ocr_carea' id='block_1_10' title="bbox 236 1019 1818 1094">
    <p class='ocr_par' dir='ltr' id='par_1_10' title="bbox 236 1019 1818 1094">
     <span class='ocr_line' id='line_1_10' title="bbox 236 1019 1818 1094; baseline 0.001 -20"><span class='ocrx_word' id='word_1_59' title='bbox 236 1019 462 1092; x_wconf 79' lang='lat' dir='ltr'><strong><em>(Matth.</em></strong></span> <span class='ocrx_word' id='word_1_60' title='bbox 491 1020 650 1094; x_wconf 77' lang='lat' dir='ltr'><strong><em>xvu).</em></strong></span> <span class='ocrx_word' id='word_1_61' title='bbox 675 1021 775 1077; x_wconf 87' lang='lat' dir='ltr'><strong><em>llic</em></strong></span> <span class='ocrx_word' id='word_1_62' title='bbox 797 1021 1007 1077; x_wconf 82' lang='lat' dir='ltr'><strong><em>habitat</em></strong></span> <span class='ocrx_word' id='word_1_63' title='bbox 1025 1023 1077 1077; x_wconf 91' lang='lat' dir='ltr'><strong><em>in</em></strong></span> <span class='ocrx_word' id='word_1_64' title='bbox 1096 1023 1316 1078; x_wconf 82' lang='lat' dir='ltr'><strong><em>dextera</em></strong></span> <span class='ocrx_word' id='word_1_65' title='bbox 1342 1021 1519 1077; x_wconf 85' lang='lat' dir='ltr'><strong><em>Patris</em></strong></span> <span class='ocrx_word' id='word_1_66' title='bbox 1541 1020 1818 1076; x_wconf 89' lang='lat' dir='ltr'><strong><em>confiden-</em></strong></span> 
     </span>
    </p>
   </div>
   <div class='ocr_carea' id='block_1_11' title="bbox 237 1110 1687 1184">
    <p class='ocr_par' dir='ltr' id='par_1_11' title="bbox 237 1110 1687 1184">
     <span class='ocr_line' id='line_1_11' title="bbox 237 1110 1687 1184; baseline -0.001 -16"><span class='ocrx_word' id='word_1_67' title='bbox 237 1120 343 1179; x_wconf 90' lang='lat' dir='ltr'><strong><em>ter,</em></strong></span> <span class='ocrx_word' id='word_1_68' title='bbox 369 1113 453 1168; x_wconf 92' lang='lat' dir='ltr'><strong><em>cui</em></strong></span> <span class='ocrx_word' id='word_1_69' title='bbox 487 1113 686 1168; x_wconf 90' lang='lat' dir='ltr'><strong><em>dicitur</em></strong></span> <span class='ocrx_word' id='word_1_70' title='bbox 709 1131 722 1168; x_wconf 93' lang='lat'><strong><em>:</em></strong></span> <span class='ocrx_word' id='word_1_71' title='bbox 759 1112 894 1169; x_wconf 88' lang='lat' dir='ltr'><strong><em>Sede</em></strong></span> <span class='ocrx_word' id='word_1_72' title='bbox 918 1132 951 1168; x_wconf 91' lang='lat' dir='ltr'><strong><em>a</em></strong></span> <span class='ocrx_word' id='word_1_73' title='bbox 976 1114 1174 1168; x_wconf 69' lang='lat' dir='ltr'><strong><em>dextris</em></strong></span> <span class='ocrx_word' id='word_1_74' title='bbox 1200 1114 1326 1167; x_wconf 90' lang='lat' dir='ltr'><strong><em>meis</em></strong></span> <span class='ocrx_word' id='word_1_75' title='bbox 1358 1110 1529 1182; x_wconf 90' lang='lat' dir='ltr'><strong><em>(Psal.</em></strong></span> <span class='ocrx_word' id='word_1_76' title='bbox 1555 1112 1687 1184; x_wconf 74' lang='lat' dir='ltr'><strong><em>cu).</em></strong></span> 
     </span>
    </p>
   </div>
   <div class='ocr_carea' id='block_1_12' title="bbox 306 1225 1816 1298">
    <p class='ocr_par' dir='ltr' id='par_1_12' title="bbox 306 1225 1816 1298">
     <span class='ocr_line' id='line_1_12' title="bbox 306 1225 1816 1298; baseline 0.001 -19"><span class='ocrx_word' id='word_1_77' title='bbox 306 1225 482 1280; x_wconf 82' lang='lat' dir='ltr'><strong><em>Aliter</em></strong></span> <span class='ocrx_word' id='word_1_78' title='bbox 515 1241 530 1280; x_wconf 90' lang='lat'><strong><em>:</em></strong></span> <span class='ocrx_word' id='word_1_79' title='bbox 558 1225 860 1298; x_wconf 89' lang='lat' dir='ltr'><strong><em>Benjamin,</em></strong></span> <span class='ocrx_word' id='word_1_80' title='bbox 909 1229 977 1282; x_wconf 88' lang='lat' dir='ltr'><strong><em>de</em></strong></span> <span class='ocrx_word' id='word_1_81' title='bbox 1025 1227 1132 1281; x_wconf 89' lang='lat' dir='ltr'><strong><em>filio</em></strong></span> <span class='ocrx_word' id='word_1_82' title='bbox 1180 1226 1380 1281; x_wconf 88' lang='lat' dir='ltr'><strong><em>doloris</em></strong></span> <span class='ocrx_word' id='word_1_83' title='bbox 1421 1225 1564 1294; x_wconf 83' lang='lat' dir='ltr'><strong><em>ﬁlius</em></strong></span> <span class='ocrx_word' id='word_1_84' title='bbox 1619 1226 1816 1280; x_wconf 74' lang='lat' dir='ltr'><strong><em>dextra:</em></strong></span> 
     </span>
    </p>
   </div>
   <div class='ocr_carea' id='block_1_13' title="bbox 240 1317 1815 1390">
    <p class='ocr_par' dir='ltr' id='par_1_13' title="bbox 240 1317 1815 1390">
     <span class='ocr_line' id='line_1_13' title="bbox 240 1317 1815 1390; baseline -0.001 -17"><span class='ocrx_word' id='word_1_85' title='bbox 240 1318 442 1382; x_wconf 87' lang='lat' dir='ltr'><strong><em>dictus,</em></strong></span> <span class='ocrx_word' id='word_1_86' title='bbox 474 1320 728 1390; x_wconf 78' lang='lat' dir='ltr'><strong><em>exprimit</em></strong></span> <span class='ocrx_word' id='word_1_87' title='bbox 761 1319 984 1374; x_wconf 88' lang='lat' dir='ltr'><strong><em>Paulum</em></strong></span> <span class='ocrx_word' id='word_1_88' title='bbox 1013 1320 1078 1374; x_wconf 90' lang='lat' dir='ltr'><strong><em>de</em></strong></span> <span class='ocrx_word' id='word_1_89' title='bbox 1120 1327 1467 1390; x_wconf 86' lang='lat' dir='ltr'><strong><em>persecutore</em></strong></span> <span class='ocrx_word' id='word_1_90' title='bbox 1511 1317 1815 1389; x_wconf 85' lang='lat' dir='ltr'><strong><em>apostolum</em></strong></span> 
     </span>
    </p>
   </div>
   <div class='ocr_carea' id='block_1_14' title="bbox 233 1408 1810 1480">
    <p class='ocr_par' dir='ltr' id='par_1_14' title="bbox 233 1408 1810 1480">
     <span class='ocr_line' id='line_1_14' title="bbox 233 1408 1810 1480; baseline -0.001 -16"><span class='ocrx_word' id='word_1_91' title='bbox 233 1417 289 1464; x_wconf 89' lang='lat' dir='ltr'><strong><em>et</em></strong></span> <span class='ocrx_word' id='word_1_92' title='bbox 315 1425 415 1464; x_wconf 84' lang='lat' dir='ltr'><strong><em>vas</em></strong></span> <span class='ocrx_word' id='word_1_93' title='bbox 440 1409 716 1466; x_wconf 85' lang='lat' dir='ltr'><strong><em>electionis</em></strong></span> <span class='ocrx_word' id='word_1_94' title='bbox 735 1409 937 1466; x_wconf 87' lang='lat' dir='ltr'><strong><em>factum</em></strong></span> <span class='ocrx_word' id='word_1_95' title='bbox 961 1429 974 1465; x_wconf 92' lang='lat'><strong><em>:</em></strong></span> <span class='ocrx_word' id='word_1_96' title='bbox 994 1411 1107 1480; x_wconf 90' lang='lat' dir='ltr'><strong><em>ipse</em></strong></span> <span class='ocrx_word' id='word_1_97' title='bbox 1127 1411 1269 1465; x_wconf 89' lang='lat' dir='ltr'><strong><em>enim</em></strong></span> <span class='ocrx_word' id='word_1_98' title='bbox 1293 1411 1358 1464; x_wconf 89' lang='lat' dir='ltr'><strong><em>de</em></strong></span> <span class='ocrx_word' id='word_1_99' title='bbox 1389 1411 1490 1464; x_wconf 90' lang='lat' dir='ltr'><strong><em>hac</em></strong></span> <span class='ocrx_word' id='word_1_100' title='bbox 1511 1409 1653 1464; x_wconf 86' lang='lat' dir='ltr'><strong><em>tribu</em></strong></span> <span class='ocrx_word' id='word_1_101' title='bbox 1679 1408 1810 1474; x_wconf 90' lang='lat' dir='ltr'><strong><em>fuit;</em></strong></span> 
     </span>
    </p>
   </div>
   <div class='ocr_carea' id='block_1_15' title="bbox 232 1503 1814 1574">
    <p class='ocr_par' dir='ltr' id='par_1_15' title="bbox 232 1503 1814 1574">
     <span class='ocr_line' id='line_1_15' title="bbox 232 1503 1814 1574; baseline 0.002 -18"><span class='ocrx_word' id='word_1_102' title='bbox 232 1503 456 1573; x_wconf 89' lang='lat' dir='ltr'><strong><em>dignum</em></strong></span> <span class='ocrx_word' id='word_1_103' title='bbox 483 1513 660 1559; x_wconf 88' lang='lat' dir='ltr'><strong><em>autem</em></strong></span> <span class='ocrx_word' id='word_1_104' title='bbox 691 1513 810 1559; x_wconf 88' lang='lat' dir='ltr'><strong><em>erat</em></strong></span> <span class='ocrx_word' id='word_1_105' title='bbox 851 1514 912 1559; x_wconf 86' lang='lat' dir='ltr'><strong><em>nt</em></strong></span> <span class='ocrx_word' id='word_1_106' title='bbox 944 1505 1081 1560; x_wconf 85' lang='lat' dir='ltr'><strong><em>sicut</em></strong></span> <span class='ocrx_word' id='word_1_107' title='bbox 1110 1505 1321 1559; x_wconf 88' lang='lat' dir='ltr'><strong><em>Domini</em></strong></span> <span class='ocrx_word' id='word_1_108' title='bbox 1366 1519 1668 1574; x_wconf 70' lang='lat' dir='ltr'><strong><em>prmcursor</em></strong></span> <span class='ocrx_word' id='word_1_109' title='bbox 1689 1519 1814 1573; x_wconf 91' lang='lat' dir='ltr'><strong><em>pro-</em></strong></span> 
     </span>
    </p>
   </div>
   <div class='ocr_carea' id='block_1_16' title="bbox 227 1595 1813 1668">
    <p class='ocr_par' dir='ltr' id='par_1_16' title="bbox 227 1595 1813 1668">
     <span class='ocr_line' id='line_1_16' title="bbox 227 1595 1813 1668; baseline -0.001 -18"><span class='ocrx_word' id='word_1_110' title='bbox 227 1596 435 1666; x_wconf 88' lang='lat' dir='ltr'><strong><em>phetali</em></strong></span> <span class='ocrx_word' id='word_1_111' title='bbox 465 1597 685 1652; x_wconf 89' lang='lat' dir='ltr'><strong><em>oraculo</em></strong></span> <span class='ocrx_word' id='word_1_112' title='bbox 723 1598 1010 1668; x_wconf 82' lang='lat' dir='ltr'><strong><em>praedictus</em></strong></span> <span class='ocrx_word' id='word_1_113' title='bbox 1039 1605 1140 1658; x_wconf 89' lang='lat' dir='ltr'><strong><em>cst,</em></strong></span> <span class='ocrx_word' id='word_1_114' title='bbox 1179 1598 1250 1651; x_wconf 91' lang='lat' dir='ltr'><strong><em>ita</em></strong></span> <span class='ocrx_word' id='word_1_115' title='bbox 1287 1597 1546 1666; x_wconf 81' lang='lat' dir='ltr'><strong><em>magister</em></strong></span> <span class='ocrx_word' id='word_1_116' title='bbox 1572 1595 1813 1666; x_wconf 87' lang='lat' dir='ltr'><strong><em>gentium</em></strong></span> 
     </span>
    </p>
   </div>
   <div class='ocr_carea' id='block_1_17' title="bbox 227 1685 1812 1758">
    <p class='ocr_par' dir='ltr' id='par_1_17' title="bbox 227 1685 1812 1758">
     <span class='ocr_line' id='line_1_17' title="bbox 227 1685 1812 1758; baseline 0.002 -21"><span class='ocrx_word' id='word_1_117' title='bbox 227 1685 489 1740; x_wconf 87' lang='lat' dir='ltr'><strong><em>universo</em></strong></span> <span class='ocrx_word' id='word_1_118' title='bbox 540 1687 739 1742; x_wconf 87' lang='lat' dir='ltr'><strong><em>mundo</em></strong></span> <span class='ocrx_word' id='word_1_119' title='bbox 787 1686 1122 1758; x_wconf 85' lang='lat' dir='ltr'><strong><em>profuturus.</em></strong></span> <span class='ocrx_word' id='word_1_120' title='bbox 1167 1688 1306 1742; x_wconf 88' lang='lat' dir='ltr'><strong><em>inter</em></strong></span> <span class='ocrx_word' id='word_1_121' title='bbox 1339 1702 1528 1758; x_wconf 87' lang='lat' dir='ltr'><strong><em>magna</em></strong></span> <span class='ocrx_word' id='word_1_122' title='bbox 1562 1685 1812 1740; x_wconf 66' lang='lat' dir='ltr'><strong><em>Ecclesia!</em></strong></span> 
     </span>
    </p>
   </div>
   <div class='ocr_carea' id='block_1_18' title="bbox 111 1777 1812 1849">
    <p class='ocr_par' dir='ltr' id='par_1_18' title="bbox 111 1777 1812 1849">
     <span class='ocr_line' id='line_1_18' title="bbox 111 1777 1812 1849; baseline -0.001 -17"><span class='ocrx_word' id='word_1_123' title='bbox 111 1813 134 1832; x_wconf 82' lang='lat'><strong><em>.</em></strong></span> <span class='ocrx_word' id='word_1_124' title='bbox 229 1779 492 1848; x_wconf 86' lang='lat' dir='ltr'><strong><em>mysteria</em></strong></span> <span class='ocrx_word' id='word_1_125' title='bbox 518 1780 920 1849; x_wconf 65' lang='lat' dir='ltr'><strong><em>prmdicaretur.</em></strong></span> <span class='ocrx_word' id='word_1_126' title='bbox 951 1781 1008 1834; x_wconf 86' lang='lat' dir='ltr'><strong><em>In</em></strong></span> <span class='ocrx_word' id='word_1_127' title='bbox 1036 1779 1185 1848; x_wconf 88' lang='lat' dir='ltr'><strong><em>cujus</em></strong></span> <span class='ocrx_word' id='word_1_128' title='bbox 1212 1787 1390 1833; x_wconf 88' lang='lat' dir='ltr'><strong><em>mente</em></strong></span> <span class='ocrx_word' id='word_1_129' title='bbox 1409 1778 1654 1833; x_wconf 85' lang='lat' dir='ltr'><strong><em>Christus</em></strong></span> <span class='ocrx_word' id='word_1_130' title='bbox 1679 1777 1812 1832; x_wconf 88' lang='lat' dir='ltr'><strong><em>fidu-</em></strong></span> 
     </span>
    </p>
   </div>
   <div class='ocr_carea' id='block_1_19' title="bbox 1923 555 2714 634">
    <p class='ocr_par' dir='ltr' id='par_1_19' title="bbox 1923 555 2714 634">
     <span class='ocr_line' id='line_1_19' title="bbox 1923 555 2714 634; baseline 0.01 -24"><span class='ocrx_word' id='word_1_131' title='bbox 1923 556 2136 612; x_wconf 85' lang='lat' dir='ltr'><strong><em>lestibus</em></strong></span> <span class='ocrx_word' id='word_1_132' title='bbox 2165 555 2372 616; x_wconf 88' lang='lat' dir='ltr'><strong><em>Christo</em></strong></span> <span class='ocrx_word' id='word_1_133' title='bbox 2407 558 2622 633; x_wconf 85' lang='lat' dir='ltr'><strong><em>(Ephes.</em></strong></span> <span class='ocrx_word' id='word_1_134' title='bbox 2651 561 2714 634; x_wconf 86' lang='grc' dir='ltr'><strong><em>ι).</em></strong></span> 
     </span>
    </p>
   </div>
   <div class='ocr_carea' id='block_1_20' title="bbox 1991 651 3500 730">
    <p class='ocr_par' dir='ltr' id='par_1_20' title="bbox 1991 651 3500 730">
     <span class='ocr_line' id='line_1_20' title="bbox 1991 651 3500 730; baseline 0.012 -24"><span class='ocrx_word' id='word_1_135' title='bbox 1991 651 2138 708; x_wconf 70' lang='lat' dir='ltr'><strong><em>Caeli.</em></strong></span> <span class='ocrx_word' id='word_1_136' title='bbox 2179 652 2384 710; x_wconf 71' lang='lat' dir='ltr'><strong><em>Caelum</em></strong></span> <span class='ocrx_word' id='word_1_137' title='bbox 2428 655 2682 712; x_wconf 88' lang='lat' dir='ltr'><strong><em>dicuntur</em></strong></span> <span class='ocrx_word' id='word_1_138' title='bbox 2717 666 2938 730; x_wconf 88' lang='lat' dir='ltr'><strong><em>propter</em></strong></span> <span class='ocrx_word' id='word_1_139' title='bbox 2963 659 3228 717; x_wconf 90' lang='lat' dir='ltr'><strong><em>unitatem</em></strong></span> <span class='ocrx_word' id='word_1_140' title='bbox 3275 663 3400 721; x_wconf 89' lang='lat' dir='ltr'><strong><em>fidei</em></strong></span> <span class='ocrx_word' id='word_1_141' title='bbox 3442 673 3500 724; x_wconf 86' lang='lat' dir='ltr'><strong><em>et</em></strong></span> 
     </span>
    </p>
   </div>
   <div class='ocr_carea' id='block_1_21' title="bbox 1919 745 3497 828">
    <p class='ocr_par' dir='ltr' id='par_1_21' title="bbox 1919 745 3497 828">
     <span class='ocr_line' id='line_1_21' title="bbox 1919 745 3497 828; baseline 0.008 -28"><span class='ocrx_word' id='word_1_142' title='bbox 1919 745 2180 802; x_wconf 74' lang='lat' dir='ltr'><strong><em>doctrinm</em></strong></span> <span class='ocrx_word' id='word_1_143' title='bbox 2205 746 2432 817; x_wconf 88' lang='lat' dir='ltr'><strong><em>apostoli</em></strong></span> <span class='ocrx_word' id='word_1_144' title='bbox 2456 756 2511 804; x_wconf 91' lang='lat' dir='ltr'><strong><em>et</em></strong></span> <span class='ocrx_word' id='word_1_145' title='bbox 2530 749 2891 818; x_wconf 61' lang='lat' dir='ltr'><strong><em>evangelista,</em></strong></span> <span class='ocrx_word' id='word_1_146' title='bbox 2923 751 2988 807; x_wconf 90' lang='lat' dir='ltr'><strong><em>de</em></strong></span> <span class='ocrx_word' id='word_1_147' title='bbox 3015 753 3211 822; x_wconf 85' lang='lat' dir='ltr'><strong><em>quibus</em></strong></span> <span class='ocrx_word' id='word_1_148' title='bbox 3233 754 3358 812; x_wconf 84' lang='lat' dir='ltr'><strong><em>alibi</em></strong></span> <span class='ocrx_word' id='word_1_149' title='bbox 3378 756 3497 828; x_wconf 86' lang='lat' dir='ltr'><strong><em>plu-</em></strong></span> 
     </span>
    </p>
   </div>
   <div class='ocr_carea' id='block_1_22' title="bbox 1917 836 3494 920">
    <p class='ocr_par' dir='ltr' id='par_1_22' title="bbox 1917 836 3494 920">
     <span class='ocr_line' id='line_1_22' title="bbox 1917 836 3494 920; baseline 0.007 -28"><span class='ocrx_word' id='word_1_150' title='bbox 1917 836 2109 892; x_wconf 82' lang='lat' dir='ltr'><strong><em>raliter</em></strong></span> <span class='ocrx_word' id='word_1_151' title='bbox 2155 837 2393 893; x_wconf 89' lang='lat' dir='ltr'><strong><em>dicitur:</em></strong></span> <span class='ocrx_word' id='word_1_152' title='bbox 2423 837 2550 894; x_wconf 70' lang='lat' dir='ltr'><strong><em>Caeli</em></strong></span> <span class='ocrx_word' id='word_1_153' title='bbox 2589 849 2834 896; x_wconf 88' lang='lat' dir='ltr'><strong><em>enarrant</em></strong></span> <span class='ocrx_word' id='word_1_154' title='bbox 2884 843 3127 914; x_wconf 81' lang='lat' dir='ltr'><strong><em>gloriam,</em></strong></span> <span class='ocrx_word' id='word_1_155' title='bbox 3163 853 3274 901; x_wconf 87' lang='lat' dir='ltr'><strong><em>etc.</em></strong></span> <span class='ocrx_word' id='word_1_156' title='bbox 3319 845 3494 920; x_wconf 83' lang='lat' dir='ltr'><strong><em>(Psal.</em></strong></span> 
     </span>
    </p>
   </div>
   <div class='ocr_carea' id='block_1_23' title="bbox 1918 928 3499 1010">
    <p class='ocr_par' dir='ltr' id='par_1_23' title="bbox 1918 928 3499 1010">
     <span class='ocr_line' id='line_1_23' title="bbox 1918 928 3499 1010; baseline 0.006 -25"><span class='ocrx_word' id='word_1_157' title='bbox 1918 928 2100 999; x_wconf 81' lang='lat' dir='ltr'><strong><em>xvm.)</em></strong></span> <span class='ocrx_word' id='word_1_158' title='bbox 2129 929 2189 985; x_wconf 88' lang='lat' dir='ltr'><strong><em>lu</em></strong></span> <span class='ocrx_word' id='word_1_159' title='bbox 2218 929 2352 1002; x_wconf 85' lang='lat' dir='ltr'><strong><em>ipsis</em></strong></span> <span class='ocrx_word' id='word_1_160' title='bbox 2378 930 2522 987; x_wconf 91' lang='lat' dir='ltr'><strong><em>enim</em></strong></span> <span class='ocrx_word' id='word_1_161' title='bbox 2559 932 2673 988; x_wconf 87' lang='lat' dir='ltr'><strong><em>vita</em></strong></span> <span class='ocrx_word' id='word_1_162' title='bbox 2699 941 2753 988; x_wconf 90' lang='lat' dir='ltr'><strong><em>et</em></strong></span> <span class='ocrx_word' id='word_1_163' title='bbox 2800 933 3253 1006; x_wconf 84' lang='lat' dir='ltr'><strong><em>contemplatione</em></strong></span> <span class='ocrx_word' id='word_1_164' title='bbox 3291 936 3499 1010; x_wconf 84' lang='lat' dir='ltr'><strong><em>fulgen-</em></strong></span> 
     </span>
    </p>
   </div>
   <div class='ocr_carea' id='block_1_24' title="bbox 1918 1023 3496 1094">
    <p class='ocr_par' dir='ltr' id='par_1_24' title="bbox 1918 1023 3496 1094">
     <span class='ocr_line' id='line_1_24' title="bbox 1918 1023 3496 1094; baseline 0.006 -17"><span class='ocrx_word' id='word_1_165' title='bbox 1918 1023 2061 1079; x_wconf 85' lang='lat' dir='ltr'><strong><em>tibus</em></strong></span> <span class='ocrx_word' id='word_1_166' title='bbox 2090 1032 2347 1093; x_wconf 90' lang='lat' dir='ltr'><strong><em>tanquam</em></strong></span> <span class='ocrx_word' id='word_1_167' title='bbox 2375 1023 2429 1079; x_wconf 92' lang='lat' dir='ltr'><strong><em>in</em></strong></span> <span class='ocrx_word' id='word_1_168' title='bbox 2472 1024 2610 1080; x_wconf 65' lang='lat' dir='ltr'><strong><em>coelo</em></strong></span> <span class='ocrx_word' id='word_1_169' title='bbox 2647 1025 2855 1081; x_wconf 88' lang='lat' dir='ltr'><strong><em>habitat</em></strong></span> <span class='ocrx_word' id='word_1_170' title='bbox 2898 1027 3062 1094; x_wconf 88' lang='lat' dir='ltr'><strong><em>Deus,</em></strong></span> <span class='ocrx_word' id='word_1_171' title='bbox 3102 1028 3357 1086; x_wconf 89' lang='lat' dir='ltr'><strong><em>intonans</em></strong></span> <span class='ocrx_word' id='word_1_172' title='bbox 3386 1038 3496 1086; x_wconf 87' lang='lat' dir='ltr'><strong><em>ter-</em></strong></span> 
     </span>
    </p>
   </div>
   <div class='ocr_carea' id='block_1_25' title="bbox 1917 1114 3500 1185">
    <p class='ocr_par' dir='ltr' id='par_1_25' title="bbox 1917 1114 3500 1185">
     <span class='ocr_line' id='line_1_25' title="bbox 1917 1114 3500 1185; baseline 0.006 -15"><span class='ocrx_word' id='word_1_173' title='bbox 1917 1129 2119 1181; x_wconf 90' lang='lat' dir='ltr'><strong><em>rorem,</em></strong></span> <span class='ocrx_word' id='word_1_174' title='bbox 2160 1114 2352 1185; x_wconf 88' lang='lat' dir='ltr'><strong><em>pluens</em></strong></span> <span class='ocrx_word' id='word_1_175' title='bbox 2401 1116 2845 1184; x_wconf 89' lang='lat' dir='ltr'><strong><em>consolationem,</em></strong></span> <span class='ocrx_word' id='word_1_176' title='bbox 2893 1127 2948 1175; x_wconf 90' lang='lat' dir='ltr'><strong><em>et</em></strong></span> <span class='ocrx_word' id='word_1_177' title='bbox 2992 1134 3284 1176; x_wconf 85' lang='lat' dir='ltr'><strong><em>coruscans</em></strong></span> <span class='ocrx_word' id='word_1_178' title='bbox 3327 1121 3500 1179; x_wconf 80' lang='lat' dir='ltr'><strong><em>mira-</em></strong></span> 
     </span>
    </p>
   </div>
   <div class='ocr_carea' id='block_1_26' title="bbox 1917 1205 2071 1261">
    <p class='ocr_par' dir='ltr' id='par_1_26' title="bbox 1917 1205 2071 1261">
     <span class='ocr_line' id='line_1_26' title="bbox 1917 1205 2071 1261; baseline 0.006 -1"><span class='ocrx_word' id='word_1_179' title='bbox 1917 1205 2071 1261; x_wconf 90' lang='lat' dir='ltr'><strong><em>culis.</em></strong></span> 
     </span>
    </p>
   </div>
   <div class='ocr_carea' id='block_1_27' title="bbox 1911 1295 3499 1370">
    <p class='ocr_par' dir='ltr' id='par_1_27' title="bbox 1911 1295 3499 1370">
     <span class='ocr_line' id='line_1_27' title="bbox 1911 1295 3499 1370; baseline 0.01 -22"><span class='ocrx_word' id='word_1_180' title='bbox 1911 1353 1914 1356; x_wconf 54' lang='grc'>,</span> <span class='ocrx_word' id='word_1_181' title='bbox 1985 1295 2140 1351; x_wconf 78' lang='lat' dir='ltr'><strong><em>flore.</em></strong></span> <span class='ocrx_word' id='word_1_182' title='bbox 2168 1295 2388 1352; x_wconf 83' lang='lat' dir='ltr'><strong><em>Caelesti</em></strong></span> <span class='ocrx_word' id='word_1_183' title='bbox 2417 1297 2802 1368; x_wconf 80' lang='lat' dir='ltr'><strong><em>praedicatione</em></strong></span> <span class='ocrx_word' id='word_1_184' title='bbox 2822 1340 2838 1365; x_wconf 96' lang='lat'><strong><em>,</em></strong></span> <span class='ocrx_word' id='word_1_185' title='bbox 2864 1315 2984 1370; x_wconf 74' lang='lat' dir='ltr'><strong><em>qua:</em></strong></span> <span class='ocrx_word' id='word_1_186' title='bbox 3003 1301 3155 1358; x_wconf 82' lang='lat' dir='ltr'><strong><em>mirae</em></strong></span> <span class='ocrx_word' id='word_1_187' title='bbox 3176 1302 3499 1364; x_wconf 65' lang='lat' dir='ltr'><strong><em>subtilitati.</em></strong></span> 
     </span>
    </p>
   </div>
   <div class='ocr_carea' id='block_1_28' title="bbox 1914 1388 3493 1458">
    <p class='ocr_par' dir='ltr' id='par_1_28' title="bbox 1914 1388 3493 1458">
     <span class='ocr_line' id='line_1_28' title="bbox 1914 1388 3493 1458; baseline 0.005 -16"><span class='ocrx_word' id='word_1_188' title='bbox 1914 1394 1966 1442; x_wconf 89' lang='lat' dir='ltr'><strong><em>et</em></strong></span> <span class='ocrx_word' id='word_1_189' title='bbox 1996 1388 2217 1457; x_wconf 84' lang='lat' dir='ltr'><strong><em>gratiae,</em></strong></span> <span class='ocrx_word' id='word_1_190' title='bbox 2247 1404 2356 1458; x_wconf 92' lang='lat' dir='ltr'><strong><em>qua</em></strong></span> <span class='ocrx_word' id='word_1_191' title='bbox 2396 1398 2586 1444; x_wconf 90' lang='lat' dir='ltr'><strong><em>contra</em></strong></span> <span class='ocrx_word' id='word_1_192' title='bbox 2628 1399 2819 1444; x_wconf 80' lang='lat' dir='ltr'><strong><em>aestum</em></strong></span> <span class='ocrx_word' id='word_1_193' title='bbox 2852 1391 3164 1448; x_wconf 86' lang='lat' dir='ltr'><strong><em>tentationis</em></strong></span> <span class='ocrx_word' id='word_1_194' title='bbox 3207 1393 3371 1449; x_wconf 89' lang='lat' dir='ltr'><strong><em>corda</em></strong></span> <span class='ocrx_word' id='word_1_195' title='bbox 3411 1393 3493 1450; x_wconf 86' lang='lat' dir='ltr'><strong><em>ri-</em></strong></span> 
     </span>
    </p>
   </div>
   <div class='ocr_carea' id='block_1_29' title="bbox 1913 1483 3494 1551">
    <p class='ocr_par' dir='ltr' id='par_1_29' title="bbox 1913 1483 3494 1551">
     <span class='ocr_line' id='line_1_29' title="bbox 1913 1483 3494 1551; baseline 0.008 -19"><span class='ocrx_word' id='word_1_196' title='bbox 1913 1489 2130 1550; x_wconf 88' lang='lat' dir='ltr'><strong><em>gantur,</em></strong></span> <span class='ocrx_word' id='word_1_197' title='bbox 2159 1489 2216 1535; x_wconf 88' lang='lat' dir='ltr'><strong><em>et</em></strong></span> <span class='ocrx_word' id='word_1_198' title='bbox 2242 1491 2300 1534; x_wconf 91' lang='lat' dir='ltr'><strong><em>ut</em></strong></span> <span class='ocrx_word' id='word_1_199' title='bbox 2327 1497 2543 1550; x_wconf 88' lang='lat' dir='ltr'><strong><em>semper</em></strong></span> <span class='ocrx_word' id='word_1_200' title='bbox 2584 1483 2797 1538; x_wconf 90' lang='lat' dir='ltr'><strong><em>vireant</em></strong></span> <span class='ocrx_word' id='word_1_201' title='bbox 2829 1483 3148 1551; x_wconf 80' lang='lat' dir='ltr'><strong><em>virtutibus;</em></strong></span> <span class='ocrx_word' id='word_1_202' title='bbox 3179 1486 3362 1542; x_wconf 86' lang='lat' dir='ltr'><strong><em>unde:</em></strong></span> <span class='ocrx_word' id='word_1_203' title='bbox 3396 1485 3494 1546; x_wconf 81' lang='lat' dir='ltr'><strong><em>Det</em></strong></span> 
     </span>
    </p>
   </div>
   <div class='ocr_carea' id='block_1_30' title="bbox 1912 1571 3138 1649">
    <p class='ocr_par' dir='ltr' id='par_1_30' title="bbox 1912 1571 3138 1649">
     <span class='ocr_line' id='line_1_30' title="bbox 1912 1571 3138 1649; baseline 0.003 -24"><span class='ocrx_word' id='word_1_204' title='bbox 1912 1571 2005 1626; x_wconf 90' lang='lat' dir='ltr'><strong><em>tibi</em></strong></span> <span class='ocrx_word' id='word_1_205' title='bbox 2033 1571 2173 1626; x_wconf 88' lang='lat' dir='ltr'><strong><em>Deus</em></strong></span> <span class='ocrx_word' id='word_1_206' title='bbox 2203 1572 2267 1626; x_wconf 89' lang='lat' dir='ltr'><strong><em>de</em></strong></span> <span class='ocrx_word' id='word_1_207' title='bbox 2293 1590 2408 1628; x_wconf 89' lang='lat' dir='ltr'><strong><em>rore</em></strong></span> <span class='ocrx_word' id='word_1_208' title='bbox 2437 1572 2550 1627; x_wconf 69' lang='lat' dir='ltr'><strong><em>creti</em></strong></span> <span class='ocrx_word' id='word_1_209' title='bbox 2569 1615 2583 1639; x_wconf 94' lang='lat'><strong><em>,</em></strong></span> <span class='ocrx_word' id='word_1_210' title='bbox 2620 1583 2724 1630; x_wconf 89' lang='lat' dir='ltr'><strong><em>etc.</em></strong></span> <span class='ocrx_word' id='word_1_211' title='bbox 2764 1573 2916 1646; x_wconf 84' lang='lat' dir='ltr'><strong><em>(Cen.</em></strong></span> <span class='ocrx_word' id='word_1_212' title='bbox 2946 1577 3138 1649; x_wconf 79' lang='lat' dir='ltr'><strong><em>xxvn.)</em></strong></span> 
     </span>
    </p>
   </div>
   <div class='ocr_carea' id='block_1_31' title="bbox 1985 1664 3494 1737">
    <p class='ocr_par' dir='ltr' id='par_1_31' title="bbox 1985 1664 3494 1737">
     <span class='ocr_line' id='line_1_31' title="bbox 1985 1664 3494 1737; baseline 0.007 -21"><span class='ocrx_word' id='word_1_213' title='bbox 1985 1664 2210 1733; x_wconf 79' lang='lat' dir='ltr'><strong><em>Abysso,</em></strong></span> <span class='ocrx_word' id='word_1_214' title='bbox 2241 1672 2303 1718; x_wconf 92' lang='lat' dir='ltr'><strong><em>ut</em></strong></span> <span class='ocrx_word' id='word_1_215' title='bbox 2339 1665 2544 1720; x_wconf 86' lang='lat' dir='ltr'><strong><em>scilicet</em></strong></span> <span class='ocrx_word' id='word_1_216' title='bbox 2579 1665 2831 1737; x_wconf 82' lang='lat' dir='ltr'><strong><em>pinguior</em></strong></span> <span class='ocrx_word' id='word_1_217' title='bbox 2855 1667 2948 1720; x_wconf 87' lang='lat' dir='ltr'><strong><em>fiat</em></strong></span> <span class='ocrx_word' id='word_1_218' title='bbox 2967 1709 2980 1732; x_wconf 92' lang='lat'><strong><em>,</em></strong></span> <span class='ocrx_word' id='word_1_219' title='bbox 3011 1668 3080 1724; x_wconf 89' lang='lat' dir='ltr'><strong><em>de</em></strong></span> <span class='ocrx_word' id='word_1_220' title='bbox 3121 1669 3270 1723; x_wconf 84' lang='lat' dir='ltr'><strong><em>fonte</em></strong></span> <span class='ocrx_word' id='word_1_221' title='bbox 3300 1684 3494 1726; x_wconf 84' lang='lat' dir='ltr'><strong><em>ascen-</em></strong></span> 
     </span>
    </p>
   </div>
   <div class='ocr_carea' id='block_1_32' title="bbox 1911 1755 3491 1828">
    <p class='ocr_par' dir='ltr' id='par_1_32' title="bbox 1911 1755 3491 1828">
     <span class='ocr_line' id='line_1_32' title="bbox 1911 1755 3491 1828; baseline 0.004 -16"><span class='ocrx_word' id='word_1_222' title='bbox 1911 1755 2070 1812; x_wconf 88' lang='lat' dir='ltr'><strong><em>dente</em></strong></span> <span class='ocrx_word' id='word_1_223' title='bbox 2101 1757 2331 1812; x_wconf 86' lang='lat' dir='ltr'><strong><em>irrorata</em></strong></span> <span class='ocrx_word' id='word_1_224' title='bbox 2363 1759 2515 1828; x_wconf 88' lang='lat' dir='ltr'><strong><em>quasi</em></strong></span> <span class='ocrx_word' id='word_1_225' title='bbox 2543 1759 2825 1828; x_wconf 87' lang='lat' dir='ltr'><strong><em>paradisus</em></strong></span> <span class='ocrx_word' id='word_1_226' title='bbox 2850 1759 2965 1814; x_wconf 90' lang='lat' dir='ltr'><strong><em>Dei.</em></strong></span> <span class='ocrx_word' id='word_1_227' title='bbox 2997 1760 3149 1816; x_wconf 82' lang='lat' dir='ltr'><strong><em>Unde</em></strong></span> <span class='ocrx_word' id='word_1_228' title='bbox 3180 1779 3192 1814; x_wconf 90' lang='lat'><strong>:</strong></span> <span class='ocrx_word' id='word_1_229' title='bbox 3229 1759 3372 1816; x_wconf 84' lang='lat' dir='ltr'><strong><em>Fons</em></strong></span> <span class='ocrx_word' id='word_1_230' title='bbox 3403 1777 3491 1818; x_wconf 78' lang='lat' dir='ltr'><strong><em>as-</em></strong></span> 
     </span>
    </p>
   </div>
   <div class='ocr_carea' id='block_1_33' title="bbox 226 1848 3486 1942">
    <p class='ocr_par' dir='ltr' id='par_1_33' title="bbox 226 1848 3486 1942">
     <span class='ocr_line' id='line_1_33' title="bbox 226 1848 3486 1942; baseline 0 -19"><span class='ocrx_word' id='word_1_231' title='bbox 226 1869 441 1926; x_wconf 88' lang='lat' dir='ltr'><strong><em>cialiter</em></strong></span> <span class='ocrx_word' id='word_1_232' title='bbox 479 1848 758 1938; x_wconf 77' lang='lat' dir='ltr'><strong><em>habitavit,</em></strong></span> <span class='ocrx_word' id='word_1_233' title='bbox 795 1889 918 1929; x_wconf 90' lang='lat' dir='ltr'><strong><em>cum</em></strong></span> <span class='ocrx_word' id='word_1_234' title='bbox 955 1873 1098 1928; x_wconf 89' lang='lat' dir='ltr'><strong><em>inter</em></strong></span> <span class='ocrx_word' id='word_1_235' title='bbox 1123 1863 1402 1927; x_wconf 87' lang='lat' dir='ltr'><strong><em>innumera</em></strong></span> <span class='ocrx_word' id='word_1_236' title='bbox 1433 1871 1671 1942; x_wconf 88' lang='lat' dir='ltr'><strong><em>pericula</em></strong></span> <span class='ocrx_word' id='word_1_237' title='bbox 1713 1886 1808 1927; x_wconf 89' lang='lat' dir='ltr'><strong><em>co-</em></strong></span> <span class='ocrx_word' id='word_1_238' title='bbox 1836 1855 1882 1915; x_wconf 81' lang='grc' dir='ltr'><strong>Β</strong></span> <span class='ocrx_word' id='word_1_239' title='bbox 1910 1848 2156 1942; x_wconf 61' lang='grc' dir='ltr'><strong><em>ςεηάεῡᾳι</em></strong></span> <span class='ocrx_word' id='word_1_240' title='bbox 2181 1850 2245 1942; x_wconf 48' lang='grc'><em>4⁸</em></span> <span class='ocrx_word' id='word_1_241' title='bbox 2274 1849 2662 1942; x_wconf 15' lang='grc' dir='ltr'><strong><em>τεῖναίίντίθαηε</em></strong></span> <span class='ocrx_word' id='word_1_242' title='bbox 2685 1851 3011 1942; x_wconf 45' lang='lat' dir='ltr'><strong><em>“Perﬁda”</em></strong></span> <span class='ocrx_word' id='word_1_243' title='bbox 3037 1861 3190 1906; x_wconf 71' lang='grc' dir='ltr'><strong><em>τενηε</em></strong></span> <span class='ocrx_word' id='word_1_244' title='bbox 3217 1850 3369 1923; x_wconf 70' lang='grc' dir='ltr'><strong><em>(θεηο</em></strong></span> <span class='ocrx_word' id='word_1_245' title='bbox 3401 1855 3486 1924; x_wconf 87' lang='grc' dir='ltr'><strong><em>ΙΙ)·</em></strong></span> 
     </span>
    </p>
   </div>
   <div class='ocr_carea' id='block_1_34' title="bbox 226 1965 1810 2037">
    <p class='ocr_par' dir='ltr' id='par_1_34' title="bbox 226 1965 1810 2037">
     <span class='ocr_line' id='line_1_34' title="bbox 226 1965 1810 2037; baseline -0.001 -18"><span class='ocrx_word' id='word_1_246' title='bbox 226 1980 346 2019; x_wconf 88' lang='lat' dir='ltr'><strong><em>ram</em></strong></span> <span class='ocrx_word' id='word_1_247' title='bbox 374 1965 622 2035; x_wconf 86' lang='lat' dir='ltr'><strong><em>gentibus</em></strong></span> <span class='ocrx_word' id='word_1_248' title='bbox 653 1977 707 2021; x_wconf 89' lang='lat' dir='ltr'><strong><em>et</em></strong></span> <span class='ocrx_word' id='word_1_249' title='bbox 735 1966 952 2037; x_wconf 89' lang='lat' dir='ltr'><strong><em>regibus</em></strong></span> <span class='ocrx_word' id='word_1_250' title='bbox 977 1982 1099 2023; x_wconf 92' lang='lat' dir='ltr'><strong><em>eum</em></strong></span> <span class='ocrx_word' id='word_1_251' title='bbox 1138 1975 1449 2022; x_wconf 88' lang='lat' dir='ltr'><strong><em>constanter</em></strong></span> <span class='ocrx_word' id='word_1_252' title='bbox 1476 1966 1810 2037; x_wconf 66' lang='lat' dir='ltr'><strong><em>praedicavit.</em></strong></span> 
     </span>
    </p>
   </div>
   <div class='ocr_carea' id='block_1_35' title="bbox 223 2055 967 2126">
    <p class='ocr_par' dir='ltr' id='par_1_35' title="bbox 223 2055 967 2126">
     <span class='ocr_line' id='line_1_35' title="bbox 223 2055 967 2126; baseline 0.001 -16"><span class='ocrx_word' id='word_1_253' title='bbox 223 2055 304 2110; x_wconf 89' lang='lat' dir='ltr'><strong><em>De</em></strong></span> <span class='ocrx_word' id='word_1_254' title='bbox 335 2056 490 2126; x_wconf 85' lang='lat' dir='ltr'><strong><em>cujus</em></strong></span> <span class='ocrx_word' id='word_1_255' title='bbox 515 2056 694 2112; x_wconf 90' lang='lat' dir='ltr'><strong><em>anima</em></strong></span> <span class='ocrx_word' id='word_1_256' title='bbox 721 2056 923 2112; x_wconf 90' lang='lat' dir='ltr'><strong><em>dicitur</em></strong></span> <span class='ocrx_word' id='word_1_257' title='bbox 953 2076 967 2111; x_wconf 89' lang='lat'><strong><em>:</em></strong></span> 
     </span>
    </p>
   </div>
   <div class='ocr_carea' id='block_1_36' title="bbox 318 2167 1809 2235">
    <p class='ocr_par' dir='ltr' id='par_1_36' title="bbox 318 2167 1809 2235">
     <span class='ocr_line' id='line_1_36' title="bbox 318 2167 1809 2235; baseline 0.003 -12"><span class='ocrx_word' id='word_1_258' title='bbox 318 2168 487 2235; x_wconf 90' lang='lat' dir='ltr'><strong><em>Quasi</em></strong></span> <span class='ocrx_word' id='word_1_259' title='bbox 542 2170 771 2227; x_wconf 87' lang='lat' dir='ltr'><strong><em>thalamo</em></strong></span> <span class='ocrx_word' id='word_1_260' title='bbox 831 2182 939 2226; x_wconf 89' lang='lat' dir='ltr'><strong><em>tota</em></strong></span> <span class='ocrx_word' id='word_1_261' title='bbox 1004 2173 1089 2227; x_wconf 89' lang='lat' dir='ltr'><strong><em>die</em></strong></span> <span class='ocrx_word' id='word_1_262' title='bbox 1153 2170 1460 2226; x_wconf 85' lang='lat' dir='ltr'><strong><em>morabitur.</em></strong></span> <span class='ocrx_word' id='word_1_263' title='bbox 1509 2167 1628 2228; x_wconf 66' lang='grc' dir='ltr'><strong><em>ἕνεί</em></strong></span> <span class='ocrx_word' id='word_1_264' title='bbox 1691 2185 1809 2227; x_wconf 87' lang='lat' dir='ltr'><strong><em>ma-</em></strong></span> 
     </span>
    </p>
   </div>
   <div class='ocr_carea' id='block_1_37' title="bbox 222 2261 1812 2333">
    <p class='ocr_par' dir='ltr' id='par_1_37' title="bbox 222 2261 1812 2333">
     <span class='ocr_line' id='line_1_37' title="bbox 222 2261 1812 2333; baseline 0 -17"><span class='ocrx_word' id='word_1_265' title='bbox 222 2261 375 2316; x_wconf 86' lang='lat' dir='ltr'><strong><em>ritali</em></strong></span> <span class='ocrx_word' id='word_1_266' title='bbox 427 2262 697 2318; x_wconf 90' lang='lat' dir='ltr'><strong><em>connubio</em></strong></span> <span class='ocrx_word' id='word_1_267' title='bbox 747 2263 884 2318; x_wconf 90' lang='lat' dir='ltr'><strong><em>mira</em></strong></span> <span class='ocrx_word' id='word_1_268' title='bbox 956 2263 1316 2318; x_wconf 88' lang='lat' dir='ltr'><strong><em>oblectatione</em></strong></span> <span class='ocrx_word' id='word_1_269' title='bbox 1382 2261 1699 2333; x_wconf 89' lang='lat' dir='ltr'><strong><em>perfruens,</em></strong></span> <span class='ocrx_word' id='word_1_270' title='bbox 1757 2268 1812 2318; x_wconf 90' lang='lat' dir='ltr'><strong><em>et</em></strong></span> 
     </span>
    </p>
   </div>
   <div class='ocr_carea' id='block_1_38' title="bbox 222 2352 1807 2424">
    <p class='ocr_par' dir='ltr' id='par_1_38' title="bbox 222 2352 1807 2424">
     <span class='ocr_line' id='line_1_38' title="bbox 222 2352 1807 2424; baseline 0.001 -18"><span class='ocrx_word' id='word_1_271' title='bbox 222 2352 487 2408; x_wconf 91' lang='lat' dir='ltr'><strong><em>virtutum</em></strong></span> <span class='ocrx_word' id='word_1_272' title='bbox 510 2354 658 2424; x_wconf 86' lang='lat' dir='ltr'><strong><em>prole</em></strong></span> <span class='ocrx_word' id='word_1_273' title='bbox 683 2353 996 2419; x_wconf 80' lang='lat' dir='ltr'><strong><em>fecundans,</em></strong></span> <span class='ocrx_word' id='word_1_274' title='bbox 1046 2354 1346 2424; x_wconf 88' lang='lat' dir='ltr'><strong><em>nulliusque</em></strong></span> <span class='ocrx_word' id='word_1_275' title='bbox 1371 2354 1488 2411; x_wconf 84' lang='lat' dir='ltr'><strong><em>vitii</em></strong></span> <span class='ocrx_word' id='word_1_276' title='bbox 1535 2355 1807 2424; x_wconf 89' lang='lat' dir='ltr'><strong><em>inquietu-</em></strong></span> 
     </span>
    </p>
   </div>
   <div class='ocr_carea' id='block_1_39' title="bbox 224 2447 1806 2521">
    <p class='ocr_par' dir='ltr' id='par_1_39' title="bbox 224 2447 1806 2521">
     <span class='ocr_line' id='line_1_39' title="bbox 224 2447 1806 2521; baseline -0.001 -18"><span class='ocrx_word' id='word_1_277' title='bbox 224 2447 354 2503; x_wconf 87' lang='lat' dir='ltr'><strong><em>dine</em></strong></span> <span class='ocrx_word' id='word_1_278' title='bbox 399 2457 673 2505; x_wconf 87' lang='lat' dir='ltr'><strong><em>secretum</em></strong></span> <span class='ocrx_word' id='word_1_279' title='bbox 718 2449 1070 2520; x_wconf 87' lang='lat' dir='ltr'><strong><em>placidissimi</em></strong></span> <span class='ocrx_word' id='word_1_280' title='bbox 1116 2449 1353 2521; x_wconf 89' lang='lat' dir='ltr'><strong><em>pectoris</em></strong></span> <span class='ocrx_word' id='word_1_281' title='bbox 1395 2447 1806 2517; x_wconf 87' lang='lat' dir='ltr'><strong><em>derelinquens;</em></strong></span> 
     </span>
    </p>
   </div>
   <div class='ocr_carea' id='block_1_40' title="bbox 220 2538 1810 2609">
    <p class='ocr_par' dir='ltr' id='par_1_40' title="bbox 220 2538 1810 2609">
     <span class='ocr_line' id='line_1_40' title="bbox 220 2538 1810 2609; baseline 0 -17"><span class='ocrx_word' id='word_1_282' title='bbox 220 2538 310 2592; x_wconf 93' lang='lat' dir='ltr'><strong><em>vel</em></strong></span> <span class='ocrx_word' id='word_1_283' title='bbox 332 2539 388 2593; x_wconf 90' lang='lat' dir='ltr'><strong><em>in</em></strong></span> <span class='ocrx_word' id='word_1_284' title='bbox 417 2554 481 2594; x_wconf 89' lang='lat' dir='ltr'><strong><em>ea</em></strong></span> <span class='ocrx_word' id='word_1_285' title='bbox 512 2541 665 2609; x_wconf 87' lang='lat' dir='ltr'><strong><em>quasi</em></strong></span> <span class='ocrx_word' id='word_1_286' title='bbox 693 2539 748 2594; x_wconf 92' lang='lat' dir='ltr'><strong><em>in</em></strong></span> <span class='ocrx_word' id='word_1_287' title='bbox 795 2539 1030 2597; x_wconf 87' lang='lat' dir='ltr'><strong><em>thalamo</em></strong></span> <span class='ocrx_word' id='word_1_288' title='bbox 1056 2540 1318 2604; x_wconf 88' lang='lat' dir='ltr'><strong><em>residens,</em></strong></span> <span class='ocrx_word' id='word_1_289' title='bbox 1355 2547 1610 2608; x_wconf 90' lang='lat' dir='ltr'><strong><em>tanquam</em></strong></span> <span class='ocrx_word' id='word_1_290' title='bbox 1649 2553 1810 2607; x_wconf 86' lang='lat' dir='ltr'><strong><em>spon-</em></strong></span> 
     </span>
    </p>
   </div>
   <div class='ocr_carea' id='block_1_41' title="bbox 223 2629 1810 2702">
    <p class='ocr_par' dir='ltr' id='par_1_41' title="bbox 223 2629 1810 2702">
     <span class='ocr_line' id='line_1_41' title="bbox 223 2629 1810 2702; baseline -0.002 -15"><span class='ocrx_word' id='word_1_291' title='bbox 223 2647 319 2687; x_wconf 89' lang='lat' dir='ltr'><strong><em>sus</em></strong></span> <span class='ocrx_word' id='word_1_292' title='bbox 342 2629 638 2701; x_wconf 89' lang='lat' dir='ltr'><strong><em>speciosus,</em></strong></span> <span class='ocrx_word' id='word_1_293' title='bbox 666 2631 938 2702; x_wconf 89' lang='lat' dir='ltr'><strong><em>virgineas</em></strong></span> <span class='ocrx_word' id='word_1_294' title='bbox 961 2631 1294 2686; x_wconf 87' lang='lat' dir='ltr'><strong><em>credentium</em></strong></span> <span class='ocrx_word' id='word_1_295' title='bbox 1319 2637 1529 2686; x_wconf 87' lang='lat' dir='ltr'><strong><em>mentes</em></strong></span> <span class='ocrx_word' id='word_1_296' title='bbox 1555 2645 1652 2699; x_wconf 89' lang='lat' dir='ltr'><strong><em>per</em></strong></span> <span class='ocrx_word' id='word_1_297' title='bbox 1672 2645 1810 2699; x_wconf 80' lang='lat' dir='ltr'><strong><em>prte-</em></strong></span> 
     </span>
    </p>
   </div>
   <div class='ocr_carea' id='block_1_42' title="bbox 222 2721 1797 2794">
    <p class='ocr_par' dir='ltr' id='par_1_42' title="bbox 222 2721 1797 2794">
     <span class='ocr_line' id='line_1_42' title="bbox 222 2721 1797 2794; baseline -0.001 -17"><span class='ocrx_word' id='word_1_298' title='bbox 222 2721 554 2777; x_wconf 88' lang='lat' dir='ltr'><strong><em>dicationem</em></strong></span> <span class='ocrx_word' id='word_1_299' title='bbox 588 2721 703 2790; x_wconf 84' lang='lat' dir='ltr'><strong><em>ejus</em></strong></span> <span class='ocrx_word' id='word_1_300' title='bbox 741 2722 852 2778; x_wconf 91' lang='lat' dir='ltr'><strong><em>suis</em></strong></span> <span class='ocrx_word' id='word_1_301' title='bbox 876 2721 1052 2794; x_wconf 84' lang='lat' dir='ltr'><strong><em>jungit</em></strong></span> <span class='ocrx_word' id='word_1_302' title='bbox 1084 2722 1436 2793; x_wconf 74' lang='lat' dir='ltr'><strong><em>amplexibus.</em></strong></span> <span class='ocrx_word' id='word_1_303' title='bbox 1468 2721 1621 2778; x_wconf 88' lang='lat' dir='ltr'><strong><em>Unde</em></strong></span> <span class='ocrx_word' id='word_1_304' title='bbox 1656 2721 1797 2776; x_wconf 78' lang='lat' dir='ltr'><strong><em>:Ad-</em></strong></span> 
     </span>
    </p>
   </div>
   <div class='ocr_carea' id='block_1_43' title="bbox 221 2811 1808 2885">
    <p class='ocr_par' dir='ltr' id='par_1_43' title="bbox 221 2811 1808 2885">
     <span class='ocr_line' id='line_1_43' title="bbox 221 2811 1808 2885; baseline 0.003 -19"><span class='ocrx_word' id='word_1_305' title='bbox 221 2812 485 2867; x_wconf 84' lang='lat' dir='ltr'><strong><em>ducentur</em></strong></span> <span class='ocrx_word' id='word_1_306' title='bbox 527 2813 632 2883; x_wconf 86' lang='lat' dir='ltr'><strong><em>regi</em></strong></span> <span class='ocrx_word' id='word_1_307' title='bbox 676 2814 899 2884; x_wconf 83' lang='lat' dir='ltr'><strong><em>virgines</em></strong></span> <span class='ocrx_word' id='word_1_308' title='bbox 928 2822 1042 2884; x_wconf 90' lang='lat' dir='ltr'><strong><em>post</em></strong></span> <span class='ocrx_word' id='word_1_309' title='bbox 1089 2830 1202 2868; x_wconf 91' lang='lat' dir='ltr'><strong><em>eam</em></strong></span> <span class='ocrx_word' id='word_1_310' title='bbox 1235 2811 1416 2885; x_wconf 87' lang='lat' dir='ltr'><strong><em>(Psal.</em></strong></span> <span class='ocrx_word' id='word_1_311' title='bbox 1463 2814 1640 2885; x_wconf 82' lang='lat' dir='ltr'><strong><em>mu).</em></strong></span> <span class='ocrx_word' id='word_1_312' title='bbox 1687 2814 1808 2884; x_wconf 84' lang='lat' dir='ltr'><strong><em>ipse</em></strong></span> 
     </span>
    </p>
   </div>
   <div class='ocr_carea' id='block_1_44' title="bbox 222 2905 1807 2978">
    <p class='ocr_par' dir='ltr' id='par_1_44' title="bbox 222 2905 1807 2978">
     <span class='ocr_line' id='line_1_44' title="bbox 222 2905 1807 2978; baseline 0.003 -20"><span class='ocrx_word' id='word_1_313' title='bbox 222 2920 442 2976; x_wconf 89' lang='lat' dir='ltr'><strong><em>quoque</em></strong></span> <span class='ocrx_word' id='word_1_314' title='bbox 463 2905 540 2960; x_wconf 90' lang='lat' dir='ltr'><strong><em>ait</em></strong></span> <span class='ocrx_word' id='word_1_315' title='bbox 576 2923 590 2959; x_wconf 91' lang='lat'><strong><em>:</em></strong></span> <span class='ocrx_word' id='word_1_316' title='bbox 616 2905 877 2976; x_wconf 82' lang='lat' dir='ltr'><strong><em>Despondi</em></strong></span> <span class='ocrx_word' id='word_1_317' title='bbox 900 2907 1036 2961; x_wconf 87' lang='lat' dir='ltr'><strong><em>enim</em></strong></span> <span class='ocrx_word' id='word_1_318' title='bbox 1063 2923 1149 2962; x_wconf 83' lang='lat' dir='ltr'><strong><em>vos</em></strong></span> <span class='ocrx_word' id='word_1_319' title='bbox 1187 2907 1280 2961; x_wconf 89' lang='lat' dir='ltr'><strong><em>uni</em></strong></span> <span class='ocrx_word' id='word_1_320' title='bbox 1309 2907 1416 2961; x_wconf 81' lang='lat' dir='ltr'><strong><em>viro</em></strong></span> <span class='ocrx_word' id='word_1_321' title='bbox 1439 2907 1689 2978; x_wconf 81' lang='lat' dir='ltr'><strong><em>virginem</em></strong></span> <span class='ocrx_word' id='word_1_322' title='bbox 1717 2924 1807 2962; x_wconf 86' lang='lat' dir='ltr'><strong><em>ca-</em></strong></span> 
     </span>
    </p>
   </div>
   <div class='ocr_carea' id='block_1_45' title="bbox 219 2993 1231 3069">
    <p class='ocr_par' dir='ltr' id='par_1_45' title="bbox 219 2993 1231 3069">
     <span class='ocr_line' id='line_1_45' title="bbox 219 2993 1231 3069; baseline 0.001 -19"><span class='ocrx_word' id='word_1_323' title='bbox 219 3005 360 3050; x_wconf 84' lang='lat' dir='ltr'><strong><em>stam</em></strong></span> <span class='ocrx_word' id='word_1_324' title='bbox 383 2995 623 3050; x_wconf 70' lang='lat' dir='ltr'><strong><em>ezhibere</em></strong></span> <span class='ocrx_word' id='word_1_325' title='bbox 645 2994 851 3050; x_wconf 83' lang='lat' dir='ltr'><strong><em>Christo</em></strong></span> <span class='ocrx_word' id='word_1_326' title='bbox 874 2994 959 3069; x_wconf 87' lang='lat' dir='ltr'><strong><em>(II</em></strong></span> <span class='ocrx_word' id='word_1_327' title='bbox 982 2993 1104 3052; x_wconf 91' lang='lat' dir='ltr'><strong><em>Cor.</em></strong></span> <span class='ocrx_word' id='word_1_328' title='bbox 1132 2997 1231 3068; x_wconf 69' lang='grc' dir='ltr'>χι).</span> 
     </span>
    </p>
   </div>
   <div class='ocr_carea' id='block_1_46' title="bbox 292 3107 1806 3180">
    <p class='ocr_par' dir='ltr' id='par_1_46' title="bbox 292 3107 1806 3180">
     <span class='ocr_line' id='line_1_46' title="bbox 292 3107 1806 3180; baseline 0.003 -18"><span class='ocrx_word' id='word_1_329' title='bbox 292 3107 560 3164; x_wconf 88' lang='lat' dir='ltr'><strong><em>Divinitas</em></strong></span> <span class='ocrx_word' id='word_1_330' title='bbox 608 3124 819 3180; x_wconf 90' lang='lat' dir='ltr'><strong><em>quoque</em></strong></span> <span class='ocrx_word' id='word_1_331' title='bbox 866 3110 919 3165; x_wconf 91' lang='lat' dir='ltr'><strong><em>in</em></strong></span> <span class='ocrx_word' id='word_1_332' title='bbox 971 3111 1310 3166; x_wconf 88' lang='lat' dir='ltr'><strong><em>humanitate</em></strong></span> <span class='ocrx_word' id='word_1_333' title='bbox 1348 3109 1547 3168; x_wconf 84' lang='lat' dir='ltr'><strong><em>Christi</em></strong></span> <span class='ocrx_word' id='word_1_334' title='bbox 1593 3111 1806 3167; x_wconf 88' lang='lat' dir='ltr'><strong><em>habitat</em></strong></span> 
     </span>
    </p>
   </div>
   <div class='ocr_carea' id='block_1_47' title="bbox 218 3197 1803 3272">
    <p class='ocr_par' dir='ltr' id='par_1_47' title="bbox 218 3197 1803 3272">
     <span class='ocr_line' id='line_1_47' title="bbox 218 3197 1803 3272; baseline 0.003 -18"><span class='ocrx_word' id='word_1_335' title='bbox 218 3197 576 3254; x_wconf 79' lang='lat' dir='ltr'><strong><em>confidenter.</em></strong></span> <span class='ocrx_word' id='word_1_336' title='bbox 617 3198 685 3252; x_wconf 87' lang='lat' dir='ltr'><strong><em>In</em></strong></span> <span class='ocrx_word' id='word_1_337' title='bbox 733 3199 965 3256; x_wconf 86' lang='lat' dir='ltr'><strong><em>thalamo</em></strong></span> <span class='ocrx_word' id='word_1_338' title='bbox 1003 3201 1312 3267; x_wconf 81' lang='lat' dir='ltr'><strong><em>morabitur,</em></strong></span> <span class='ocrx_word' id='word_1_339' title='bbox 1355 3200 1625 3272; x_wconf 86' lang='lat' dir='ltr'><strong><em>significat</em></strong></span> <span class='ocrx_word' id='word_1_340' title='bbox 1661 3202 1803 3272; x_wconf 83' lang='lat' dir='ltr'><strong><em>quod</em></strong></span> 
     </span>
    </p>
   </div>
   <div class='ocr_carea' id='block_1_48' title="bbox 218 3284 1800 3364">
    <p class='ocr_par' dir='ltr' id='par_1_48' title="bbox 218 3284 1800 3364">
     <span class='ocr_line' id='line_1_48' title="bbox 218 3284 1800 3364; baseline 0.002 -18"><span class='ocrx_word' id='word_1_341' title='bbox 218 3284 276 3346; x_wconf 80' lang='lat' dir='ltr'><strong><em>in</em></strong></span> <span class='ocrx_word' id='word_1_342' title='bbox 313 3300 469 3347; x_wconf 87' lang='lat' dir='ltr'><strong><em>utero</em></strong></span> <span class='ocrx_word' id='word_1_343' title='bbox 498 3288 736 3362; x_wconf 83' lang='lat' dir='ltr'><strong><em>Virginis</em></strong></span> <span class='ocrx_word' id='word_1_344' title='bbox 757 3292 963 3349; x_wconf 77' lang='lat' dir='ltr'><strong><em>cmlesti</em></strong></span> <span class='ocrx_word' id='word_1_345' title='bbox 998 3308 1197 3364; x_wconf 89' lang='lat' dir='ltr'><strong><em>sponso</em></strong></span> <span class='ocrx_word' id='word_1_346' title='bbox 1216 3291 1404 3361; x_wconf 84' lang='lat' dir='ltr'><strong><em>juncta</em></strong></span> <span class='ocrx_word' id='word_1_347' title='bbox 1426 3303 1510 3349; x_wconf 89' lang='lat' dir='ltr'><strong><em>est</em></strong></span> <span class='ocrx_word' id='word_1_348' title='bbox 1535 3294 1800 3362; x_wconf 88' lang='lat' dir='ltr'><strong><em>Ecclesia,</em></strong></span> 
     </span>
    </p>
   </div>
   <div class='ocr_carea' id='block_1_49' title="bbox 219 3382 1803 3456">
    <p class='ocr_par' dir='ltr' id='par_1_49' title="bbox 219 3382 1803 3456">
     <span class='ocr_line' id='line_1_49' title="bbox 219 3382 1803 3456; baseline 0.003 -21"><span class='ocrx_word' id='word_1_349' title='bbox 219 3397 343 3452; x_wconf 81' lang='lat' dir='ltr'><strong><em>quae</em></strong></span> <span class='ocrx_word' id='word_1_350' title='bbox 371 3382 424 3436; x_wconf 92' lang='lat' dir='ltr'><strong><em>in</em></strong></span> <span class='ocrx_word' id='word_1_351' title='bbox 455 3382 767 3438; x_wconf 82' lang='lat' dir='ltr'><strong><em>fortitudine</em></strong></span> <span class='ocrx_word' id='word_1_352' title='bbox 793 3385 1048 3455; x_wconf 86' lang='lat' dir='ltr'><strong><em>potentiae</em></strong></span> <span class='ocrx_word' id='word_1_353' title='bbox 1069 3382 1271 3440; x_wconf 89' lang='lat' dir='ltr'><strong><em>Christi</em></strong></span> <span class='ocrx_word' id='word_1_354' title='bbox 1293 3393 1348 3441; x_wconf 87' lang='lat' dir='ltr'><strong><em>et</em></strong></span> <span class='ocrx_word' id='word_1_355' title='bbox 1373 3385 1430 3440; x_wconf 90' lang='lat' dir='ltr'><strong><em>in</em></strong></span> <span class='ocrx_word' id='word_1_356' title='bbox 1454 3386 1707 3456; x_wconf 87' lang='lat' dir='ltr'><strong><em>operibus</em></strong></span> <span class='ocrx_word' id='word_1_357' title='bbox 1735 3383 1803 3440; x_wconf 82' lang='lat' dir='ltr'><strong><em>ﬁ-</em></strong></span> 
     </span>
    </p>
   </div>
   <div class='ocr_carea' id='block_1_50' title="bbox 222 3472 849 3546">
    <p class='ocr_par' dir='ltr' id='par_1_50' title="bbox 222 3472 849 3546">
     <span class='ocr_line' id='line_1_50' title="bbox 222 3472 849 3546; baseline 0.002 -18"><span class='ocrx_word' id='word_1_358' title='bbox 222 3472 513 3528; x_wconf 86' lang='lat' dir='ltr'><strong><em>ducialiter</em></strong></span> <span class='ocrx_word' id='word_1_359' title='bbox 539 3474 849 3546; x_wconf 89' lang='lat' dir='ltr'><strong><em>requiescit.</em></strong></span> 
     </span>
    </p>
   </div>
   <div class='ocr_carea' id='block_1_51' title="bbox 293 3585 1805 3662">
    <p class='ocr_par' dir='ltr' id='par_1_51' title="bbox 293 3585 1805 3662">
     <span class='ocr_line' id='line_1_51' title="bbox 293 3585 1805 3662; baseline 0.001 -21"><span class='ocrx_word' id='word_1_360' title='bbox 293 3585 364 3641; x_wconf 88' lang='lat' dir='ltr'><strong><em>Et</em></strong></span> <span class='ocrx_word' id='word_1_361' title='bbox 405 3588 543 3643; x_wconf 84' lang='lat' dir='ltr'><strong><em>inter</em></strong></span> <span class='ocrx_word' id='word_1_362' title='bbox 584 3589 827 3644; x_wconf 84' lang='lat' dir='ltr'><strong><em>humeros</em></strong></span> <span class='ocrx_word' id='word_1_363' title='bbox 868 3587 1014 3645; x_wconf 84' lang='lat' dir='ltr'><strong><em>illius</em></strong></span> <span class='ocrx_word' id='word_1_364' title='bbox 1045 3591 1318 3662; x_wconf 87' lang='lat' dir='ltr'><strong><em>requiscet.</em></strong></span> <span class='ocrx_word' id='word_1_365' title='bbox 1351 3588 1604 3646; x_wconf 82' lang='lat' dir='ltr'><strong><em>Humeris</em></strong></span> <span class='ocrx_word' id='word_1_366' title='bbox 1637 3602 1805 3644; x_wconf 83' lang='lat' dir='ltr'><strong><em>onera</em></strong></span> 
     </span>
    </p>
   </div>
   <div class='ocr_carea' id='block_1_52' title="bbox 216 3679 1800 3752">
    <p class='ocr_par' dir='ltr' id='par_1_52' title="bbox 216 3679 1800 3752">
     <span class='ocr_line' id='line_1_52' title="bbox 216 3679 1800 3752; baseline 0.001 -19"><span class='ocrx_word' id='word_1_367' title='bbox 216 3688 527 3751; x_wconf 84' lang='lat' dir='ltr'><strong><em>portantur,</em></strong></span> <span class='ocrx_word' id='word_1_368' title='bbox 557 3679 678 3736; x_wconf 90' lang='lat' dir='ltr'><strong><em>ideo</em></strong></span> <span class='ocrx_word' id='word_1_369' title='bbox 716 3681 771 3736; x_wconf 90' lang='lat' dir='ltr'><strong><em>in</em></strong></span> <span class='ocrx_word' id='word_1_370' title='bbox 796 3681 878 3737; x_wconf 91' lang='lat' dir='ltr'><strong><em>eis</em></strong></span> <span class='ocrx_word' id='word_1_371' title='bbox 914 3681 1134 3738; x_wconf 88' lang='lat' dir='ltr'><strong><em>robusta</em></strong></span> <span class='ocrx_word' id='word_1_372' title='bbox 1167 3681 1426 3752; x_wconf 88' lang='lat' dir='ltr'><strong><em>patientia</em></strong></span> <span class='ocrx_word' id='word_1_373' title='bbox 1466 3680 1800 3752; x_wconf 87' lang='lat' dir='ltr'><strong><em>designatur.</em></strong></span> 
     </span>
    </p>
   </div>
   <div class='ocr_carea' id='block_1_53' title="bbox 215 3769 1800 3840">
    <p class='ocr_par' dir='ltr' id='par_1_53' title="bbox 215 3769 1800 3840">
     <span class='ocr_line' id='line_1_53' title="bbox 215 3769 1800 3840; baseline -0.001 -14"><span class='ocrx_word' id='word_1_374' title='bbox 215 3769 399 3826; x_wconf 85' lang='lat' dir='ltr'><strong><em>Tanto</em></strong></span> <span class='ocrx_word' id='word_1_375' title='bbox 445 3779 624 3826; x_wconf 90' lang='lat' dir='ltr'><strong><em>autem</em></strong></span> <span class='ocrx_word' id='word_1_376' title='bbox 679 3771 935 3827; x_wconf 89' lang='lat' dir='ltr'><strong><em>libentius</em></strong></span> <span class='ocrx_word' id='word_1_377' title='bbox 979 3772 1227 3836; x_wconf 87' lang='lat' dir='ltr'><strong><em>Christus</em></strong></span> <span class='ocrx_word' id='word_1_378' title='bbox 1277 3771 1330 3826; x_wconf 93' lang='lat' dir='ltr'><strong><em>in</em></strong></span> <span class='ocrx_word' id='word_1_379' title='bbox 1385 3771 1476 3826; x_wconf 92' lang='lat' dir='ltr'><strong><em>illo</em></strong></span> <span class='ocrx_word' id='word_1_380' title='bbox 1513 3769 1800 3840; x_wconf 81' lang='lat' dir='ltr'><strong><em>requievit,</em></strong></span> 
     </span>
    </p>
   </div>
   <div class='ocr_carea' id='block_1_54' title="bbox 215 3861 1802 3933">
    <p class='ocr_par' dir='ltr' id='par_1_54' title="bbox 215 3861 1802 3933">
     <span class='ocr_line' id='line_1_54' title="bbox 215 3861 1802 3933; baseline 0 -17"><span class='ocrx_word' id='word_1_381' title='bbox 215 3870 428 3933; x_wconf 88' lang='lat' dir='ltr'><strong><em>quanto</em></strong></span> <span class='ocrx_word' id='word_1_382' title='bbox 447 3876 552 3932; x_wconf 90' lang='lat' dir='ltr'><strong><em>pro</em></strong></span> <span class='ocrx_word' id='word_1_383' title='bbox 593 3861 711 3932; x_wconf 88' lang='lat' dir='ltr'><strong><em>ipso</em></strong></span> <span class='ocrx_word' id='word_1_384' title='bbox 734 3862 1051 3919; x_wconf 90' lang='lat' dir='ltr'><strong><em>durissimos</em></strong></span> <span class='ocrx_word' id='word_1_385' title='bbox 1075 3861 1288 3918; x_wconf 89' lang='lat' dir='ltr'><strong><em>labores</em></strong></span> <span class='ocrx_word' id='word_1_386' title='bbox 1325 3861 1576 3918; x_wconf 81' lang='lat' dir='ltr'><strong><em>toleravit</em></strong></span> <span class='ocrx_word' id='word_1_387' title='bbox 1606 3880 1618 3915; x_wconf 93' lang='lat'><strong><em>:</em></strong></span> <span class='ocrx_word' id='word_1_388' title='bbox 1649 3868 1802 3916; x_wconf 91' lang='lat' dir='ltr'><strong><em>tanto</em></strong></span> 
     </span>
    </p>
   </div>
   <div class='ocr_carea' id='block_1_55' title="bbox 214 3953 1803 4027">
    <p class='ocr_par' dir='ltr' id='par_1_55' title="bbox 214 3953 1803 4027">
     <span class='ocr_line' id='line_1_55' title="bbox 214 3953 1803 4027; baseline 0 -18"><span class='ocrx_word' id='word_1_389' title='bbox 214 3955 428 4010; x_wconf 88' lang='lat' dir='ltr'><strong><em>arctius</em></strong></span> <span class='ocrx_word' id='word_1_390' title='bbox 449 3953 725 4024; x_wconf 79' lang='lat' dir='ltr'><strong><em>amplexus</em></strong></span> <span class='ocrx_word' id='word_1_391' title='bbox 753 3963 857 4022; x_wconf 89' lang='lat' dir='ltr'><strong><em>est,</em></strong></span> <span class='ocrx_word' id='word_1_392' title='bbox 885 3963 1089 4027; x_wconf 88' lang='lat' dir='ltr'><strong><em>quanto</em></strong></span> <span class='ocrx_word' id='word_1_393' title='bbox 1114 3955 1184 4010; x_wconf 88' lang='lat' dir='ltr'><strong><em>ab</em></strong></span> <span class='ocrx_word' id='word_1_394' title='bbox 1209 3953 1354 4010; x_wconf 91' lang='lat' dir='ltr'><strong><em>illius</em></strong></span> <span class='ocrx_word' id='word_1_395' title='bbox 1377 3953 1626 4026; x_wconf 84' lang='lat' dir='ltr'><strong><em>amplexu</em></strong></span> <span class='ocrx_word' id='word_1_396' title='bbox 1655 3953 1803 4009; x_wconf 85' lang='lat' dir='ltr'><strong><em>nullo</em></strong></span> 
     </span>
    </p>
   </div>
   <div class='ocr_carea' id='block_1_56' title="bbox 213 4045 1801 4120">
    <p class='ocr_par' dir='ltr' id='par_1_56' title="bbox 213 4045 1801 4120">
     <span class='ocr_line' id='line_1_56' title="bbox 213 4045 1801 4120; baseline 0 -18"><span class='ocrx_word' id='word_1_397' title='bbox 213 4057 432 4103; x_wconf 90' lang='lat' dir='ltr'><strong><em>terrore</em></strong></span> <span class='ocrx_word' id='word_1_398' title='bbox 467 4047 684 4103; x_wconf 80' lang='lat' dir='ltr'><strong><em>avulsus</em></strong></span> <span class='ocrx_word' id='word_1_399' title='bbox 725 4057 826 4104; x_wconf 89' lang='lat' dir='ltr'><strong><em>est.</em></strong></span> <span class='ocrx_word' id='word_1_400' title='bbox 859 4047 1009 4104; x_wconf 89' lang='lat' dir='ltr'><strong><em>Unde</em></strong></span> <span class='ocrx_word' id='word_1_401' title='bbox 1050 4048 1164 4104; x_wconf 91' lang='lat' dir='ltr'><strong><em>ait:</em></strong></span> <span class='ocrx_word' id='word_1_402' title='bbox 1191 4045 1320 4114; x_wconf 83' lang='lat' dir='ltr'><strong><em>Quis</em></strong></span> <span class='ocrx_word' id='word_1_403' title='bbox 1354 4063 1448 4103; x_wconf 89' lang='lat' dir='ltr'><strong><em>nos</em></strong></span> <span class='ocrx_word' id='word_1_404' title='bbox 1481 4047 1740 4120; x_wconf 83' lang='lat' dir='ltr'><strong><em>separabit</em></strong></span> <span class='ocrx_word' id='word_1_405' title='bbox 1769 4065 1801 4102; x_wconf 91' lang='lat' dir='ltr'><strong><em>a</em></strong></span> 
     </span>
    </p>
   </div>
   <div class='ocr_carea' id='block_1_57' title="bbox 214 4138 1128 4212">
    <p class='ocr_par' dir='ltr' id='par_1_57' title="bbox 214 4138 1128 4212">
     <span class='ocr_line' id='line_1_57' title="bbox 214 4138 1128 4212; baseline -0.001 -17"><span class='ocrx_word' id='word_1_406' title='bbox 214 4141 478 4195; x_wconf 88' lang='lat' dir='ltr'><strong><em>charitate</em></strong></span> <span class='ocrx_word' id='word_1_407' title='bbox 513 4138 749 4195; x_wconf 87' lang='lat' dir='ltr'><strong><em>Christi?</em></strong></span> <span class='ocrx_word' id='word_1_408' title='bbox 781 4138 958 4212; x_wconf 87' lang='lat' dir='ltr'><strong><em>(Rom.</em></strong></span> <span class='ocrx_word' id='word_1_409' title='bbox 983 4139 1128 4212; x_wconf 86' lang='lat' dir='ltr'><strong><em>vm.)</em></strong></span> 
     </span>
    </p>
   </div>
   <div class='ocr_carea' id='block_1_58' title="bbox 289 4231 1801 4306">
    <p class='ocr_par' dir='ltr' id='par_1_58' title="bbox 289 4231 1801 4306">
     <span class='ocr_line' id='line_1_58' title="bbox 289 4231 1801 4306; baseline -0.001 -18"><span class='ocrx_word' id='word_1_410' title='bbox 289 4232 456 4289; x_wconf 73' lang='lat' dir='ltr'><strong><em>Vnus.</em></strong></span> <span class='ocrx_word' id='word_1_411' title='bbox 489 4233 574 4289; x_wconf 75' lang='grc'><strong>15.</strong></span> <span class='ocrx_word' id='word_1_412' title='bbox 597 4265 668 4275; x_wconf 91' lang='lat'><strong><em>—</em></strong></span> <span class='ocrx_word' id='word_1_413' title='bbox 711 4231 905 4304; x_wconf 81' lang='lat' dir='ltr'><strong><em>Joseph</em></strong></span> <span class='ocrx_word' id='word_1_414' title='bbox 928 4250 1132 4306; x_wconf 85' lang='lat' dir='ltr'><strong><em>quoque</em></strong></span> <span class='ocrx_word' id='word_1_415' title='bbox 1157 4235 1252 4288; x_wconf 87' lang='lat' dir='ltr'><strong><em>ait.</em></strong></span> <span class='ocrx_word' id='word_1_416' title='bbox 1275 4233 1474 4304; x_wconf 89' lang='lat' dir='ltr'><strong><em>Joseph</em></strong></span> <span class='ocrx_word' id='word_1_417' title='bbox 1509 4241 1693 4288; x_wconf 87' lang='lat' dir='ltr'><strong><em>auctus</em></strong></span> <span class='ocrx_word' id='word_1_418' title='bbox 1714 4231 1801 4287; x_wconf 84' lang='lat' dir='ltr'><strong><em>in-</em></strong></span> 
     </span>
    </p>
   </div>
   <div class='ocr_carea' id='block_1_59' title="bbox 213 4325 1803 4398">
    <p class='ocr_par' dir='ltr' id='par_1_59' title="bbox 213 4325 1803 4398">
     <span class='ocr_line' id='line_1_59' title="bbox 213 4325 1803 4398; baseline -0.001 -14"><span class='ocrx_word' id='word_1_419' title='bbox 213 4335 567 4398; x_wconf 76' lang='lat' dir='ltr'><strong><em>terpretatur.</em></strong></span> <span class='ocrx_word' id='word_1_420' title='bbox 610 4327 708 4382; x_wconf 82' lang='lat' dir='ltr'><strong><em>llic</em></strong></span> <span class='ocrx_word' id='word_1_421' title='bbox 741 4335 826 4382; x_wconf 90' lang='lat' dir='ltr'><strong><em>est</em></strong></span> <span class='ocrx_word' id='word_1_422' title='bbox 872 4326 1142 4393; x_wconf 88' lang='lat' dir='ltr'><strong><em>Christus,</em></strong></span> <span class='ocrx_word' id='word_1_423' title='bbox 1177 4327 1268 4398; x_wconf 91' lang='lat' dir='ltr'><strong><em>qui</em></strong></span> <span class='ocrx_word' id='word_1_424' title='bbox 1309 4342 1341 4382; x_wconf 90' lang='lat' dir='ltr'><strong><em>a</em></strong></span> <span class='ocrx_word' id='word_1_425' title='bbox 1384 4326 1582 4382; x_wconf 64' lang='lat' dir='ltr'><strong><em>Iudaeis</em></strong></span> <span class='ocrx_word' id='word_1_426' title='bbox 1621 4325 1803 4382; x_wconf 88' lang='lat' dir='ltr'><strong><em>fratri-</em></strong></span> 
     </span>
    </p>
   </div>
   <div class='ocr_carea' id='block_1_60' title="bbox 209 4417 1801 4491">
    <p class='ocr_par' dir='ltr' id='par_1_60' title="bbox 209 4417 1801 4491">
     <span class='ocr_line' id='line_1_60' title="bbox 209 4417 1801 4491; baseline -0.001 -16"><span class='ocrx_word' id='word_1_427' title='bbox 209 4420 321 4475; x_wconf 87' lang='lat' dir='ltr'><strong><em>bus</em></strong></span> <span class='ocrx_word' id='word_1_428' title='bbox 356 4419 466 4474; x_wconf 93' lang='lat' dir='ltr'><strong><em>suis</em></strong></span> <span class='ocrx_word' id='word_1_429' title='bbox 492 4419 754 4490; x_wconf 86' lang='lat' dir='ltr'><strong><em>ahjectus,</em></strong></span> <span class='ocrx_word' id='word_1_430' title='bbox 781 4422 835 4474; x_wconf 84' lang='lat' dir='ltr'><strong><em>in</em></strong></span> <span class='ocrx_word' id='word_1_431' title='bbox 861 4417 1094 4491; x_wconf 65' lang='lat' dir='ltr'><strong><em>Egypto</em></strong></span> <span class='ocrx_word' id='word_1_432' title='bbox 1121 4419 1280 4490; x_wconf 87' lang='lat' dir='ltr'><strong><em>hujus</em></strong></span> <span class='ocrx_word' id='word_1_433' title='bbox 1317 4417 1497 4474; x_wconf 83' lang='lat' dir='ltr'><strong><em>saeculi</em></strong></span> <span class='ocrx_word' id='word_1_434' title='bbox 1546 4417 1801 4489; x_wconf 88' lang='lat' dir='ltr'><strong><em>princeps</em></strong></span> 
     </span>
    </p>
   </div>
   <div class='ocr_carea' id='block_1_61' title="bbox 209 4508 1796 4581">
    <p class='ocr_par' dir='ltr' id='par_1_61' title="bbox 209 4508 1796 4581">
     <span class='ocr_line' id='line_1_61' title="bbox 209 4508 1796 4581; baseline -0.003 -14"><span class='ocrx_word' id='word_1_435' title='bbox 209 4509 397 4567; x_wconf 84' lang='lat' dir='ltr'><strong><em>factus</em></strong></span> <span class='ocrx_word' id='word_1_436' title='bbox 425 4518 527 4576; x_wconf 89' lang='lat' dir='ltr'><strong><em>est,</em></strong></span> <span class='ocrx_word' id='word_1_437' title='bbox 555 4519 610 4564; x_wconf 92' lang='lat' dir='ltr'><strong><em>et</em></strong></span> <span class='ocrx_word' id='word_1_438' title='bbox 633 4525 800 4581; x_wconf 89' lang='lat' dir='ltr'><strong><em>genus</em></strong></span> <span class='ocrx_word' id='word_1_439' title='bbox 838 4509 1130 4564; x_wconf 88' lang='lat' dir='ltr'><strong><em>humanum</em></strong></span> <span class='ocrx_word' id='word_1_440' title='bbox 1176 4524 1206 4564; x_wconf 91' lang='lat' dir='ltr'><strong><em>a</em></strong></span> <span class='ocrx_word' id='word_1_441' title='bbox 1238 4509 1398 4563; x_wconf 89' lang='lat' dir='ltr'><strong><em>famis</em></strong></span> <span class='ocrx_word' id='word_1_442' title='bbox 1422 4508 1600 4579; x_wconf 91' lang='lat' dir='ltr'><strong><em>in0pia</em></strong></span> <span class='ocrx_word' id='word_1_443' title='bbox 1630 4523 1796 4563; x_wconf 86' lang='lat' dir='ltr'><strong><em>evan-</em></strong></span> 
     </span>
    </p>
   </div>
   <div class='ocr_carea' id='block_1_62' title="bbox 1912 1940 3490 2014">
    <p class='ocr_par' dir='ltr' id='par_1_62' title="bbox 1912 1940 3490 2014">
     <span class='ocr_line' id='line_1_62' title="bbox 1912 1940 3490 2014; baseline 0.004 -20"><span class='ocrx_word' id='word_1_444' title='bbox 1912 1940 1957 1994; x_wconf 83' lang='lat' dir='ltr'><strong>A</strong></span> <span class='ocrx_word' id='word_1_445' title='bbox 1994 1940 2129 1994; x_wconf 90' lang='lat' dir='ltr'><strong><em>mari</em></strong></span> <span class='ocrx_word' id='word_1_446' title='bbox 2157 1941 2450 1996; x_wconf 86' lang='lat' dir='ltr'><strong><em>abundavit</em></strong></span> <span class='ocrx_word' id='word_1_447' title='bbox 2470 1957 2662 1996; x_wconf 88' lang='lat' dir='ltr'><strong><em>sensus</em></strong></span> <span class='ocrx_word' id='word_1_448' title='bbox 2687 1941 2802 2010; x_wconf 89' lang='lat' dir='ltr'><strong><em>ejus</em></strong></span> <span class='ocrx_word' id='word_1_449' title='bbox 2823 1982 2839 2008; x_wconf 94' lang='lat'><strong><em>,</em></strong></span> <span class='ocrx_word' id='word_1_450' title='bbox 2879 1950 2933 1997; x_wconf 90' lang='lat' dir='ltr'><strong><em>et</em></strong></span> <span class='ocrx_word' id='word_1_451' title='bbox 2963 1942 3232 2014; x_wconf 87' lang='lat' dir='ltr'><strong><em>cogitatus</em></strong></span> <span class='ocrx_word' id='word_1_452' title='bbox 3256 1943 3400 2000; x_wconf 90' lang='lat' dir='ltr'><strong><em>illius</em></strong></span> <span class='ocrx_word' id='word_1_453' title='bbox 3421 1946 3490 2002; x_wconf 90' lang='lat' dir='ltr'><strong><em>de</em></strong></span> 
     </span>
    </p>
   </div>
   <div class='ocr_carea' id='block_1_63' title="bbox 1913 2031 3489 2106">
    <p class='ocr_par' dir='ltr' id='par_1_63' title="bbox 1913 2031 3489 2106">
     <span class='ocr_line' id='line_1_63' title="bbox 1913 2031 3489 2106; baseline 0.005 -21"><span class='ocrx_word' id='word_1_454' title='bbox 1913 2031 2107 2101; x_wconf 85' lang='lat' dir='ltr'><strong><em>abysso</em></strong></span> <span class='ocrx_word' id='word_1_455' title='bbox 2132 2047 2348 2103; x_wconf 87' lang='lat' dir='ltr'><strong><em>magna.</em></strong></span> <span class='ocrx_word' id='word_1_456' title='bbox 2375 2031 2599 2088; x_wconf 88' lang='lat' dir='ltr'><strong><em>Frustra</em></strong></span> <span class='ocrx_word' id='word_1_457' title='bbox 2627 2034 2770 2088; x_wconf 91' lang='lat' dir='ltr'><strong><em>enim</em></strong></span> <span class='ocrx_word' id='word_1_458' title='bbox 2799 2034 3041 2090; x_wconf 80' lang='lat' dir='ltr'><strong><em>exterius</em></strong></span> <span class='ocrx_word' id='word_1_459' title='bbox 3083 2035 3277 2106; x_wconf 89' lang='lat' dir='ltr'><strong><em>irrigat</em></strong></span> <span class='ocrx_word' id='word_1_460' title='bbox 3307 2051 3489 2094; x_wconf 84' lang='lat' dir='ltr'><strong><em>sermo</em></strong></span> 
     </span>
    </p>
   </div>
   <div class='ocr_carea' id='block_1_64' title="bbox 1912 2126 3490 2200">
    <p class='ocr_par' dir='ltr' id='par_1_64' title="bbox 1912 2126 3490 2200">
     <span class='ocr_line' id='line_1_64' title="bbox 1912 2126 3490 2200; baseline 0.004 -18"><span class='ocrx_word' id='word_1_461' title='bbox 1912 2126 2182 2194; x_wconf 90' lang='lat' dir='ltr'><strong><em>doctoris,</em></strong></span> <span class='ocrx_word' id='word_1_462' title='bbox 2215 2128 2318 2184; x_wconf 90' lang='lat' dir='ltr'><strong><em>nisi</em></strong></span> <span class='ocrx_word' id='word_1_463' title='bbox 2351 2128 2491 2200; x_wconf 90' lang='lat' dir='ltr'><strong><em>riget</em></strong></span> <span class='ocrx_word' id='word_1_464' title='bbox 2523 2127 2750 2184; x_wconf 83' lang='lat' dir='ltr'><strong><em>interius</em></strong></span> <span class='ocrx_word' id='word_1_465' title='bbox 2770 2129 2944 2200; x_wconf 89' lang='lat' dir='ltr'><strong><em>gratia</em></strong></span> <span class='ocrx_word' id='word_1_466' title='bbox 2985 2129 3297 2186; x_wconf 87' lang='lat' dir='ltr'><strong><em>conditoris.</em></strong></span> <span class='ocrx_word' id='word_1_467' title='bbox 3333 2130 3490 2188; x_wconf 84' lang='lat' dir='ltr'><strong><em>Unde</em></strong></span> 
     </span>
    </p>
   </div>
   <div class='ocr_carea' id='block_1_65' title="bbox 1911 2204 3337 2290">
    <p class='ocr_par' dir='ltr' id='par_1_65' title="bbox 1911 2204 3337 2290">
     <span class='ocr_line' id='line_1_65' title="bbox 1911 2204 3337 2290; baseline 0.001 -16"><span class='ocrx_word' id='word_1_468' title='bbox 1911 2219 2089 2274; x_wconf 82' lang='lat' dir='ltr'><strong><em>subdit</em></strong></span> <span class='ocrx_word' id='word_1_469' title='bbox 2124 2237 2137 2272; x_wconf 92' lang='lat'><strong><em>:</em></strong></span> <span class='ocrx_word' id='word_1_470' title='bbox 2177 2217 2254 2273; x_wconf 84' lang='lat' dir='ltr'><strong><em>De</em></strong></span> <span class='ocrx_word' id='word_1_471' title='bbox 2279 2220 2446 2290; x_wconf 88' lang='lat' dir='ltr'><strong><em>pomis</em></strong></span> <span class='ocrx_word' id='word_1_472' title='bbox 2467 2204 2678 2273; x_wconf 72' lang='lat' dir='ltr'><strong><em>collium</em></strong></span> <span class='ocrx_word' id='word_1_473' title='bbox 2697 2261 2711 2284; x_wconf 92' lang='lat'><strong><em>,</em></strong></span> <span class='ocrx_word' id='word_1_474' title='bbox 2741 2229 2845 2276; x_wconf 85' lang='lat' dir='ltr'><strong><em>etc.</em></strong></span> <span class='ocrx_word' id='word_1_475' title='bbox 3325 2232 3337 2246; x_wconf 90' lang='lat'><strong><em>&#39;</em></strong></span> 
     </span>
    </p>
   </div>
   <div class='ocr_carea' id='block_1_66' title="bbox 1982 2310 3488 2384">
    <p class='ocr_par' dir='ltr' id='par_1_66' title="bbox 1982 2310 3488 2384">
     <span class='ocr_line' id='line_1_66' title="bbox 1982 2310 3488 2384; baseline 0.003 -18"><span class='ocrx_word' id='word_1_476' title='bbox 1982 2310 2147 2366; x_wconf 77' lang='lat' dir='ltr'><strong><em>Vnus.</em></strong></span> <span class='ocrx_word' id='word_1_477' title='bbox 2178 2311 2264 2366; x_wconf 79' lang='lat' dir='ltr'><strong><em>M.</em></strong></span> <span class='ocrx_word' id='word_1_478' title='bbox 2285 2311 2542 2367; x_wconf 85' lang='lat' dir='ltr'><strong><em>—Solis.</em></strong></span> <span class='ocrx_word' id='word_1_479' title='bbox 2569 2312 2807 2378; x_wconf 90' lang='lat' dir='ltr'><strong><em>Christi,</em></strong></span> <span class='ocrx_word' id='word_1_480' title='bbox 2852 2313 2943 2383; x_wconf 89' lang='lat' dir='ltr'><strong><em>qui</em></strong></span> <span class='ocrx_word' id='word_1_481' title='bbox 2985 2321 3072 2369; x_wconf 88' lang='lat' dir='ltr'><strong><em>est</em></strong></span> <span class='ocrx_word' id='word_1_482' title='bbox 3110 2313 3191 2369; x_wconf 90' lang='lat' dir='ltr'><strong><em>sol</em></strong></span> <span class='ocrx_word' id='word_1_483' title='bbox 3225 2313 3488 2384; x_wconf 66' lang='lat' dir='ltr'><strong><em>iustitia,</em></strong></span> 
     </span>
    </p>
   </div>
   <div class='ocr_carea' id='block_1_67' title="bbox 1908 2385 3481 2475">
    <p class='ocr_par' dir='ltr' id='par_1_67' title="bbox 1908 2385 3481 2475">
     <span class='ocr_line' id='line_1_67' title="bbox 1908 2385 3481 2475; baseline 0.004 -20"><span class='ocrx_word' id='word_1_484' title='bbox 1908 2401 2003 2472; x_wconf 90' lang='lat' dir='ltr'><strong><em>qui</em></strong></span> <span class='ocrx_word' id='word_1_485' title='bbox 2031 2401 2107 2456; x_wconf 91' lang='lat' dir='ltr'><strong><em>ait</em></strong></span> <span class='ocrx_word' id='word_1_486' title='bbox 2138 2419 2151 2455; x_wconf 90' lang='lat'><strong><em>:</em></strong></span> <span class='ocrx_word' id='word_1_487' title='bbox 2185 2385 2480 2472; x_wconf 75' lang='lat' dir='ltr'><strong><em>Fulgebunt</em></strong></span> <span class='ocrx_word' id='word_1_488' title='bbox 2498 2401 2633 2470; x_wconf 83' lang='lat' dir='ltr'><strong><em>justi</em></strong></span> <span class='ocrx_word' id='word_1_489' title='bbox 2660 2402 2791 2456; x_wconf 86' lang='lat' dir='ltr'><strong><em>sicut</em></strong></span> <span class='ocrx_word' id='word_1_490' title='bbox 2816 2403 2896 2456; x_wconf 86' lang='lat' dir='ltr'><strong><em>sol</em></strong></span> <span class='ocrx_word' id='word_1_491' title='bbox 2929 2405 2982 2458; x_wconf 90' lang='lat' dir='ltr'><strong><em>in</em></strong></span> <span class='ocrx_word' id='word_1_492' title='bbox 3014 2420 3170 2475; x_wconf 83' lang='lat' dir='ltr'><strong><em>regno</em></strong></span> <span class='ocrx_word' id='word_1_493' title='bbox 3197 2402 3376 2460; x_wconf 84' lang='lat' dir='ltr'><strong><em>Patris</em></strong></span> <span class='ocrx_word' id='word_1_494' title='bbox 3397 2420 3481 2462; x_wconf 82' lang='lat' dir='ltr'><strong><em>eo-</em></strong></span> 
     </span>
    </p>
   </div>
   <div class='ocr_carea' id='block_1_68' title="bbox 1911 2488 3160 2562">
    <p class='ocr_par' dir='ltr' id='par_1_68' title="bbox 1911 2488 3160 2562">
     <span class='ocr_line' id='line_1_68' title="bbox 1911 2488 3160 2562; baseline 0.002 -18"><span class='ocrx_word' id='word_1_495' title='bbox 1911 2507 2026 2545; x_wconf 86' lang='lat' dir='ltr'><strong><em>rum</em></strong></span> <span class='ocrx_word' id='word_1_496' title='bbox 2053 2488 2264 2562; x_wconf 78' lang='lat' dir='ltr'><strong><em>(Matth.</em></strong></span> <span class='ocrx_word' id='word_1_497' title='bbox 2293 2490 2412 2561; x_wconf 83' lang='lat' dir='ltr'><strong><em>ml)</em></strong></span> <span class='ocrx_word' id='word_1_498' title='bbox 2432 2531 2447 2556; x_wconf 93' lang='lat'><strong><em>,</em></strong></span> <span class='ocrx_word' id='word_1_499' title='bbox 2470 2491 2596 2560; x_wconf 86' lang='lat' dir='ltr'><strong><em>quia</em></strong></span> <span class='ocrx_word' id='word_1_500' title='bbox 2626 2490 2830 2546; x_wconf 88' lang='lat' dir='ltr'><strong><em>similes</em></strong></span> <span class='ocrx_word' id='word_1_501' title='bbox 2858 2491 2906 2547; x_wconf 90' lang='lat' dir='ltr'><strong><em>ei</em></strong></span> <span class='ocrx_word' id='word_1_502' title='bbox 2937 2493 3160 2548; x_wconf 84' lang='lat' dir='ltr'><strong><em>erimus.</em></strong></span> 
     </span>
    </p>
   </div>
   <div class='ocr_carea' id='block_1_69' title="bbox 1980 2578 3488 2654">
    <p class='ocr_par' dir='ltr' id='par_1_69' title="bbox 1980 2578 3488 2654">
     <span class='ocr_line' id='line_1_69' title="bbox 1980 2578 3488 2654; baseline 0.007 -22"><span class='ocrx_word' id='word_1_503' title='bbox 1980 2579 2056 2633; x_wconf 82' lang='lat' dir='ltr'><strong><em>Ac</em></strong></span> <span class='ocrx_word' id='word_1_504' title='bbox 2093 2579 2250 2633; x_wconf 66' lang='lat' dir='ltr'><strong><em>(ante.</em></strong></span> <span class='ocrx_word' id='word_1_505' title='bbox 2279 2578 2562 2646; x_wconf 68' lang='lat' dir='ltr'><strong><em>Ecclesiae,</em></strong></span> <span class='ocrx_word' id='word_1_506' title='bbox 2585 2597 2705 2651; x_wconf 73' lang='lat' dir='ltr'><strong><em>qute</em></strong></span> <span class='ocrx_word' id='word_1_507' title='bbox 2727 2582 2924 2652; x_wconf 90' lang='lat' dir='ltr'><strong><em>accipit</em></strong></span> <span class='ocrx_word' id='word_1_508' title='bbox 2945 2582 3044 2638; x_wconf 90' lang='lat' dir='ltr'><strong><em>hos</em></strong></span> <span class='ocrx_word' id='word_1_509' title='bbox 3067 2583 3274 2641; x_wconf 86' lang='lat' dir='ltr'><strong><em>fructus</em></strong></span> <span class='ocrx_word' id='word_1_510' title='bbox 3295 2599 3325 2640; x_wconf 90' lang='lat' dir='ltr'><strong><em>a</em></strong></span> <span class='ocrx_word' id='word_1_511' title='bbox 3347 2585 3488 2654; x_wconf 79' lang='lat' dir='ltr'><strong><em>sole,</em></strong></span> 
     </span>
    </p>
   </div>
   <div class='ocr_carea' id='block_1_70' title="bbox 1910 2669 3488 2746">
    <p class='ocr_par' dir='ltr' id='par_1_70' title="bbox 1910 2669 3488 2746">
     <span class='ocr_line' id='line_1_70' title="bbox 1910 2669 3488 2746; baseline 0.007 -22"><span class='ocrx_word' id='word_1_512' title='bbox 1910 2669 1964 2724; x_wconf 91' lang='lat' dir='ltr'><strong><em>id</em></strong></span> <span class='ocrx_word' id='word_1_513' title='bbox 1992 2678 2076 2726; x_wconf 89' lang='lat' dir='ltr'><strong><em>est</em></strong></span> <span class='ocrx_word' id='word_1_514' title='bbox 2114 2686 2144 2724; x_wconf 91' lang='lat' dir='ltr'><strong><em>a</em></strong></span> <span class='ocrx_word' id='word_1_515' title='bbox 2191 2669 2409 2726; x_wconf 92' lang='lat' dir='ltr'><strong><em>Christo</em></strong></span> <span class='ocrx_word' id='word_1_516' title='bbox 2440 2687 2692 2743; x_wconf 84' lang='lat' dir='ltr'><strong><em>:semper</em></strong></span> <span class='ocrx_word' id='word_1_517' title='bbox 2723 2674 2886 2743; x_wconf 91' lang='lat' dir='ltr'><strong><em>igitur</em></strong></span> <span class='ocrx_word' id='word_1_518' title='bbox 2925 2674 3093 2730; x_wconf 89' lang='lat' dir='ltr'><strong><em>solem</em></strong></span> <span class='ocrx_word' id='word_1_519' title='bbox 3138 2675 3295 2746; x_wconf 89' lang='lat' dir='ltr'><strong><em>plena</em></strong></span> <span class='ocrx_word' id='word_1_520' title='bbox 3323 2681 3488 2735; x_wconf 88' lang='lat' dir='ltr'><strong><em>devo-</em></strong></span> 
     </span>
    </p>
   </div>
   <div class='ocr_carea' id='block_1_71' title="bbox 1913 2762 3448 2840">
    <p class='ocr_par' dir='ltr' id='par_1_71' title="bbox 1913 2762 3448 2840">
     <span class='ocr_line' id='line_1_71' title="bbox 1913 2762 3448 2840; baseline 0.005 -23"><span class='ocrx_word' id='word_1_521' title='bbox 1913 2762 2060 2819; x_wconf 90' lang='lat' dir='ltr'><strong><em>tione</em></strong></span> <span class='ocrx_word' id='word_1_522' title='bbox 2087 2763 2370 2833; x_wconf 88' lang='lat' dir='ltr'><strong><em>respiciat,</em></strong></span> <span class='ocrx_word' id='word_1_523' title='bbox 2405 2779 2472 2819; x_wconf 90' lang='lat' dir='ltr'><strong><em>ne</em></strong></span> <span class='ocrx_word' id='word_1_524' title='bbox 2499 2763 2786 2836; x_wconf 87' lang='lat' dir='ltr'><strong><em>aliquando</em></strong></span> <span class='ocrx_word' id='word_1_525' title='bbox 2816 2781 3004 2822; x_wconf 89' lang='lat' dir='ltr'><strong><em>aversa</em></strong></span> <span class='ocrx_word' id='word_1_526' title='bbox 3026 2767 3206 2824; x_wconf 89' lang='lat' dir='ltr'><strong><em>lumen</em></strong></span> <span class='ocrx_word' id='word_1_527' title='bbox 3237 2769 3448 2840; x_wconf 87' lang='lat' dir='ltr'><strong><em>perdat.</em></strong></span> 
     </span>
    </p>
   </div>
   <div class='ocr_carea' id='block_1_72' title="bbox 1981 2854 3486 2927">
    <p class='ocr_par' dir='ltr' id='par_1_72' title="bbox 1981 2854 3486 2927">
     <span class='ocr_line' id='line_1_72' title="bbox 1981 2854 3486 2927; baseline 0.006 -17"><span class='ocrx_word' id='word_1_528' title='bbox 1981 2854 2144 2911; x_wconf 69' lang='lat' dir='ltr'><strong><em>Vnus.</em></strong></span> <span class='ocrx_word' id='word_1_529' title='bbox 2178 2854 2266 2910; x_wconf 70' lang='lat'><strong><em>15.</em></strong></span> <span class='ocrx_word' id='word_1_530' title='bbox 2289 2885 2359 2896; x_wconf 92' lang='lat'><strong>——</strong></span> <span class='ocrx_word' id='word_1_531' title='bbox 2386 2855 2465 2910; x_wconf 89' lang='lat' dir='ltr'><strong><em>De</em></strong></span> <span class='ocrx_word' id='word_1_532' title='bbox 2503 2858 2670 2927; x_wconf 87' lang='lat' dir='ltr'><strong><em>pontis</em></strong></span> <span class='ocrx_word' id='word_1_533' title='bbox 2706 2857 2916 2912; x_wconf 90' lang='lat' dir='ltr'><strong><em>collium</em></strong></span> <span class='ocrx_word' id='word_1_534' title='bbox 2945 2869 3276 2915; x_wconf 78' lang='lat' dir='ltr'><strong><em>ceternorum.</em></strong></span> <span class='ocrx_word' id='word_1_535' title='bbox 3308 2860 3486 2919; x_wconf 85' lang='lat' dir='ltr'><strong><em>Colles</em></strong></span> 
     </span>
    </p>
   </div>
   <div class='ocr_carea' id='block_1_73' title="bbox 1906 2947 3488 3023">
    <p class='ocr_par' dir='ltr' id='par_1_73' title="bbox 1906 2947 3488 3023">
     <span class='ocr_line' id='line_1_73' title="bbox 1906 2947 3488 3023; baseline 0.003 -19"><span class='ocrx_word' id='word_1_536' title='bbox 1906 2950 2094 3004; x_wconf 60' lang='grc' dir='ltr'><strong><em>ειεξτηί</em></strong></span> <span class='ocrx_word' id='word_1_537' title='bbox 2138 2949 2322 3005; x_wconf 88' lang='lat' dir='ltr'><strong><em>fideles</em></strong></span> <span class='ocrx_word' id='word_1_538' title='bbox 2361 2947 2573 3006; x_wconf 81' lang='lat' dir='ltr'><strong><em>Veteris</em></strong></span> <span class='ocrx_word' id='word_1_539' title='bbox 2617 2951 2946 3006; x_wconf 90' lang='lat' dir='ltr'><strong><em>Testamenti</em></strong></span> <span class='ocrx_word' id='word_1_540' title='bbox 2993 2954 3084 3023; x_wconf 92' lang='lat' dir='ltr'><strong><em>qui</em></strong></span> <span class='ocrx_word' id='word_1_541' title='bbox 3130 2953 3360 3009; x_wconf 88' lang='lat' dir='ltr'><strong><em>humiles</em></strong></span> <span class='ocrx_word' id='word_1_542' title='bbox 3389 2954 3488 3010; x_wconf 75' lang='lat' dir='ltr'><strong><em>lilii</em></strong></span> 
     </span>
    </p>
   </div>
   <div class='ocr_carea' id='block_1_74' title="bbox 1909 3036 3482 3115">
    <p class='ocr_par' dir='ltr' id='par_1_74' title="bbox 1909 3036 3482 3115">
     <span class='ocr_line' id='line_1_74' title="bbox 1909 3036 3482 3115; baseline 0.003 -21"><span class='ocrx_word' id='word_1_543' title='bbox 1909 3036 2169 3094; x_wconf 89' lang='lat' dir='ltr'><strong><em>immobili</em></strong></span> <span class='ocrx_word' id='word_1_544' title='bbox 2197 3038 2454 3094; x_wconf 88' lang='lat' dir='ltr'><strong><em>firmitate</em></strong></span> <span class='ocrx_word' id='word_1_545' title='bbox 2503 3041 2555 3095; x_wconf 91' lang='lat' dir='ltr'><strong><em>in</em></strong></span> <span class='ocrx_word' id='word_1_546' title='bbox 2597 3041 2698 3096; x_wconf 87' lang='lat' dir='ltr'><strong><em>fide</em></strong></span> <span class='ocrx_word' id='word_1_547' title='bbox 2738 3043 3122 3113; x_wconf 88' lang='lat' dir='ltr'><strong><em>prophetarum</em></strong></span> <span class='ocrx_word' id='word_1_548' title='bbox 3153 3051 3208 3099; x_wconf 90' lang='lat' dir='ltr'><strong><em>et</em></strong></span> <span class='ocrx_word' id='word_1_549' title='bbox 3246 3044 3482 3115; x_wconf 86' lang='lat' dir='ltr'><strong><em>patriar-</em></strong></span> 
     </span>
    </p>
   </div>
   <div class='ocr_carea' id='block_1_75' title="bbox 1908 3128 3488 3200">
    <p class='ocr_par' dir='ltr' id='par_1_75' title="bbox 1908 3128 3488 3200">
     <span class='ocr_line' id='line_1_75' title="bbox 1908 3128 3488 3200; baseline 0.006 -17"><span class='ocrx_word' id='word_1_550' title='bbox 1908 3129 2134 3184; x_wconf 87' lang='lat' dir='ltr'><strong><em>charum</em></strong></span> <span class='ocrx_word' id='word_1_551' title='bbox 2162 3128 2372 3184; x_wconf 83' lang='lat' dir='ltr'><strong><em>fundati</em></strong></span> <span class='ocrx_word' id='word_1_552' title='bbox 2403 3131 2567 3200; x_wconf 69' lang='lat' dir='ltr'><strong><em>(‘unde</em></strong></span> <span class='ocrx_word' id='word_1_553' title='bbox 2600 3146 2614 3186; x_wconf 90' lang='lat'><strong><em>:</em></strong></span> <span class='ocrx_word' id='word_1_554' title='bbox 2651 3131 2803 3188; x_wconf 76' lang='lat' dir='ltr'><strong><em>Mons</em></strong></span> <span class='ocrx_word' id='word_1_555' title='bbox 2844 3133 3031 3189; x_wconf 89' lang='lat' dir='ltr'><strong><em>domus</em></strong></span> <span class='ocrx_word' id='word_1_556' title='bbox 3074 3134 3288 3190; x_wconf 87' lang='lat' dir='ltr'><strong><em>Domini</em></strong></span> <span class='ocrx_word' id='word_1_557' title='bbox 3318 3135 3488 3192; x_wconf 56' lang='lat' dir='ltr'><strong><em>eleva-</em></strong></span> 
     </span>
    </p>
   </div>
   <div class='ocr_carea' id='block_1_76' title="bbox 1908 3221 3488 3298">
    <p class='ocr_par' dir='ltr' id='par_1_76' title="bbox 1908 3221 3488 3298">
     <span class='ocr_line' id='line_1_76' title="bbox 1908 3221 3488 3298; baseline 0.007 -24"><span class='ocrx_word' id='word_1_558' title='bbox 1908 3222 2048 3275; x_wconf 88' lang='lat' dir='ltr'><strong><em>bitur</em></strong></span> <span class='ocrx_word' id='word_1_559' title='bbox 2067 3238 2224 3293; x_wconf 88' lang='lat' dir='ltr'><strong><em>super</em></strong></span> <span class='ocrx_word' id='word_1_560' title='bbox 2243 3222 2399 3277; x_wconf 89' lang='lat' dir='ltr'><strong><em>colles</em></strong></span> <span class='ocrx_word' id='word_1_561' title='bbox 2416 3221 2551 3295; x_wconf 85' lang='lat' dir='ltr'><strong><em>[Isa.</em></strong></span> <span class='ocrx_word' id='word_1_562' title='bbox 2577 3223 2662 3295; x_wconf 68' lang='lat' dir='ltr'><strong><em>ul)</em></strong></span> <span class='ocrx_word' id='word_1_563' title='bbox 2685 3239 2913 3293; x_wconf 90' lang='lat' dir='ltr'><strong><em>quorum</em></strong></span> <span class='ocrx_word' id='word_1_564' title='bbox 2935 3226 3112 3296; x_wconf 89' lang='lat' dir='ltr'><strong><em>pomis</em></strong></span> <span class='ocrx_word' id='word_1_565' title='bbox 3125 3234 3267 3282; x_wconf 88' lang='lat' dir='ltr'><strong><em>terra</em></strong></span> <span class='ocrx_word' id='word_1_566' title='bbox 3288 3225 3488 3298; x_wconf 83' lang='lat' dir='ltr'><strong><em>Joseph</em></strong></span> 
     </span>
    </p>
   </div>
   <div class='ocr_carea' id='block_1_77' title="bbox 1906 3312 3487 3388">
    <p class='ocr_par' dir='ltr' id='par_1_77' title="bbox 1906 3312 3487 3388">
     <span class='ocr_line' id='line_1_77' title="bbox 1906 3312 3487 3388; baseline 0.004 -20"><span class='ocrx_word' id='word_1_567' title='bbox 1906 3312 2263 3377; x_wconf 88' lang='lat' dir='ltr'><strong><em>benedicitur,</em></strong></span> <span class='ocrx_word' id='word_1_568' title='bbox 2297 3328 2420 3368; x_wconf 92' lang='lat' dir='ltr'><strong><em>cum</em></strong></span> <span class='ocrx_word' id='word_1_569' title='bbox 2451 3313 2690 3369; x_wconf 87' lang='lat' dir='ltr'><strong><em>Ecclesia</em></strong></span> <span class='ocrx_word' id='word_1_570' title='bbox 2722 3313 2923 3370; x_wconf 89' lang='lat' dir='ltr'><strong><em>Christi</em></strong></span> <span class='ocrx_word' id='word_1_571' title='bbox 2963 3317 3208 3372; x_wconf 89' lang='lat' dir='ltr'><strong><em>doctrina</em></strong></span> <span class='ocrx_word' id='word_1_572' title='bbox 3251 3319 3487 3388; x_wconf 83' lang='lat' dir='ltr'><strong><em>prophe-</em></strong></span> 
     </span>
    </p>
   </div>
   <div class='ocr_carea' id='block_1_78' title="bbox 1907 3405 3486 3476">
    <p class='ocr_par' dir='ltr' id='par_1_78' title="bbox 1907 3405 3486 3476">
     <span class='ocr_line' id='line_1_78' title="bbox 1907 3405 3486 3476; baseline 0.004 -16"><span class='ocrx_word' id='word_1_573' title='bbox 1907 3407 2026 3471; x_wconf 64' lang='lat' dir='ltr'><strong><em>tiae,</em></strong></span> <span class='ocrx_word' id='word_1_574' title='bbox 2055 3405 2301 3476; x_wconf 80' lang='lat' dir='ltr'><strong><em>exemplo</em></strong></span> <span class='ocrx_word' id='word_1_575' title='bbox 2326 3406 2572 3472; x_wconf 89' lang='lat' dir='ltr'><strong><em>virtutis,</em></strong></span> <span class='ocrx_word' id='word_1_576' title='bbox 2603 3406 2657 3462; x_wconf 90' lang='lat' dir='ltr'><strong><em>in</em></strong></span> <span class='ocrx_word' id='word_1_577' title='bbox 2688 3407 2794 3462; x_wconf 90' lang='lat' dir='ltr'><strong><em>fide</em></strong></span> <span class='ocrx_word' id='word_1_578' title='bbox 2842 3406 3150 3464; x_wconf 89' lang='lat' dir='ltr'><strong><em>fructificat.</em></strong></span> <span class='ocrx_word' id='word_1_579' title='bbox 3193 3408 3262 3464; x_wconf 91' lang='lat' dir='ltr'><strong><em>Et</em></strong></span> <span class='ocrx_word' id='word_1_580' title='bbox 3290 3418 3486 3467; x_wconf 86' lang='lat' dir='ltr'><strong><em>notan-</em></strong></span> 
     </span>
    </p>
   </div>
   <div class='ocr_carea' id='block_1_79' title="bbox 1907 3495 3485 3569">
    <p class='ocr_par' dir='ltr' id='par_1_79' title="bbox 1907 3495 3485 3569">
     <span class='ocr_line' id='line_1_79' title="bbox 1907 3495 3485 3569; baseline 0.004 -18"><span class='ocrx_word' id='word_1_581' title='bbox 1907 3495 2059 3559; x_wconf 90' lang='lat' dir='ltr'><strong><em>dum,</em></strong></span> <span class='ocrx_word' id='word_1_582' title='bbox 2101 3495 2228 3567; x_wconf 89' lang='lat' dir='ltr'><strong><em>quia</em></strong></span> <span class='ocrx_word' id='word_1_583' title='bbox 2269 3510 2430 3568; x_wconf 90' lang='lat' dir='ltr'><strong><em>supra</em></strong></span> <span class='ocrx_word' id='word_1_584' title='bbox 2477 3497 2533 3552; x_wconf 92' lang='lat' dir='ltr'><strong><em>in</em></strong></span> <span class='ocrx_word' id='word_1_585' title='bbox 2583 3497 2759 3569; x_wconf 89' lang='lat' dir='ltr'><strong><em>pomis</em></strong></span> <span class='ocrx_word' id='word_1_586' title='bbox 2807 3507 2863 3553; x_wconf 91' lang='lat' dir='ltr'><strong><em>et</em></strong></span> <span class='ocrx_word' id='word_1_587' title='bbox 2907 3513 3031 3554; x_wconf 89' lang='lat' dir='ltr'><strong><em>rore</em></strong></span> <span class='ocrx_word' id='word_1_588' title='bbox 3071 3497 3194 3555; x_wconf 69' lang='lat' dir='ltr'><strong><em>caeli</em></strong></span> <span class='ocrx_word' id='word_1_589' title='bbox 3235 3499 3485 3558; x_wconf 78' lang='lat' dir='ltr'><strong><em>doctrina</em></strong></span> 
     </span>
    </p>
   </div>
   <div class='ocr_carea' id='block_1_80' title="bbox 1906 3587 3486 3661">
    <p class='ocr_par' dir='ltr' id='par_1_80' title="bbox 1906 3587 3486 3661">
     <span class='ocr_line' id='line_1_80' title="bbox 1906 3587 3486 3661; baseline 0.003 -17"><span class='ocrx_word' id='word_1_590' title='bbox 1906 3587 2244 3658; x_wconf 78' lang='lat' dir='ltr'><strong><em>evangelica,</em></strong></span> <span class='ocrx_word' id='word_1_591' title='bbox 2275 3588 2364 3644; x_wconf 92' lang='lat' dir='ltr'><strong><em>hic</em></strong></span> <span class='ocrx_word' id='word_1_592' title='bbox 2412 3589 2467 3643; x_wconf 92' lang='lat' dir='ltr'><strong><em>in</em></strong></span> <span class='ocrx_word' id='word_1_593' title='bbox 2511 3592 2714 3648; x_wconf 87' lang='lat' dir='ltr'><strong><em>vertice</em></strong></span> <span class='ocrx_word' id='word_1_594' title='bbox 2743 3592 3090 3661; x_wconf 89' lang='lat' dir='ltr'><strong><em>antiquorum</em></strong></span> <span class='ocrx_word' id='word_1_595' title='bbox 3133 3593 3398 3648; x_wconf 88' lang='lat' dir='ltr'><strong><em>montium</em></strong></span> <span class='ocrx_word' id='word_1_596' title='bbox 3429 3601 3486 3650; x_wconf 92' lang='lat' dir='ltr'><strong><em>et</em></strong></span> 
     </span>
    </p>
   </div>
   <div class='ocr_carea' id='block_1_81' title="bbox 1903 3677 3484 3753">
    <p class='ocr_par' dir='ltr' id='par_1_81' title="bbox 1903 3677 3484 3753">
     <span class='ocr_line' id='line_1_81' title="bbox 1903 3677 3484 3753; baseline 0.004 -21"><span class='ocrx_word' id='word_1_597' title='bbox 1903 3679 2079 3749; x_wconf 89' lang='lat' dir='ltr'><strong><em>pomis</em></strong></span> <span class='ocrx_word' id='word_1_598' title='bbox 2108 3677 2322 3734; x_wconf 91' lang='lat' dir='ltr'><strong><em>collium</em></strong></span> <span class='ocrx_word' id='word_1_599' title='bbox 2368 3685 2694 3734; x_wconf 55' lang='lat' dir='ltr'><strong><em>aeternorum</em></strong></span> <span class='ocrx_word' id='word_1_600' title='bbox 2712 3721 2727 3747; x_wconf 93' lang='lat'><strong><em>,</em></strong></span> <span class='ocrx_word' id='word_1_601' title='bbox 2754 3679 2941 3753; x_wconf 89' lang='lat' dir='ltr'><strong><em>legalis</em></strong></span> <span class='ocrx_word' id='word_1_602' title='bbox 2967 3692 3021 3737; x_wconf 90' lang='lat' dir='ltr'><strong><em>et</em></strong></span> <span class='ocrx_word' id='word_1_603' title='bbox 3052 3682 3366 3752; x_wconf 86' lang='lat' dir='ltr'><strong><em>prophetica</em></strong></span> <span class='ocrx_word' id='word_1_604' title='bbox 3409 3683 3484 3740; x_wconf 84' lang='lat' dir='ltr'><strong><em>si-</em></strong></span> 
     </span>
    </p>
   </div>
   <div class='ocr_carea' id='block_1_82' title="bbox 1905 3769 3484 3843">
    <p class='ocr_par' dir='ltr' id='par_1_82' title="bbox 1905 3769 3484 3843">
     <span class='ocr_line' id='line_1_82' title="bbox 1905 3769 3484 3843; baseline 0.003 -19"><span class='ocrx_word' id='word_1_605' title='bbox 1905 3777 2119 3839; x_wconf 88' lang='lat' dir='ltr'><strong><em>gnatur,</em></strong></span> <span class='ocrx_word' id='word_1_606' title='bbox 2145 3777 2200 3825; x_wconf 91' lang='lat' dir='ltr'><strong><em>et</em></strong></span> <span class='ocrx_word' id='word_1_607' title='bbox 2249 3769 2491 3840; x_wconf 85' lang='lat' dir='ltr'><strong><em>utrisque</em></strong></span> <span class='ocrx_word' id='word_1_608' title='bbox 2519 3778 2662 3825; x_wconf 87' lang='lat' dir='ltr'><strong><em>terra</em></strong></span> <span class='ocrx_word' id='word_1_609' title='bbox 2697 3769 2895 3842; x_wconf 81' lang='lat' dir='ltr'><strong><em>Joseph</em></strong></span> <span class='ocrx_word' id='word_1_610' title='bbox 2937 3770 3326 3843; x_wconf 87' lang='lat' dir='ltr'><strong><em>locupletatur;</em></strong></span> <span class='ocrx_word' id='word_1_611' title='bbox 3357 3775 3484 3843; x_wconf 86' lang='lat' dir='ltr'><strong><em>quia</em></strong></span> 
     </span>
    </p>
   </div>
   <div class='ocr_carea' id='block_1_83' title="bbox 1904 3859 3485 3934">
    <p class='ocr_par' dir='ltr' id='par_1_83' title="bbox 1904 3859 3485 3934">
     <span class='ocr_line' id='line_1_83' title="bbox 1904 3859 3485 3934; baseline 0.001 -17"><span class='ocrx_word' id='word_1_612' title='bbox 1904 3870 2089 3917; x_wconf 89' lang='lat' dir='ltr'><strong><em>sancta</em></strong></span> <span class='ocrx_word' id='word_1_613' title='bbox 2137 3859 2374 3917; x_wconf 85' lang='lat' dir='ltr'><strong><em>Ecclesia</em></strong></span> <span class='ocrx_word' id='word_1_614' title='bbox 2433 3861 2712 3932; x_wconf 89' lang='lat' dir='ltr'><strong><em>utriusque</em></strong></span> <span class='ocrx_word' id='word_1_615' title='bbox 2752 3861 3087 3918; x_wconf 87' lang='lat' dir='ltr'><strong><em>Testamenti</em></strong></span> <span class='ocrx_word' id='word_1_616' title='bbox 3139 3864 3379 3934; x_wconf 87' lang='lat' dir='ltr'><strong><em>paginis,</em></strong></span> <span class='ocrx_word' id='word_1_617' title='bbox 3427 3872 3485 3918; x_wconf 90' lang='lat' dir='ltr'><strong><em>et</em></strong></span> 
     </span>
    </p>
   </div>
   <div class='ocr_carea' id='block_1_84' title="bbox 1903 3952 3480 4025">
    <p class='ocr_par' dir='ltr' id='par_1_84' title="bbox 1903 3952 3480 4025">
     <span class='ocr_line' id='line_1_84' title="bbox 1903 3952 3480 4025; baseline 0.001 -17"><span class='ocrx_word' id='word_1_618' title='bbox 1903 3966 2165 4009; x_wconf 90' lang='lat' dir='ltr'><strong><em>novorum</em></strong></span> <span class='ocrx_word' id='word_1_619' title='bbox 2215 3963 2269 4008; x_wconf 93' lang='lat' dir='ltr'><strong><em>et</em></strong></span> <span class='ocrx_word' id='word_1_620' title='bbox 2297 3961 2539 4009; x_wconf 90' lang='lat' dir='ltr'><strong><em>veterum</em></strong></span> <span class='ocrx_word' id='word_1_621' title='bbox 2583 3952 2803 4008; x_wconf 88' lang='lat' dir='ltr'><strong><em>Patrum</em></strong></span> <span class='ocrx_word' id='word_1_622' title='bbox 2833 3954 3098 4025; x_wconf 81' lang='lat' dir='ltr'><strong><em>exemplis</em></strong></span> <span class='ocrx_word' id='word_1_623' title='bbox 3127 3955 3480 4021; x_wconf 80' lang='lat' dir='ltr'><strong><em>informatur;</em></strong></span> 
     </span>
    </p>
   </div>
   <div class='ocr_carea' id='block_1_85' title="bbox 1902 4044 3484 4116">
    <p class='ocr_par' dir='ltr' id='par_1_85' title="bbox 1902 4044 3484 4116">
     <span class='ocr_line' id='line_1_85' title="bbox 1902 4044 3484 4116; baseline 0.001 -15"><span class='ocrx_word' id='word_1_624' title='bbox 1902 4045 2044 4102; x_wconf 90' lang='lat' dir='ltr'><strong><em>unde</em></strong></span> <span class='ocrx_word' id='word_1_625' title='bbox 2073 4065 2086 4101; x_wconf 91' lang='lat'><strong><em>:</em></strong></span> <span class='ocrx_word' id='word_1_626' title='bbox 2120 4044 2311 4102; x_wconf 89' lang='lat' dir='ltr'><strong><em>Omnia</em></strong></span> <span class='ocrx_word' id='word_1_627' title='bbox 2339 4063 2496 4116; x_wconf 89' lang='lat' dir='ltr'><strong><em>poma</em></strong></span> <span class='ocrx_word' id='word_1_628' title='bbox 2515 4087 2528 4112; x_wconf 94' lang='lat'><strong><em>,</em></strong></span> <span class='ocrx_word' id='word_1_629' title='bbox 2572 4045 2756 4100; x_wconf 86' lang='lat' dir='ltr'><strong><em>dilecte</em></strong></span> <span class='ocrx_word' id='word_1_630' title='bbox 2785 4046 2857 4100; x_wconf 89' lang='lat' dir='ltr'><strong><em>mi</em></strong></span> <span class='ocrx_word' id='word_1_631' title='bbox 2875 4087 2890 4112; x_wconf 93' lang='lat'><strong><em>,</em></strong></span> <span class='ocrx_word' id='word_1_632' title='bbox 2920 4046 2973 4102; x_wconf 94' lang='lat' dir='ltr'><strong><em>id</em></strong></span> <span class='ocrx_word' id='word_1_633' title='bbox 3003 4055 3112 4112; x_wconf 88' lang='lat' dir='ltr'><strong><em>est,</em></strong></span> <span class='ocrx_word' id='word_1_634' title='bbox 3143 4063 3273 4102; x_wconf 84' lang='lat' dir='ltr'><strong><em>nova</em></strong></span> <span class='ocrx_word' id='word_1_635' title='bbox 3310 4058 3359 4102; x_wconf 90' lang='lat' dir='ltr'><strong><em>et</em></strong></span> <span class='ocrx_word' id='word_1_636' title='bbox 3400 4064 3484 4102; x_wconf 74' lang='lat' dir='ltr'><strong><em>ue-</em></strong></span> 
     </span>
    </p>
   </div>
   <div class='ocr_carea' id='block_1_86' title="bbox 1903 4136 3482 4210">
    <p class='ocr_par' dir='ltr' id='par_1_86' title="bbox 1903 4136 3482 4210">
     <span class='ocr_line' id='line_1_86' title="bbox 1903 4136 3482 4210; baseline 0.001 -18"><span class='ocrx_word' id='word_1_637' title='bbox 1903 4148 2011 4192; x_wconf 88' lang='lat' dir='ltr'><strong><em>tera</em></strong></span> <span class='ocrx_word' id='word_1_638' title='bbox 2046 4138 2245 4193; x_wconf 79' lang='lat' dir='ltr'><strong><em>servavi</em></strong></span> <span class='ocrx_word' id='word_1_639' title='bbox 2271 4137 2363 4192; x_wconf 89' lang='lat' dir='ltr'><strong><em>tibi</em></strong></span> <span class='ocrx_word' id='word_1_640' title='bbox 2392 4137 2570 4209; x_wconf 86' lang='lat' dir='ltr'><strong><em>(Cant.</em></strong></span> <span class='ocrx_word' id='word_1_641' title='bbox 2595 4137 2694 4210; x_wconf 85' lang='lat' dir='ltr'><strong><em>vn)</em></strong></span> <span class='ocrx_word' id='word_1_642' title='bbox 2737 4146 2792 4192; x_wconf 93' lang='lat' dir='ltr'><strong><em>et</em></strong></span> <span class='ocrx_word' id='word_1_643' title='bbox 2821 4153 2835 4192; x_wconf 88' lang='lat'><strong><em>:</em></strong></span> <span class='ocrx_word' id='word_1_644' title='bbox 2867 4136 3049 4193; x_wconf 86' lang='lat' dir='ltr'><strong><em>Omnis</em></strong></span> <span class='ocrx_word' id='word_1_645' title='bbox 3088 4140 3260 4193; x_wconf 87' lang='lat' dir='ltr'><strong><em>scriba</em></strong></span> <span class='ocrx_word' id='word_1_646' title='bbox 3297 4139 3482 4194; x_wconf 87' lang='lat' dir='ltr'><strong><em>doctus</em></strong></span> 
     </span>
    </p>
   </div>
   <div class='ocr_carea' id='block_1_87' title="bbox 1899 4228 3479 4302">
    <p class='ocr_par' dir='ltr' id='par_1_87' title="bbox 1899 4228 3479 4302">
     <span class='ocr_line' id='line_1_87' title="bbox 1899 4228 3479 4302; baseline -0.001 -17"><span class='ocrx_word' id='word_1_647' title='bbox 1899 4231 2098 4302; x_wconf 77' lang='lat' dir='ltr'><strong><em>profert</em></strong></span> <span class='ocrx_word' id='word_1_648' title='bbox 2122 4238 2186 4285; x_wconf 84' lang='lat' dir='ltr'><strong><em>de</em></strong></span> <span class='ocrx_word' id='word_1_649' title='bbox 2212 4231 2456 4284; x_wconf 86' lang='lat' dir='ltr'><strong><em>thesauro</em></strong></span> <span class='ocrx_word' id='word_1_650' title='bbox 2497 4246 2592 4285; x_wconf 92' lang='lat' dir='ltr'><strong><em>suo</em></strong></span> <span class='ocrx_word' id='word_1_651' title='bbox 2633 4246 2766 4284; x_wconf 78' lang='lat' dir='ltr'><strong><em>nova</em></strong></span> <span class='ocrx_word' id='word_1_652' title='bbox 2799 4239 2847 4284; x_wconf 92' lang='lat' dir='ltr'><strong><em>et</em></strong></span> <span class='ocrx_word' id='word_1_653' title='bbox 2877 4239 3047 4284; x_wconf 70' lang='lat' dir='ltr'><strong><em>cetera</em></strong></span> <span class='ocrx_word' id='word_1_654' title='bbox 3080 4228 3293 4300; x_wconf 79' lang='lat' dir='ltr'><strong><em>(Matth.</em></strong></span> <span class='ocrx_word' id='word_1_655' title='bbox 3337 4230 3479 4300; x_wconf 80' lang='lat' dir='ltr'><strong><em>xm).</em></strong></span> 
     </span>
    </p>
   </div>
   <div class='ocr_carea' id='block_1_88' title="bbox 1901 4318 3482 4393">
    <p class='ocr_par' dir='ltr' id='par_1_88' title="bbox 1901 4318 3482 4393">
     <span class='ocr_line' id='line_1_88' title="bbox 1901 4318 3482 4393; baseline -0.001 -17"><span class='ocrx_word' id='word_1_656' title='bbox 1901 4321 2179 4377; x_wconf 80' lang='lat' dir='ltr'><strong><em>Manichaei</em></strong></span> <span class='ocrx_word' id='word_1_657' title='bbox 2206 4336 2335 4393; x_wconf 85' lang='lat' dir='ltr'><strong><em>ergo</em></strong></span> <span class='ocrx_word' id='word_1_658' title='bbox 2357 4330 2411 4376; x_wconf 91' lang='lat' dir='ltr'><strong><em>et</em></strong></span> <span class='ocrx_word' id='word_1_659' title='bbox 2430 4319 2600 4376; x_wconf 65' lang='lat' dir='ltr'><strong><em>Judaei</em></strong></span> <span class='ocrx_word' id='word_1_660' title='bbox 2641 4321 2790 4392; x_wconf 85' lang='lat' dir='ltr'><strong><em>(quia</em></strong></span> <span class='ocrx_word' id='word_1_661' title='bbox 2819 4320 2892 4374; x_wconf 89' lang='lat' dir='ltr'><strong><em>illi</em></strong></span> <span class='ocrx_word' id='word_1_662' title='bbox 2922 4321 3120 4384; x_wconf 70' lang='lat' dir='ltr'><strong><em>Vetus,</em></strong></span> <span class='ocrx_word' id='word_1_663' title='bbox 3155 4319 3242 4374; x_wconf 91' lang='lat' dir='ltr'><strong><em>isti</em></strong></span> <span class='ocrx_word' id='word_1_664' title='bbox 3274 4318 3482 4374; x_wconf 81' lang='lat' dir='ltr'><strong><em>Novum</em></strong></span> 
     </span>
    </p>
   </div>
   <div class='ocr_carea' id='block_1_89' title="bbox 1902 4411 3479 4484">
    <p class='ocr_par' dir='ltr' id='par_1_89' title="bbox 1902 4411 3479 4484">
     <span class='ocr_line' id='line_1_89' title="bbox 1902 4411 3479 4484; baseline 0 -17"><span class='ocrx_word' id='word_1_665' title='bbox 1902 4414 2308 4470; x_wconf 88' lang='lat' dir='ltr'><strong><em>Testamentum</em></strong></span> <span class='ocrx_word' id='word_1_666' title='bbox 2344 4430 2452 4470; x_wconf 93' lang='lat' dir='ltr'><strong><em>non</em></strong></span> <span class='ocrx_word' id='word_1_667' title='bbox 2501 4413 2790 4484; x_wconf 89' lang='lat' dir='ltr'><strong><em>recipiunt)</em></strong></span> <span class='ocrx_word' id='word_1_668' title='bbox 2822 4411 2876 4466; x_wconf 93' lang='lat' dir='ltr'><strong><em>in</em></strong></span> <span class='ocrx_word' id='word_1_669' title='bbox 2907 4412 3009 4466; x_wconf 87' lang='lat' dir='ltr'><strong><em>hac</em></strong></span> <span class='ocrx_word' id='word_1_670' title='bbox 3049 4418 3195 4466; x_wconf 90' lang='lat' dir='ltr'><strong><em>terra</em></strong></span> <span class='ocrx_word' id='word_1_671' title='bbox 3223 4411 3479 4482; x_wconf 79' lang='lat' dir='ltr'><strong><em>opulenta</em></strong></span> 
     </span>
    </p>
   </div>
   <div class='ocr_carea' id='block_1_90' title="bbox 1900 4505 2540 4574">
    <p class='ocr_par' dir='ltr' id='par_1_90' title="bbox 1900 4505 2540 4574">
     <span class='ocr_line' id='line_1_90' title="bbox 1900 4505 2540 4574; baseline -0.005 -14"><span class='ocrx_word' id='word_1_672' title='bbox 1900 4505 2222 4560; x_wconf 76' lang='lat' dir='ltr'><strong><em>hmreditare</em></strong></span> <span class='ocrx_word' id='word_1_673' title='bbox 2248 4513 2540 4574; x_wconf 85' lang='lat' dir='ltr'><strong><em>nequeunt.</em></strong></span> 
     </span>
    </p>
   </div>
   <div class='ocr_carea' id='block_1_91' title="bbox 211 4592 3484 4673">
    <p class='ocr_par' dir='ltr' id='par_1_91' title="bbox 211 4592 3484 4673">
     <span class='ocr_line' id='line_1_91' title="bbox 211 4592 3484 4673; baseline -0.001 -18"><span class='ocrx_word' id='word_1_674' title='bbox 211 4601 379 4673; x_wconf 88' lang='lat' dir='ltr'><strong><em>gelici</em></strong></span> <span class='ocrx_word' id='word_1_675' title='bbox 411 4599 664 4656; x_wconf 89' lang='lat' dir='ltr'><strong><em>frumenti</em></strong></span> <span class='ocrx_word' id='word_1_676' title='bbox 689 4599 1087 4671; x_wconf 85' lang='lat' dir='ltr'><strong><em>dispensatione</em></strong></span> <span class='ocrx_word' id='word_1_677' title='bbox 1111 4599 1398 4657; x_wconf 89' lang='lat' dir='ltr'><strong><em>liberavit:</em></strong></span> <span class='ocrx_word' id='word_1_678' title='bbox 1425 4599 1519 4670; x_wconf 90' lang='lat' dir='ltr'><strong><em>qui</em></strong></span> <span class='ocrx_word' id='word_1_679' title='bbox 1545 4607 1628 4654; x_wconf 88' lang='lat' dir='ltr'><strong><em>est</em></strong></span> <span class='ocrx_word' id='word_1_680' title='bbox 1667 4613 1794 4654; x_wconf 90' lang='lat' dir='ltr'><strong><em>vere</em></strong></span> <span class='ocrx_word' id='word_1_681' title='bbox 1818 4598 1874 4660; x_wconf 87' lang='lat' dir='ltr'><strong><em>D</em></strong></span> <span class='ocrx_word' id='word_1_682' title='bbox 1972 4594 2137 4649; x_wconf 78' lang='lat' dir='ltr'><strong><em>Vizns.</em></strong></span> <span class='ocrx_word' id='word_1_683' title='bbox 2168 4595 2255 4649; x_wconf 80' lang='grc'><strong><em>16.</em></strong></span> <span class='ocrx_word' id='word_1_684' title='bbox 2279 4625 2345 4636; x_wconf 88' lang='lat'><strong><em>--</em></strong></span> <span class='ocrx_word' id='word_1_685' title='bbox 2372 4595 2438 4648; x_wconf 85' lang='lat' dir='ltr'><strong><em>Et</em></strong></span> <span class='ocrx_word' id='word_1_686' title='bbox 2463 4595 2527 4648; x_wconf 90' lang='lat' dir='ltr'><strong><em>de</em></strong></span> <span class='ocrx_word' id='word_1_687' title='bbox 2557 4593 2816 4664; x_wconf 80' lang='lat' dir='ltr'><strong><em>frugibus.</em></strong></span> <span class='ocrx_word' id='word_1_688' title='bbox 2857 4592 3094 4650; x_wconf 88' lang='lat' dir='ltr'><strong><em>Ecclesia</em></strong></span> <span class='ocrx_word' id='word_1_689' title='bbox 3126 4594 3178 4649; x_wconf 91' lang='lat' dir='ltr'><strong><em>in</em></strong></span> <span class='ocrx_word' id='word_1_690' title='bbox 3209 4604 3320 4650; x_wconf 87' lang='lat' dir='ltr'><strong><em>toto</em></strong></span> <span class='ocrx_word' id='word_1_691' title='bbox 3348 4596 3484 4652; x_wconf 82' lang='lat' dir='ltr'><strong><em>orbe</em></strong></span> 
     </span>
    </p>
   </div>
   <div class='ocr_carea' id='block_1_92' title="bbox 210 4689 694 4747">
    <p class='ocr_par' dir='ltr' id='par_1_92' title="bbox 210 4689 694 4747">
     <span class='ocr_line' id='line_1_92' title="bbox 210 4689 694 4747; baseline -0.002 0"><span class='ocrx_word' id='word_1_692' title='bbox 210 4689 468 4747; x_wconf 85' lang='lat' dir='ltr'><strong><em>Salvator</em></strong></span> <span class='ocrx_word' id='word_1_693' title='bbox 493 4691 694 4747; x_wconf 91' lang='lat' dir='ltr'><strong><em>mundi.</em></strong></span> 
     </span>
    </p>
   </div>
   <div class='ocr_carea' id='block_1_93' title="bbox 287 4778 1800 4852">
    <p class='ocr_par' dir='ltr' id='par_1_93' title="bbox 287 4778 1800 4852">
     <span class='ocr_line' id='line_1_93' title="bbox 287 4778 1800 4852; baseline 0 -18"><span class='ocrx_word' id='word_1_694' title='bbox 287 4779 370 4835; x_wconf 88' lang='lat' dir='ltr'><strong><em>De</em></strong></span> <span class='ocrx_word' id='word_1_695' title='bbox 417 4781 767 4836; x_wconf 79' lang='lat' dir='ltr'><strong><em>benedictione</em></strong></span> <span class='ocrx_word' id='word_1_696' title='bbox 790 4781 1003 4836; x_wconf 88' lang='lat' dir='ltr'><strong><em>Domini</em></strong></span> <span class='ocrx_word' id='word_1_697' title='bbox 1051 4791 1192 4836; x_wconf 90' lang='lat' dir='ltr'><strong><em>terra</em></strong></span> <span class='ocrx_word' id='word_1_698' title='bbox 1243 4782 1380 4852; x_wconf 86' lang='lat' dir='ltr'><strong><em>ejus.</em></strong></span> <span class='ocrx_word' id='word_1_699' title='bbox 1407 4780 1490 4836; x_wconf 82' lang='lat' dir='ltr'><strong><em>Ad</em></strong></span> <span class='ocrx_word' id='word_1_700' title='bbox 1539 4778 1800 4846; x_wconf 88' lang='lat' dir='ltr'><strong><em>litteram,</em></strong></span> 
     </span>
    </p>
   </div>
   <div class='ocr_carea' id='block_1_94' title="bbox 207 4869 1799 4944">
    <p class='ocr_par' dir='ltr' id='par_1_94' title="bbox 207 4869 1799 4944">
     <span class='ocr_line' id='line_1_94' title="bbox 207 4869 1799 4944; baseline -0.004 -13"><span class='ocrx_word' id='word_1_701' title='bbox 207 4873 552 4931; x_wconf 84' lang='lat' dir='ltr'><strong><em>fertilitatem</em></strong></span> <span class='ocrx_word' id='word_1_702' title='bbox 581 4872 850 4944; x_wconf 89' lang='lat' dir='ltr'><strong><em>significat</em></strong></span> <span class='ocrx_word' id='word_1_703' title='bbox 875 4913 891 4940; x_wconf 96' lang='lat'><strong><em>,</em></strong></span> <span class='ocrx_word' id='word_1_704' title='bbox 919 4887 1080 4944; x_wconf 89' lang='lat' dir='ltr'><strong><em>quam</em></strong></span> <span class='ocrx_word' id='word_1_705' title='bbox 1106 4873 1226 4928; x_wconf 61' lang='lat' dir='ltr'><strong><em>duas</em></strong></span> <span class='ocrx_word' id='word_1_706' title='bbox 1265 4873 1440 4928; x_wconf 88' lang='lat' dir='ltr'><strong><em>tribus</em></strong></span> <span class='ocrx_word' id='word_1_707' title='bbox 1473 4887 1542 4926; x_wconf 78' lang='lat' dir='ltr'><strong><em>ex</em></strong></span> <span class='ocrx_word' id='word_1_708' title='bbox 1581 4869 1799 4941; x_wconf 78' lang='lat' dir='ltr'><strong><em>Joseph,</em></strong></span> 
     </span>
    </p>
   </div>
   <div class='ocr_carea' id='block_1_95' title="bbox 210 4964 1802 5038">
    <p class='ocr_par' dir='ltr' id='par_1_95' title="bbox 210 4964 1802 5038">
     <span class='ocr_line' id='line_1_95' title="bbox 210 4964 1802 5038; baseline -0.004 -14"><span class='ocrx_word' id='word_1_709' title='bbox 210 4969 270 5024; x_wconf 85' lang='lat' dir='ltr'><strong><em>id</em></strong></span> <span class='ocrx_word' id='word_1_710' title='bbox 301 4975 386 5023; x_wconf 91' lang='lat' dir='ltr'><strong><em>est</em></strong></span> <span class='ocrx_word' id='word_1_711' title='bbox 413 4966 663 5038; x_wconf 85' lang='lat' dir='ltr'><strong><em>Ephraim</em></strong></span> <span class='ocrx_word' id='word_1_712' title='bbox 687 4975 744 5022; x_wconf 91' lang='lat' dir='ltr'><strong><em>et</em></strong></span> <span class='ocrx_word' id='word_1_713' title='bbox 786 4965 1080 5031; x_wconf 83' lang='lat' dir='ltr'><strong><em>Manasses,</em></strong></span> <span class='ocrx_word' id='word_1_714' title='bbox 1110 4966 1418 5020; x_wconf 88' lang='lat' dir='ltr'><strong><em>habuerunt</em></strong></span> <span class='ocrx_word' id='word_1_715' title='bbox 1458 4964 1514 5019; x_wconf 93' lang='lat' dir='ltr'><strong><em>in</em></strong></span> <span class='ocrx_word' id='word_1_716' title='bbox 1551 4964 1802 5020; x_wconf 88' lang='lat' dir='ltr'><strong><em>ubertate</em></strong></span> 
     </span>
    </p>
   </div>
   <div class='ocr_carea' id='block_1_96' title="bbox 209 5059 1803 5134">
    <p class='ocr_par' dir='ltr' id='par_1_96' title="bbox 209 5059 1803 5134">
     <span class='ocr_line' id='line_1_96' title="bbox 209 5059 1803 5134; baseline -0.003 -16"><span class='ocrx_word' id='word_1_717' title='bbox 209 5063 436 5134; x_wconf 87' lang='lat' dir='ltr'><strong><em>frugum</em></strong></span> <span class='ocrx_word' id='word_1_718' title='bbox 464 5105 478 5129; x_wconf 94' lang='lat'><strong><em>,</em></strong></span> <span class='ocrx_word' id='word_1_719' title='bbox 537 5077 818 5134; x_wconf 86' lang='lat' dir='ltr'><strong><em>pomorum</em></strong></span> <span class='ocrx_word' id='word_1_720' title='bbox 887 5071 943 5118; x_wconf 89' lang='lat' dir='ltr'><strong><em>et</em></strong></span> <span class='ocrx_word' id='word_1_721' title='bbox 996 5070 1155 5132; x_wconf 88' lang='lat' dir='ltr'><strong><em>pastu</em></strong></span> <span class='ocrx_word' id='word_1_722' title='bbox 1211 5075 1492 5132; x_wconf 87' lang='lat' dir='ltr'><strong><em>pecorum.</em></strong></span> <span class='ocrx_word' id='word_1_723' title='bbox 1544 5059 1670 5115; x_wconf 67' lang='lat' dir='ltr'><strong><em>Haec</em></strong></span> <span class='ocrx_word' id='word_1_724' title='bbox 1716 5067 1803 5116; x_wconf 89' lang='lat' dir='ltr'><strong><em>est</em></strong></span> 
     </span>
    </p>
   </div>
   <div class='ocr_carea' id='block_1_97' title="bbox 207 5155 1804 5230">
    <p class='ocr_par' dir='ltr' id='par_1_97' title="bbox 207 5155 1804 5230">
     <span class='ocr_line' id='line_1_97' title="bbox 207 5155 1804 5230; baseline -0.004 -14"><span class='ocrx_word' id='word_1_725' title='bbox 207 5161 416 5227; x_wconf 80' lang='lat' dir='ltr'><strong><em>Busan,</em></strong></span> <span class='ocrx_word' id='word_1_726' title='bbox 467 5159 797 5215; x_wconf 84' lang='lat' dir='ltr'><strong><em>fertilissima</em></strong></span> <span class='ocrx_word' id='word_1_727' title='bbox 847 5157 1019 5230; x_wconf 87' lang='lat' dir='ltr'><strong><em>regio,</em></strong></span> <span class='ocrx_word' id='word_1_728' title='bbox 1066 5155 1207 5213; x_wconf 87' lang='lat' dir='ltr'><strong><em>unde</em></strong></span> <span class='ocrx_word' id='word_1_729' title='bbox 1245 5155 1502 5229; x_wconf 83' lang='lat' dir='ltr'><strong><em>pinguedo</em></strong></span> <span class='ocrx_word' id='word_1_730' title='bbox 1537 5155 1804 5226; x_wconf 87' lang='lat' dir='ltr'><strong><em>interpre-</em></strong></span> 
     </span>
    </p>
   </div>
   <div class='ocr_carea' id='block_1_98' title="bbox 153 5263 384 5314">
    <p class='ocr_par' dir='ltr' id='par_1_98' title="bbox 153 5263 384 5314">
     <span class='ocr_line' id='line_1_98' title="bbox 153 5263 384 5314; baseline -0.017 0"><span class='ocrx_word' id='word_1_731' title='bbox 153 5272 160 5277; x_wconf 83' lang='grc'><strong>·</strong></span> <span class='ocrx_word' id='word_1_732' title='bbox 209 5263 384 5314; x_wconf 87' lang='lat' dir='ltr'><strong><em>tatur.</em></strong></span> 
     </span>
    </p>
   </div>
   <div class='ocr_carea' id='block_1_99' title="bbox 288 5341 1802 5421">
    <p class='ocr_par' dir='ltr' id='par_1_99' title="bbox 288 5341 1802 5421">
     <span class='ocr_line' id='line_1_99' title="bbox 288 5341 1802 5421; baseline -0.005 -15"><span class='ocrx_word' id='word_1_733' title='bbox 288 5349 575 5421; x_wconf 87' lang='lat' dir='ltr'><strong><em>Temperie</em></strong></span> <span class='ocrx_word' id='word_1_734' title='bbox 599 5348 744 5415; x_wconf 69' lang='lat' dir='ltr'><strong><em>ctuti,</em></strong></span> <span class='ocrx_word' id='word_1_735' title='bbox 775 5356 831 5406; x_wconf 87' lang='lat' dir='ltr'><strong><em>et</em></strong></span> <span class='ocrx_word' id='word_1_736' title='bbox 854 5361 975 5404; x_wconf 89' lang='lat' dir='ltr'><strong><em>rore</em></strong></span> <span class='ocrx_word' id='word_1_737' title='bbox 1005 5344 1231 5409; x_wconf 87' lang='lat' dir='ltr'><strong><em>fructus.</em></strong></span> <span class='ocrx_word' id='word_1_738' title='bbox 1273 5353 1328 5402; x_wconf 89' lang='lat' dir='ltr'><strong><em>et</em></strong></span> <span class='ocrx_word' id='word_1_739' title='bbox 1365 5343 1590 5401; x_wconf 89' lang='lat' dir='ltr'><strong><em>fontium</em></strong></span> <span class='ocrx_word' id='word_1_740' title='bbox 1621 5351 1678 5400; x_wconf 91' lang='lat' dir='ltr'><strong><em>et</em></strong></span> <span class='ocrx_word' id='word_1_741' title='bbox 1699 5341 1802 5398; x_wconf 81' lang='lat' dir='ltr'><strong><em>ﬂu-</em></strong></span> 
     </span>
    </p>
   </div>
   <div class='ocr_carea' id='block_1_100' title="bbox 207 5435 1801 5508">
    <p class='ocr_par' dir='ltr' id='par_1_100' title="bbox 207 5435 1801 5508">
     <span class='ocr_line' id='line_1_100' title="bbox 207 5435 1801 5508; baseline -0.008 -5"><span class='ocrx_word' id='word_1_742' title='bbox 207 5445 426 5503; x_wconf 85' lang='lat' dir='ltr'><strong><em>minum</em></strong></span> <span class='ocrx_word' id='word_1_743' title='bbox 483 5442 832 5508; x_wconf 88' lang='lat' dir='ltr'><strong><em>abundantia,</em></strong></span> <span class='ocrx_word' id='word_1_744' title='bbox 885 5441 1104 5496; x_wconf 90' lang='lat' dir='ltr'><strong><em>homine</em></strong></span> <span class='ocrx_word' id='word_1_745' title='bbox 1156 5439 1517 5506; x_wconf 90' lang='lat' dir='ltr'><strong><em>delectantur,</em></strong></span> <span class='ocrx_word' id='word_1_746' title='bbox 1573 5451 1692 5508; x_wconf 63' lang='lat' dir='ltr'><strong><em>quae</em></strong></span> <span class='ocrx_word' id='word_1_747' title='bbox 1746 5435 1801 5492; x_wconf 91' lang='lat' dir='ltr'><strong><em>in</em></strong></span> 
     </span>
    </p>
   </div>
   <div class='ocr_carea' id='block_1_101' title="bbox 209 5536 837 5610">
    <p class='ocr_par' dir='ltr' id='par_1_101' title="bbox 209 5536 837 5610">
     <span class='ocr_line' id='line_1_101' title="bbox 209 5536 837 5610; baseline -0.006 -17"><span class='ocrx_word' id='word_1_748' title='bbox 209 5539 416 5610; x_wconf 85' lang='lat' dir='ltr'><strong><em>abysso</em></strong></span> <span class='ocrx_word' id='word_1_749' title='bbox 445 5536 837 5608; x_wconf 88' lang='lat' dir='ltr'><strong><em>significantur.</em></strong></span> 
     </span>
    </p>
   </div>
   <div class='ocr_carea' id='block_1_102' title="bbox 286 5621 1804 5696">
    <p class='ocr_par' dir='ltr' id='par_1_102' title="bbox 286 5621 1804 5696">
     <span class='ocr_line' id='line_1_102' title="bbox 286 5621 1804 5696; baseline -0.007 -10"><span class='ocrx_word' id='word_1_750' title='bbox 286 5629 633 5696; x_wconf 73' lang='lat' dir='ltr'><strong><em>Benedixisti,</em></strong></span> <span class='ocrx_word' id='word_1_751' title='bbox 658 5629 902 5694; x_wconf 89' lang='lat' dir='ltr'><strong><em>Domine,</em></strong></span> <span class='ocrx_word' id='word_1_752' title='bbox 926 5636 1120 5682; x_wconf 87' lang='lat' dir='ltr'><strong><em>terram</em></strong></span> <span class='ocrx_word' id='word_1_753' title='bbox 1145 5635 1311 5692; x_wconf 88' lang='lat' dir='ltr'><strong><em>tuam,</em></strong></span> <span class='ocrx_word' id='word_1_754' title='bbox 1333 5625 1630 5681; x_wconf 85' lang='lat' dir='ltr'><strong><em>Ecclesiam</em></strong></span> <span class='ocrx_word' id='word_1_755' title='bbox 1654 5621 1804 5679; x_wconf 84' lang='lat' dir='ltr'><strong><em>scili-</em></strong></span> 
     </span>
    </p>
   </div>
   <div class='ocr_carea' id='block_1_103' title="bbox 205 5719 1802 5797">
    <p class='ocr_par' dir='ltr' id='par_1_103' title="bbox 205 5719 1802 5797">
     <span class='ocr_line' id='line_1_103' title="bbox 205 5719 1802 5797; baseline -0.007 -14"><span class='ocrx_word' id='word_1_756' title='bbox 205 5735 323 5791; x_wconf 88' lang='lat' dir='ltr'><strong><em>cet,</em></strong></span> <span class='ocrx_word' id='word_1_757' title='bbox 355 5741 476 5797; x_wconf 70' lang='lat' dir='ltr'><strong><em>qum</em></strong></span> <span class='ocrx_word' id='word_1_758' title='bbox 499 5741 606 5780; x_wconf 90' lang='lat' dir='ltr'><strong><em>non</em></strong></span> <span class='ocrx_word' id='word_1_759' title='bbox 645 5724 861 5795; x_wconf 85' lang='lat' dir='ltr'><strong><em>propria</em></strong></span> <span class='ocrx_word' id='word_1_760' title='bbox 901 5723 1121 5788; x_wconf 87' lang='lat' dir='ltr'><strong><em>virtute,</em></strong></span> <span class='ocrx_word' id='word_1_761' title='bbox 1152 5723 1245 5777; x_wconf 88' lang='lat' dir='ltr'><strong><em>sed</em></strong></span> <span class='ocrx_word' id='word_1_762' title='bbox 1273 5722 1533 5776; x_wconf 88' lang='lat' dir='ltr'><strong><em>virtutum</em></strong></span> <span class='ocrx_word' id='word_1_763' title='bbox 1576 5719 1802 5775; x_wconf 89' lang='lat' dir='ltr'><strong><em>benedi—</em></strong></span> 
     </span>
    </p>
   </div>
   <div class='ocr_carea' id='block_1_104' title="bbox 209 5811 1803 5886">
    <p class='ocr_par' dir='ltr' id='par_1_104' title="bbox 209 5811 1803 5886">
     <span class='ocr_line' id='line_1_104' title="bbox 209 5811 1803 5886; baseline -0.006 -11"><span class='ocrx_word' id='word_1_764' title='bbox 209 5817 403 5876; x_wconf 89' lang='lat' dir='ltr'><strong><em>ctione</em></strong></span> <span class='ocrx_word' id='word_1_765' title='bbox 451 5816 708 5872; x_wconf 86' lang='lat' dir='ltr'><strong><em>diviuitus</em></strong></span> <span class='ocrx_word' id='word_1_766' title='bbox 753 5814 1023 5886; x_wconf 88' lang='lat' dir='ltr'><strong><em>impletur.</em></strong></span> <span class='ocrx_word' id='word_1_767' title='bbox 1078 5813 1228 5870; x_wconf 81' lang='lat' dir='ltr'><strong><em>Unde</em></strong></span> <span class='ocrx_word' id='word_1_768' title='bbox 1263 5831 1276 5870; x_wconf 88' lang='lat'><strong><em>:</em></strong></span> <span class='ocrx_word' id='word_1_769' title='bbox 1310 5811 1618 5868; x_wconf 84' lang='lat' dir='ltr'><strong><em>Benedictus</em></strong></span> <span class='ocrx_word' id='word_1_770' title='bbox 1660 5811 1803 5867; x_wconf 86' lang='lat' dir='ltr'><strong><em>Dens</em></strong></span> 
     </span>
    </p>
   </div>
   <div class='ocr_carea' id='block_1_105' title="bbox 1900 4685 3484 4758">
    <p class='ocr_par' dir='ltr' id='par_1_105' title="bbox 1900 4685 3484 4758">
     <span class='ocr_line' id='line_1_105' title="bbox 1900 4685 3484 4758; baseline 0.004 -18"><span class='ocrx_word' id='word_1_771' title='bbox 1900 4686 2127 4757; x_wconf 65' lang='lat' dir='ltr'><strong><em>iustitiae</em></strong></span> <span class='ocrx_word' id='word_1_772' title='bbox 2155 4685 2306 4755; x_wconf 85' lang='lat' dir='ltr'><strong><em>fruge</em></strong></span> <span class='ocrx_word' id='word_1_773' title='bbox 2333 4686 2560 4742; x_wconf 87' lang='lat' dir='ltr'><strong><em>fecunda</em></strong></span> <span class='ocrx_word' id='word_1_774' title='bbox 2589 4693 2645 4740; x_wconf 89' lang='lat' dir='ltr'><strong><em>et</em></strong></span> <span class='ocrx_word' id='word_1_775' title='bbox 2669 4686 3057 4742; x_wconf 86' lang='lat' dir='ltr'><strong><em>charismatum</em></strong></span> <span class='ocrx_word' id='word_1_776' title='bbox 3102 4687 3385 4758; x_wconf 84' lang='lat' dir='ltr'><strong><em>largitate,</em></strong></span> <span class='ocrx_word' id='word_1_777' title='bbox 3413 4688 3484 4747; x_wconf 84' lang='lat' dir='ltr'><strong><em>de</em></strong></span> 
     </span>
    </p>
   </div>
   <div class='ocr_carea' id='block_1_106' title="bbox 1905 4779 3334 4853">
    <p class='ocr_par' dir='ltr' id='par_1_106' title="bbox 1905 4779 3334 4853">
     <span class='ocr_line' id='line_1_106' title="bbox 1905 4779 3334 4853; baseline -0.001 -17"><span class='ocrx_word' id='word_1_778' title='bbox 1905 4780 2242 4853; x_wconf 89' lang='lat' dir='ltr'><strong><em>plenitudine</em></strong></span> <span class='ocrx_word' id='word_1_779' title='bbox 2262 4780 2348 4836; x_wconf 91' lang='lat' dir='ltr'><strong><em>sui</em></strong></span> <span class='ocrx_word' id='word_1_780' title='bbox 2373 4779 2575 4849; x_wconf 88' lang='lat' dir='ltr'><strong><em>Joseph</em></strong></span> <span class='ocrx_word' id='word_1_781' title='bbox 2599 4779 2839 4848; x_wconf 81' lang='lat' dir='ltr'><strong><em>accepit;</em></strong></span> <span class='ocrx_word' id='word_1_782' title='bbox 2871 4780 3013 4835; x_wconf 89' lang='lat' dir='ltr'><strong><em>unde</em></strong></span> <span class='ocrx_word' id='word_1_783' title='bbox 3033 4781 3279 4851; x_wconf 84' lang='lat' dir='ltr'><strong><em>sequitur</em></strong></span> <span class='ocrx_word' id='word_1_784' title='bbox 3321 4799 3334 4834; x_wconf 90' lang='lat'><strong><em>:</em></strong></span> 
     </span>
    </p>
   </div>
   <div class='ocr_carea' id='block_1_107' title="bbox 1975 4869 3485 4944">
    <p class='ocr_par' dir='ltr' id='par_1_107' title="bbox 1975 4869 3485 4944">
     <span class='ocr_line' id='line_1_107' title="bbox 1975 4869 3485 4944; baseline 0.001 -16"><span class='ocrx_word' id='word_1_785' title='bbox 1975 4873 2276 4929; x_wconf 88' lang='lat' dir='ltr'><strong><em>Benedictio</em></strong></span> <span class='ocrx_word' id='word_1_786' title='bbox 2326 4871 2470 4927; x_wconf 89' lang='lat' dir='ltr'><strong><em>illius</em></strong></span> <span class='ocrx_word' id='word_1_787' title='bbox 2522 4873 2612 4944; x_wconf 86' lang='lat' dir='ltr'><strong><em>qui</em></strong></span> <span class='ocrx_word' id='word_1_788' title='bbox 2661 4872 2925 4944; x_wconf 87' lang='lat' dir='ltr'><strong><em>apparuit.</em></strong></span> <span class='ocrx_word' id='word_1_789' title='bbox 2957 4872 3126 4929; x_wconf 83' lang='lat' dir='ltr'><strong><em>Totus</em></strong></span> <span class='ocrx_word' id='word_1_790' title='bbox 3169 4869 3396 4942; x_wconf 78' lang='lat' dir='ltr'><strong><em>Joseph,</em></strong></span> <span class='ocrx_word' id='word_1_791' title='bbox 3431 4873 3485 4929; x_wconf 82' lang='lat' dir='ltr'><strong><em>id</em></strong></span> 
     </span>
    </p>
   </div>
   <div class='ocr_carea' id='block_1_108' title="bbox 1907 4963 3486 5036">
    <p class='ocr_par' dir='ltr' id='par_1_108' title="bbox 1907 4963 3486 5036">
     <span class='ocr_line' id='line_1_108' title="bbox 1907 4963 3486 5036; baseline -0.002 -13"><span class='ocrx_word' id='word_1_792' title='bbox 1907 4973 1989 5023; x_wconf 89' lang='lat' dir='ltr'><strong><em>est</em></strong></span> <span class='ocrx_word' id='word_1_793' title='bbox 2009 5007 2025 5033; x_wconf 91' lang='lat'><strong><em>,</em></strong></span> <span class='ocrx_word' id='word_1_794' title='bbox 2051 4974 2213 5036; x_wconf 88' lang='lat' dir='ltr'><strong><em>caput</em></strong></span> <span class='ocrx_word' id='word_1_795' title='bbox 2235 4975 2292 5021; x_wconf 91' lang='lat' dir='ltr'><strong><em>et</em></strong></span> <span class='ocrx_word' id='word_1_796' title='bbox 2319 4979 2516 5035; x_wconf 90' lang='lat' dir='ltr'><strong><em>corpus</em></strong></span> <span class='ocrx_word' id='word_1_797' title='bbox 2539 4964 2915 5022; x_wconf 86' lang='lat' dir='ltr'><strong><em>benedictione</em></strong></span> <span class='ocrx_word' id='word_1_798' title='bbox 2941 4963 3133 5035; x_wconf 80' lang='lat' dir='ltr'><strong><em>plenus</em></strong></span> <span class='ocrx_word' id='word_1_799' title='bbox 3151 5005 3167 5032; x_wconf 92' lang='lat'><strong><em>,</em></strong></span> <span class='ocrx_word' id='word_1_800' title='bbox 3195 4966 3289 5020; x_wconf 88' lang='lat' dir='ltr'><strong><em>sed</em></strong></span> <span class='ocrx_word' id='word_1_801' title='bbox 3320 4966 3486 5020; x_wconf 82' lang='lat' dir='ltr'><strong><em>bene-</em></strong></span> 
     </span>
    </p>
   </div>
   <div class='ocr_carea' id='block_1_109' title="bbox 1909 5057 3484 5130">
    <p class='ocr_par' dir='ltr' id='par_1_109' title="bbox 1909 5057 3484 5130">
     <span class='ocr_line' id='line_1_109' title="bbox 1909 5057 3484 5130; baseline -0.002 -15"><span class='ocrx_word' id='word_1_802' title='bbox 1909 5059 2160 5116; x_wconf 90' lang='lat' dir='ltr'><strong><em>dictionis</em></strong></span> <span class='ocrx_word' id='word_1_803' title='bbox 2180 5057 2458 5130; x_wconf 88' lang='lat' dir='ltr'><strong><em>plenitudo</em></strong></span> <span class='ocrx_word' id='word_1_804' title='bbox 2484 5058 2754 5129; x_wconf 63' lang='lat' dir='ltr'><strong><em>praecipue</em></strong></span> <span class='ocrx_word' id='word_1_805' title='bbox 2791 5059 2846 5114; x_wconf 93' lang='lat' dir='ltr'><strong><em>in</em></strong></span> <span class='ocrx_word' id='word_1_806' title='bbox 2884 5059 3090 5130; x_wconf 85' lang='lat' dir='ltr'><strong><em>capite;</em></strong></span> <span class='ocrx_word' id='word_1_807' title='bbox 3119 5058 3259 5114; x_wconf 89' lang='lat' dir='ltr'><strong><em>unde</em></strong></span> <span class='ocrx_word' id='word_1_808' title='bbox 3287 5077 3301 5111; x_wconf 87' lang='lat'><strong><em>:</em></strong></span> <span class='ocrx_word' id='word_1_809' title='bbox 3333 5057 3484 5112; x_wconf 87' lang='lat' dir='ltr'><strong><em>Sicut</em></strong></span> 
     </span>
    </p>
   </div>
   <div class='ocr_carea' id='block_1_110' title="bbox 1909 5147 3486 5230">
    <p class='ocr_par' dir='ltr' id='par_1_110' title="bbox 1909 5147 3486 5230">
     <span class='ocr_line' id='line_1_110' title="bbox 1909 5147 3486 5230; baseline -0.004 -22"><span class='ocrx_word' id='word_1_810' title='bbox 1909 5161 2230 5230; x_wconf 87' lang='lat' dir='ltr'><strong><em>unguentum</em></strong></span> <span class='ocrx_word' id='word_1_811' title='bbox 2263 5151 2318 5204; x_wconf 89' lang='lat' dir='ltr'><strong><em>in</em></strong></span> <span class='ocrx_word' id='word_1_812' title='bbox 2351 5148 2517 5220; x_wconf 86' lang='lat' dir='ltr'><strong><em>capite</em></strong></span> <span class='ocrx_word' id='word_1_813' title='bbox 2549 5151 2688 5221; x_wconf 87' lang='lat' dir='ltr'><strong><em>quod</em></strong></span> <span class='ocrx_word' id='word_1_814' title='bbox 2728 5150 2989 5204; x_wconf 88' lang='lat' dir='ltr'><strong><em>descendit</em></strong></span> <span class='ocrx_word' id='word_1_815' title='bbox 3028 5150 3083 5202; x_wconf 88' lang='lat' dir='ltr'><strong><em>in</em></strong></span> <span class='ocrx_word' id='word_1_816' title='bbox 3123 5147 3338 5202; x_wconf 85' lang='lat' dir='ltr'><strong><em>barbam</em></strong></span> <span class='ocrx_word' id='word_1_817' title='bbox 3378 5147 3486 5202; x_wconf 83' lang='lat' dir='ltr'><strong><em>Aa-</em></strong></span> 
     </span>
    </p>
   </div>
   <div class='ocr_carea' id='block_1_111' title="bbox 1909 5240 3481 5315">
    <p class='ocr_par' dir='ltr' id='par_1_111' title="bbox 1909 5240 3481 5315">
     <span class='ocr_line' id='line_1_111' title="bbox 1909 5240 3481 5315; baseline -0.003 -15"><span class='ocrx_word' id='word_1_818' title='bbox 1909 5262 2039 5312; x_wconf 90' lang='lat' dir='ltr'><strong><em>ron,</em></strong></span> <span class='ocrx_word' id='word_1_819' title='bbox 2069 5252 2175 5300; x_wconf 90' lang='lat' dir='ltr'><strong><em>etc.</em></strong></span> <span class='ocrx_word' id='word_1_820' title='bbox 2205 5240 2376 5315; x_wconf 88' lang='lat' dir='ltr'><strong><em>(Psal.</em></strong></span> <span class='ocrx_word' id='word_1_821' title='bbox 2419 5241 2617 5313; x_wconf 68' lang='lat' dir='ltr'><strong><em>xxsu.)</em></strong></span> <span class='ocrx_word' id='word_1_822' title='bbox 2663 5242 2766 5298; x_wconf 79' lang='lat' dir='ltr'><strong><em>liic</em></strong></span> <span class='ocrx_word' id='word_1_823' title='bbox 2810 5240 3090 5313; x_wconf 88' lang='lat' dir='ltr'><strong><em>privilegio</em></strong></span> <span class='ocrx_word' id='word_1_824' title='bbox 3119 5240 3306 5311; x_wconf 83' lang='lat' dir='ltr'><strong><em>gratiae</em></strong></span> <span class='ocrx_word' id='word_1_825' title='bbox 3327 5281 3341 5305; x_wconf 92' lang='lat'><strong><em>,</em></strong></span> <span class='ocrx_word' id='word_1_826' title='bbox 3367 5240 3481 5295; x_wconf 88' lang='lat' dir='ltr'><strong><em>fra-</em></strong></span> 
     </span>
    </p>
   </div>
   <div class='ocr_carea' id='block_1_112' title="bbox 1910 5329 3486 5404">
    <p class='ocr_par' dir='ltr' id='par_1_112' title="bbox 1910 5329 3486 5404">
     <span class='ocr_line' id='line_1_112' title="bbox 1910 5329 3486 5404; baseline -0.005 -10"><span class='ocrx_word' id='word_1_827' title='bbox 1910 5338 2112 5402; x_wconf 89' lang='lat' dir='ltr'><strong><em>tribus,</em></strong></span> <span class='ocrx_word' id='word_1_828' title='bbox 2163 5334 2218 5390; x_wconf 77' lang='lat' dir='ltr'><strong><em>id</em></strong></span> <span class='ocrx_word' id='word_1_829' title='bbox 2269 5342 2388 5401; x_wconf 89' lang='lat' dir='ltr'><strong><em>est,</em></strong></span> <span class='ocrx_word' id='word_1_830' title='bbox 2439 5333 2686 5389; x_wconf 82' lang='lat' dir='ltr'><strong><em>fidelibus</em></strong></span> <span class='ocrx_word' id='word_1_831' title='bbox 2733 5331 3123 5404; x_wconf 59' lang='lat' dir='ltr'><strong><em>praeminens,</em></strong></span> <span class='ocrx_word' id='word_1_832' title='bbox 3182 5329 3486 5402; x_wconf 84' lang='lat' dir='ltr'><strong><em>septifortnl</em></strong></span> 
     </span>
    </p>
   </div>
   <div class='ocr_carea' id='block_1_113' title="bbox 1911 5421 3490 5502">
    <p class='ocr_par' dir='ltr' id='par_1_113' title="bbox 1911 5421 3490 5502">
     <span class='ocr_line' id='line_1_113' title="bbox 1911 5421 3490 5502; baseline -0.006 -16"><span class='ocrx_word' id='word_1_833' title='bbox 1911 5430 2103 5502; x_wconf 88' lang='lat' dir='ltr'><strong><em>spiritu</em></strong></span> <span class='ocrx_word' id='word_1_834' title='bbox 2132 5437 2390 5499; x_wconf 88' lang='lat' dir='ltr'><strong><em>tanquam</em></strong></span> <span class='ocrx_word' id='word_1_835' title='bbox 2412 5441 2571 5482; x_wconf 89' lang='lat' dir='ltr'><strong><em>verus</em></strong></span> <span class='ocrx_word' id='word_1_836' title='bbox 2595 5424 2825 5481; x_wconf 87' lang='lat' dir='ltr'><strong><em>Samson</em></strong></span> <span class='ocrx_word' id='word_1_837' title='bbox 2842 5439 2910 5480; x_wconf 83' lang='lat' dir='ltr'><strong><em>ex</em></strong></span> <span class='ocrx_word' id='word_1_838' title='bbox 2931 5431 3086 5478; x_wconf 86' lang='lat' dir='ltr'><strong><em>utero</em></strong></span> <span class='ocrx_word' id='word_1_839' title='bbox 3108 5421 3340 5494; x_wconf 87' lang='lat' dir='ltr'><strong><em>virginis</em></strong></span> <span class='ocrx_word' id='word_1_840' title='bbox 3380 5421 3490 5477; x_wconf 79' lang='lat' dir='ltr'><strong><em>Na-</em></strong></span> 
     </span>
    </p>
   </div>
   <div class='ocr_carea' id='block_1_114' title="bbox 1907 5512 3486 5590">
    <p class='ocr_par' dir='ltr' id='par_1_114' title="bbox 1907 5512 3486 5590">
     <span class='ocr_line' id='line_1_114' title="bbox 1907 5512 3486 5590; baseline -0.008 -10"><span class='ocrx_word' id='word_1_841' title='bbox 1907 5538 2137 5590; x_wconf 79' lang='lat' dir='ltr'><strong><em>zaraeus,</em></strong></span> <span class='ocrx_word' id='word_1_842' title='bbox 2165 5521 2218 5577; x_wconf 89' lang='lat' dir='ltr'><strong><em>id</em></strong></span> <span class='ocrx_word' id='word_1_843' title='bbox 2244 5528 2329 5576; x_wconf 87' lang='lat' dir='ltr'><strong><em>est</em></strong></span> <span class='ocrx_word' id='word_1_844' title='bbox 2355 5521 2466 5576; x_wconf 88' lang='lat' dir='ltr'><strong><em>Deo</em></strong></span> <span class='ocrx_word' id='word_1_845' title='bbox 2491 5523 2870 5583; x_wconf 83' lang='lat' dir='ltr'><strong><em>consecratus,</em></strong></span> <span class='ocrx_word' id='word_1_846' title='bbox 2900 5513 3056 5585; x_wconf 89' lang='lat' dir='ltr'><strong><em>quasi</em></strong></span> <span class='ocrx_word' id='word_1_847' title='bbox 3079 5523 3290 5586; x_wconf 85' lang='lat' dir='ltr'><strong><em>septem</em></strong></span> <span class='ocrx_word' id='word_1_848' title='bbox 3320 5512 3486 5569; x_wconf 88' lang='lat' dir='ltr'><strong><em>crini-</em></strong></span> 
     </span>
    </p>
   </div>
   <div class='ocr_carea' id='block_1_115' title="bbox 1905 5613 2498 5674">
    <p class='ocr_par' dir='ltr' id='par_1_115' title="bbox 1905 5613 2498 5674">
     <span class='ocr_line' id='line_1_115' title="bbox 1905 5613 2498 5674; baseline -0.017 1"><span class='ocrx_word' id='word_1_849' title='bbox 1905 5618 2007 5674; x_wconf 86' lang='lat' dir='ltr'><strong><em>bus</em></strong></span> <span class='ocrx_word' id='word_1_850' title='bbox 2040 5614 2256 5672; x_wconf 90' lang='lat' dir='ltr'><strong><em>intactis</em></strong></span> <span class='ocrx_word' id='word_1_851' title='bbox 2280 5613 2498 5669; x_wconf 78' lang='lat' dir='ltr'><strong><em>ell’ulsit.</em></strong></span> 
     </span>
    </p>
   </div>
   <div class='ocr_carea' id='block_1_116' title="bbox 1982 5694 3487 5780">
    <p class='ocr_par' dir='ltr' id='par_1_116' title="bbox 1982 5694 3487 5780">
     <span class='ocr_line' id='line_1_116' title="bbox 1982 5694 3487 5780; baseline -0.01 -15"><span class='ocrx_word' id='word_1_852' title='bbox 1982 5710 2155 5780; x_wconf 89' lang='lat' dir='ltr'><strong><em>Super</em></strong></span> <span class='ocrx_word' id='word_1_853' title='bbox 2181 5715 2334 5778; x_wconf 86' lang='lat' dir='ltr'><strong><em>caput</em></strong></span> <span class='ocrx_word' id='word_1_854' title='bbox 2365 5703 2579 5774; x_wconf 80' lang='lat' dir='ltr'><strong><em>Joseph,</em></strong></span> <span class='ocrx_word' id='word_1_855' title='bbox 2611 5699 2846 5766; x_wconf 85' lang='lat' dir='ltr'><strong><em>Christi,</em></strong></span> <span class='ocrx_word' id='word_1_856' title='bbox 2877 5697 2970 5770; x_wconf 87' lang='lat' dir='ltr'><strong><em>qui</em></strong></span> <span class='ocrx_word' id='word_1_857' title='bbox 3000 5705 3083 5754; x_wconf 86' lang='lat' dir='ltr'><strong><em>est</em></strong></span> <span class='ocrx_word' id='word_1_858' title='bbox 3109 5703 3274 5768; x_wconf 84' lang='lat' dir='ltr'><strong><em>caput</em></strong></span> <span class='ocrx_word' id='word_1_859' title='bbox 3299 5694 3487 5750; x_wconf 82' lang='lat' dir='ltr'><strong><em>Eccle-</em></strong></span> 
     </span>
    </p>
   </div>
   <div class='ocr_carea' id='block_1_117' title="bbox 1908 5785 3492 5873">
    <p class='ocr_par' dir='ltr' id='par_1_117' title="bbox 1908 5785 3492 5873">
     <span class='ocr_line' id='line_1_117' title="bbox 1908 5785 3492 5873; baseline -0.011 -9"><span class='ocrx_word' id='word_1_860' title='bbox 1908 5803 2040 5873; x_wconf 80' lang='lat' dir='ltr'><strong><em>siae,</em></strong></span> <span class='ocrx_word' id='word_1_861' title='bbox 2073 5803 2128 5859; x_wconf 91' lang='lat' dir='ltr'><strong><em>in</em></strong></span> <span class='ocrx_word' id='word_1_862' title='bbox 2156 5813 2264 5873; x_wconf 85' lang='lat' dir='ltr'><strong><em>quo</em></strong></span> <span class='ocrx_word' id='word_1_863' title='bbox 2306 5796 2703 5855; x_wconf 87' lang='lat' dir='ltr'><strong><em>benedicuntur</em></strong></span> <span class='ocrx_word' id='word_1_864' title='bbox 2743 5806 2934 5850; x_wconf 85' lang='lat' dir='ltr'><strong><em>omnes</em></strong></span> <span class='ocrx_word' id='word_1_865' title='bbox 2963 5797 3182 5863; x_wconf 87' lang='lat' dir='ltr'><strong><em>gentes,</em></strong></span> <span class='ocrx_word' id='word_1_866' title='bbox 3223 5787 3290 5846; x_wconf 88' lang='lat' dir='ltr'><strong><em>de</em></strong></span> <span class='ocrx_word' id='word_1_867' title='bbox 3335 5785 3492 5857; x_wconf 76' lang='lat' dir='ltr'><strong><em>cujus</em></strong></span> 
     </span>
    </p>
   </div>
  </div>
