4006 6352
547 332 649 388 409

1039 329 1430 387 WALAFRIDI
1471 327 1717 385 STRABI
1755 327 1959 385 FULD.
2001 327 2164 385 MON.
2199 325 2353 383 OPP.
2392 325 2571 382 PARS
2608 322 2649 381 l.
2690 355 2758 368 --
2795 324 3248 384 THEOLOGICA.

3695 329 3805 390 500

541 443 796 516 passione
823 450 880 496 et
912 441 1310 497 resurrectione
1339 443 1584 497 subditur
1614 459 1626 494 :
1661 440 1829 507 Quasi
1851 443 2112 513 primoge-
2139 447 2191 504 Α
2223 448 2342 493 tura
2371 456 2383 492 :
2407 440 2533 509 quia
2563 439 2616 492 in
2647 439 2897 507 praesenti
2929 440 2997 492 de
3025 440 3376 496 conversione
3407 455 3602 496 eorum
3629 455 3804 514 gavist

540 538 639 590 niti
665 537 804 590 tauri
825 576 840 600 ,
879 543 984 589 etc.

614 628 800 694 Quasi.
833 625 1014 699 (Ana,
1042 635 1228 697 quam.
1259 625 1374 699 56.)
1402 625 1796 700 Primogenitus
1823 629 1960 684 tauri
1991 628 2113 699 pul-

539 719 790 776 chritudo
803 720 938 790 ejus.
953 718 1070 773 Non
1091 725 1175 774 est
1205 718 1280 772 ita
1310 718 1594 789 legendum
1615 727 1674 774 ut
1693 720 1904 775 dicatur
1915 720 2116 790 primo-

542 812 756 883 genitus
782 811 1070 866 -tauri:sed
1095 825 1216 865 cum
1233 809 1304 864 sit
1315 810 1736 880 primogenitus,
1771 811 2114 880 pulchritudo

541 901 657 972 ejus
688 901 1030 972 pulchritudo
1062 901 1203 956 tauri
1233 909 1318 955 est
1338 940 1352 966 ,
1379 911 1600 971 propter
1623 915 1824 956 cornua
1855 903 2051 960 crucis.

612 991 865 1047 Christus
893 991 1093 1048 vitulus
1121 992 1430 1062 saginatus,
1459 1007 1617 1062 quem
1645 992 1986 1048 de-armento
2015 1009 2113 1062 pa-

540 1093 683 1140 trum
709 1084 1125 1154 primogenitum
1150 1099 1394 1154 regresso
1423 1083 1562 1138 Filio
1592 1083 1752 1138 Pater
1783 1084 2108 1150 immolavit,

543 1175 635 1244 qui
663 1175 750 1229 die
778 1176 934 1229 tertia
983 1174 1271 1228 suscitatus
1316 1173 1577 1244 gloriosus
1607 1174 1884 1244 apparuit,
1911 1174 2000 1242 qui
2028 1181 2112 1229 est

537 1266 928 1336 primogenitus
953 1273 1291 1320 mortuorum
1317 1272 1372 1318 et
1397 1265 1646 1333 princeps
1686 1279 1873 1334 regum
1915 1269 2075 1318 terra:
2092 1303 2108 1330 ,

536 1362 662 1424 post
690 1355 1102 1410 resurrectionis
1130 1354 1358 1426 gloriam
1389 1354 1456 1410 de
1484 1355 1682 1410 virtute
1721 1354 1989 1424 passionis
2016 1355 2111 1410 ad-

533 1445 714 1516 jungit
737 1461 957 1500 cornua.

606 1534 773 1591 Vens.
807 1535 1238 1592 l7.—-Cornua.
1279 1537 1480 1608 Joseph
1521 1549 1802 1608 comparat
1849 1538 2109 1597 cornibus

539 1628 902 1685 rhinocerotis
920 1671 934 1696 ,
965 1629 1276 1699 signiﬁcans
1301 1630 1556 1700 Ephraim
1578 1631 1888 1686 habiturum
1909 1633 2107 1702 princi-

536 1729 720 1790 patum
745 1720 889 1774 inter
915 1721 1099 1776 decem
1133 1721 1334 1787 tribus,
1362 1721 1418 1776 in
1447 1714 1647 1790 quibus
1671 1723 1916 1793 regnavit
1956 1723 2108 1779 Jero-

2216 537 2371 595 sunt,
2403 537 2458 583 et
2496 530 2547 584 in
2598 528 2912 584 cmlestibus
2947 537 3147 583 aeterna
3207 529 3390 586 laetitia
3443 534 3802 589 remunerati.

2287 620 2354 674 In
2391 619 2762 685 tabernaculis,
2812 617 3142 685 Judmorum,
3173 624 3316 676 unde
3365 622 3616 676 :Dilatet
3665 621 3809 679 Deus

2211 711 2423 782 Japhet,
2448 720 2495 765 et
2519 712 2714 765 habitet
2743 713 2797 765 in
2820 712 3169 767 tabernaculis
3195 713 3317 768 Sent
3340 713 3496 786 (Gen.
3523 714 3605 786 Ix)
3639 729 3654 768 :
3679 716 3808 785 quia

2213 805 2266 860 in
2301 804 2546 861 ecclesiis
2567 804 2634 860 de
2660 802 2861 860 Judais
2905 806 3116 860 habitat
3141 806 3374 862 latitudo
3427 808 3667 864 minoris
3713 825 3809 880 po-

2205 895 2322 968 puli
2344 911 2441 965 per
2469 895 2736 949 unitatem
2769 894 2914 950 ﬁdei.

2291 963 2454 1044 Vitas.
2500 988 2584 1042 19.
2624 1019 2694 1028 —
2721 988 2803 1041 Ad
2855 997 3103 1044 montem.
3154 988 3283 1045 Sion
3331 963 3556 1046 scilicet,
3581 989 3678 1045 vel
3714 989 3806 1046 Je-

2140 1090 2146 1096 '
2211 1079 2445 1135 rusalem
2469 1121 2483 1145 ,
2515 1079 2600 1135 vel
2637 1080 3149 1150 contemplationem
3181 1089 3239 1138 et
3274 1082 3536 1136 virtutum
3561 1081 3812 1139 altitudi-

2211 1187 2361 1226 nem.

2290 1258 2580 1314 Vocabunt.
2624 1257 2899 1316 Justitiam
2952 1270 3159 1317 tantum
3191 1264 3247 1318 in
3274 1265 3379 1320 ﬁde
3425 1263 3634 1320 Christi
3682 1279 3810 1324 esse

2209 1350 2482 1406 docentes.
2513 1348 2664 1405 Finis
2685 1353 2821 1406 enim
2860 1352 2986 1423 legis
3009 1350 3247 1409 Christus
3273 1355 3342 1424 ad
3361 1355 3635 1424 justitiam
3661 1353 3808 1411 omni

2211 1441 2439 1496 credenti
2473 1439 2650 1512 (Rom.
2679 1441 2756 1512 ιι).
2799 1442 2859 1496 In
2889 1452 3072 1498 monte
3118 1444 3403 1500 immolant
3435 1445 3697 1500 victimas
3718 1445 3806 1515 ju-

2209 1533 2394 1599 stitize,
2421 1534 2550 1588 dum
2576 1549 2766 1588 omnes
2800 1535 2891 1603 qui
2922 1535 2990 1589 ad
3021 1535 3294 1590 Christum
3321 1537 3544 1591 veniunt
3585 1538 3672 1609 (in
3698 1552 3809 1607 quo

2209 1625 2540 1681 construitur
2583 1624 2846 1696 Ecclesia)
2892 1640 3000 1680 non
3028 1640 3097 1680 ex
3121 1627 3376 1696 operibus
3415 1625 3547 1697 legis
3601 1626 3710 1681 sed
3742 1643 3806 1680 ex

2211 1713 2314 1770 ﬁde
2345 1715 2852 1787 Christijustiﬁcari
2884 1717 3116 1784 docent,
3157 1719 3455 1774 secundum
3494 1718 3630 1773 illud
3709 1719 3806 1773 Ju-

533 1810 694 1864 boam
725 1811 792 1866 de
815 1811 954 1866 tribu
983 1811 1243 1882 Ephraim
1265 1811 1321 1867 in
1342 1820 1584 1883 tempore
1610 1813 1851 1870 Roboam
1879 1813 1975 1870 lilii
2007 1814 2107 1871 Sa—
2133 1804 2182 1867 Β
2207 1815 2318 1860 δηιδ
2349 1816 2522 1861 autem
2550 1824 2616 1862 ϐω
2651 1808 2756 1876 ﬁde
2787 1809 2909 1863 υίυίτ
2963 1807 3193 1881 (Halum-
3238 1809 3298 1879 1)·
3333 1808 3470 1864 sum
3517 1825 3656 1878 ergo
3688 1809 3808 1866 "eri

535 1901 786 1958 lomonis.

609 1991 824 2051 Cornua
857 1997 1218 2053 rhinocerotis.
1245 1997 1456 2054 Cornua
1499 1999 1676 2055 crucis
1719 2000 2020 2072 signiﬁcat,
2044 2003 2112 2071 de

535 2084 732 2155 quibus
774 2086 850 2140 ait
888 2086 1140 2142 Habacuc
1197 2105 1210 2141 :
1269 2087 1349 2141 Ibi
1392 2087 1694 2142 abscondita
1736 2098 1812 2142 est
1856 2088 2110 2158 fortitudo

533 2176 649 2246 ejus
681 2176 906 2244 (Hahae.
954 2179 1058 2250 ιιι).
1109 2179 1212 2234 Per
1261 2179 1630 2236 inﬁrmitatem
1669 2196 1902 2251 namque
1929 2183 2110 2238 carnis

534 2267 690 2335 quasi
721 2267 865 2322 aries
892 2267 1173 2324 illusorum
1199 2271 1368 2340 spinis
1394 2280 1703 2336 coronatur,
1735 2272 1820 2326 his
1855 2273 2112 2328 cornibus

535 2355 722 2422 haesit,
765 2359 860 2413 sed
901 2360 1167 2427 passionis
1198 2361 1605 2432 incomparabili
1633 2361 1948 2418 fortitudine
1989 2364 2111 2418 uni-

536 2449 718 2504 cornis
761 2450 969 2505 exstitit
1011 2453 1200 2508 mortis
1240 2454 1433 2520 victor,
1466 2461 1521 2509 et
1577 2453 1694 2524 ejus
1739 2453 1834 2524 qui
1875 2455 2111 2509 habebat

533 2539 726 2594 mortis
764 2539 1049 2610 imperium
1072 2582 1086 2606 ,
1130 2543 1272 2604 unde
1312 2561 1324 2596 :
1359 2542 1512 2608 Quod
1546 2543 1814 2611 inﬁrmum
1855 2553 1929 2598 est
1970 2542 2099 2612 Dei,

531 2629 724 2698 fortius
750 2640 824 2686 est
846 2632 1140 2686 hominibus
1171 2632 1223 2704 (Ι
1248 2633 1368 2688 Cor.
1397 2633 1438 2705 ι)

611 2715 912 2773 Ventilabit.
956 2719 1351 2777 Praedicatione
1379 2723 1557 2778 crucis
1585 2724 1899 2780 discernens
1921 2725 2106 2796 paleas

530 2824 564 2864 a
595 2808 868 2868 frumento
895 2830 910 2866 :
942 2812 1170 2869 verbum
1203 2815 1348 2870 enim
1373 2815 1549 2872 crucis
1576 2817 1927 2887 pereuntibus
1969 2817 2105 2873 stul-

532 2902 670 2957 titia.

605 2991 814 3048 Gentes.
861 2994 1082 3051 Postulo
1122 3013 1156 3050 α
1198 3013 1313 3064 me,
1346 3007 1395 3052 et
1438 2998 1573 3052 dabo
1613 2999 1706 3054 tibi
1745 3010 1952 3070 gentes,
1995 3009 2103 3057 etc.

533 3081 706 3154 (Psal.
735 3085 822 3156 ιι.)
853 3085 930 3141 De
961 3086 1272 3143 haereditate
1294 3087 1438 3142 enim
1473 3089 1584 3145 veri
1625 3088 1822 3161 Joseph
1851 3091 1993 3162 (qua:
2020 3099 2106 3147 est

531 3181 676 3229 terra
705 3174 927 3248 inclyta)
956 3177 1071 3232 haec
1096 3177 1278 3232 omnia
1314 3177 1581 3254 dicuntur,
1613 3181 1678 3236 de
1703 3179 1858 3250 cujus
1879 3183 2102 3239 cultori-
2129 3167 2175 3232 (ἶ

532 3263 636 3319 bus
665 3281 728 3320 ex
761 3273 990 3335 utroque
1012 3268 1210 3338 popqu
1235 3273 1594 3341 congregatis,
1612 3274 1853 3344 sequitur
1877 3289 1892 3329 :

604 3355 705 3410 Ha:
729 3367 849 3410 sunt
876 3353 1236 3415 multitudines
1258 3359 1532 3430 Ephraim.
1565 3363 1660 3419 Ha:
1689 3365 1806 3422 duae
1835 3366 2006 3422 tribus
2035 3382 2104 3423 ex

527 3444 724 3516 Josepb
742 3487 756 3512 ,
789 3463 894 3504 non
920 3448 974 3503 in
1003 3464 1096 3516 se,
1121 3451 1214 3506 sed
1245 3451 1299 3506 in
1327 3462 1550 3521 parente
1577 3455 1989 3512 benedicuntur.
2013 3457 2106 3513 Fi-

530 3538 632 3594 lios
655 3539 964 3610 signiﬁcant
989 3541 1273 3612 utriusque
1296 3544 1510 3614 populi,
1553 3545 1645 3615 qui
1677 3546 1732 3602 in
1767 3547 1982 3603 Christo
2010 3548 2106 3603 be-

529 3630 853 3688 nedicuntur
893 3634 1189 3689 secundum
1233 3633 1364 3692 illud
1395 3649 1411 3690 :
1438 3636 1507 3691 In
1547 3639 1739 3694 semine
1779 3647 1868 3694 tuo
1893 3640 2106 3696 benedi-

529 3733 711 3780 centur
729 3741 907 3780 omnes
925 3735 1098 3796 gentes
1119 3726 1276 3798 (Gen.
1298 3728 1458 3802 χιιι).
1481 3729 1591 3786 Hos
1608 3731 1916 3802 patriarcha
1935 3733 2104 3790 Jacob

528 3812 788 3882 Ephraim
815 3823 871 3871 et
894 3814 1181 3873 Manassen
1206 3818 1518 3875 caneellatis
1537 3821 1786 3877 manibus
1805 3823 1862 3877 in
1884 3823 2101 3877 modum

529 3909 708 3965 crucis
737 3910 1094 3978 benedicens,
1124 3921 1180 3968 et
1211 3913 1570 3984 primogenito
1598 3916 1864 3972 minorem
1909 3915 2098 3986 praefe-

531 4015 690 4066 rens,
717 3999 771 4054 in
795 3993 902 4056 ﬁde
923 4002 1102 4058 crucis
1129 4002 1333 4059 Christi
1354 3992 1752 4061 henedicendos
1776 4020 1898 4062 esse
1921 4007 2102 4080 signa-

527 4091 640 4158 vit,
690 4092 747 4147 in
798 4093 1011 4149 minore
1063 4109 1132 4150 ex
1181 4095 1432 4166 gentibus
1481 4097 1693 4153 ﬁdelem
1744 4097 1998 4168 populum
2044 4100 2100 4155 in

528 4183 731 4242 Christi
757 4187 934 4258 gratia
959 4197 1200 4260 tempore
1229 4189 1512 4256 minorem,
1542 4191 1636 4246 sed
1665 4191 1769 4247 ﬁde
1795 4193 2054 4264 majorem
2081 4211 2095 4248 :

526 4279 596 4334 ad
620 4294 782 4350 quem
815 4280 1095 4336 lsraelitici
1118 4281 1300 4353 pepuli
1325 4283 1497 4354 gratia
1537 4282 1824 4349 transivit,
1853 4285 1919 4340 de
1944 4286 2100 4356 cujus

526 4368 886 4427 inaestimabili
931 4371 1274 4428 multitudine
1321 4374 1552 4430 dicitur:
1585 4373 1686 4430 Ha:
1715 4386 1838 4431 sunt
1864 4377 2098 4431 multitu-

525 4461 702 4528 dines,
744 4473 874 4528 etc.,
926 4463 1110 4518 unde:
1146 4462 1302 4517 Multi
1338 4463 1439 4532 ﬁlii
1481 4465 1697 4520 deserta:
1731 4468 1900 4534 magis
1939 4485 2097 4539 quam

525 4553 640 4620 ejus
661 4570 778 4624 quae
808 4553 960 4608 habet
983 4554 1153 4608 uirum
1183 4553 1318 4624 (Isa.
1349 4554 1481 4626 Liv).

597 4644 870 4700 Manasses
895 4645 1238 4716 primogeniti
1267 4647 1470 4703 honore
1511 4649 1753 4719 privatus
1773 4689 1788 4715 ,
1835 4659 1890 4704 et
1916 4659 2099 4706 tamen

525 4735 878 4801 benedictus,
929 4744 1016 4791 est
1039 4735 1295 4794 Judaicus
1340 4739 1602 4809 populus,
1657 4741 1750 4810 qui
1783 4755 1851 4796 ex
1892 4741 2099 4811 majore

524 4825 607 4880 sui
639 4834 790 4894 parte
812 4839 912 4895 pro
934 4825 1251 4883 inﬁdelitate
1275 4831 1626 4898 reprobatus,
1656 4830 1710 4884 in
1747 4830 1967 4900 reliquis
2018 4841 2098 4886 ta-

525 4929 646 4968 men
674 4913 1101 4972 benedictionem
1137 4927 1478 4981 consecutus,
1505 4920 1648 4975 unde
1680 4937 1694 4974 :
1727 4919 1949 4976 Caecitas
1974 4939 2098 4979 con-

520 5008 674 5078 tingit
710 5023 774 5061 ea:
798 5018 946 5078 parte
972 5009 1026 5064 in
1049 5009 1243 5074 Israel,
1265 5018 1372 5065 etc.
1397 5008 1574 5081 (Rom.
1607 5010 1694 5082 ιι.)

601 5099 757 5154 Vens.
789 5098 874 5154 18.
900 5129 971 5138 -
991 5099 1060 5152 Et
1105 5097 1364 5153 Zabulon.
1393 5099 1629 5156 Zabulon
1669 5109 1725 5156 et
1762 5101 2008 5158 lssachar
2043 5105 2101 5160 in

519 5189 743 5246 Galilzea
767 5192 1073 5261 passionem
1107 5198 1455 5259 acceperunt,
1482 5192 1572 5247 ubi
1594 5193 1846 5249 Christus
1865 5195 2101 5250 maxime

525 5281 728 5346 docuit,
759 5282 900 5338 unde
926 5281 1197 5352 apostolos
1224 5281 1406 5352 elegit.
1439 5282 1540 5338 Per
1581 5299 1675 5338 eos
1712 5299 1842 5357 ergo
1868 5287 2097 5358 apostoli

523 5373 894 5444 designantur,
926 5382 980 5430 et
1011 5374 1092 5432 eis
1127 5374 1182 5429 iu
1210 5374 1356 5429 exitu
1379 5375 1560 5430 laetitia
1591 5379 1942 5445 promittitur,
1971 5381 2097 5450 quia

521 5471 783 5520 exeuntes
819 5463 888 5518 de
928 5463 1126 5520 ﬁnibus
1175 5465 1288 5521 suis
1313 5465 1566 5534 pupulum
1605 5467 1848 5536 gentium
1880 5469 2098 5527 Christo

521 5553 964 5626 subjugaverunt,
1006 5565 1060 5611 et
1090 5556 1142 5610 in
1192 5557 1553 5613 tabernaculis
1599 5573 1698 5627 pro
1748 5565 2096 5621 conversione

519 5643 850 5713 Iudaeorum,
877 5647 946 5704 de
965 5649 1161 5719 quibus
1182 5657 1235 5704 et
1255 5648 1358 5718 ipsi
1383 5649 1538 5704 electi
1563 5660 1706 5705 sunt.
1736 5651 1842 5708 Pro
1869 5662 2096 5726 utroque

521 5747 649 5808 ergo
667 5738 883 5808 populo,
921 5754 1162 5811 praesens
1190 5739 1269 5796 eis
1311 5739 1494 5797 laetitia
1527 5743 1880 5812 promittitur,
1911 5755 1965 5800 et
2011 5747 2093 5801 lu-

2211 1896 2503 1954 Christiain
2530 1899 2762 1955 victima:
2783 1899 3024 1970 justitizn,
3056 1917 3177 1972 quae
3218 1901 3288 1956 ab
3319 1901 3577 1972 apostolis
3603 1903 3808 1959 immo-

2210 1988 2415 2054 lantur,
2444 1989 2567 2043 dum
2593 1997 2807 2044 terrena
2837 1990 3104 2045 desideria
3148 1991 3480 2054 mortiﬁcare
3501 1992 3802 2062 docentur,

2211 2087 2270 2133 ut
2323 2078 2626 2147 spiritualia
2674 2077 3044 2144 viviﬁcentur;
3094 2079 3282 2134 undo'
3310 2077 3369 2133 Si
3416 2079 3607 2150 spiritu
3657 2081 3806 2150 [acta

2211 2171 2384 2224 carnis
2421 2169 2854 2238 mortiﬁcaveritis
2877 2211 2892 2234 ,
2933 2171 3109 2224 vinetis
3149 2169 3320 2240 (Rom.
3353 2172 3494 2243 vin).

2282 2260 2366 2314 Ibi
2402 2260 2764 2314 immolabant.
2793 2259 2909 2316 Non
2941 2269 3025 2316 est
3055 2261 3207 2316 locus
3226 2263 3340 2316 veri
3365 2261 3618 2316 sacriﬁcii
3641 2271 3806 2317 extra

2210 2350 2534 2406 catholicam
2561 2350 2880 2417 Ecclesiam,
2911 2366 3031 2421 qua:
3063 2365 3226 2422 supra
3255 2352 3400 2406 hunc
3429 2360 3676 2406 montem
3711 2367 3806 2422 po-

2212 2441 2315 2496 sita
2344 2449 2446 2496 est.

2283 2550 2386 2617 Qui
2414 2551 2831 2606 inundationem.
2880 2551 2972 2606 Hie
3002 2551 3172 2607 tribus
3202 2551 3662 2622 negotiationibus
3707 2567 3805 2605 va-

2208 2650 2486 2707 caverunt,
2539 2642 2604 2697 de
2641 2643 3019 2698 transmarinis
3065 2643 3377 2714 regionibus
3432 2643 3803 2698 mercimonia

2207 2739 2579 2802 reportantes,
2618 2741 2673 2787 et
2709 2733 2994 2790 thesauros
3044 2734 3422 2799 absconditos,
3478 2744 3799 2806 argentum,

2207 2824 2416 2880 scilicet
2437 2839 2628 2879 aurum
2657 2825 2744 2881 vel
2773 2841 3014 2899 gemmas
3052 2829 3204 2898 quasi
3240 2827 3324 2882 lac
3347 2838 3556 2898 augent,
3602 2827 3658 2882 id
3686 2839 3801 2894 est,

2207 2912 2369 2970 facile
2400 2915 2685 2986 accipient.

2279 3023 2383 3090 Qui
2411 3025 2807 3079 inundationem
2838 3028 3020 3081 maris.
3045 3027 3301 3083 Gentium
3339 3029 3684 3083 vocationem
3727 3031 3802 3085 si-

2209 3114 2447 3186 gniﬁcat.
2486 3113 2633 3170 Marc
2666 3115 2811 3170 enim
2852 3117 3162 3172 universum
3201 3133 3371 3186 genus
3403 3119 3688 3172 hominum
3721 3121 3800 3174 si-

2207 3204 2454 3274 gniﬁcat;
2489 3205 2627 3260 unde
2659 3223 2671 3259 :
2711 3203 2892 3260 Simile
2935 3215 3010 3261 est
3051 3223 3263 3278 regnum
3307 3207 3554 3262 caelorum
3583 3226 3800 3279 sugente

2207 3296 2381 3350 missa:
2407 3297 2461 3348 in
2489 3294 2658 3360 mari,
2687 3304 2735 3348 et
2785 3311 2849 3349 ea;
2894 3297 3032 3350 omni
3090 3313 3274 3366 genere
3305 3298 3528 3366 piscium
3584 3314 3804 3368 congre-

2205 3385 2579 3458 ganti(Matth.
2607 3385 2750 3456 xm).
2784 3385 2951 3448 Mare,
2984 3386 3236 3452 mundus,
3267 3402 3483 3458 sagena,
3519 3387 3797 3456 doctrina,

2205 3491 2366 3532 omne
2387 3492 2556 3548 genus
2581 3477 2831 3546 piscium,
2863 3477 3039 3532 omnis
3067 3493 3247 3544 sexus,
3293 3489 3428 3534 aetas
3469 3487 3525 3535 et
3551 3481 3800 3536 conditio

2207 3567 2543 3639 intelligitur.
2571 3568 2734 3623 Maris
2764 3583 2894 3639 ergo
2919 3569 3329 3625 inundationem
3355 3571 3591 3641 apostoli
3637 3573 3800 3642 quasi

2205 3658 2290 3715 lac
2341 3669 2622 3725 suxerunt,
2655 3660 2782 3731 quia
2807 3659 3139 3716 conﬂuentes
3176 3663 3244 3717 ad
3269 3660 3574 3718 doctrinam
3617 3663 3802 3718 Evan-

2205 3752 2330 3824 gelii
2368 3753 2552 3809 turbas
2574 3754 2893 3824 populorum
2919 3755 2972 3809 in
2997 3763 3342 3826 augmentum
3368 3758 3617 3827 corporis
3639 3758 3799 3814 Chri-

2205 3845 2272 3900 sti
2303 3852 2608 3898 traxerunt.

2274 3955 2636 4010 Absconditos.
2665 3955 2822 4010 Novit
2845 3955 3104 4010 Dominus
3131 3959 3222 4027 qui
3256 3967 3375 4013 sunt
3401 3958 3518 4029 ejus
3557 3957 3622 4029 (Ι
3655 3958 3794 4013 Tim.

2202 4045 2299 4119 tt).
2331 4045 2498 4100 Multi
2523 4047 2659 4101 enim
2687 4056 2808 4101 sunt
2838 4049 3026 4113 vocati,
3058 4049 3232 4118 pauci,
3261 4057 3366 4104 etc.
3401 4047 3627 4120 (Matth.
3677 4050 3795 4120 xx.)

2271 4159 2483 4225 Areum,
2517 4157 2810 4214 inﬁdelium
2853 4157 3168 4225 multitudo;
3223 4159 3496 4226 thesauri,
3537 4163 3796 4230 pretiosze

2201 4252 2495 4311 electorum
2540 4252 2752 4306 animae.
2785 4250 2874 4306 Sic
2899 4267 3028 4320 ergo
3059 4261 3343 4318 suxerunt,
3367 4261 3429 4307 ut
3471 4269 3539 4307 ex
3580 4255 3797 4309 audito—

2201 4345 2351 4400 ribus
2371 4343 2646 4414 Evangelii
2674 4343 2764 4398 alii
2793 4343 2950 4413 quasi
2977 4359 3106 4398 vasa
3135 4345 3188 4398 in
3218 4345 3482 4400 honorem
3516 4346 3798 4400 thesauris

2200 4436 2346 4506 regis
2397 4433 2846 4501 transferrentur,
2883 4437 2974 4492 alii
3028 4437 3184 4508 quasi
3236 4453 3418 4494 arena:
3469 4439 3693 4495 steriles
3738 4448 3796 4494 et

2122 4538 2181 4602 Β
2203 4529 2423 4584 inutiles
2450 4529 2604 4584 vacui
2627 4537 2994 4585 remanerent.

2287 4642 2446 4696 Vens.
2492 4639 2582 4694 20.
2612 4670 2682 4680 —
2713 4639 2779 4694 Et
2831 4639 2948 4695 Gad
2991 4642 3083 4694 ait.
3132 4641 3191 4696 ln
3245 4643 3628 4701 benedictione
3674 4647 3790 4702 Gad

2203 4731 2418 4788 videtur
2436 4733 2730 4802 praedicere
2753 4731 3046 4802 potentiam
3070 4732 3308 4788 virorum
3336 4733 3563 4791 fortium
3593 4737 3682 4792 vel
3705 4738 3790 4807 juo

2200 4819 2423 4888 dicium,
2445 4822 2537 4893 qui
2557 4823 2624 4878 de
2652 4822 2743 4878 illa
2764 4823 2908 4878 tribu
2930 4822 3168 4889 fuerunt,
3198 4823 3570 4896 sicutJephte,
3599 4838 3655 4883 et
3694 4829 3788 4884 alii

2202 4911 2376 4966 multi.

2273 5020 2342 5076 In
2396 5023 2692 5078 latitudine.
2742 5023 2877 5090 Quia
2925 5027 3101 5080 omnis
3142 5027 3419 5096 plenitudo
3450 5030 3788 5088 benedictio-

2201 5115 2288 5170 nis
2325 5128 2486 5184 supra
2529 5114 2800 5172 Christum
2835 5117 3122 5186 requievit,
3151 5120 3292 5175 unde
3316 5136 3444 5176 suos
3482 5124 3784 5180 benedixit.

2275 5203 2409 5260 Gad.
2439 5205 2494 5259 id
2543 5215 2644 5270 est,
2697 5207 2988 5272 accinctus,
3027 5208 3298 5265 Christum
3356 5213 3645 5282 signiﬁcat,
3689 5217 3784 5286 qui

2201 5305 2391 5352 contra
2420 5296 2729 5366 spirituales
2757 5300 3024 5369 nequitias
3070 5311 3422 5372 pugnaturus,
3456 5307 3511 5360 in
3556 5308 3788 5364 inﬁrmi-

2207 5396 2316 5444 tate
2346 5388 2527 5443 carnis
2567 5389 2769 5445 virtute
2814 5391 3114 5446 divinitatis
3149 5395 3476 5462 praecinctus
3511 5398 3788 5467 apparuit,

2205 5479 2503 5534 secundum
2532 5479 2660 5535 illud
2693 5498 2706 5534 :
2741 5479 2967 5534 Indutus
2991 5492 3066 5536 est
3117 5481 3369 5540 Dominus
3421 5487 3786 5554 fortitudinem

2203 5579 2252 5625 et
2275 5572 2554 5640 pra’cinxit
2580 5588 2634 5625 se
2663 5571 2834 5642 (Psal.
2877 5573 3029 5641 cxn).
3060 5575 3124 5627 Et
3145 5575 3271 5630 alibi
3299 5597 3317 5638 ,ς
3341 5577 3602 5634 Dominus
3631 5583 3782 5649 fortis

2204 5671 2250 5718 et
2297 5672 2478 5732 potens
2516 5665 2571 5718 in
2618 5664 2823 5734 prmlio,
2853 5674 2958 5720 etc.
3007 5666 3106 5721 llic
3135 5668 3187 5722 in
3231 5669 3512 5728 latitudine
3555 5675 3784 5729 benedi-

2205 5761 2325 5810 ctus
2362 5761 2477 5820 est,
2507 5755 2631 5824 quia
2661 5770 2768 5809 non
2799 5755 2852 5810 in
2898 5755 3025 5812 solis
3057 5755 3256 5814 Judaeis
3276 5800 3290 5825 ,
3314 5763 3409 5816 sed
3447 5760 3502 5816 in
3533 5764 3788 5830 omnibus
