4006 6352
249 351 350 408 801

1249 365 1534 424 GLOSSA.
1575 366 1970 429 0RDINARIA.
2009 406 2079 418 —-
2111 379 2238 435 LIB.
2281 381 2488 438 DEUT.

3409 395 3515 452 502

243 465 498 578 gentibus
518 468 908 540 amplissimum
939 489 1162 547 regnum
1192 481 1419 550 accepit.
1438 481 1566 539 inde
1590 483 1830 556 Prophe-
1856 491 1910 551 Α
1933 500 2039 545 tate
2059 533 2072 557 ,
2098 495 2216 547 vivit
2245 506 2415 550 tamen
2445 515 2509 552 ea:
2548 498 2731 552 virtute
2775 499 2871 554 Dei
2897 499 2949 572 (Ι
2955 502 2980 554 I
3005 503 3127 557 Cor.
3165 508 3307 578 xm).
3347 508 3514 577 Quasi

240 555 319 610 tia
357 554 437 610 ait
470 575 482 610 :

1924 597 2053 654 ergo
2077 599 2144 639 ex
2183 585 2355 642 Basan
2381 587 2602 660 largiter
2642 589 2826 657 fluxu,
2861 608 2984 647 cum
3023 610 3122 664 per
3160 596 3514 667 ignominiam

311 647 356 699 Α
385 647 542 756 satis"
558 660 675 756 ortu
710 670 873 756 usque
922 657 990 710 ad
1034 675 1277 716 occasum
1316 662 1580 720 laudabile
1636 683 1824 724 nomen
1923 676 2112 730 mortis
2137 679 2464 746 perveniens
2492 681 2559 736 ad
2587 681 2813 753 gloriam
2843 647 3301 756 immorrtalitd’tis,
3334 691 3510 749 ﬂuen-

235 735 474 792 Domini.
507 739 613 795 Sed
633 743 754 810 quia
787 761 883 814 per
907 747 1261 807 humilitatem
1291 755 1556 824 passionis
1583 760 1650 814 ad
1682 760 1822 818 hanc

235 828 466 898 gloriam
498 834 765 900 pervenit,
801 836 866 890 de
894 848 1068 896 morte
1094 842 1211 912 ejus
1257 844 1567 917 subjungit:

310 919 478 985 Quasi
501 922 580 976 leo
619 927 885 995 requievit.
925 927 1240 988 Potestatem
1267 937 1430 992 habeo
1451 941 1675 1009 ponendi
1703 943 1818 996 ani-

233 1027 379 1067 mam
409 1033 580 1072 meam
617 1021 798 1093 (Joan.
831 1026 904 1098 ιι).
948 1028 1198 1087 Potestas
1240 1033 1450 1098 mortis,
1496 1051 1605 1090 non
1637 1053 1816 1096 neces-

231 1103 370 1160 sitas
407 1110 750 1181 exprimitur;
780 1118 922 1172 unde
953 1137 966 1174 :
992 1119 1160 1176 Nemo
1191 1123 1325 1178 tollit
1348 1143 1463 1180 eam
1503 1144 1536 1180 a
1580 1146 1682 1196 me,
1723 1132 1815 1186 sed

229 1209 325 1264 ego
352 1214 487 1264 pono
521 1217 657 1257 eam.
693 1203 885 1282 (Ibid.)

304 1287 474 1388 Quasi
503 1292 582 1348 leo
622 1297 856 1366 fremuit.
891 1302 1162 1377 Quidquid
1190 1310 1333 1366 enim
1381 1315 1536 1383 dixit,
1563 1327 1814 1388 potenter

226 1378 496 1450 implevit.

299 1471 548 1546 Cepitque
588 1479 859 1540 brachium
911 1498 958 1542 et
991 1495 1249 1551 verticem.
1299 1497 1431 1554 Cum
1462 1517 1750 1576 resurgens
1775 1521 1807 1561 a

221 1567 458 1622 mortuis
479 1567 849 1632 fortitudinem
874 1579 1214 1642 inimicorum
1244 1589 1346 1645 sibi
1369 1567 1691 1664 subjugavit.
1709 1597 1808 1654 Ce—

219 1659 303 1755 pit
325 1672 540 1730 quoque
566 1666 844 1734 verticem,
879 1671 932 1725 id
971 1683 1072 1740 est,
1104 1681 1358 1736 mundani
1403 1659 1611 1755 imperii
1642 1688 1806 1744 subli-

219 1749 470 1844 mitatem
522 1755 587 1808 ad
620 1759 1012 1831 suscipiendam
1059 1767 1217 1826 ﬁdem
1254 1749 1568 1844 inclinavit;
1612 1781 1752 1835 unde
1786 1801 1799 1835 :

1921 764 1992 819 tis
2054 766 2322 838 Evangelii
2369 779 2542 826 totum
2581 774 2767 828 orbem
2807 775 3088 848 irrigavit;
3131 781 3271 836 unde
3298 782 3509 841 Isaias:

1919 853 2138 926 Repleta
2174 869 2250 912 est
2285 870 2424 915 terra
2460 864 2676 919 scientia
2702 864 2950 933 Domini,
2987 869 3123 923 sicut
3157 888 3308 941 aqua:
3344 877 3508 931 maris

1919 951 2165 1019 aperienti
2173 968 2192 1005 ς
2223 951 2356 1022 (Isa.
2389 954 2471 1024 ιι).
2748 1006 2750 1008 ,

1990 1042 2108 1098 Dan
2139 1045 2345 1100 catulus
2371 1049 2553 1103 leonis.
2577 1050 2690 1106 Hoc
2722 1060 2944 1123 propter
2983 1053 3302 1112 Samsonem
3333 1059 3462 1114 dicit
3487 1100 3504 1127 ,

1917 1134 2006 1204 qui
2039 1134 2104 1189 de
2131 1135 2269 1213 tribu
2302 1137 2414 1192 Dan
2436 1138 2568 1207 fuit,
2601 1151 2656 1197 et
2690 1143 2844 1213 quasi
2873 1145 2958 1200 leo
2979 1145 3166 1212 fortis,
3192 1147 3345 1218 cujus
3373 1167 3501 1222 pos-

1891 1232 2086 1286 sessio
2108 1248 2278 1303 usque
2304 1233 2497 1291 Basan.
2529 1237 2896 1298 Antichristus
2931 1258 3059 1298 vero
3108 1243 3238 1300 fluet
3277 1245 3504 1318 largiter

1914 1323 1982 1380 de
2034 1322 2238 1393 Basan,
2291 1327 2417 1398 quia
2469 1330 2751 1387 satiabitur
2801 1334 3126 1406 pinguedine
3170 1337 3394 1395 luxuriae
3445 1347 3502 1396 et

1911 1415 2152 1470 omnium
2183 1416 2458 1472 vitiorum.

1983 1503 2134 1558 Mare
2168 1515 2217 1560 et
2247 1508 2515 1563 meridiem
2558 1512 2860 1581 possidebit.
2897 1513 3031 1582 Quia
3061 1518 3331 1587 possessio
3378 1517 3496 1588 ejus

1909 1597 1976 1652 ab
2001 1598 2223 1652 australi
2245 1608 2396 1669 parte
2420 1599 2474 1655 in
2502 1603 2838 1660 occidentem
2873 1620 3044 1676 usque
3085 1607 3154 1663 ad
3193 1623 3339 1664 mare
3360 1608 3496 1680 Tyr-

1909 1689 2136 1744 rhenum
2166 1692 2441 1763 pertingit.

1979 1780 2129 1836 Mare
2167 1792 2214 1836 et
2261 1783 2527 1837 meridiem
2565 1785 2866 1854 possidebit.
2909 1785 3013 1841 Per
3050 1787 3321 1858 apostolos
3343 1787 3492 1844 enim

219 1841 292 1945 ﬁt!
322 1846 626 1948 adorabunt
645 1871 762 1909 eum
806 1875 982 1915 omnes
1023 1880 1197 1935 reges;
1259 1885 1434 1924 omnes
1473 1883 1646 1941 gentes
1691 1893 1800 1929 εεν-
1826 1848 1876 1909 Β
1902 1882 1969 1924 ex
2011 1872 2208 1928 Iudaeis
2249 1884 2304 1929 et
2343 1876 2588 1945 gentibus
2623 1876 2863 1932 Ecclesia
2906 1879 3202 1948 acquiritur
3252 1877 3488 1935 Christo.

219 1935 357 2035 cient
388 1939 435 1992 ei
473 1939 646 2014 (Psal.
675 1949 846 2022 exn).
895 1950 1153 2025 Sequitur
1175 1958 1242 2014 de
1284 1975 1424 2016 novo
1465 1935 1608 2019 statu
1648 1966 1800 2037 regni

217 2038 360 2094 ejus.

291 2118 456 2175 Vsus.
482 2123 672 2218 21.7—
701 2129 768 2184 Et
799 2133 923 2188 vidit
955 2138 1306 2211 principatum
1343 2161 1528 2212 suum,
1560 2147 1700 2218 quod
1748 2149 1802 2203 in

212 2220 367 2317 parte
401 2230 518 2268 sua.
552 2216 822 2290 Subjectis
860 2225 964 2281 sibi
1003 2231 1182 2300 regnis
1212 2239 1265 2288 et
1286 2216 1580 2305 gentibus,
1606 2247 1802 2308 poten-

213 2309 291 2450 Lia
319 2309 438 2375 ejus
459 2315 740 2384 apparuit,
767 2333 876 2374 non
899 2335 1175 2381 armorum
1215 2336 1449 2398 terrore,
1484 2331 1577 2386 sed
1601 2332 1801 2389 virtute

251 2399 500 2452 octrinaa.

251 2411 500 2457 ΟΟΠἾΙΠΒ.

287 2491 586 2589 Repositus.
614 2500 868 2564 Occultus
886 2550 902 2578 ,
924 2510 1049 2566 dum
1076 2515 1264 2570 scribit
1291 2516 1437 2589 leges
1461 2491 1654 2574 suasin
1676 2537 1801 2576 cor-

210 2581 372 2640 dibus
415 2587 689 2660 ﬁdelium;
715 2599 856 2654 unde
897 2602 1016 2658 ait:
1057 2603 1158 2660 Vos
1202 2581 1494 2664 unctionem
1540 2611 1737 2666 habetis
1767 2631 1802 2669 α

209 2687 426 2744 sancto,
455 2693 503 2735 et
542 2701 646 2739 non
676 2703 880 2746 necesse
913 2695 1113 2751 habetis
1152 2708 1206 2750 ut
1243 2698 1434 2770 aliquis
1468 2701 1648 2756 doceat
1682 2720 1801 2767 vos;

209 2770 387 2865 unctio
415 2773 530 2843 ejus
555 2776 703 2833 docet
733 2799 820 2838 vos
849 2785 912 2839 de
941 2789 1179 2844 omnibus
1211 2789 1394 2862 (Joan.
1433 2793 1518 2865 ιι).
1545 2795 1639 2850 Vel
1658 2835 1674 2861 ,
1697 2795 1800 2850 Re-

207 2861 446 2958 positus,
481 2869 603 2938 quia
637 2871 690 2926 in
717 2873 829 2946 lege
869 2886 922 2933 et
950 2883 1228 2952 prophetis
1263 2885 1315 2939 in
1345 2861 1530 2956 ﬁguris
1558 2888 1799 2958 latebat,

207 2960 264 3054 et
305 2955 535 3054 docebat
566 2964 942 3039 absconditus,
980 2990 1098 3046 qua:
1134 2955 1416 3034 manifeste
1461 2982 1516 3036 in
1556 2955 1802 3054 Evange;

209 3043 282 3100 lio
317 3049 644 3143 declaravit;
692 3063 834 3118 unde
872 3083 884 3117 :
925 3065 1188 3138 Incipiens
1211 3089 1242 3126 a
1279 3071 1458 3143 Moyse
1488 3084 1537 3130 et
1566 3078 1803 3134 omnibus

204 3141 471 3236 prophetis
502 3146 941 3222 interpretabatur
977 3159 1083 3214 illis
1117 3161 1267 3233 (Luc.
1303 3141 1474 3236 xxiv).
1739 3159 1745 3168 ’

1902 1960 2008 2017 Per
2056 1979 2205 2019 mare
2251 1967 2397 2019 enim
2437 1967 2772 2023 occidentale
2817 1969 2982 2040 (quod
3023 1970 3113 2026 hic
3148 1967 3491 2043 intelligitur)

1901 2053 2072 2114 Judaei
2126 2059 2442 2130 ﬁgurantur,
2487 2063 2579 2132 qui
2623 2065 2830 2120 umbrae
2865 2071 2922 2120 et
2961 2066 3256 2135 exemplari
3305 2066 3486 2121 deser-

1902 2149 2081 2216 viunt,
2103 2166 2204 2206 nec
2224 2152 2424 2207 habent
2444 2152 2617 2209 lucem
2644 2155 2882 2211 scientiae
2905 2165 2960 2211 et
2979 2157 3222 2212 veritatis
3242 2198 3257 2223 ,
3285 2167 3339 2213 et
3362 2158 3488 2227 quia

1903 2243 1984 2299 eis
2007 2243 2086 2298 sol
2117 2243 2339 2314 justitize
2387 2247 2666 2310 occubuit.
2711 2250 2989 2319 perpetuis
3027 2259 3406 2306 remanserunt
3436 2251 3490 2305 in

1903 2337 2164 2392 tenebris.
2217 2336 2372 2392 Hunc
2429 2339 2764 2395 occidentem
2823 2341 3050 2410 apostoli
3101 2342 3486 2412 possederunt,

1903 2441 2027 2482 cum
2057 2442 2124 2482 ex
2155 2427 2234 2483 eis
2259 2427 2522 2498 plurimos
2543 2431 2716 2500 gratia
2743 2429 2868 2486 ﬁdei
2894 2431 3225 2488 illuminatos
3272 2431 3490 2488 Christo

1904 2517 2277 2587 subjecerunt,
2307 2519 2477 2589 utqui
2507 2519 2723 2576 fuerunt
2767 2521 3056 2591 aliquando
3097 2525 3364 2590 tenebras,
3396 2523 3488 2578 lux

1903 2617 2086 2664 essent
2111 2609 2165 2664 in
2197 2611 2442 2666 Domino.
2472 2612 2530 2666 In
2561 2612 2786 2668 meridie
2816 2613 3135 2683 intelligitur
3158 2613 3394 2668 Ecclesia
3423 2613 3490 2668 de

1904 2701 2154 2771 gentibus
2184 2701 2432 2768 collecta,
2463 2717 2602 2771 quae,
2633 2703 2813 2759 ablato
2841 2703 2975 2774 legis
2995 2703 3280 2769 velamine,
3313 2703 3488 2757 Evan-

1905 2790 2026 2863 gelii
2074 2791 2195 2848 luce
2219 2791 2537 2861 perfruitur,
2572 2802 2627 2848 et
2651 2796 2854 2850 cubans
2893 2811 3016 2850 cum
3061 2809 3259 2865 sponso
3289 2795 3341 2848 in
3371 2809 3489 2848 me-

1907 2883 2076 2949 ridie,
2105 2885 2338 2940 revelata
2381 2885 2519 2941 facie
2557 2886 2785 2956 gloriam
2816 2889 3030 2944 Domini
3068 2887 3481 2954 contemplatur.

1987 2977 2139 3030 Vens.
2169 2977 2261 3030 24.
2296 3008 2364 3016 —-
2389 2977 2520 3032 Aser
2555 2996 2756 3049 quoque
2787 2981 2902 3033 ait:
2935 2979 3246 3034 Benedictus
3277 2979 3330 3031 in
3361 2975 3486 3045 ﬁliis

1911 3067 2058 3132 Aser,
2081 3069 2146 3121 sit
2167 3065 2376 3138 placens
2401 3067 2651 3138 fratribus
2675 3071 2801 3126 suis.
2827 3071 2965 3126 Aser
2987 3071 3202 3135 beatus,
3239 3069 3486 3126 Christus

1910 3159 2117 3214 scilicet
2139 3167 2338 3213 nostra:
2363 3161 2714 3216 beatitudinis
2739 3177 2862 3232 spes
2880 3203 2894 3227 ,
2920 3160 3073 3230 cujus
3095 3162 3365 3232 primitias
3390 3176 3487 3215 no-
3515 3188 3520 3193 -

282 3233 389 3299 Qui
411 3236 512 3306 fuit
551 3257 668 3296 cum
706 3248 1030 3316 principibus
1065 3211 1266 3324 ptipuli.
1313 3211 1557 3326 Adjiitor,
1607 3260 1751 3316 unde
1789 3277 1802 3315 :
1833 3211 1880 3284 C
1911 3251 1994 3305 bis
2014 3251 2247 3304 ostendit
2271 3266 2559 3321 resurgens
2587 3268 2618 3306 a
2649 3211 2892 3307 morluis.
2920 3249 3015 3308 Hic
3051 3261 3135 3306 est
3171 3251 3484 3306 benedictus

207 3321 437 3424 gemino
463 3347 773 3405 cooperante
800 3349 847 3393 et
878 3359 1168 3399 sermonem
1210 3348 1553 3418 conﬁrmante
1592 3369 1807 3424 sequen-

206 3414 345 3515 tibus
364 3421 526 3515 signis
548 3424 743 3497 (Marc.
770 3434 904 3506 xvr),
933 3436 1058 3505 quia
1079 3437 1155 3493 ait
1179 3454 1192 3492 :
1218 3414 1346 3496 Sine
1371 3458 1452 3496 me
1478 3443 1610 3498 nihil
1633 3414 1807 3515 potes-

207 3506 276 3561 tis
299 3509 474 3576 facere
498 3513 676 3585 (Joan.
707 3522 821 3590 xv).

284 3597 432 3656 Fecit
465 3605 725 3675 justitias.
757 3611 816 3668 id
843 3624 928 3671 est
955 3615 1259 3687 justiﬁcans
1291 3623 1347 3678 in
1388 3639 1448 3678 se
1485 3625 1803 3694 credentes,

207 3699 264 3745 et
291 3694 506 3752 tandem
533 3706 827 3761 secundum
857 3711 1053 3766 merita
1072 3711 1338 3783 judicabit
1371 3732 1493 3772 cum
1521 3717 1717 3785 Israel,
1750 3719 1806 3775 id

207 3795 294 3840 est
316 3802 437 3842 cum
464 3793 660 3863 populo
689 3813 787 3854 suo
815 3799 882 3854 ad
905 3804 1166 3860 visionem
1192 3807 1287 3860 Dei
1313 3808 1500 3864 electo.

280 3878 546 3974 Justitias.
600 3885 1022 3952 Justiﬁcationes
1077 3897 1432 3956 credentium.
1484 3901 1599 3974 Ipse
1658 3903 1804 3966 enim

199 3968 470 4066 justiﬁcat
516 3977 742 4050 impium
780 4001 846 4040 ex
889 3987 1009 4044 ﬁde.
1042 3988 1228 4062 Neque
1259 3994 1405 4050 enim
1441 3968 1522 4050 ex—
1547 3996 1803 4066 operibus

205 4057 347 4136 legis
372 4065 761 4136 justiﬁcabitur
780 4081 956 4136 omnis
983 4098 1133 4140 caro.

287 4153 446 4213 Vens.
474 4159 563 4215 22.
595 4194 663 4204 —
689 4165 809 4223 Dan
844 4186 1069 4242 quoque.
1097 4172 1200 4229 Alii
1229 4190 1330 4245 per
1369 4177 1484 4232 Dan
1524 4173 1804 4234 Antichri-

206 4255 354 4304 stum
387 4251 588 4323 signari
626 4269 858 4330 putant,
894 4279 1052 4334 quem
1079 4265 1147 4323 de
1175 4269 1276 4326 hac
1307 4271 1446 4327 tribu
1469 4274 1800 4329 nasciturum

205 4343 483 4401 aestimant
527 4367 539 4403 :
581 4351 697 4432 ipse
727 4363 809 4410 cst
847 4359 1057 4416 catulus
1105 4361 1306 4429 leonis,
1351 4365 1406 4422 id
1442 4375 1525 4422 est
1559 4367 1798 4436 diaboli,

208 4437 302 4528 qui
324 4436 550 4510 largiter
583 4441 716 4502 ﬂuet
743 4447 809 4502 de
835 4447 1010 4512 Busan
1029 4493 1044 4522 ,
1077 4455 1205 4524 quia
1223 4457 1414 4528 plenus
1442 4458 1794 4528 confusione;

1909 3341 1965 3396 in
1993 3340 2118 3396 ﬁliis
2140 3381 2154 3406 ,
2183 3341 2306 3410 quia
2333 3343 2644 3407 credentes,
2678 3357 2774 3412 per
2797 3343 2916 3414 ejus
2937 3341 3166 3415 gratiam
3196 3356 3485 3396 renascen—

1905 3417 2017 3496 tes,
2051 3439 2218 3486 totum
2244 3432 2427 3487 orbem
2459 3433 2577 3504 ejus
2601 3433 2950 3489 similitudine
2971 3433 3346 3504 repleverunt,
3367 3431 3488 3502 qui-

1907 3523 2008 3579 bus
2032 3523 2232 3578 dicitur
2256 3541 2268 3577 :
2291 3523 2496 3578 Credite
2517 3526 2570 3579 in
2594 3524 2784 3591 lucem,
2805 3523 2904 3593 ﬁlii
2927 3535 2980 3578 ut
3013 3525 3143 3578 lucis
3165 3523 3276 3577 sitis
3299 3523 3480 3595 (Joan.

1907 3612 2030 3684 xu).
2063 3613 2167 3682 Ipsi
2197 3613 2428 3668 aﬁ‘erunt
2458 3613 2691 3670 fructum
2737 3614 2873 3670 lucis
2899 3615 2951 3668 in
2977 3615 3122 3671 omni
3149 3615 3388 3670 bonitate
3429 3624 3485 3670 et

1900 3700 2110 3772 justitia
2141 3712 2198 3758 et
2227 3704 2470 3759 veritate.
2503 3703 2614 3760 Hoc
2634 3715 2814 3762 autem
2839 3706 3038 3761 factum
3073 3716 3186 3772 est,
3214 3707 3340 3778 quia
3370 3703 3482 3760 fra-

1907 3796 2080 3852 tribus
2115 3796 2259 3861 suis,
2285 3795 2339 3852 id
2361 3805 2444 3853 est
2483 3799 2773 3869 apostolis,
2827 3815 2961 3869 quos
2982 3800 3046 3855 de
3073 3799 3255 3857 Iudaea
3285 3801 3482 3872 elegit,

1905 3906 2034 3946 vera
2072 3891 2339 3948 charitate
2365 3891 2714 3963 complacuit,
2751 3903 2806 3949 ut
2828 3893 3027 3965 spretis
3055 3885 3242 3965 ﬁguris
3288 3895 3484 3964 gaude-

1905 3995 2027 4042 rent
2061 3987 2126 4041 de
2154 3985 2384 4043 veritate
2409 3987 2680 4060 Evangelii
2707 4029 2722 4055 ,
2756 3971 2812 4043 et
2851 3989 2975 4058 quia
3008 3987 3154 4060 digni
3181 3981 3350 4043 essent
3389 4004 3483 4059 pro

1905 4081 2112 4136 nomine
2154 4079 2283 4135 Jesu
2335 4081 2701 4136 contumeliam
2745 4084 2875 4152 pati.
2921 4081 2987 4137 Et
3029 4081 3172 4137 unde
3209 4081 3287 4137 eis
3333 4091 3476 4136 tanta

1902 4171 2186 4227 charitatis
2224 4171 2590 4241 abundantia,
2629 4173 2912 4246 supponit,
2951 4175 3114 4246 tingat
3137 4175 3192 4228 in
3228 4171 3339 4228 oleo
3397 4189 3478 4243 pe-

1903 4264 2038 4330 dem,
2077 4272 2180 4321 etc.

1975 4355 2045 4410 Et
2074 4357 2241 4429 tingat
2268 4359 2324 4413 in
2362 4359 2474 4412 oleo
2511 4357 2693 4428 pedem
2732 4375 2905 4413 suum.
2931 4357 3179 4414 Christus
3209 4365 3370 4426 caput
3393 4373 3481 4412 n0-

1904 4455 2075 4504 strum
2106 4449 2405 4504 ascendens
2433 4451 2485 4504 in
2511 4450 2725 4516 cmlum,
2756 4448 3048 4520 apostolos,
3082 4445 3289 4504 scilicet
3317 4449 3480 4520 pedes

201 4525 382 4585 Basan
423 4534 621 4606 quippe
663 4539 935 4610 confusio,
968 4545 1050 4601 vel
1083 4525 1382 4620 ρῑηειίεάο,
1431 4552 1514 4609 νει
1557 4525 1875 4634 bruchus],
1902 4554 2030 4594 suos
2079 4539 2339 4593 mundum
2397 4537 2742 4610 przedicando
2792 4537 3172 4594 circumituros
3232 4538 3288 4593 in
3338 4548 3481 4594 terra

203 4621 618 4696 interpretatur.

275 4717 395 4773 Dan
437 4736 651 4792 quoque
685 4726 952 4798 judicium
977 4769 992 4798 ,
1035 4731 1209 4788 Basan
1257 4735 1630 4805 ignominiam.
1676 4750 1792 4792 van

200 4827 335 4868 vero
370 4813 648 4872 Christum
696 4821 967 4892 signiﬁcat
997 4863 1012 4888 ,
1039 4826 1130 4894 qui
1157 4827 1233 4882 ait
1260 4845 1272 4880 ;
1303 4827 1370 4881 1η
1388 4827 1656 4898 judicium
1698 4846 1790 4902 ego

199 4903 257 4958 in
305 4905 444 4960 hunc
489 4911 742 4967 mundum
805 4915 916 4969 veni
959 4914 1140 4987 (Joan.
1191 4917 1288 4990 ix).
1344 4918 1567 4976 Catulus
1619 4920 1791 4978 leonis

197 5005 426 5066 propter
463 4997 868 5074 fortitudinem,
907 5016 963 5061 et
995 5007 1120 5076 quia
1147 5010 1402 5078 parvulus
1444 5010 1558 5066 ﬁeri
1601 4999 1788 5085 digna—

199 5093 288 5142 tus
326 5096 448 5154 est;
477 5092 569 5146 sed
607 5094 908 5166 suscipiens
954 5097 1324 5154 inﬁrmitatem
1359 5110 1630 5168 nostram,
1681 5119 1791 5161 non

197 5180 386 5234 amisit
414 5183 666 5238 virtutem
695 5200 848 5240 suam
867 5226 882 5252 ,
909 5188 1048 5260 quod
1081 5191 1219 5244 enim
1244 5191 1512 5260 inﬁrmum
1553 5203 1627 5248 est
1657 5193 1787 5263 Dei,

195 5270 394 5339 fortius
440 5284 512 5327 est
560 5275 856 5332 hominibus
899 5279 950 5351 (1
996 5278 1119 5335 Cor.
1154 5283 1216 5354 ι).
1269 5283 1346 5338 De
1381 5284 1499 5354 ipso
1542 5285 1784 5340 dicitur:

207 5360 345 5416 Vicit
375 5363 454 5418 leo
480 5365 544 5420 de
573 5367 710 5422 tribu
747 5368 922 5438 Juda,
950 5382 1054 5427 etc.
1093 5373 1276 5444 (Apoc.
1316 5375 1391 5448 v.)
1426 5375 1785 5447 Ignominiam

194 5457 418 5526 quidem
469 5461 646 5517 crucis
690 5478 718 5516 a
753 5462 954 5520 Judaeis
998 5467 1288 5534 sustinuit,
1331 5470 1649 5540 potantibus
1692 5485 1791 5524 no-

191 5567 323 5608 men
353 5551 470 5621 ejus
497 5569 593 5624 per
627 5564 856 5612 mortem
907 5557 1071 5614 deleri
1100 5577 1112 5611 :
1146 5559 1240 5614 sed
1265 5561 1355 5630 qui
1383 5577 1479 5631 per
1501 5561 1790 5616 inﬁrmita-

185 5654 307 5702 tem
340 5647 459 5717 ejus
495 5649 707 5715 carnis,
743 5650 797 5704 in
828 5652 1080 5719 passione
1107 5653 1317 5707 catulus
1341 5652 1472 5718 iuit,
1507 5669 1603 5724 per
1653 5655 1787 5710 divia

157 5741 388 5800 tnitatis
415 5743 712 5811 potentiam
740 5742 825 5798 leo
849 5743 1084 5800 invictus
1115 5745 1168 5798 in
1189 5745 1589 5801 resurrectione
1615 5762 1786 5818 appa-

181 5835 344 5904 Ifnit;
382 5833 524 5894 unde
544 5834 834 5907 Apostolus
864 5852 880 5892 :
906 5833 975 5890 Et
1002 5836 1050 5891 si
1069 5835 1352 5906 cruciﬁxus
1373 5844 1450 5893 est
1479 5855 1542 5894 ea:
1563 5840 1788 5910 inﬁrmi-

1827 4629 1857 4636 "
1902 4631 2079 4686 adhuc
2106 4631 2466 4687 consistentes
2482 4672 2496 4698 ,
2517 4630 2635 4686 oleo
2659 4629 2890 4700 Spiritus
2913 4631 3084 4686 sancti
3113 4631 3479 4701 copiosissime

1895 4725 2082 4789 unxit,
2106 4731 2165 4778 ut
2190 4723 2335 4778 nullo
2359 4723 2541 4778 labore
2571 4722 2894 4790 deﬁcerent,
2937 4723 3032 4778 sed
3065 4723 3481 4778 immarcessibi-

1896 4805 1964 4870 lis
1994 4815 2175 4886 gaudii
2199 4815 2444 4870 claritate
2477 4815 2763 4885 pollerent.
2807 4813 3220 4884 lncorruptibile
3266 4827 3483 4886 quoque

1895 4907 2128 4978 praebuit
2154 4907 2502 4962 calceamenti
2527 4907 2920 4962 munimentum
2949 4907 3013 4962 de
3039 4922 3146 4977 quo
3175 4905 3424 4961 subditur
3459 4924 3476 4962 :

1969 4997 2197 5055 Ferrum
2226 5011 2271 5055 et
2301 5017 2372 5056 (es
2398 4997 2500 5056 cal.
2535 4999 2751 5074 (Cmam,
2785 5002 2876 5057 lib.
2922 5018 3084 5056 χχχιιι
3102 4999 3318 5066 Moral.,
3355 5015 3476 5070 cap.

1897 5089 1977 5163 5.)
2021 5091 2134 5147 Hoc
2155 5091 2221 5145 de
2249 5089 2490 5147 Ecclesia
2511 5133 2526 5158 ,
2553 5101 2682 5158 etc.,
2701 5110 2863 5164 usque
2900 5092 2974 5146 ad
2994 5093 3079 5148 his
3097 5091 3478 5148 calceamentis

1895 5198 2082 5238 verum
2105 5184 2307 5256 pascha
2333 5181 2735 5239 celebrandum.

1925 5273 1928 5276 ’
1965 5273 2130 5331 Vens.
2158 5277 2250 5331 25.
2275 5308 2345 5316 —-
2373 5273 2522 5333 Sicut
2545 5277 2654 5333 dies
2686 5278 2994 5348 juventutis.
3031 5273 3310 5345 Signiﬁcat
3337 5274 3480 5331 hanc

1895 5367 2095 5422 tribum
2125 5369 2480 5438 prosperitate
2518 5377 2572 5423 et
2617 5368 2825 5424 deliciis
2866 5368 3167 5422 abundasse
3194 5381 3364 5436 usque
3408 5365 3480 5421 ad

1895 5468 2224 5524 senectutem
2249 5461 2578 5531 captivitatis

1970 5547 2139 5606 Sicut.
2191 5551 2532 5608 Prornittitur
2565 5551 2818 5607 Ecclesiae
2862 5552 3026 5605 cruda
3053 5547 3350 5616 viridisque
3391 5557 3478 5600 se-

1894 5656 2084 5704 nectus
2114 5668 2127 5702 :
2162 5657 2220 5702 ut
2247 5648 2386 5703 sicut
2407 5647 2620 5702 fortiter
2651 5647 2704 5700 in
2730 5645 2993 5715 principio
3025 5659 3213 5700 omnes
3243 5643 3476 5712 impetus

1892 5725 2082 5806 evicit,
2142 5741 2214 5796 ita
2241 5741 2511 5794 eminente
2539 5738 2645 5792 ﬁne
2673 5736 2989 5791 Antichristi
3047 5733 3282 5789 furorem
3328 5733 3476 5788 evin-

1893 5846 2017 5905 cat,
2062 5835 2241 5892 unde:
2273 5833 2410 5888 Ecce
2446 5849 2538 5904 ego
2574 5832 2833 5885 vobiscum
2868 5846 2983 5884 sum
3015 5828 3250 5882 omnibus
3292 5817 3472 5879 diebus

3993 4479 3995 4528 4

3993 5003 3995 5062 ι

3994 5065 3995 5100 ι

3993 5317 3995 5416 l

3993 5541 3995 5634 l
