4006 6352
539 419 642 474 503

1040 417 1430 476 WALAFRlDl
1467 411 1712 472 STRABl
1750 412 1954 468 FULD.
1998 407 2160 466 ΜΟΝ.
2202 399 2351 464 OPP.
2394 404 2572 462 PARS
2609 405 2649 461 l.
2691 435 2761 445 -—
2797 400 3252 458 THEOLOGICA.

3689 399 3793 464 504

533 551 694 604 usque
740 538 806 589 ad
849 535 1346 588 consummationem
1398 529 1578 585 saaculi
1631 528 1844 600 (Matth.
1888 507 2099 595 xitvm).
2131 527 2183 585 Α
2278 521 2439 575 Vens.
2475 521 2564 574 9.9.
2605 550 2673 559 -—-
2707 519 2837 586 Quis
2863 518 3049 573 similis
3071 522 3170 584 tui,
3192 519 3644 589 popule?Quasi,
3670 525 3794 579 ideo

532 626 598 680 Et
644 624 771 679 alibi
800 641 811 677 :
839 620 1083 679 Senectus
1123 641 1238 679 mea
1266 625 1320 679 in
1344 621 1700 678 misericordia
1741 619 1889 674 uberi
1935 617 2113 672 (Psal-

531 713 649 750 mus
672 695 802 766 χοι).

610 786 774 841 Vens.
808 785 900 841 26.
929 815 1000 826 ——
1027 787 1148 840 non
1176 795 1250 840 est
1283 786 1440 838 Deus.
1481 782 1799 854 Supradicta
1839 795 2111 836 admirans

531 878 585 931 in
626 877 784 931 laude
827 873 1063 941 Christi,
1096 875 1186 945 qui
1232 875 1346 929 hzec
1395 874 1574 929 omnia
1609 873 1739 929 fecit
1774 873 2110 929 laetabundus

533 967 786 1038 erumpit.

603 1053 860 1116 Ascensor
885 1061 1016 1115 coeli.
1052 1061 1274 1132 Propria
1313 1061 1512 1117 virtute
1540 1060 1810 1128 ascendit,
1850 1068 1906 1115 et
1931 1059 2109 1130 quoti-

531 1151 618 1206 die
641 1151 940 1206 Ecclesiam
961 1151 1024 1204 ad
1046 1167 1105 1206 se
1131 1151 1313 1205 trahit.
1343 1150 1512 1205 Trahe
1532 1168 1613 1206 me
1635 1160 1747 1221 post
1765 1159 1814 1205 te
1833 1190 1848 1216 ,
1880 1166 2031 1204 curre
2050 1151 2107 1204 in

528 1243 738 1297 odorem
763 1251 1142 1313 unguentorum
1168 1253 1376 1296 tuorum
1403 1242 1579 1313 (Cant.
1604 1243 1664 1314 ι).

603 1334 800 1388 Nubes.
829 1334 1068 1403 Apostoli
1089 1375 1104 1399 ,
1137 1336 1229 1405 qui
1253 1334 1443 1404 pluunt
1461 1335 1640 1389 verbis
1659 1376 1672 1399 ,
1695 1344 1985 1392 coruscant
2004 1336 2107 1391 mi-

527 1456 586 1486 ιιι
607 1427 726 1482 .ulis
759 1445 770 1479 :
800 1442 935 1496 quos
979 1427 1275 1482 ascendens
1319 1427 1370 1480 in
1397 1425 1592 1481 cmlum
1627 1426 1781 1481 misit
1810 1426 1877 1480 ad
1905 1427 2103 1497 praedi-

529 1521 790 1584 candum;
815 1519 990 1573 unde:
1024 1517 1212 1572 Vocem
1251 1517 1505 1572 dederunt
1523 1516 1866 1589 nubes(l’sal.
1894 1519 2100 1590 LXXVI),

524 1627 642 1681 qua:
663 1612 869 1669 scilicet
882 1611 1024 1666 nullo
1047 1621 1354 1667 remorante
1370 1613 1707 1677 discurrunt,
1732 1628 1840 1668 non
1861 1628 1955 1667 sua
1977 1653 1991 1678 ,
2008 1613 2104 1668 sed

528 1701 729 1757 Christi
752 1703 952 1757 virtute
979 1701 1132 1771 signa
1159 1711 1213 1756 et
1241 1701 1482 1772 prodigia
1508 1701 1800 1767 facientes,
1848 1710 1903 1756 et
1947 1702 2102 1773 quasi

523 1795 987 1850 coruscationibus
1022 1794 1183 1849 corda
1227 1793 1534 1848 mortalium
1572 1802 1868 1858 terrentes,
1913 1794 2096 1849 unde:

2211 613 2430 677 beatus,
2461 613 2581 668 ideo
2615 613 2710 668 tibi
2733 611 2924 667 similis
2950 612 3157 676 nullus,
3185 613 3309 681 quia
3340 628 3448 668 non
3479 614 3546 668 de
3566 623 3658 669 tua
3679 617 3794 671 vir-

2211 715 2354 771 tute,
2385 706 2478 762 sed
2504 705 2571 760 de
2585 703 2787 761 Christi
2814 705 2990 776 gratia
3037 704 3267 760 salutem
3307 720 3526 775 speras,
3555 707 3652 778 qui
3683 707 3794 766 sal-

2208 815 2333 854 vum
2359 798 2487 854 facit
2513 797 2762 869 pupulum
2789 812 2944 852 suum
2967 812 2998 850 a
3027 796 3264 865 peccatis
3286 811 3495 852 eorum.

2279 893 2348 947 Et
2390 891 2597 962 gladius
2633 891 2832 962 glorire.
2878 889 2934 943 In
2979 888 3532 947 futuroadversarios
3574 891 3795 949 irrevo-

2207 985 2368 1041 cabili
2391 985 2675 1039 severitate
2710 983 3016 1053 percutiens
3037 1022 3050 1046 ,
3071 980 3288 1051 quando
3327 983 3642 1051 sanguinem
3668 999 3793 1039 ser-

2206 1091 2397 1130 vorum
2425 1074 2730 1130 ulciscetur.
2779 1073 3000 1128 Gladius
3038 1073 3198 1128 modo
3249 1073 3337 1128 hic
3376 1074 3431 1128 in
3476 1074 3796 1132 humilitate

2205 1168 2524 1241 patientium
2549 1168 2870 1231 occultatur,
2906 1168 2959 1221 in
2995 1166 3164 1237 gloria
3187 1167 3582 1238 resurgentium
3625 1183 3791 1223 reve-

2205 1260 2425 1325 labitur,
2455 1259 2574 1315 ideo
2604 1258 2810 1329 gladius
2857 1257 3038 1329 gloria:
3085 1257 3248 1314 Israel
3277 1259 3490 1314 dicitur.
3532 1259 3793 1315 Christus

2205 1369 2335 1424 ergo
2377 1352 2529 1422 quasi
2573 1360 2785 1406 scutum
2831 1351 3065 1422 protegit
3105 1351 3470 1420 praeliantem,
3525 1358 3584 1406 et
3626 1352 3796 1422 quasi

2206 1443 2411 1516 gladius
2452 1442 2636 1514 gloria:
2685 1441 2978 1496 ulciscetur
3045 1441 3488 1512 triumphantem.
3527 1441 3610 1498 Ad
3661 1458 3794 1498 eum

2205 1533 2360 1605 quasi
2389 1534 2456 1588 ad
2477 1541 2639 1604 caput
2657 1574 2673 1599 ,
2695 1533 2748 1587 in
2780 1531 2886 1588 ﬁne
2929 1531 3174 1588 vaticinii
3201 1531 3436 1588 refertur
3463 1533 3633 1605 gloria
3669 1547 3798 1589 cor-

2202 1625 2370 1698 poris,
2403 1641 2526 1682 cum
2546 1625 2744 1680 dicitur
2781 1642 2795 1678 :

2275 1716 2572 1786 Negabunt.
2601 1714 3071 1794 Abominabuntur
3096 1722 3153 1770 et
3172 1714 3358 1770 edient
3374 1755 3391 1780 ,
3425 1715 3570 1771 sicut
3596 1714 3795 1780 Baiae,

2205 1807 2294 1879 qui
2321 1807 2528 1880 rogavit
2552 1805 2770 1862 Balaam
2788 1847 2804 1874 ,
2831 1815 2890 1863 ut
2914 1806 3188 1864 lsraelitas
3212 1807 3586 1864 maledicentia
3605 1808 3797 1880 repel-

520 1883 727 1938 Bonum
767 1895 1027 1938 certamen
1075 1885 1298 1950 certavi,
1349 1901 1560 1938 cursum
1601 1887 1955 1940 consummavi
2017 1885 2104 1958 (II
2133 1887 2180 1948 B
2209 1899 2363 1955 ιειιει,

525 1972 660 2026 Tim.
703 1972 796 2044 iv).

593 2066 755 2121 Vens.
781 2067 872 2120 2⁵7.
900 2096 970 2106 --
991 2065 1368 2123 Habitaculum
1410 2071 1525 2139 ejus
1554 2085 1761 2124 sursum
1784 2111 1798 2136 ,
1829 2079 1936 2126 etc.
1961 2069 2098 2126 Cor-

518 2174 621 2229 pus
647 2176 676 2213 a
708 2161 936 2215 mortuis
955 2161 1269 2217 suscitatam
1298 2162 1351 2216 in
1392 2160 1570 2217 Patris
1610 2165 1827 2218 dextera
1867 2163 2100 2218 colloca-

521 2260 658 2316 tum,
685 2253 750 2307 de
779 2269 886 2323 quo
913 2254 1143 2308 dicitur:
1171 2253 1372 2309 Solvite
1393 2254 1652 2324 templum
1681 2257 1782 2312 hoc
1810 2255 1988 2326 (Joan.
2012 2254 2098 2327 ιι).

591 2343 840 2398 Brachia.
873 2345 1050 2400 Virtus
1075 2345 1278 2400 scilicet
1299 2345 1595 2416 passionis,
1641 2362 1761 2418 quae
1793 2362 1981 2403 omnes
2003 2347 2100 2402 de-

521 2433 706 2499 fendit,
733 2451 894 2505 quam
918 2437 968 2491 in
994 2452 1154 2492 cruce
1179 2437 1417 2493 extensis
1443 2438 1683 2492 brachiis
1709 2439 1936 2508 accepit.

595 2526 786 2580 Subter
812 2526 1045 2580 brachia.
1066 2526 1285 2582 Scilicet
1307 2527 1420 2582 htec
1444 2527 1666 2582 brachia
1699 2538 1886 2583 contra
1909 2542 2101 2583 verum

521 2619 739 2674 Amalec
791 2620 1106 2674 Jimicautes
1137 2619 1426 2674 defendunt
1459 2638 1471 2673 :
1503 2635 1603 2675 nec
1633 2620 1773 2676 sicut
1799 2619 1964 2692 Moysi
1995 2620 2103 2676 las-

521 2710 757 2766 situdine
784 2721 1098 2782 gravantur,
1129 2713 1223 2766 sed
1259 2711 1526 2768 indefessa
1555 2714 1757 2770 virtute
1787 2713 2099 2779 sublevant,

523 2801 695 2857 donec
745 2817 928 2857 veram
972 2811 1369 2872 consequantur
1405 2804 1705 2868 victoriam.
1770 2805 2104 2860 Veneremur

522 2910 653 2965 ergo
680 2896 736 2948 in
767 2896 1016 2964 supernis
1050 2896 1321 2966 primitias
1343 2904 1540 2952 nostra;
1567 2897 2012 2960 resurrectionis.
2047 2897 2102 2952 in

523 2987 725 3044 inﬁmis
751 2998 1150 3045 sacramentum
1168 3000 1366 3046 nostra;
1391 2991 1792 3060 redemptionis,
1814 3001 1873 3046 ut
1898 2998 1955 3046 et
1977 2991 2098 3060 ipsi,

523 3081 791 3138 debellato
823 3083 1165 3150 adversario,
1199 3081 1619 3138 immortalitatis
1642 3082 1866 3154 gloriam
1913 3096 2103 3138 conse—

521 3190 774 3245 quamur,
816 3176 882 3230 de
912 3192 1019 3246 quo
1058 3191 1188 3232 vero
1225 3175 1410 3232 Israeli
1436 3176 1807 3246 promittitur:
1856 3174 2102 3246 Ejicieta

521 3268 658 3336 facie
684 3277 774 3322 tua
797 3268 1086 3324 inimicum.

587 3357 659 3412 Et
683 3358 848 3414 solus.
877 3357 987 3415 Suo
1012 3359 1218 3416 scilicet
1257 3375 1407 3416 more
1419 3368 1484 3432 ,ει
1509 3359 1621 3415 suis
1647 3359 1856 3431 legibus
1878 3360 2098 3428 vivens,

515 3451 660 3508 unde
689 3452 905 3508 Balaam
935 3471 947 3507 :
983 3452 1219 3525 Populus
1239 3452 1383 3508 solus
1406 3452 1659 3507 habitabit
1682 3461 1732 3506 et
1772 3452 1908 3508 inter
1927 3461 2100 3525 gentes

517 3559 623 3598 non
651 3545 976 3615 reputabitur
1007 3543 1196 3618 (Num.
1223 3545 1406 3616 xxm).

591 3636 752 3691 Vens.
773 3635 864 3691 28.
893 3665 964 3676 ——
991 3634 1190 3691 Oculus
1218 3635 1405 3692 Iacob.
1439 3636 1540 3704 Qui
1565 3637 1656 3694 hic
1678 3636 1824 3694 vitiis
1849 3637 2101 3708 supplan-

519 3727 699 3783 tandis
734 3727 1068 3792 desudabat,
1122 3727 1195 3783 ibi
1236 3743 1296 3783 se
1343 3726 1617 3784 levissimo
1663 3728 1860 3784 mentis
1907 3729 2102 3784 intuitu

518 3819 746 3889 gloriam
771 3818 1010 3885 Christi,
1049 3819 1141 3890 qui
1163 3828 1382 3890 propter
1401 3834 1500 3876 nos
1529 3828 1731 3876 terram
1752 3834 1895 3876 verte
1923 3819 2103 3876 carnis

519 3912 760 3982 accepit,
803 3913 1172 3969 indesinenter
1219 3911 1673 3983 contemplabitur
1697 3931 1710 3968 :
1733 3922 1793 3970 ut
1821 3912 1972 3982 cujus
2013 3913 2104 3970 hic

520 4017 749 4075 corpore
789 4011 846 4060 et
883 4004 1146 4076 sanguine
1178 4019 1278 4075 per
1314 4014 1709 4061 sacramentum
1756 4004 2014 4060 frumenti
2048 4013 2104 4062 et

518 4098 628 4153 vini
655 4097 1000 4169 pascebatur,
1027 4098 1102 4154 ibi
1128 4097 1426 4155 divinitatis
1449 4098 1566 4170 ejus
1591 4107 1849 4171 perpetua
1893 4100 2103 4156 visione

518 4191 828 4264 saginetur,
887 4191 1032 4248 unde
1071 4211 1086 4248 :
1129 4190 1378 4249 Satiabor
1423 4209 1542 4250 cum
1584 4194 1885 4264 apparuerit
1933 4193 2102 4264 gloria

517 4293 610 4339 tua
665 4283 838 4358 (Psal.
891 4284 1030 4359 xvr).
1058 4284 1129 4340 Et
1153 4284 1281 4342 alibi
1312 4304 1325 4340 :
1356 4285 1707 4357 Hanifestabo
1755 4287 1805 4341 ci
1848 4287 2103 4357 meipsunt

519 4379 702 4448 (Joan.
755 4378 888 4452 xiv).
943 4377 1096 4434 Tunc
1136 4375 1303 4434 Iacob
1331 4378 1386 4433 in
1420 4377 1721 4450 perfectum
1769 4377 1933 4435 Israel
1973 4393 2104 4434 con-

518 4488 740 4537 versus,
773 4471 912 4528 facie
955 4472 1022 4528 ad
1057 4469 1251 4527 faciem
1294 4472 1460 4526 Deum
1508 4472 1747 4541 videbit,
1781 4481 1890 4528 tam
1921 4472 2100 4544 larga,

519 4573 634 4618 tam
682 4562 902 4628 subtili,
947 4571 1058 4618 tam
1094 4562 1393 4619 delectabili
1423 4563 1519 4618 Dei
1549 4563 1888 4634 cognitione,
1945 4563 2099 4634 quasi

519 4655 795 4710 levissimo
835 4669 958 4710 rore
1001 4654 1271 4724 repletus,
1309 4663 1368 4709 ut
1413 4655 1827 4725 praedicatorum
1873 4655 2101 4711 scientia

521 4762 627 4818 qua
659 4746 711 4801 in
742 4745 995 4815 presenti
1019 4746 1334 4801 instruimur
1355 4745 1588 4817 caligare
1609 4745 1888 4812 videatur;
1917 4747 2060 4802 unde
2085 4765 2100 4802 :

520 4835 642 4895 Sive
686 4838 903 4892 scientia
953 4838 1249 4892 destruetur
1279 4836 1331 4906 (Ι
1363 4836 1485 4892 Cor.
1514 4839 1654 4910 xm).
1689 4837 1756 4892 Et
1802 4839 1966 4893 alibi:
2001 4837 2101 4894 Te-

519 4933 740 4987 nebrosa
769 4947 907 5004 aqua
931 4930 987 4984 in
1013 4929 1232 4984 nubibus
1263 4932 1430 4996 aeris,
1472 4946 1581 4998 pra:
1618 4927 1875 4998 fulgorem
1897 4930 1951 4984 in
1973 4947 2103 4985 con-

521 5036 696 5097 spectu
737 5025 852 5096 ejus
897 5020 1068 5095 (Psal.
1121 5022 1278 5096 xvu),
1318 5023 1384 5077 ad
1415 5037 1578 5092 quam
1623 5037 1744 5076 cum
1786 5031 2103 5092 perventum

521 5117 718 5185 fuerit,
739 5119 917 5175 omnis
940 5117 1056 5174 bare
1083 5118 1328 5174 doctrina
1365 5115 1629 5181 cessabit,
1655 5126 1704 5172 et
1728 5125 1880 5172 erant
1924 5133 2101 5172 omnes

522 5211 768 5266 docibiles
793 5211 887 5268 Dei
913 5210 1093 5283 (Joan.
1123 5210 1232 5282 Vl);
1270 5209 1412 5264 unde
1437 5209 1630 5266 merito
1652 5209 1928 5282 adjungit:
1960 5209 2094 5265 Bea-

524 5317 607 5359 tus
642 5323 717 5369 es,
752 5304 939 5372 Israel,
971 5314 1059 5362 etc

595 5396 822 5470 (Italique
859 5399 1194 5470 caligabunt,
1229 5396 1383 5468 quasi
1421 5405 1528 5451 tam
1559 5397 1902 5452 abundanter
1942 5406 2101 5453 terra:

523 5492 875 5548 fecundamla:
900 5506 989 5546 ros
1021 5490 1346 5554 infundetur,
1379 5497 1436 5545 ut
1462 5490 1735 5544 hominum
1762 5491 2100 5547 tenebrescat

524 5585 783 5640 obtuitus.
814 5585 871 5638 ln
898 5599 1006 5653 quo
1044 5583 1398 5653 signiﬁcatur,
1432 5583 1556 5651 quia
1590 5581 1757 5638 Judtei
1782 5600 1904 5638 cum
1936 5593 2104 5640 terre-

525 5693 649 5732 nam
672 5676 1000 5746 opulentiam
1042 5675 1181 5730 ultra
1225 5678 1441 5732 modum
1484 5677 1793 5747 diligerent,
1837 5679 2105 5746 caligave—

525 5779 681 5832 runt,
707 5779 761 5824 et
781 5767 1060 5824 Christum
1083 5784 1408 5842 cognoscere
1431 5785 1536 5826 non
1564 5779 1883 5840 potuerunt;
1917 5773 2058 5827 unde
2086 5791 2100 5828 :

540 5859 594 5913 Si
620 5860 927 5915 dimittimus
959 5877 1072 5915 cum
1103 5859 1176 5914 sic
1196 5902 1208 5926 ,
1239 5878 1411 5916 omnes
1444 5861 1646 5916 credent
1669 5861 1725 5916 in
1753 5877 1901 5929 eum,
1931 5870 2037 5918 ctc.

2127 3243 2174 3309 C

2270 1988 2530 2045 Calcabis.
2563 1987 2906 2057 Subjiciendo
2934 2003 3030 2045 eos
3054 1987 3312 2045 Ecclesia!
3331 2029 3346 2056 ,
3385 2002 3548 2060 quam
3571 1985 3795 2044 abomi-

2200 2091 2398 2139 nantur
2417 2090 2473 2139 et
2497 2091 2910 2154 persequuntur.

2271 2173 2574 2230 Notandum
2589 2173 2835 2228 undecim
2863 2181 3074 2228 tantum
3089 2189 3207 2231 esse
3226 2173 3656 2230 benedictiones.
3707 2172 3799 2229 Si-

2200 2281 2361 2321 meon
2391 2280 2622 2334 namque
2657 2281 2711 2319 in
2743 2265 2826 2320 his
2855 2265 3324 2322 benedictionibus
3357 2281 3462 2321 non
3489 2266 3795 2337 reperitur,

2201 2356 2256 2414 in
2273 2373 2380 2428 quo
2398 2356 2566 2412 Judas
2591 2358 2660 2412 ab
2682 2357 2938 2426 apostolis
2959 2357 3282 2418 excluditur,
3299 2357 3551 2414 undecim
3577 2366 3800 2413 tantum

2202 2450 2622 2505 remanentibus.
2669 2447 2795 2504 lude
2847 2465 3062 2520 quoque
3122 2450 3376 2506 undecim
3414 2450 3802 2506 mansionibus

2203 2541 2300 2597 ﬁlii
2322 2540 2486 2596 Israel
2526 2541 2590 2595 de
2615 2539 2794 2595 Horeb
2843 2548 3211 2610 pervenerunt
3246 2542 3316 2598 ad
3360 2541 3540 2598 locum
3585 2542 3644 2597 in
3686 2556 3802 2612 quo

2201 2631 2678 2689 Deuteronomrum
2699 2641 3042 2702 acceperunt.

2733 2727 2962 2785 CAPUT
3020 2725 3242 2783 XXXIV

2275 2821 2436 2878 Vens.
2455 2823 3007 2894 L—Ascenditergo.
3024 2822 3157 2878 Tam
3184 2820 3396 2894 Moyses
3423 2836 3586 2894 quam
3609 2818 3800 2877 caeteri

2202 2922 2386 2985 patres
2410 2913 2625 2971 Veteris
2655 2914 2985 2971 Testamenti
3016 2930 3114 2986 per
3151 2915 3402 2986 spiritum
3454 2916 3511 2970 in
3548 2914 3800 2970 altitudi-

2204 3022 2327 3062 nem
2373 3007 2846 3077 contemplationis
2900 3006 3085 3069 levati,
3139 3007 3440 3077 praevidere
3493 3012 3804 3078 potuerunt

2203 3099 2429 3171 gratiam
2477 3097 2612 3154 Novi
2635 3097 2992 3164 Testamenti,
3027 3111 3148 3166 quae
3177 3097 3230 3152 in
3261 3095 3480 3153 Christo
3512 3098 3646 3152 data
3697 3103 3800 3162 est,

2205 3201 2261 3248 et
2287 3193 2544 3248 virtutum
2573 3190 2860 3247 collatione
2879 3199 2936 3245 et
2962 3188 3201 3246 ctelestis
3219 3187 3372 3260 regni
3397 3189 3761 3259 perceptione
3783 3203 3799 3240 :

2205 3291 2299 3348 sed
2327 3307 2445 3346 eam
2474 3291 2529 3346 in
2564 3304 2729 3345 carne
2773 3295 3092 3358 exspectare
3119 3301 3226 3341 non
3254 3293 3572 3355 potuerunt,
3607 3284 3668 3339 in
3699 3283 3800 3339 ﬁde

2203 3390 2383 3437 autem
2405 3389 2461 3436 et
2485 3395 2580 3451 spe
2602 3380 2802 3436 mortui
2831 3387 2979 3445 sunt,
2996 3379 3062 3434 ad
3094 3377 3297 3433 inferos
3315 3376 3554 3441 deducti,
3579 3376 3681 3431 ubi
3701 3391 3800 3430 ex-

2202 3473 2514 3544 spectabant
2546 3471 2919 3542 Redemptoris
2944 3471 3254 3534 adventum,
3294 3468 3385 3540 qui
3431 3483 3534 3540 per
3572 3468 3801 3540 sangui-

2201 3580 2326 3621 nem
2351 3579 2463 3620 sua:
2493 3563 2882 3634 redemptionis
2910 3561 3037 3617 inde
3081 3576 3174 3617 eos
3203 3559 3480 3615 liberaret.

2275 3655 2614 3728 Ostenditque
2641 3655 2708 3710 ei.
2738 3654 2965 3711 Terram
2996 3652 3374 3724 promissionis
3393 3651 3530 3706 vidit
3556 3650 3798 3723 Moyses,

2200 3765 2303 3806 nec
2329 3747 2574 3813 intravit,
2607 3744 2732 3817 quia
2758 3745 2844 3802 lex
2867 3745 3153 3800 adventum
3179 3742 3379 3799 Christi
3405 3749 3461 3796 et
3488 3741 3796 3796 doctrinam

2204 3842 2479 3915 Evangelii
2505 3841 2686 3896 verbis
2714 3847 2768 3896 et
2797 3839 2986 3912 ﬁguris
3011 3835 3379 3908 praesignavit,
3398 3833 3495 3891 sed
3519 3833 3798 3890 neruine:

2204 3935 2272 3993 ad
2293 3933 2594 4007 perfectum
2622 3932 2794 3988 duxit.

2281 4027 2442 4083 Vens.
2468 4025 2522 4080 2.
2548 4053 2620 4065 —
2643 4023 2867 4079 Omnem
2905 4031 3122 4077 terrain.
3152 4019 3372 4076 Partem
3404 4016 3586 4075 omnis
3609 4024 3796 4082 terras,

2204 4134 2367 4190 quam
2396 4133 2465 4175 ex
2498 4115 2764 4173 altissimo
2790 4123 2975 4171 monte
3005 4112 3182 4185 potuit
3208 4111 3413 4169 videre.
3445 4109 3546 4166 Vel
3571 4123 3795 4164 onmem

2203 4219 2406 4270 terram
2429 4209 2665 4267 ostendit
2687 4208 2739 4264 ei
2763 4208 2824 4263 in
2852 4207 3068 4278 spiritu.
3655 4213 3658 4216 ‘

2275 4302 2439 4358 Vens.
2471 4299 2607 4355 5.—-
2632 4297 2980 4369 Mortuusque
3013 4303 3088 4352 est
3126 4295 3222 4362 ibi,
3260 4300 3370 4350 etc.
3401 4291 3550 4348 Nulli
3582 4290 3792 4349 electo-

2202 4409 2323 4449 rum
2364 4391 2559 4464 parcit,
2591 4399 2647 4445 et
2695 4388 2918 4444 minima
2967 4401 3183 4459 quoque
3230 4392 3456 4456 peccata
3508 4381 3799 4437 ulciscitur

2203 4484 2348 4541 Deus
2375 4484 2541 4540 etiam
2571 4466 2883 4546 in'amicis;
2915 4479 3057 4535 unde
3089 4495 3104 4533 :
3138 4476 3346 4548 Moyses
3392 4485 3441 4530 et
3477 4474 3662 4529 Aaron
3704 4487 3794 4526 sa-

2204 4575 2498 4633 cerdotibus
2545 4573 2658 4644 ejus
2679 4613 2695 4638 ,
2744 4579 2800 4627 et
2827 4571 3032 4627 addidit
3064 4587 3078 4623 :
3112 4566 3384 4638 Propitius
3416 4564 3567 4635 fuisti
3614 4563 3716 4628 eis,
3747 4569 3796 4616 et

2203 4669 2458 4725 ulciscens
2494 4667 2546 4720 in
2579 4681 2756 4720 omnes
2799 4662 3190 4718 adinventiones
3214 4674 3412 4714 eorum.
3456 4655 3600 4727 Lege
3649 4653 3796 4709 scili-

2206 4770 2294 4818 cet
2331 4760 2485 4816 ﬁnita
2509 4799 2525 4825 ,
2566 4771 2687 4829 quae
2733 4754 2962 4812 servivit
2994 4752 3222 4809 Domino
3266 4751 3322 4806 in
3362 4758 3606 4819 tempore
3658 4759 3794 4809 suo,

2205 4855 2337 4911 urbs
2377 4854 2650 4909 destructa
2675 4858 2733 4905 et
2761 4849 2972 4912 altare,
3028 4859 3295 4916 nusquam
3333 4840 3627 4904 sacriﬁcia,
3661 4852 3794 4894 nus-

2206 4959 2370 5016 quam
2418 4941 2693 5005 libamina,
2721 4951 2990 5008 nusquam
3018 4934 3271 4991 sacerdos
3296 4931 3380 4987 Vel
3410 4929 3676 5001 pontifex.

2277 5033 2442 5088 Vens.
2467 5028 2683 5086 6.-1η
2706 5027 2858 5083 valle.
2876 5027 2935 5082 ln
2961 5034 3141 5081 monte
3167 5033 3410 5080 mortuus
3433 5029 3542 5088 est,
3569 5021 3638 5075 in-
3655 5017 3792 5073 valle

2209 5125 2451 5197 sepultus
2471 5131 2574 5188 est,
2597 5121 2724 5192 quia
2753 5120 2841 5176 lex
2865 5127 3105 5188 tempore
3146 5132 3245 5173 suo
3269 5115 3500 5188 gloriosa
3528 5113 3632 5169 fuit
3657 5131 3673 5166 :
3699 5109 3790 5167 sed

2209 5224 2521 5286 comparata
2559 5209 2853 5282 Evangelio
2884 5207 3202 5263 abscondita
3222 5207 3435 5262 videtur
3453 5213 3511 5262 et
3539 5201 3789 5266 humilis;

2209 5308 2354 5362 unde
2389 5325 2401 5360 :
2431 5303 2566 5359 Dedi
2592 5303 2668 5358 eis
2693 5309 2949 5373 prwcepta
2980 5315 3085 5353 non
3107 5298 3262 5352 bona.

2281 5399 2350 5454 Et
2375 5415 2479 5453 non
2526 5397 2759 5466 cognovit
2807 5393 2980 5447 homo.
3024 5388 3195 5446 Judaei
3246 5397 3528 5444 autumant
3581 5387 3684 5442 hoc
3713 5385 3797 5440 fl-

2209 5503 2374 5559 etum,
2417 5505 2486 5546 ne
2513 5487 2682 5544 Judaei
2729 5499 2944 5557 semper
2969 5483 3036 5538 ad
3075 5480 3428 5538 idololatrian)
3465 5478 3621 5550 proni
3649 5487 3798 5530 mor.

2208 5597 2359 5643 tuum
2403 5584 2648 5639 colerent
2674 5589 2927 5647 tanquam
2969 5577 3169 5636 Deum;
3211 5573 3306 5628 sed
3345 5570 3640 5627 secundum
3663 5566 3798 5647 alief

2207 5677 2415 5750 goriam
2446 5685 2656 5742 tempus
2682 5679 2737 5725 ct
2781 5646 2996 5721 modum
3026 5663 3240 5716 ﬁniendi
3273 5662 3408 5733 legis
3443 5660 3497 5714 in
3538 5658 3650 5714 sola
3691 5646 3796 5708 Dei

2208 5748 2544 5842 prtescicutia
2586 5762 2854 5836 signiﬁcat
2901 5772 3018 5814 esse
3048 5756 3384 5817 abscondita,
3435 5767 3539 5808 nec
3571 5748 3794 5842 profui:

2209 5832 2432 5919 ditatem
2463 5832 2739 5933 sapientia:
2779 5853 2897 5922 Dei,
2923 5851 3010 5908 vel
3052 5857 3324 5910 secretum
3373 5845 3584 5905 consilii
3628 5832 3790 5900 alicui
