4006 6352
258 381 368 441 505

252 590 606 662 vestigabiles
627 591 728 647 vite
751 593 887 648 eius.

329 683 495 739 Vens.
524 683 661 738 7.—
690 683 896 756 Moyses
925 695 1127 742 centum
1155 698 1203 744 et
1245 691 1424 762 viginti
1452 712 1728 751 annorum.
1777 696 1836 754 Si

252 777 324 832 ab
353 793 464 850 uno
499 791 598 847 per
627 777 927 833 naturalem
958 781 1200 836 ordinem
1231 799 1398 853 usque
1426 787 1493 841 ad
1525 788 1832 856 quindecim

249 866 589 938 singulorum
621 883 968 931 numerorum
1000 885 1239 927 summas
1269 872 1634 943 conjunxeris,
1666 894 1831 932 unum

247 957 462 1012 scilicet
505 966 561 1013 et
589 958 694 1014 duo
724 968 778 1014 et
810 960 937 1024 tria,
972 971 1026 1016 et
1073 963 1354 1035 deinceps,
1406 977 1620 1023 centum
1665 977 1720 1023 et
1746 969 1827 1024 vi-

246 1049 388 1117 ginti
445 1049 597 1105 ﬁunt.
642 1050 1038 1118 Quindenarius
1082 1070 1211 1112 vero
1256 1072 1320 1112 ex
1363 1070 1567 1128 septem
1613 1070 1668 1116 et
1706 1071 1829 1118 octo

245 1145 557 1211 conﬁcitur,
596 1156 801 1218 septem
847 1149 913 1204 ad
968 1149 1249 1206 sabbatum
1289 1151 1566 1219 refertur,‘
1593 1164 1716 1211 octo
1759 1158 1826 1212 ad

243 1237 741 1306 circumcisionem,
789 1241 914 1310 quia
961 1251 1151 1296 octava
1204 1243 1290 1298 die
1336 1244 1826 1302 circumcidebatur

241 1343 401 1398 puer.
458 1328 516 1384 Si
559 1345 691 1387 vero
733 1331 802 1386 ad
855 1330 1059 1387 Novum
1104 1333 1508 1392 Testamentum
1540 1340 1820 1409 respicias,

241 1421 414 1477 habes
444 1431 644 1493 septem
671 1423 808 1479 dona
838 1423 1072 1494 Spiritus
1100 1427 1292 1492 sancti,
1338 1436 1393 1482 et
1422 1428 1476 1483 in
1520 1438 1712 1486 octavo
1737 1446 1824 1487 re-

238 1516 637 1571 surrectionem
663 1516 886 1582 Chrisli,
920 1527 1136 1574 centum
1165 1530 1221 1575 et
1249 1520 1438 1591 viginti
1466 1537 1597 1591 ergo
1626 1538 1719 1578 eos
1749 1525 1821 1579 si-

237 1605 600 1677 gniﬁcantqui
629 1609 713 1664 vel
739 1610 790 1663 in
817 1611 997 1666 Veteri
1021 1610 1364 1668 Testamento
1384 1612 1542 1685 Legis
1567 1623 1622 1670 ct
1645 1615 1820 1672 Evan-

237 1696 363 1767 gelii
397 1708 663 1767 pracepta
689 1699 910 1770 implere
936 1703 1172 1757 student.

310 1787 520 1859 Moyses
557 1800 760 1846 centum
787 1801 836 1846 et
864 1794 1042 1863 viginti
1077 1811 1356 1850 annorum.
1406 1796 1519 1853 IIoc
1546 1797 1815 1869 signiﬁcat

237 1887 348 1933 tam
377 1895 500 1934 eum
533 1895 694 1950 quam
739 1890 962 1940 caeteros
1006 1894 1190 1955 patres
1229 1888 1443 1944 Veteris
1483 1889 1813 1944 Testamenti

233 1979 358 2041 post
394 1970 779 2042 perfectionem
801 1976 1176 2032 mandatorum
1199 1978 1315 2042 Dei,
1352 1995 1470 2048 qua:
1495 1989 1577 2034 est
1607 1979 1661 2034 in
1685 1980 1814 2034 duo-

1247 391 1513 450 GLOSSA
1549 395 1944 460 ORDINARIA.
1981 430 2050 441 -—
2089 401 2216 459 LIB.
2257 404 2490 465 IOSUE.

256 507 475 571 patere,
502 498 630 570 quia
655 497 1220 572 incomprehensibilia
1257 505 1460 576 judicia
1485 507 1634 581 ejus),
1675 520 1730 567 et
1759 513 1836 568 in-
1865 517 1915 576 Α

3402 419 3506 474 506

2026 520 2187 574 Vens.
2229 521 2283 575 8.
2322 550 2392 562 --
2433 519 2833 593 Fleveruntque.
2890 522 3024 591 Quia
3074 529 3317 598 regnavit
3360 547 3506 592 mors

1940 611 2100 666 etiam
2125 611 2180 665 in
2204 626 2297 666 eos
2327 611 2417 682 qui
2447 626 2552 666 non
2573 624 2933 683 peccaverunt
2956 617 3024 672 ab
3041 617 3211 673 Adam
3233 636 3403 692 usque
3437 625 3506 680 ad

1938 703 2155 774 Moysen
2187 721 2198 757 :
2228 705 2346 760 ideo
2372 703 2622 776 lacrymm
2648 717 3042 778 prosequuntur
3079 710 3145 765 ad
3173 711 3375 770 inferos
3413 715 3506 771 de-

1937 798 2304 853 scendentem.

2002 890 2288 963 (HIEBON.,
2319 892 2469 962 epist.
2504 892 2577 946 ad
2601 890 2872 961 Paulam.)
2895 894 3011 950 Non
3041 895 3236 951 mirum
3259 896 3302 953 si
3333 897 3501 970 Moysi

1930 991 1985 1038 et
2003 983 2201 1046 Aaron,
2233 992 2360 1049 etc.,
2391 1002 2550 1055 usque
2578 987 2646 1039 ad
2678 987 2772 1042 sed
2803 987 3127 1045 intrinsecus
3169 1005 3307 1057 esse,
3339 991 3392 1048 id
3420 1000 3501 1047 est

1926 1075 2186 1132 voluntati
2221 1076 2432 1130 Domini
2467 1077 2794 1134 ministrare.

1997 1166 2065 1220 Et
2093 1167 2348 1237 completi.
2406 1167 2542 1223 Hinc
2593 1169 2806 1224 videtur
2858 1179 2977 1227 orta
3022 1173 3391 1239 consuetudo,
3439 1181 3497 1229 ut

1925 1258 2169 1314 ﬁdelibus
2197 1259 2422 1315 mortuis
2463 1259 2680 1331 triginta
2711 1261 2900 1318 diebus
2926 1263 3143 1333 pietatis
3170 1263 3344 1319 ofﬁcia
3369 1279 3496 1334 per-

1923 1350 2219 1406 solvantur.

1994 1443 2157 1498 Vens.
2183 1444 2235 1500 9.
2269 1475 2337 1485 —
2369 1443 2554 1499 Posuit
2579 1461 2735 1513 super
2762 1463 2899 1501 eum.
2946 1447 3003 1502 In
3033 1445 3327 1518 Scripturis
3382 1447 3496 1503 suis

1922 1537 2289 1592 testimonium
2317 1540 2367 1592 ei
2410 1539 2680 1607 perhibuit
2721 1539 2907 1596 dicens
2940 1558 2952 1592 :
2988 1538 3304 1611 Prophetam
3355 1540 3495 1594 Deus

1917 1628 2222 1693 suscitabit,
2265 1638 2370 1684 etc.
2425 1628 2602 1697 (Deut.
2629 1630 2816 1699 xvm),
2858 1630 3000 1684 unde
3055 1648 3067 1684 :
3113 1630 3171 1684 Si
3221 1630 3494 1685 crederetis

1918 1717 2112 1789 Moysi,
2149 1719 2422 1773 crederetis
2449 1718 2672 1788 forsitan
2701 1730 2746 1773 et
2773 1720 2897 1774 mihi
2925 1720 3105 1790 (Ioan.
3131 1720 3205 1791 v).

1987 1808 2148 1864 Vens.
2183 1810 2356 1864 10.—
2378 1809 2447 1864 Et
2477 1827 2580 1864 non
2630 1812 2891 1876 surrexit,
2948 1819 3054 1866 etc.
3107 1811 3222 1866 Hoc
3251 1811 3342 1882 (ut
3387 1810 3496 1866 fer-

1915 1900 2035 1972 tur)
2074 1900 2272 1956 Esdras
2299 1901 2367 1956 de
2387 1915 2485 1956 suo
2511 1900 2728 1971 adjecit,
2751 1901 2842 1970 qui
2866 1901 3248 1957 bibliothecam
3278 1917 3306 1954 a
3333 1900 3494 1956 Chal-

1915 1991 2043 2046 daeis
2068 2001 2312 2046 exustam
2339 1991 2522 2047 divino
2551 2007 2710 2047 sensu
2743 1992 3035 2061 reparavit,
3059 2001 3113 2045 et
3138 1991 3346 2046 litteras
3375 1991 3494 2061 qui-

231 2065 336 2167 bus
360 2067 647 2178 praeceptis
674 2067 979 2169 cbaritatis,
1006 2083 1104 2138 per
1126 2071 1355 2173 gratiam
1377 2069 1581 2178 Christi
1605 2080 1659 2126 ct
1687 2087 1812 2126 san-
1839 2119 1886 2178 Β
1913 2080 2015 2134 bus
2039 2078 2208 2134 Iudaei
2233 2095 2376 2136 nunc
2403 2088 2627 2136 utuntur
2655 2081 2880 2145 invenit,
2898 2081 3040 2136 unde
3069 2089 3124 2135 et
3150 2079 3296 2135 velox
3321 2079 3492 2158 scriba

230 2156 413 2226 guinis
457 2156 905 2227 redemptionem,
930 2167 1146 2214 aeternae
1169 2161 1336 2231 quieti
1367 2170 1418 2216 et
1466 2161 1657 2216 futurae
1685 2163 1810 2216 vita:
1839 2156 1886 2178 ³¹
1913 2169 2212 2240 appellatus
2246 2177 2348 2224 est.

230 2259 387 2320 aptos
411 2266 564 2317 esse;
608 2267 837 2321 quorum
865 2251 1047 2306 oculus
1094 2270 1198 2307 non
1227 2253 1503 2324 catigavit,
1536 2255 1637 2325 pice
1668 2253 1811 2309 scili-

231 2353 319 2400 cet
359 2344 675 2401 intentionis
705 2345 930 2401 intuitus
971 2346 1154 2401 nubilo
1183 2361 1288 2401 non
1323 2346 1423 2402 fuit
1467 2347 1803 2410 obscuratus,

228 2452 332 2494 nec
367 2437 544 2492 dentes
586 2439 804 2494 malitiae
850 2440 999 2505 moti,
1043 2439 1167 2510 quia
1198 2456 1305 2496 non
1350 2449 1432 2497 est
1461 2441 1808 2511 perturbatus

229 2535 553 2600 tempestate
577 2529 856 2596 vitiorum,
888 2531 1023 2586 ordo
1060 2531 1405 2587 discretionis
1457 2546 1642 2586 eorum
1682 2547 1806 2586 cen-

227 2632 343 2678 tum
388 2633 443 2680 et
465 2625 660 2696 viginti
706 2635 832 2682 sunt
875 2627 1004 2682 anni
1054 2625 1375 2696 legislatoris
1419 2640 1527 2696 quo
1577 2640 1804 2680 numero

225 2717 549 2773 conﬁrmata
571 2726 654 2774 est
678 2719 904 2774 altitudo
931 2719 1256 2775 Salomonici
1289 2718 1492 2788 templi.
1513 2717 1798 2772 Primitive

225 2823 442 2879 quoque
467 2808 708 2865 Ecclesia
748 2817 869 2880 post
896 2810 1202 2880 passionem
1241 2818 1296 2866 et
1326 2810 1800 2876 resurrectionem,

225 2896 550 2968 Dominique
579 2899 952 2956 ascensionem
1001 2901 1105 2956 hoc
1135 2915 1359 2956 numero
1409 2900 1647 2956 virorum
1674 2914 1798 2971 gra-

224 2989 359 3044 tiam
392 2989 629 3060 Spiritus
653 2992 825 3048 sancti
856 2992 1084 3062 accepit.
1117 2991 1430 3059 Quindecim
1455 3007 1686 3062 namque
1707 2992 1799 3062 qui

222 3093 290 3136 ex
317 3090 522 3150 septem
551 3091 607 3137 et
634 3091 756 3154 octo
784 3091 1068 3150 constant,
1119 3081 1354 3138 futuram
1394 3082 1561 3138 vitam
1603 3081 1800 3154 signiﬁ-

221 3181 352 3229 cant
378 3188 498 3244 qute
520 3189 663 3230 nunc
684 3175 890 3248 geritur
921 3175 974 3230 in
1007 3173 1233 3230 sabbato
1254 3174 1556 3229 animarum
1594 3183 1649 3230 et
1675 3189 1799 3245 per-

223 3263 437 3318 ﬁcietur
480 3265 533 3320 in
582 3266 981 3322 resurrectione
1041 3280 1350 3336 corporum.
1403 3265 1460 3320 In
1525 3265 1798 3337 trigonum

221 3367 436 3424 quoque
467 3355 860 3426 quindenarius
889 3357 1104 3423 ductus,
1143 3355 1196 3412 id
1245 3364 1332 3412 est
1380 3370 1504 3412 cum
1553 3355 1797 3426 partibus

1981 2260 2052 2314 Et
2101 2279 2205 2315 non
2239 2262 2466 2316 surrexit
2502 2263 2768 2332 propheta.
2815 2261 2949 2329 Quia
2988 2261 3199 2332 Moyses
3239 2259 3492 2316 omnibus

1908 2350 2188 2421 prophetis
2242 2350 2454 2407 Veteris
2503 2351 2833 2406 Tcstamenti
2884 2352 3228 2421 praestantior
3280 2369 3294 2405 :
3351 2350 3492 2405 unde

1907 2440 2078 2496 Iudtei
2107 2452 2422 2511 arroganter
2443 2442 2629 2498 dicunt
2659 2457 2673 2494 :
2707 2441 2819 2496 Nos
2846 2440 3018 2512 Moysi
3039 2440 3282 2510 discipuli
3308 2457 3489 2494 sumus

1909 2535 2091 2609 (Ioan.
2146 2536 2244 2608 ις).
2299 2533 2405 2590 Sed
2458 2543 2745 2604 postquam
2800 2533 3060 2587 Dominus
3107 2532 3488 2602 prophetarum

1907 2629 2220 2685 incarnatus
2243 2627 2392 2682 venit
2421 2627 2472 2679 in
2504 2625 2786 2690 mundum,
2815 2624 2992 2679 omnis
3023 2622 3109 2676 illa
3141 2623 3290 2691 prior
3311 2621 3484 2692 digni-
3551 2664 3562 2672 .

1907 2726 1991 2773 tas
2019 2726 2073 2773 et
2099 2717 2290 2772 umbra
2322 2714 2627 2769 futurorum
2670 2711 2903 2768 cessavit
2936 2729 2948 2764 :
2973 2710 3100 2780 quia
3127 2711 3210 2764 lex
3236 2718 3284 2762 et
3310 2709 3484 2779 ﬁgura

1901 2826 1995 2880 per
2021 2807 2204 2862 Mosen
2231 2807 2356 2860 data
2380 2814 2455 2860 est
2478 2818 2497 2856 :
2519 2805 2690 2875 gratia
2719 2811 2768 2856 et
2795 2803 2984 2856 ueritas
3007 2816 3098 2870 per
3121 2798 3304 2853 Iesum
3331 2796 3485 2851 Chri-

1901 2910 2068 2966 stum,
2109 2900 2198 2972 qui
2234 2909 2307 2954 est
2338 2898 2460 2967 ﬁnis
2499 2896 2625 2966 legis
2660 2894 2729 2949 ad
2769 2894 3034 2964 justitiam
3063 2891 3205 2947 omni
3255 2888 3484 2945 credenti

1905 2994 2091 3067 (Hebr.
2127 3011 2193 3061 x;
2219 2993 2380 3048 Ioan.
2415 3007 2464 3057 ις
2505 2989 2657 3044 Rom.
2687 2987 2764 3060 κ).

1974 3085 2042 3139 Et
2070 3084 2301 3155 sepelivit
2331 3099 2446 3137 eum
2477 3082 2534 3136 in
2557 3079 2708 3135 valle.
2739 3077 2960 3133 Scilicet
2984 3075 3266 3133 Dominus.
3299 3071 3485 3142 Etper

1902 3178 2008 3235 hoc
2053 3175 2389 3246 signiﬁcatur
2433 3173 2578 3244 quod
2622 3178 2804 3226 amoto
2852 3169 3236 3238 impedimento
3273 3173 3483 3219 natura:

1898 3284 1998 3341 per
2025 3267 2303 3322 Christum
2355 3266 2534 3321 anima
2571 3263 2770 3318 munda
2823 3269 3070 3332 separata
3119 3256 3365 3313 ascendit
3413 3254 3481 3309 ad

1901 3360 2073 3415 Deum
2102 3375 2118 3412 :
2164 3367 2222 3414 et
2248 3371 2448 3428 corpus
2488 3356 2632 3426 quod
2679 3352 2936 3424 sepelitur
2979 3351 3033 3406 in
3064 3359 3209 3405 terra
3241 3352 3486 3401 remanet

224 3446 341 3500 suis
364 3446 768 3512 adnumeratus,
785 3446 1181 3504 eﬁicitcentum
1202 3447 1479 3518 etviginti.
1503 3448 1643 3519 Apte
1669 3462 1799 3521 ergo
1826 3479 1872 3542 ρ
1902 3464 2073 3520 usque
2128 3447 2196 3503 ad
2237 3447 2519 3520 judicium.
2572 3443 2928 3542 Ecclesiastes
2968 3456 3044 3496 χιι
3082 3457 3096 3494 :
3141 3439 3338 3540 Donec.
3366 3433 3484 3542 pul-

221 3539 533 3596 centenario
573 3549 630 3597 et
659 3542 931 3598 vieenario
979 3541 1273 3599 electorum
1315 3541 1588 3596 beatitudo
1626 3541 1679 3595 in
1711 3539 1798 3594 fu-

221 3637 343 3684 tura
373 3631 482 3686 vita
511 3632 774 3704 signatur,
799 3642 854 3688 et
876 3633 1093 3690 tertium
1118 3634 1312 3688 domus
1337 3632 1430 3687 Dei
1460 3630 1797 3688 etenaculum

219 3731 648 3789 consummatur,
678 3724 804 3794 quia
834 3733 956 3794 post
1001 3723 1242 3779 ﬁdelium
1272 3722 1505 3788 labores,
1555 3729 1680 3794 post
1707 3735 1796 3776 re-

219 3811 403 3882 quiem
442 3814 746 3870 animarum
777 3815 936 3886 plena
957 3815 1215 3877 Ecclesia:
1251 3814 1487 3872 felicitas
1519 3814 1576 3870 in
1616 3827 1798 3869 resur-

219 3904 482 3964 rectionis
507 3906 680 3980 gloria
708 3907 1088 3979 complebitur.

1901 3543 1986 3598 vis
2032 3550 2338 3597 revertatur
2382 3541 2436 3594 in
2464 3537 2746 3610 pulverem
2780 3535 2922 3590 unde
2967 3541 3112 3598 erat,
3159 3539 3214 3587 et
3257 3528 3482 3600 spiritus

1902 3633 2088 3690 redeat
2110 3633 2176 3688 ad
2202 3631 2373 3688 Deum
2413 3630 2505 3702 qui
2527 3629 2675 3686 dedit
2708 3627 2878 3683 illum.
2906 3625 3075 3694 Quem
3111 3622 3340 3679 reditum
3362 3633 3482 3690 pro-

1900 3743 2119 3798 sperum
2147 3727 2303 3782 nobis
2328 3726 2609 3791 concedat,
2629 3723 2724 3796 qui
2751 3721 2962 3778 vivit‘et
2987 3727 3178 3792 regnat
3199 3718 3254 3774 in
3281 3713 3480 3773 sarcula

1899 3817 2244 3875 saeculorum.
2278 3817 2464 3872 Amen.

245 4045 3467 4085 Ν

1193 4167 1511 4250 ILIBER
1585 4165 1905 4245 JOSUE
1978 4165 2174 4246 BEN
2251 4107 2499 4247 NUN.

1443 4352 1553 4409 Heb
1561 4353 1697 4410 reice
1729 4325 1964 4406 limosos
2003 4346 2240 4422 (rm-tt).

1635 4510 2028 4530 _

1289 4591 1761 4653 PROTHEMATA
1799 4591 1867 4647 IN
1902 4587 2167 4646 LIBRUM
2204 4583 2440 4644 IOSUE.

1662 4730 2056 4749 υ*

795 4859 957 4918 ΡΒιΕ
965 4857 1186 4918 FATIO.

285 4996 564 5072 (ninam,
591 4994 706 5051 Dio.
729 4995 1003 5060 Bibliotlt.,
1030 5005 1159 5052 tom.
1179 4995 1313 5059 VIII,
1343 4992 1448 5051 col.
1479 4995 1629 5070 461.)
1654 4995 1794 5051 Tan-

209 5087 337 5150 (κω
363 5088 518 5144 ﬁnito
538 5087 906 5145 Pentateucho
948 5087 1140 5159 Moysi,
1179 5087 1326 5143 velut
1367 5087 1557 5160 grandi
1589 5086 1796 5142 foenore

212 5177 455 5246 liberati,
475 5182 540 5236 ad
560 5178 742 5236 Iesum
768 5181 937 5237 ﬁlium
957 5180 1105 5237 Nave
1129 5197 1344 5237 manum
1376 5183 1662 5249 mittimus,
1685 5191 1790 5238 etc.

286 5271 678 5344 (ADAIANTIUS,
707 5275 846 5329 hom.
873 5275 900 5328 l
933 5275 988 5328 in
1008 5272 1226 5346 Iosue.)
1259 5275 1482 5330 Donavit
1505 5275 1646 5330 Deus
1692 5289 1791 5329 no-

212 5380 341 5424 men
365 5367 506 5438 quod
529 5378 603 5422 est
627 5384 783 5438 super
818 5383 966 5422 omne
996 5385 1179 5423 nomen
1227 5366 1354 5424 Iesu
1400 5366 1618 5423 Christo
1649 5385 1662 5421 :
1692 5367 1794 5423 hoc

211 5467 394 5516 autem
419 5469 504 5515 est
521 5459 697 5514 Iesus.
722 5458 846 5515 Ideo
868 5461 923 5514 in
952 5461 1156 5515 nomine
1187 5458 1316 5514 Iesu
1339 5476 1488 5514 omne
1513 5476 1648 5530 genu
1694 5460 1790 5529 ﬂe-

209 5553 392 5618 ctitur,
425 5552 730 5619 caelestium,
755 5554 1077 5608 terrestrium
1096 5564 1142 5608 et
1169 5553 1516 5623 infernarum.
1574 5553 1639 5607 Et
1667 5552 1793 5622 quia

211 5643 321 5699 hoc
339 5652 425 5698 est
447 5659 642 5698 nomen
668 5660 829 5714 super
853 5661 1012 5700 omne
1039 5660 1255 5710 nomen,
1289 5645 1488 5699 idcirco
1519 5642 1679 5698 nullis
1709 5658 1794 5698 re-

211 5743 300 5792 tro
337 5737 774 5806 generationibus
812 5738 1142 5793 nominatum
1165 5747 1265 5793 est.
1296 5737 1353 5792 In
1381 5736 1572 5792 Genesi
1611 5737 1786 5806 justos

197 5825 414 5890 multos
432 5827 678 5902 legimus,
703 5837 759 5888 et
777 5828 955 5904 nullus
977 5845 1164 5888 eorum
1181 5831 1487 5888 nominatus
1501 5840 1586 5888 est
1603 5830 1785 5891 Iesus.

1820 4820 1877 4882 D
1899 4816 1957 4872 In
1988 4813 2174 4870 Exodo
2191 4813 2296 4867 hoc
2315 4807 2549 4881 primum
2579 4802 2794 4861 invenio
2814 4802 3010 4877 (Exod.
3034 4803 3191 4876 xvn),
3221 4812 3324 4861 eto.
3349 4846 3364 4872 ,
3388 4822 3476 4862 us-

1897 4925 1993 4982 que
2035 4907 2104 4962 ad
2147 4906 2274 4960 dum
2323 4915 2630 4974 peccamus,
2676 4906 2731 4954 et
2763 4906 2991 4966 regnant
3042 4897 3094 4952 in
3143 4898 3296 4954 nobis
3343 4899 3474 4954 vitia

1901 5004 2234 5075 passionum,
2264 4997 2512 5070 quamvis
2545 4996 2747 5052 relictis
2766 4996 2920 5051 idolis
2948 4996 3017 5050 ab
3041 4995 3275 5067 Egypto
3297 4995 3474 5050 exisse

1897 5094 2196 5157 videamur,
2222 5089 2570 5162 opprobrium
2596 5097 2776 5144 tamen
2801 5085 3022 5159 Egypti
3045 5097 3151 5141 n0n
3197 5093 3278 5141 est
3327 5085 3477 5140 abla-

1900 5194 2012 5240 tum
2041 5183 2270 5238 anobis.
2319 5181 2374 5237 Si
2423 5196 2554 5237 vero
2602 5180 2839 5236 secundo
2888 5178 3056 5234 fueris
3102 5177 3474 5244 circumcisus,

1899 5275 2196 5331 abscideris
2225 5289 2255 5328 a
2286 5282 2336 5328 te
2363 5289 2522 5328 omne
2550 5272 2762 5337 vitium,
2789 5271 2900 5333 irae,
2931 5266 3215 5338 superbiae,
3240 5267 3474 5334 invidim,

1894 5369 2134 5424 libidinis
2161 5375 2216 5422 et
2241 5365 2564 5436 huiusmodi.
2594 5365 2970 5434 abstergentur
2995 5359 3283 5431 opprobria
3308 5357 3476 5430 Egy-

1895 5465 1994 5537 pti,
2031 5472 2086 5518 et
2113 5462 2402 5540 translatus
2447 5463 2498 5516 in
2528 5472 2729 5517 terram
2757 5457 3150 5530 promissionis,
3197 5457 3474 5512 caelestem

1895 5558 2262 5615 baareditatem
2287 5556 2522 5629 accipies
2549 5571 2647 5627 per
2666 5554 2848 5610 Iesum
2875 5553 3151 5611 Christum
3189 5550 3474 5605 Dominum

1897 5659 2163 5707 nostrum.

2415 5718 2641 5776 CAPUT
2685 5717 2972 5773 PRIMUM.

1967 5836 2133 5894 Vens.
2159 5837 2214 5892 2.
2245 5866 2317 5878 -
2341 5835 2512 5892 Moses
2557 5850 2735 5890 servus
2776 5831 3078 5907 (ADAMANT.
3115 5873 3130 5901 ,
3163 5832 3303 5889 hom.
3341 5830 3378 5888 2
3422 5845 3478 5888 m
