4006 6352
466 358 509 406 ιν

607 304 711 360 507

1100 304 1489 361 WALAFRIDI
1530 305 1774 362 STRABI
1813 305 2020 361 FULD.
2059 302 2226 360 MON.
2268 302 2420 359 OPP.
2465 304 2716 363 PARS‘I.
2756 338 2828 349 —
2862 308 3314 368 THEOLOGICA.
3690 326 3763 387 ωε

601 420 809 492 Iosue.)
851 422 1023 478 Moses
1064 423 1294 492 famulus
1342 442 1485 478 meus
1528 433 1762 479 mortuus
1806 434 1901 478 est.
1948 422 2180 478 Adverte
2206 420 2260 483 Α
2284 422 2426 477 enim
2456 432 2582 478 sunt
2602 426 2694 495 qui
2722 427 2949 483 edocent
2976 428 3226 499 populum
3256 429 3401 484 exire
3422 432 3483 487 de
3502 431 3764 507 Egyptme

600 514 869 585 quomodo
903 524 1095 587 regnat
1118 513 1295 581 Iesus,
1342 526 1446 571 etc.
1502 558 1517 583 ,
1568 533 1729 587 usque
1767 517 1836 571 ad
1882 515 2178 587 spiritualis

601 603 776 661 Moses
799 614 884 661 est
907 607 999 678 qui
1029 606 1160 660 vivit
1194 606 1248 660 in
1279 606 1489 677 Spiritu.

673 696 842 769 Surge
861 706 910 752 et
932 698 1125 763 transi,
1142 705 1247 753 etc.
1300 697 1455 753 Nunc
1478 712 1607 769 ergo
1643 711 1961 769 exsurgens,
2006 695 2177 752 transi

596 788 884 846 Iordanem
915 792 1097 857 istum,
1128 800 1233 847 etc.
1266 792 1400 847 Vide
1426 790 1696 861 quomodo
1726 792 1976 846 minister
2015 790 2178 845 fuerit

598 881 729 936 Mosi
757 879 914 936 Iesus
937 879 1109 937 Filius
1136 881 1249 937 Dei.
1276 879 1409 938 Cum
1431 883 1569 937 venit
1589 882 1860 953 plenitudo
1906 885 2172 953 temporis,

596 975 737 1029 misit
761 973 900 1027 Deus
932 971 1133 1028 Filium
1161 988 1313 1028 suum
1338 973 1537 1044 factum
1587 990 1652 1028 ea:
1697 972 1934 1039 muliere,
1976 972 2175 1042 factum

594 1063 690 1117 sub
721 1061 831 1132 lege
851 1059 993 1134 (Gal.
1025 1062 1122 1133 ιν),
1144 1064 1269 1134 quia
1294 1063 1471 1119 factus
1497 1065 1597 1119 sub
1626 1064 1745 1137 lege
1793 1063 1946 1129 Mosi,
2001 1063 2176 1119 factus

594 1164 678 1211 est
708 1154 954 1210 minister
981 1153 1134 1210 Mosi.
1167 1154 1229 1209 Et
1262 1154 1439 1211 factus
1459 1165 1543 1211 est
1563 1154 1760 1210 Christi
1790 1156 2037 1210 minister
2063 1156 2174 1210 cir-

594 1248 941 1305 cumcisionis
964 1250 1030 1305 ad
1056 1248 1451 1305 contirmandas
1494 1250 1884 1321 promissiones
1927 1248 2172 1303 Patrum.

664 1339 829 1397 Vnus.
861 1342 1000 1396 3.—
1022 1340 1240 1396 Omnem
1271 1341 1463 1407 locum,
1490 1350 1597 1397 etc.
1630 1340 1802 1414 (Orig.
1838 1383 1852 1407 ,
1886 1342 2027 1395 hom.
2059 1340 2095 1394 2
2120 1341 2175 1393 in

588 1427 731 1502 Ias.)
767 1430 969 1486 Littera
995 1429 1129 1502 legis
1148 1432 1298 1487 humi
1326 1433 1506 1503 posita
1527 1441 1633 1498 est,
1658 1442 1713 1488 et
1732 1434 1980 1488 deorsum
2002 1431 2173 1500 jacet,

587 1526 695 1575 etc.
725 1560 740 1586 ,
771 1537 935 1592 usque
964 1521 1033 1576 ad
1062 1530 1123 1577 ut
1151 1534 1258 1577 non
1310 1522 1487 1578 solum
1533 1520 1787 1578 etliciaris
1832 1522 2009 1577 haeres
2054 1520 2171 1586 Dei,

587 1611 681 1667 sed
703 1612 944 1668 cohaares
974 1613 1198 1669 Christi.

656 1705 821 1761 Vsus.
848 1706 1044 1761 4.-Α
1073 1709 1276 1762 deserto
1303 1716 1351 1762 et
1378 1706 1598 1770 Libano,
1642 1714 1748 1762 etc.
1785 1704 1986 1774 (Ome,
2013 1700 2169 1775 ibid.)

585 1795 839 1851 Eremum
873 1805 928 1853 et
960 1796 1349 1853 Antilibanum.
1395 1795 1511 1852 Non
1559 1783 1693 1851 diiit
1744 1771 2021 1859 Libanum,
2073 1771 2168 1849 sed
2197 1771 2243 1830 Β

583 1893 963 1961 Antilibanum,
992 1904 1097 1951 etc.
1129 1938 1142 1961 ,
1174 1912 1335 1968 usque
1384 1895 1453 1949 ad
1506 1893 1745 1949 Ecclesia
1798 1908 1866 1948 ex
1916 1889 2167 1963 gentibus

582 1997 905 2058 congregata
940 2002 1040 2060 per
1066 1987 1250 2043 Iesum
1280 1985 1574 2042 Christum.

653 2078 808 2147 (Anc.
841 2121 857 2147 ,
885 2089 1068 2151 quiest.
1099 2080 1124 2133 1
1159 2080 1213 2134 in
1241 2080 1422 2144 Iosue,
1457 2087 1585 2133 tom.
1617 2076 1728 2148 Ill.)
1759 2076 1837 2131 Ex
1859 2076 1963 2132 hoc
2010 2074 2167 2131 testi-

579 2171 763 2227 monio
786 2178 841 2226 et
870 2171 989 2226 aliis
1031 2172 1290 2242 probatur
1318 2170 1491 2225 Moses
1515 2168 1822 2232 defunctus,
1854 2176 1915 2222 ut
1943 2166 2038 2221 Dei
2083 2165 2165 2220 fa-

578 2259 757 2316 mulus
778 2269 833 2315 et
861 2260 970 2316 Deo
997 2260 1233 2330 placens,
1272 2260 1520 2330 quamvis
1567 2259 1619 2314 in
1672 2274 1738 2315 eo
1786 2258 1876 2313 illa
1924 2257 2164 2312 vindicta

576 2340 841 2423 completa
871 2352 965 2419 sit,
999 2368 1064 2409 ne
1106 2360 1309 2407 terram
1352 2351 1727 2422 promissionis
1773 2351 2026 2405 intraret.
2084 2348 2164 2403 Ex

576 2457 684 2512 quo
713 2441 871 2498 datur
898 2442 1122 2515 intelligi
1150 2442 1319 2497 Deum
1349 2442 1513 2497 etiam
1542 2442 1597 2497 in
1624 2442 1781 2497 bonis
1828 2441 2004 2497 servis
2052 2441 2165 2496 suis

576 2532 755 2604 aliqua
783 2533 1140 2604 corporaliter
1168 2533 1254 2587 vel
1280 2533 1647 2601 temporaliter
1668 2532 1963 2595 vindicare,
2001 2538 2057 2587 et
2084 2539 2166 2585 ta-

575 2639 698 2679 men
726 2638 822 2679 eos
856 2623 997 2679 inter
1020 2638 1151 2678 vasa
1178 2624 1405 2678 honesta
1436 2631 1490 2678 et
1523 2623 1675 2677 utilia
1706 2621 1925 2678 habere.

646 2709 1003 2784 Prtecepitque
1049 2711 1232 2768 Iosue.
1287 2703 1447 2785 (Au'e.
1480 2753 1495 2779 ,
1535 2721 1724 2785 quiest.
1760 2712 1840 2784 2.)
1894 2712 2166 2779 Quaeritur

576 2806 843 2877 quomodo
872 2805 972 2862 hoc
1006 2807 1286 2878 praecepit,
1328 2815 1617 2878 postquam
1668 2807 1927 2863 Dominus
1966 2808 2164 2863 exhor—

578 2908 720 2955 tatus
749 2907 832 2954 est
854 2915 999 2965 eum,
1051 2908 1180 2966 etc.,
1217 2916 1379 2972 usque
1422 2901 1492 2955 ad
1520 2901 1802 2972 dispositio
1829 2899 1944 2970 ejus
1974 2899 2163 2957 Iethro

575 3001 898 3066 suggerente
920 2994 1178 3051 divinitus
1204 3002 1465 3049 mutatur.

644 3085 910 3143 Rubenitis
930 3102 1148 3158 quoque.
1181 3085 1468 3158 (Amatam,
1485 3087 1625 3141 hom.
1651 3084 1685 3140 '5
1704 3088 1759 3142 in
1784 3084 1993 3159 Iosue.)
2018 3084 2130 3141 Con
2150 3115 2163 3122 α

573 3176 875 3232 sideremus
899 3192 1061 3247 quam
1101 3175 1332 3232 formam
1365 3184 1586 3233 teneant
1610 3179 1728 3234 duae
1753 3188 1809 3233 et
1855 3178 2021 3234 semis
2064 3178 2164 3232 tri-

573 3265 698 3333 bus,
724 3275 834 3325 etc.
865 3308 881 3334 ,
904 3284 1067 3340 usque
1091 3267 1159 3322 ad
1183 3268 1274 3338 qui
1302 3277 1504 3323 terram
1530 3268 1787 3325 ﬂuentem
1819 3269 1901 3324 lac
1946 3276 2001 3324 et
2049 3266 2160 3323 mel

571 3353 636 3433 in
653 3353 1013 3413 amaritudine
1036 3356 1254 3411 malitiae
1280 3355 1546 3413 detinent.

1210 3488 1438 3546 CAPUT
1472 3489 1535 3545 ll.

642 3621 809 3678 Vens.
827 3622 963 3678 l.—
978 3618 1123 3677 Misit
1149 3637 1295 3693 ergo,
1310 3629 1419 3679 etc.
1441 3619 1608 3692 (BEDA
1630 3621 1687 3676 in
1704 3617 1914 3692 Iosue.)
1943 3618 2162 3677 Iericho

572 3712 764 3771 civitas
783 3713 1017 3769 mundus
1045 3721 1148 3779 εει,
1180 3712 1246 3769 ad
1280 3727 1441 3782 quem
1496 3711 1757 3767 Dominus
1796 3710 2050 3768 Christus
2093 3711 2163 3767 ad

571 3803 993 3875 perscrutandos
1019 3815 1200 3859 mores
1222 3802 1502 3856 hominum
1531 3802 1638 3856 duo
1682 3800 2034 3856 Testamenta
2072 3801 2159 3855 di-

573 3894 737 3950 rexit.
766 3893 902 3948 Nam
932 3893 985 3948 in
1011 3908 1077 3949 eo
1104 3901 1165 3948 ut
1191 3891 1530 3950 credentium
1552 3892 1713 3947 ﬁdem
1738 3898 1833 3945 aut
1875 3890 2159 3947 rebellium

2280 518 2557 575 erroribus
2590 519 2799 575 scilicet
2824 521 3028 581 mundi,
3083 529 3138 577 et
3184 522 3413 578 transire
3453 539 3540 596 per
3583 543 3763 592 eretnum

2276 620 2510 677 vastam,
2534 611 2589 666 id
2613 621 2712 679 est,
2739 614 3099 669 tentationum
3124 628 3320 685 genera
3342 616 3538 673 diversa
3559 626 3763 681 transcur-

2279 722 2416 763 rere.

2347 822 2510 877 Vens.
2541 821 2860 878 7.—Hodie
2882 824 3131 895 incipiam
3163 826 3394 883 exaltare
3433 838 3495 895 te,
3533 841 3623 888 etc.
3656 835 3727 903 (In.
3748 878 3761 903 ,

2276 911 2367 966 ubi
2387 914 2593 987 supra.)
2624 913 2791 970 Multa
2818 917 3065 987 prodigia
3091 917 3147 972 in
3176 933 3359 975 eremo
3406 932 3541 992 gesta
3581 935 3694 992 sunt,
3725 939 3762 985 et

2277 1005 2542 1075 nusquam
2572 1006 2771 1063 dicitur
2795 1008 3063 1067 exaltatus
3081 1007 3257 1065 Iesus.
3298 1010 3399 1068 Ubi
3423 1028 3542 1069 vero
3569 1019 3762 1075 transitur

2276 1094 2562 1164 Iordanes,
2603 1100 2802 1156 dicitur
2828 1101 2895 1157 ad
2926 1118 3048 1157 eum
3076 1121 3090 1156 :
3116 1102 3289 1158 Hodie
3338 1105 3565 1177 inripiam
3594 1109 3761 1167 mirare

2277 1198 2345 1255 te,
2376 1199 2481 1245 etc.
2529 1190 2797 1249 Exaltatio
2835 1194 2979 1248 enim
3012 1192 3139 1250 Iesu
3190 1195 3243 1250 in
3281 1206 3553 1267 conspectu
3583 1201 3760 1270 populis

2276 1281 2547 1351 baptismo
2577 1284 2740 1339 sumit
2768 1285 3071 1341 exordium.
3100 1285 3204 1353 Qui
3231 1287 3376 1342 enim
3400 1288 3758 1360 baptizantur,in

2277 1381 2449 1426 morte
2479 1373 2646 1442 ipsius
2674 1374 3036 1444 baptizantur,
3064 1374 3219 1446 cujus
3250 1392 3394 1432 mors
3432 1377 3484 1431 in
3526 1380 3669 1435 crucis
3696 1395 3761 1436 et-

2276 1464 2537 1523 altatione
2580 1467 2901 1537 completur.
2958 1466 3152 1523 Merito
3199 1483 3329 1541 ergo
3370 1468 3548 1540 cuique
3592 1470 3760 1530 ﬁdelium

2278 1563 2405 1611 tunc
2444 1557 2678 1628 primum
2720 1557 2877 1615 Iesus
2919 1559 3213 1622 exaltatur,
3264 1576 3385 1615 cum
3424 1561 3487 1615 ad
3526 1564 3761 1633 mysterium

2276 1648 2529 1718 baptismi
2558 1651 2823 1719 pervenit.
2880 1650 3033 1706 Unde
3058 1669 3071 1704 :
3105 1650 3375 1706 Exaltavit
3407 1651 3545 1707 illum
3569 1653 3697 1720 Deus,
3728 1665 3759 1710 et

2276 1738 2485 1793 donauit
2512 1737 2589 1792 illi
2618 1756 2803 1794 nomen
2829 1741 2968 1813 quod
2996 1751 3071 1796 est
3096 1759 3255 1813 super
3295 1759 3439 1798 omne
3460 1760 3637 1809 nomen,
3675 1754 3743 1799 etc

2346 1828 2504 1885 Vsus.
2529 1830 2885 1887 9.—Domini
2919 1833 3012 1888 Dei
3051 1835 3232 1900 vestri,
3275 1842 3379 1890 etc.
3428 1835 3624 1906 (Anim,
3662 1838 3757 1891 lion.

2266 1922 2299 1976 4
2322 1922 2376 1977 in
2399 1921 2542 1995 Ios.)
2571 1922 2851 1980 Peccatori
2878 1926 3054 1981 omnis
3083 1935 3337 1983 creatura
3368 1928 3527 1983 hostis
3548 1937 3635 1993 est,
3657 1937 3757 1995 etc.,

2268 2034 2430 2088 usque
2455 2017 2523 2071 ad
2546 2033 2565 2073 :
2587 2018 2678 2088 qui
2714 2019 2962 2104 convertit
2982 2028 3188 2089 petram
3208 2016 3262 2074 in
3288 2029 3469 2092 stagna
3494 2030 3757 2092 aquanu,et

2266 2123 2447 2178 rupem
2470 2109 2525 2163 in
2548 2107 2736 2176 fontes,
2770 2116 2878 2166 etc.

2318 2219 2499 2275 Vens.
2532 2222 3069 2291 lO.-Chanan¢eus,
3094 2225 3404 2295 possidens,
3444 2225 3518 2280 vel
3544 2223 3757 2297 possessio,

2264 2311 2351 2366 vel
2378 2312 2767 2383 negotiatores,
2798 2313 2884 2369 vel
2914 2316 3215 2372 motabilis.
3253 2317 3516 2383 Hetbwus,
3539 2316 3758 2371 formidans

2264 2402 2378 2458 sive
2406 2410 2646 2473 stupens.
2688 2402 2936 2471 Hevreus,
2969 2404 3179 2476 lapides
3206 2406 3475 2478 colligens.
3503 2403 3758 2469 Pheraeis.

2264 2511 2544 2565 separans,
2579 2496 2693 2550 sive
2721 2496 3102 2554 disseminans.
3127 2494 3448 2571 Ger-gemas,
3477 2498 3680 2555 colonum
3697 2512 3757 2567 ap-

2262 2587 2425 2658 plica,
2455 2589 2540 2645 vel
2562 2588 2813 2645 colonum
2851 2589 3099 2661 ejiciens,
3146 2591 3267 2648 sive
3311 2592 3509 2647 advena
3541 2587 3756 2660 appropino

2263 2697 2456 2751 quaus.
2481 2682 2843 2749 Amorrlueus,
2868 2699 3086 2739 amarus
3118 2685 3210 2739 vel
3254 2684 3490 2755 loquens.
3539 2682 3757 2746 Iebustm.

2264 2773 2556 2837 calcantes,
2588 2775 2675 2831 vel
2697 2790 2937 2846 prmsepe
2965 2788 3176 2833 eorum.

2341 2867 2498 2921 Vens.
2529 2865 2902 2921 15.—-Messis
2928 2865 3257 2939 impleverat.
3283 2864 3424 2923 LXX
3446 2863 3608 2922 θεῖοι(
3630 2860 3758 2917 iudie-

2266 2960 2361 3016 bus
2386 2962 2569 3016 messis
2588 2962 2769 3015 tritici.
2794 2960 2907 3016 Hoc
2928 2960 3253 3018 incredibile
3281 2962 3487 3019 videtur
3527 2955 3758 3029 regionibus

2265 3057 2485 3119 nostris,
2519 3055 2591 3111 ibi
2618 3063 2801 3110 autem
2814 3054 2982 3127 (sicut
3018 3054 3315 3126 perhibent
3348 3054 3437 3127 qui
3472 3045 3757 3116 noverunt)is

2190 3137 2236 3199 C
2268 3148 2422 3203 initio
2446 3149 2590 3203 veris
2613 3157 2699 3204 est
2734 3148 2929 3204 messis
2954 3148 3116 3203 tritici
3144 3166 3159 3202 :
3187 3156 3318 3205 tunc
3341 3156 3511 3203 autem
3534 3138 3758 3199 diem

2265 3239 2529 3294 redundat
2547 3247 2603 3293 et
2617 3239 2873 3308 impletur
2900 3238 3131 3310 amplius
3165 3254 3330 3310 quam
3357 3254 3450 3310 per
3477 3237 3685 3293 hiemem.

2334 3330 2498 3387 Vsus.
2543 3331 2734 3406 18._—
2764 3331 3033 3388 Steterunt
3086 3348 3243 3405 aqua:
3289 3329 3636 3392 descendentes,
3683 3331 3754 3377 etc.

2262 3424 2490 3495 (Anam,
2512 3424 2653 3479 hom.
2678 3423 2763 3495 4.)
2794 3423 2913 3479 Non
2948 3423 3154 3493 absque
3190 3422 3427 3496 mysterii
3454 3419 3633 3476 ratione
3655 3412 3755 3469 arbi-

2262 3523 2380 3570 tror
2407 3514 2687 3586 scriptum,
2718 3524 2851 3582 etc.,
2900 3531 3064 3585 usque
3086 3516 3158 3569 ad
3194 3523 3253 3572 et
3291 3530 3426 3570 unus
3466 3510 3662 3582 Spiritus
3686 3516 3756 3573 quo

2261 3622 2452 3664 omnes
2475 3607 2838 3679 puriﬁcantur
2866 3608 2920 3663 in
2946 3607 3239 3679 baptismo,
3265 3615 3321 3665 et
3341 3621 3474 3663 unus
3493 3601 3614 3659 Deus
3646 3595 3756 3652 Palat

2262 3701 2524 3756 omnium.

2889 3769 3116 3828 CAPUT
3146 3769 3239 3827 IV.

2331 3884 2497 3941 Vens.
2530 3883 2748 3940 7.—ln
2777 3892 3049 3967 internum.
3077 3881 3275 3956 (Aue.)
3300 3878 3560 3949 Quomodo
3585 3875 3757 3967 inelet'

572 3983 935 4056 pervicacium
982 3982 1198 4053 plenius
1248 3983 1651 4052 eonprolmret,
1703 3989 1830 4036 ante
1866 3979 2161 4037 adventum
2258 3994 2414 4045 num,
2445 3993 2567 4035 cum
2614 3976 2810 4033 ctelum
2850 3984 2906 4032 et
2956 3961 3102 4031 terra
3137 3973 3446 4031 transeant?
3471 3970 3544 4026 An
3569 3961 3754 4037 quoniam

565 4077 757 4153 judicii
784 4077 888 4139 sui.
911 4076 1067 4146 quasi
1087 4074 1462 4147 exploratores
1489 4075 1644 4145 duos,
1670 4073 1871 4146 Legem
1899 4082 1955 4130 et
1979 4073 2157 4130 Evan-

569 4171 768 4246 gelium
795 4169 1106 4226 destinavit.

641 4263 839 4334 (Anu.
865 4301 882 4329 ,
915 4262 1057 4316 hom.
1103 4258 1184 4332 5.)
1236 4258 1521 4314 Mittuntur
1546 4274 1577 4313 a
1608 4257 1739 4313 Iesu
1784 4255 2158 4326 exploratores

569 4356 624 4413 in
651 4354 889 4421 Iericho,
920 4361 1030 4409 etc.
1062 4393 1078 4418 ,
1109 4367 1273 4422 usque
1298 4350 1367 4404 ad
1389 4350 1435 4405 si
1459 4350 1514 4404 in
1537 4347 1913 4423 misericordia
1940 4341 2157 4401 Domini

569 4448 657 4505 sui
694 4445 1017 4503 intellexerit
1036 4443 1355 4498 bonitatem.

645 4535 808 4591 Vnus.
836 4532 1104 4589 i6.—Ad
1128 4541 1377 4586 montana
1406 4530 1755 4595 conscendite,
1780 4537 1887 4585 etc.
1919 4528 2115 4600 (Aul.
2134 4568 2151 4593 ,

570 4627 712 4682 born.
738 4624 818 4696 '5.)
847 4625 952 4679 Dat
990 4623 1207 4693 sapiens
1235 4622 1495 4676 meretrix
1530 4620 1817 4677 consilium
1865 4620 2154 4691 mysticum

568 4726 627 4775 et
646 4716 886 4781 cmleste,
915 4722 1020 4771 etc.
1057 4755 1072 4780 ,
1100 4729 1261 4785 usque
1294 4715 1364 4766 ad
1401 4728 1523 4783 quae
1563 4711 1854 4783 aliquando
1893 4709 2155 4767 meretrix

569 4814 714 4874 erat,
752 4805 1005 4861 mundata
1026 4803 1187 4859 estin
1228 4817 1366 4874 aqua
1405 4811 1460 4859 et
1510 4801 1716 4875 Spiritu
1764 4812 1952 4860 sancto
1992 4811 2051 4859 et
2097 4804 2154 4858 in

569 4900 831 4973 sanguine
859 4897 1084 4955 Christi.

1189 4983 1415 5043 CAPUT
1439 4984 1522 5040 Ill.

644 5102 805 5159 Vsus.
849 5099 903 5156 3.
939 5129 1008 5141 ——
1041 5092 1174 5154 Cum
1217 5097 1454 5153 videritis
1503 5111 1678 5149 arcam
1725 5092 2006 5150 testimonii
2054 5090 2151 5147 Dei

574 5191 756 5258 nostri,
790 5200 838 5246 et
861 5189 1177 5255 sacerdotes,
1201 5199 1249 5242 et
1282 5186 1488 5241 Levitas
1526 5194 1792 5257 portantes
1837 5200 1973 5250 eam,
1995 5192 2119 5239 'etc.

571 5282 729 5361 (Auo.
752 5327 768 5353 ,
790 5293 974 5359 quiest,
999 5283 1033 5338 5
1058 5284 1114 5339 in
1141 5279 1347 5353 Iosue.)
1378 5278 1560 5350 Longe
1585 5276 1795 5347 jussum
1824 5285 1909 5332 est
1960 5290 2145 5331 arcam

2181 4482 2234 4554 ἰ)

2259 4078 2525 4126 aeternum
2575 4069 2778 4139 aliquid
2835 4067 3125 4136 signiﬁcat,
3175 4082 3302 4123 eum
3346 4065 3442 4136 ipsi
3487 4056 3643 4117 aeterni
3675 4062 3756 4107 esse

2260 4178 2367 4218 non
2402 4162 2656 4234 possint?
2702 4159 2961 4229 Quamvis
3005 4162 3180 4230 possit
3217 4161 3361 4232 quod
3424 4158 3478 4213 in
3510 4153 3666 4211 Greco
3701 4147 3755 4200 εει

2259 4256 2454 4312 Latine
2490 4256 2594 4312 dici
2622 4270 2791 4325 usque
2816 4255 2870 4309 in
2886 4253 3161 4310 saeculum.

2332 4342 2498 4404 Vens.
2535 4348 2623 4403 10.
2656 4344 3050 4416 Festinavitque
3093 4342 3317 4413 populus
3363 4350 3409 4396 et
3449 4334 3648 4395 transiit,
3680 4336 3751 4379 ἓως

2260 4442 2280 4516 (
2303 4441 2503 4507 Anam,
2552 4441 2693 4495 hom.
2719 4438 2819 4510 2.)
2863 4437 2965 4506 Qui
2999 4451 3152 4491 mare
3197 4434 3436 4490 Rubrum
3476 4423 3751 4523 transierunt.

2258 4535 2513 4608 baptizati
2545 4541 2672 4591 sunt
2718 4533 2775 4589 in
2823 4531 3021 4603 Moyse,
3065 4539 3202 4594 etc.,
3250 4543 3407 4599 usque
3448 4524 3512 4580 ad
3548 4532 3647 4576 cum
3678 4522 3752 4581 tam

2260 4644 2368 4685 non
2407 4628 2478 4685 sit
2508 4627 2602 4698 qui
2636 4632 2915 4681 exterreat
2948 4622 3087 4678 ﬁlios
3123 4620 3310 4679 Israel.

2330 4719 2490 4776 Vens.
2522 4697 2608 4773 li.
2640 4746 2712 4758 —-
2749 4715 2815 4769 In
2843 4716 2927 4769 die
2954 4714 3067 4778 illo,
3094 4720 3200 4768 etc.
3221 4710 3442 4780 Semper
3464 4697 3753 4762 exaltatusest

2257 4809 2416 4868 Iesus
2451 4808 2591 4880 apud
2641 4807 2894 4871 Patrem;
2936 4804 3033 4862 sed
3067 4819 3205 4877 opus
3233 4809 3321 4859 est
3354 4808 3413 4855 ut
3448 4797 3501 4853 in
3530 4791 3750 4880 conspectu

2259 4910 2446 4959 nostro
2488 4878 2697 4957 ﬁexaltet
2748 4898 2895 4954 illum
2946 4897 3109 4963 Deus,
3150 4895 3202 4950 id
3242 4902 3343 4959 est,
3390 4898 3448 4946 ut
3490 4878 3749 4943 altitudinem

2264 4994 2553 5052 divinitatis
2584 4993 2701 5064 ejus
2725 5000 3132 5062 cognoscamus.
3158 4987 3273 5042 Hoc
3290 4991 3464 5039 autem
3508 4976 3578 5040 ﬁt.
3610 4971 3649 5027 Ii

2256 5088 2449 5144 danem
2481 5084 2880 5149 transierimus,
2909 5089 2965 5138 et
2989 5078 3155 5135 variis
3178 5079 3611 5136 sacramentorum
3626 5067 3750 5117 ιιιιων

2254 5182 2451 5235 mentis
2481 5179 2547 5234 ad
2574 5179 2754 5234 futura
2786 5175 2925 5231 bella
2957 5188 3250 5230 amemur.

2326 5273 2489 5328 Vens.
2518 5271 2678 5326 i6.—
2700 5269 2936 5339 Prcecipe
2959 5266 3331 5323 sacerdotibus.
3358 5260 3506 5335 (Anus.
3530 5255 3579 5309 in
3596 5240 3747 5340 λαστ)

569 5342 890 5451 praecedere,
921 5342 1028 5432 etc.
1060 5415 1077 5443 ,
1102 5390 1266 5446 usque
1285 5342 1355 5426 ad
1384 5342 1523 5426 nube
1560 5342 1856 5436 subtracta,
1888 5376 2145 5439 tanquam
2253 5364 2445 5420 Manda
2487 5362 2859 5419 sacerdotibus
2902 5359 3242 5432 portantibus
3271 5366 3448 5451 arcent

569 5472 836 5528 velamine
859 5470 1059 5526 ablato.

2257 5467 2388 5517 etc.,
2422 5473 2584 5528 usque
2612 5455 2680 5509 ad
2708 5454 2838 5526 quia
2866 5425 2921 5508 in
2956 5453 3033 5508 rei
3061 5458 3304 5507 ventura:
3330 5436 3661 5504 testimonium
3682 5425 3747 5481 ἀι·

644 5561 930 5619 Prwcedite
951 5558 1217 5632 populum.
1252 5556 1428 5630 (Ome.
1460 5595 1475 5621 ,
1500 5554 1639 5608 hom.
1672 5553 1771 5623 iv.)
1817 5550 1923 5607 Per
1963 5567 2146 5608 sacer-
2252 5561 2363 5607 tum
2394 5551 2493 5604 fuit
2516 5548 2683 5605 Vetus
2709 5547 3140 5603 Testamentum.

571 5657 724 5712 dotes
743 5653 1028 5710 deducitur
1047 5650 1295 5721 populus,
1313 5657 1371 5704 et
1386 5649 1487 5703 iter
1506 5648 1615 5719 agit
1639 5647 1708 5701 ad
1732 5656 1931 5701 terram
1961 5661 2149 5717 repro-

2323 5638 2559 5714 Populus
2598 5650 2791 5694 autem.
2837 5638 3184 5711 (ADAMANT.,
3228 5634 3366 5688 hom.
3408 5626 3486 5695 ει)
3530 5618 3629 5675 Non

570 5748 843 5806 missionis
900 5706 1216 5821 magisterio
1276 5706 1641 5799 sacerdotum.
1699 5738 1769 5794 Et
1814 5738 1957 5810 infra
1988 5706 2146 5813 {ipsi
2251 5752 2415 5794 causa
2439 5735 2684 5805 signatur
2730 5731 2947 5803 quando
2991 5731 3214 5786 veniunt
3242 5726 3308 5781 ad
3350 5706 3743 5778 Iordanem“!
