4006 6352
274 332 384 390 509
1273 329 1537 387 GLOSSA
1575 329 1978 386 ORDINARIA.
2021 361 2087 371 ——
2124 327 2251 384 l.lB.
2291 326 2524 384 JOSUE.
3421 323 3523 382 510

273 460 443 517 usque
473 443 545 500 ad
566 452 626 500 ut
650 442 848 500 multas
868 441 1230 515 perfectiones
1258 408 1327 499 ad
1352 457 1516 500 unum
1545 443 1686 499 diem
1712 458 1847 513 pen-
1876 448 1928 508 Α
2024 440 2091 494 Et
2121 440 2372 509 fecerunt.
2403 439 2548 511 (lSlD.
2578 439 2629 493 in
2654 438 2794 510 los.)
2822 437 2949 494 Post
2974 438 3247 510 Evangelii
3288 440 3523 497 circum-

271 537 405 593 dere
431 536 735 608 significent

1953 531 2232 596 cisionem,
2266 531 2449 586 statim
2471 531 2523 584 in
2553 530 2669 584 loco
2696 528 3040 584 revelationis
3062 529 3260 600 pascha
3280 529 3524 586 celebra-

342 620 635 684 Duodeciu't
683 644 925 700 quoque,
985 627 1191 685 scilicet
1234 627 1546 697 mysterium
1601 626 1727 696 agni
1796 625 1852 680 iu
1952 632 2062 689 tur,
2093 631 2149 678 et
2170 621 2354 693 Agnus
2382 622 2711 682 immolatur,
2751 621 2842 691 qui
2879 620 3018 675 tollit
3054 629 3274 689 peccata
3306 621 3524 689 mundi;

268 709 509 791 ἔσῃ)ιο
538 726 865 789 preceptum
907 727 1011 784 est,
1057 718 1181 787 quia
1221 717 1411 773 eodem
1446 717 1533 772 die
1561 732 1668 786 quo
1696 731 1849 772 erro-

270 828 364 869 res
388 813 573 869 muudi
600 810 855 883 fugimus,
886 820 1084 867 terram
1104 811 1478 882 promissionis
1498 809 1847 880 ingredimur.

270 902 407 959 Tota
444 903 589 959 enim
621 903 731 959 vita
752 916 994 975 prmus
1024 918 1127 958 una
1172 903 1289 958 dies
1315 911 1399 958 est
1447 920 1461 955 :
1506 902 1665 957 hodie
1695 918 1845 971 ergo,

266 995 325 1051 id
363 1004 473 1063 est,
522 995 653 1051 dum
707 996 961 1063 vivimus,
996 997 1065 1052 ad
1090 994 1477 1066 perfectionem
1506 994 1844 1061 festinemus,

267 1101 370 1142 nec
413 1087 469 1142 in
497 1087 792 1143 crastinum
822 1086 1154 1143 differamus.

338 1177 629 1233 Duodecim
676 1195 899 1251 quoque.
932 1177 1106 1252 (Ιεω.)
1137 1179 1503 1235 Transeuntes
1549 1177 1645 1233 filii
1682 1176 1848 1234 lsrael

262 1265 557 1325 Iordanem
598 1269 931 1326 sustulerunt
968 1273 1037 1326 de
1087 1271 1266 1326 medio
1298 1269 1538 1325 fluminis
1565 1269 1848 1325 duodecim

262 1358 477 1430 lapides
490 1375 629 1431 quos
650 1375 749 1430 pro
778 1361 1085 1439 testimonio
1112 1371 1411 1432 posuerunt
1438 1361 1630 1417 inloco
1656 1377 1848 1417 secun-

260 1447 842 1517 daeocircumcisionis,
893 1450 963 1505 ad
988 1451 1308 1520 signandum
1337 1451 1511 1515 nobis,
1544 1458 1603 1504 ut
1625 1449 1752 1504 dum
1782 1451 1848 1505 de

260 1544 484 1601 lavacro
511 1546 914 1616 consurgimus,
944 1546 1254 1615 apostolicae
1297 1545 1421 1599 vitm
1464 1544 1711 1614 exempla
1756 1544 1849 1597 fir-

260 1636 511 1692 missima
536 1636 819 1692 nobiscum
850 1644 1067 1706 portare
1107 1636 1421 1700 debeamus,
1444 1650 1677 1704 quorum
1704 1650 1848 1689 sem-

259 1746 364 1801 per
382 1730 752 1787 testimonium
765 1730 834 1784 ad
866 1729 1203 1784 imitamenta
1228 1729 1487 1783 virtutum
1512 1728 1842 1783 intueamur.

884 1837 1113 1894 CAPUT
1155 1837 1216 1891 ν.

332 1917 500 1974 Vnus.
530 1918 587 1973 2.
627 1948 700 1961 —
746 1916 1076 1974 Circumcide
1133 1917 1361 1973 secundo
1403 1916 1595 1973 Israel.
1644 1916 1842 1989 (Auc.,

256 2018 450 2081 quasi.
473 2009 528 2065 6.
550 2011 605 2065 in
618 2010 767 2083 Job.)
797 2010 1069 2078 Quaeritur
1091 2024 1189 2066 cur
1212 2009 1430 2076 dixerit,
1458 2009 1679 2075 lterum,
1709 2018 1843 2076 etc.,

259 2118 427 2174 usque
470 2102 539 2157 ad
585 2110 681 2158 aut
726 2104 796 2158 ab
838 2102 1109 2172 aliquibus
1156 2101 1428 2157 haereticis
1483 2101 1551 2155 ab
1579 2100 1846 2155 lsraelita—

254 2211 384 2251 rum
411 2196 675 2252 societate
701 2196 1036 2267 segregatis?

330 2283 449 2340 Fac
470 2285 564 2340 tibi
605 2266 803 2341 cultros
846 2266 1101 2357 lapideos,
1150 2295 1257 2342 etc.
1305 2285 1452 2357 (Isin.
1487 2286 1545 2339 in
1571 2283 1718 2357 Job.)
1754 2284 1847 2339 Di-

256 2376 580 2435 cant'ludati
607 2378 878 2449 quomodo
902 2387 1079 2448 potest
1100 2380 1222 2450 quis
1252 2379 1491 2434 secundo
1528 2377 1845 2433 circumcidi

256 2471 673 2527 circumcisione
687 2470 934 2526 carnali?
955 2480 1087 2537 etc.,
1116 2487 1275 2541 usque
1303 2469 1372 2524 ad
1398 2469 1523 2539 quia
1552 2484 1649 2539 per
1678 2484 1844 2524 unum

256 2561 569 2618 membrum
595 2560 805 2617 macula
834 2562 889 2617 in
921 2577 1085 2617 omne
1109 2576 1307 2631 corpus
1329 2559 1664 2616 diffunditur.

331 2656 497 2713 Vas.
524 2656 653 2712 5.—’—
663 2654 901 2726 Populus
915 2665 1110 2710 autem.
1126 2654 1349 2727 (Anam,
1363 2656 1504 2709 liam.
1523 2656 1599 2725 6.)
1614 2654 1715 2720 Qui
1736 2668 1837 2709 non

256 2748 574 2805 obedientes
627 2747 844 2803 fuerant
890 2747 1159 2801 mandatis
1195 2747 1431 2813 Domini,
1474 2745 1842 2801 iueircumcisi

250 2839 537 2896 dicuntur.
586 2839 665 2922 ὓ
708 2855 819 2910 quo
860 2840 1179 2910 intelligitur
1230 2839 1351 2895 illos
1392 2839 1650 2909 appellari
1678 2839 1843 2893 incir-

250 2933 534 2988 cumcisos
598 2931 691 3002 qui
746 2944 851 2987 nou
902 2931 1160 2987 obediunt
1210 2932 1476 2987 mandatis
1526 2931 1651 2996 Dei;
1713 2930 1842 3000 quia

256 3037 391 3078 vero
434 3037 652 3078 omnem
682 3023 919 3077 animam
950 3023 1123 3093 diligit
1173 3023 1332 3090 Deus,
1362 3024 1511 3079 misit
1537 3022 1722 3079 Iesum
1745 3023 1838 3079 Εἰ·

250 3113 393 3169 lium
426 3113 546 3179 Dei,
568 3114 660 3183 qui
691 3121 747 3169 et
773 3113 965 3185 dignos
1007 3123 1062 3169 et
1108 3115 1359 3183 mdiguos
1402 3114 1833 3179 circumcideret,

250 3220 369 3261 non
409 3204 577 3261 lilium
607 3202 771 3268 Nave,
809 3206 903 3275 qui
932 3221 1041 3261 non
1067 3220 1196 3262 vere
1219 3215 1274 3262 et
1296 3205 1536 3277 perfecte
1561 3207 1844 3263 circumci-

256 3295 340 3350 dit
366 3295 642 3366 populum,
668 3296 763 3352 sed
781 3294 967 3351 Iesum
992 3296 1187 3353 Filium
1222 3296 1341 3362 Dei,
1374 3298 1616 3366 quivere
1643 3313 1842 3369 corpus

252 3396 313 3446 et
335 3390 571 3447 animam
604 3391 855 3461 purgavit
881 3392 951 3447 ab
986 3391 1132 3446 omni
1174 3391 1585 3461 inquinamento
1613 3393 1840 3462 peccati.

330 3481 495 3538 νω.
526 3480 580 3537 8.
606 3510 677 3522 —
701 3480 991 3552 Postquam
1021 3491 1216 3538 autem.
1263 3484 1585 3539 Circumcisi
1628 3500 1756 3541 vero
1780 3484 1845 3539 fi-

254 3574 313 3630 lii
334 3574 499 3630 israel
526 3575 908 3644 requieverunt
935 3576 989 3630 in
1014 3577 1204 3632 eodem
1235 3576 1375 3643 loco,
1397 3577 1647 3633 sedentes
1675 3577 1731 3632 iu
1755 3591 1844 3632 ca-

254 3667 409 3732 stris,
437 3681 611 3736 usque
629 3666 757 3723 dum
774 3674 1114 3725 sanarentur.
1132 3666 1249 3723 Non
1273 3668 1469 3725 suflicit
1487 3669 1800 3724 circumcidi
1825 3685 1840 3734 ;

252 3774 482 3816 necesse
515 3767 600 3815 est
640 3767 767 3829 post
782 3761 1256 3817 circumcisionem
1286 3762 1494 3828 sanari,
1528 3770 1584 3817 et
1628 3762 1845 3817 cicatri-

253 3863 375 3904 cem
433 3850 489 3905 in
540 3849 773 3912 vulnere,
813 3848 1031 3907 obduci.
1083 3851 1409 3907 Circumcidi
1436 3866 1568 3922 ergo
1612 3867 1710 3921 per
1748 3851 1841 3907 Je-

252 3955 379 3998 sum
426 3949 511 3998 est
540 3941 673 3996 vitia
700 3950 759 3997 et
784 3942 1201 3999 consuetudines
1246 3957 1463 4013 pravas,
1510 3951 1565 3998 et
1605 3944 1838 4014 pessima

252 4034 511 4092 instituta
544 4033 834 4104 deponere,
860 4043 919 4092 et
949 4022 1219 4106 quidquid
1245 4035 1313 4091 ab
1338 4022 1635 4093 honestatis
1662 4035 1843 4107 regula

254 4125 536 4181 discordat
556 4125 890 4182 abscindere.
925 4124 1033 4182 Sed
1061 4127 1165 4182 hoc
1189 4116 1466 4194 facientes,
1491 4128 1725 4198 quadam
1747 4126 1843 4183 dif-

256 4218 498 4274 ﬁcultate
539 4219 979 4290 constringimur,
1013 4236 1137 4275 cum
1177 4221 1412 4290 quodam
1462 4220 1646 4276 dolore
1675 4221 1841 4276 animi

253 4308 667 4365 consuetudinis
692 4309 903 4380 culpam
936 4311 1149 4365 novella
1200 4311 1536 4366 institutione
1566 4314 1798 4367 vitamus
1824 4331 1838 4367 ε

254 4402 363 4456 hoc
418 4414 549 4472 ergo
590 4409 834 4470 tempore
881 4401 1029 4456 velut
1078 4402 1133 4457 in
1183 4401 1369 4458 dolore
1413 4403 1841 4459 circumcisionis

254 4503 460 4550 nostra:
485 4495 716 4550 dicimur
753 4495 1012 4565 residere,
1054 4513 1335 4568 usquequo
1378 4500 1633 4554 cicatrice
1673 4499 1842 4554 obdu-
1867 4524 1922 4584 Β

255 4592 344 4639 cla
372 4599 642 4648 sanemur,
669 4585 720 4639 id
743 4594 827 4640 est
849 4596 987 4641 nova
1019 4587 1264 4642 instituta
1290 4589 1494 4660 absque
1522 4588 1841 4645 difficultate

252 4675 595 4745 impleamus,
618 4686 678 4731 et
700 4677 755 4731 in
780 4688 939 4732 usum
959 4686 1202 4733 vertatur
1222 4680 1369 4749 quod
1392 4681 1543 4749 prius
1563 4681 1839 4737 insolitum

252 4776 312 4823 et
333 4766 548 4822 difficile
566 4768 892 4835 videbatur;
926 4778 982 4824 et
1024 4779 1154 4825 tunc
1191 4772 1387 4827 merito
1415 4772 1616 4827 dicitur
1640 4774 1796 4828 nobis
1820 4791 1835 4828 :

256 4856 432 4912 Hodie
458 4859 651 4913 abstuli
676 4860 1010 4930 opprobrium
1034 4860 1255 4931 Egypti
1285 4879 1317 4917 a
1337 4863 1483 4918 vobis

328 4948 401 5003 Et
437 4948 690 5019 fecerunt.
746 4949 1039 5021 Postquam
1050 4951 1318 5043 .ablatum
1364 4964 1449 5010 est
1486 4957 1836 5026 opprobrium

255 5039 511 5113 Egypti,
550 5043 795 5100 fecerunt
840 5044 935 5100 ﬁlii
978 5039 1139 5100 lsrael
1182 5047 1380 5117 pascha
1411 5052 1835 5120 quartadecima

254 5135 343 5192 die
370 5136 590 5192 mensis.
614 5134 724 5192 Nec
744 5140 888 5193 enim
909 5148 1035 5196 ante
1052 5140 1539 5209 circumcisionem,
1565 5156 1665 5200 nec
1692 5154 1832 5215 post,

254 5235 547 5297 antequam
590 5239 931 5295 sanarentur,
968 5243 1219 5302 poterant
1263 5250 1455 5290 carnes
1493 5236 1617 5307 agni
1656 5253 1829 5293 come-

254 5318 387 5372 dere
420 5336 432 5371 :
462 5318 612 5375 vides
630 5334 763 5391 ergo
780 5322 907 5391 quia
940 5336 1105 5378 nemo
1124 5325 1433 5382 immundus
1454 5327 1582 5381 facit
1606 5330 1832 5398 pascha,

246 5416 419 5465 nemo
442 5409 868 5468 iucircumcisus.
904 5413 1082 5469 Unde:
1108 5413 1316 5471 Pascha
1345 5428 1577 5472 nostrum
1598 5421 1839 5475 immola-

254 5506 343 5555 Μ
367 5510 444 5556 est
477 5500 737 5557 Christus.
775 5503 959 5576 Itaque
978 5506 1168 5575 festum
1196 5506 1507 5564 celebremus
1537 5511 1696 5578 diem,
1732 5530 1835 5568 non

252 5589 315 5643 in
370 5589 624 5661 fermento
668 5597 846 5661 ueteri,
892 5613 1053 5668 neque
1100 5599 1155 5653 in
1207 5601 1461 5669 fermento
1520 5604 1739 5660 malitia;
1787 5615 1835 5660 et

256 5680 537 5752 nequitias,
590 5686 680 5740 sed
730 5687 787 5741 in
824 5690 1025 5759 azymis
1068 5691 1381 5748 sinceritatis
1425 5705 1471 5748 et
1510 5698 1742 5752 veritatis
1781 5698 1836 5753 ll

254 5769 386 5830 oCr.
412 5776 548 5845 xu).

1872 1797 1922 1858 B

1949 726 2006 772 et
2048 716 2331 772 deﬁciente
2372 732 2566 771 manna
2604 717 2791 788 typicze
2820 716 2971 787 legis,
3013 732 3247 787 primum
3291 717 3528 773 comedit

1948 814 2176 885 populus
2214 828 2407 884 panem
2452 813 2695 883 corporis
2737 812 2960 876 Christi,
3008 826 3169 881 quem
3214 811 3526 880 incorrupta

1950 905 2383 976 repromissionis
2431 914 2605 969 terra,
2650 903 2703 958 id
2744 913 2827 958 est
2856 905 3010 973 virgo
3047 902 3252 968 Maria,
3282 901 3526 972 protulit,

1950 998 2100 1070 cujus
2126 1014 2354 1070 granum
2380 998 2435 1053 in
2464 1008 2606 1053 terra
2636 997 2835 1057 cadens
2860 997 3094 1052 fructum
3121 995 3412 1067 plurimum
3437 1002 3527 1051 at-

1950 1098 2094 1152 tulit.
2136 1097 2274 1153 Nota
2318 1096 2603 1152 ordinem:
2641 1104 2926 1167 postquam
2947 1092 3077 1150 Jesu
3113 1092 3333 1149 Christo
3364 1093 3526 1160 duce,

1949 1206 2046 1263 per
2071 1191 2270 1246 lavacri
2292 1189 2489 1246 ﬂuenta
2520 1190 2834 1255 transimus,
2864 1196 2918 1243 et
2942 1203 3039 1258 per
3073 1186 3231 1243 ﬁdem
3259 1180 3528 1258 spirituall

1950 1284 2360 1340 circumcisione
2404 1283 2712 1354 signamur,
2752 1289 2877 1335 tunc
2914 1280 3129 1335 demum
3157 1278 3356 1348 pascha
3384 1277 3532 1333 cele-

1948 1378 2200 1441 bramus,
2228 1375 2283 1430 id
2319 1383 2403 1430 est
2438 1373 2768 1429 immolatum
2802 1372 3074 1427 Christum
3115 1370 3386 1426 credimus
3426 1382 3528 1440 pro

1948 1466 2121 1522 Salute
2166 1465 2382 1529 mundi,
2432 1473 2488 1519 et
2535 1463 2818 1518 credentes
2860 1461 3042 1517 statim
3076 1474 3217 1531 pane
3261 1458 3526 1516 Dontiuici

1948 1556 2194 1628 corporis
2214 1558 2512 1628 pascimur.

2024 1651 2181 1706 Vens.
2212 1652 2297 1705 ll.
2324 1682 2394 1691 -—
2424 1649 2495 1704 Et
2535 1648 2890 1714 comederunt,
2941 1653 3049 1704 etc.
3108 1645 3334 1718 (Anam,
3382 1645 3524 1699 liam.

1947 1740 2026 1816 6.)
2056 1742 2279 1809 Quando
2306 1756 2433 1796 vero
2461 1741 2592 1796 exiit
2620 1739 2846 1811 populus
2862 1740 2926 1793 de
2954 1747 3097 1793 terra
3119 1734 3359 1807 Egypti,
3392 1742 3529 1799 etc.,

1947 1852 2109 1907 usque
2146 1835 2217 1889 ad
2242 1834 2524 1902 Quomodo
2567 1834 2712 1888 enim
2754 1841 2976 1903 putatur
3010 1830 3234 1887 meliore
3258 1830 3383 1885 cibo
3410 1842 3530 1884 ces-

1947 1936 2098 1983 sante
2127 1927 2448 1982 deteriorem
2477 1925 2827 1981 successisse.

2018 2019 2272 2091 (lusum,
2305 2017 2536 2090 Dialog.)
2576 2018 2718 2073 Deus
2756 2017 2810 2071 in
2861 2015 3149 2087 principio,
3177 2021 3304 2068 ante
3341 2024 3531 2067 omnes

1946 2124 2244 2179 creaturas,
2294 2127 2361 2167 ex
2408 2112 2588 2181 seipso
2633 2110 2819 2182 genuit
2868 2108 3171 2180 potentiam
3234 2103 3526 2175 quamdam

1948 2203 2295 2267 rationalem,
2318 2217 2438 2272 quae
2460 2209 2517 2256 et
2536 2198 2720 2256 Gloria
2742 2198 2955 2254 Domini
2981 2203 3227 2260 vocatur,
3258 2193 3530 2250 interdum

1946 2298 2111 2352 etiam
2144 2295 2312 2351 Filius
2363 2292 2677 2364 Sapientia,
2729 2290 2997 2362 Angelus,
3069 2287 3296 2351 Sermo,
3342 2286 3528 2349 Deus,

1945 2386 2223 2443 Dominus.
2278 2386 2581 2456 Aliquando
2630 2383 2794 2439 etiam
2848 2380 3162 2451 Magistrum
3210 2376 3419 2432 militiae
3469 2386 3531 2431 se

1947 2482 2095 2547 dicit,
2151 2480 2366 2551 quando
2406 2479 2640 2533 humana
2689 2474 2870 2547 specie
2912 2470 3161 2544 apparuit
3203 2467 3333 2525 Jesu
3379 2465 3529 2522 Nave

1947 2574 2085 2720 ﬁngi
2110 2664 2233 2719 vidit
2264 2664 2450 2718 virum.
2491 2662 2713 2733 (Anam,
2741 2659 2881 2714 hom.
2916 2656 2950 2712 6
2984 2658 3040 2711 in
3063 2650 3273 2723 Iosue.)
3302 2651 3528 2707 Factum

1943 2764 2024 2811 est
2066 2770 2189 2810 cum
2229 2760 2374 2808 esset
2399 2748 2555 2805 Iesus
2594 2750 2646 2804 in
2688 2747 2925 2811 Iericho,
2954 2755 3085 2812 etc.,
3132 2757 3293 2814 usque
3330 2741 3400 2796 ad
3433 2738 3526 2812 qui

1946 2854 2165 2917 ποθι)ιο
2196 2860 2361 2913 regno
2392 2857 2673 2913 regressus
2701 2848 2802 2896 εει.

2016 2941 2178 3009 Yens.
2213 2938 2299 2993 15.
2329 2968 2398 2978 -
2433 2936 2629 2992 Cecidit
2667 2935 2830 2989 Iosue
2861 2948 3081 3003 pronus,
3105 2938 3212 2986 etc.
3229 2927 3407 2997 Qumri
3436 2942 3529 2995 po-

1945 3042 2050 3089 test
2072 3042 2250 3086 utrum
2275 3029 2465 3101 angelo
2491 3044 2549 3083 se
2570 3027 2946 3097 prostraverit,
2971 3039 3202 3095 eumque
3231 3022 3525 3079 Dominum

1945 3125 2174 3189 dixerit,
2198 3140 2265 3177 an
2291 3123 2471 3193 potius
2497 3122 2625 3192 quia
2657 3120 2921 3175 intellexit
2946 3119 3115 3173 Deum
3152 3132 3303 3183 esse,
3332 3114 3527 3171 intelli-

1947 3232 2079 3289 gens
2112 3232 2143 3271 a
2171 3231 2279 3286 quo
2308 3216 2507 3270 missus
2531 3212 2726 3279 fuerit,
2766 3213 2942 3283 ipsum
2981 3210 3266 3266 Dominum
3305 3207 3527 3274 dixerit,

1947 3310 2104 3378 eique
2131 3322 2189 3362 se
2211 3304 2584 3377 prostraverit.

2016 3400 2215 3470 (0arc.,
2241 3399 2381 3451 liam.
2415 3397 2448 3451 6
2470 3398 2525 3451 in
2544 3394 2751 3466 iosue.)
2766 3394 2824 3449 In
2843 3392 3062 3450 Iericho
3081 3399 3165 3448 est
3186 3390 3365 3455 Iesus,
3388 3395 3523 3456 etc.,

1944 3509 2108 3563 usque
2140 3492 2210 3545 ad
2243 3490 2500 3547 continuo
2544 3488 2776 3545 libenter
2818 3488 3060 3543 adhaeret
3099 3484 3257 3542 nobis
3296 3491 3354 3539 et
3386 3481 3525 3537 assi-

1946 3586 2041 3640 stit
2066 3585 2226 3641 Deus.

2557 3686 2785 3745 CAPUT
2823 3687 2912 3743 VI.

2016 3824 2176 3881 Vsus.
2212 3825 2264 3879 1.
2294 3854 2362 3865 -
2388 3818 2599 3880 Iericho
2648 3833 2854 3890 autem,
2901 3830 3009 3879 etc.
3058 3820 3241 3893 (lsrn.,
3283 3819 3339 3874 in
3377 3816 3522 3885 los.,

1944 3933 2065 3989 cap.
2093 3916 2170 3988 7.)
2212 3915 2429 3972 Iericho
2474 3916 2600 3972 luna
2629 3917 3033 3987 interpetratur,
3076 3923 3210 3980 etc.,
3248 3927 3411 3985 usque
3452 3910 3521 3965 ad

1943 4012 1997 4069 id
2024 4020 2126 4076 est,
2156 4020 2309 4067 extra
2346 4010 2645 4067 Ecclesium
2674 4025 2836 4066 nemo
2861 4009 3121 4065 salvatm'.

2018 4103 2178 4159 Vsus.
2206 4104 2258 4159 8.
2274 4134 2354 4153 .——
2372 4103 2603 4176 Cumque
2641 4101 2825 4158 Iosue.
2869 4101 3160 4174 (ADAIAN.,
3204 4100 3345 4154 ham.
3387 4097 3421 4152 5
3468 4098 3524 4152 in

1942 4197 2082 4268 Ias.)
2112 4196 2326 4253 Iericho
2371 4196 2512 4251 tubis
2554 4195 2893 4251 sacerdotum
2925 4192 3221 4257 subruitur,
3257 4198 3391 4255 etc.,
3432 4204 3522 4242 us-

1940 4307 2040 4361 que
2063 4290 2132 4343 αιι
2166 4298 2221 4344 et
2251 4287 2693 4359 philosophorqu
2724 4286 2996 4355 d0gmata.

2015 4382 2177 4435 Vens.
2208 4380 2293 4434 l7.
2326 4410 2394 4419 —
2422 4378 2600 4450 Sitque
2627 4377 2805 4432 civitas
2836 4375 3062 4447 (Anam,
3083 4373 3227 4427 liam.
3253 4370 3332 4442 7.)
3382 4368 3519 4425 Cus-

1946 4477 2116 4533 toditc
2138 4492 2235 4531 vos
2264 4476 2334 4530 ab
2356 4475 2723 4535 anathemate,
2749 4479 2879 4534 etc.,
2902 4486 3065 4539 usque
3085 4467 3154 4523 ad
3186 4473 3244 4523 et
3264 4464 3521 4537 populum

1945 4573 2042 4629 Dei
2070 4571 2210 4625 vinci
2240 4568 2463 4623 faciunt.

2014 4664 2177 4719 Vens.
2204 4661 2295 4717 20.
2336 4690 2406 4700 -—-
2444 4657 2637 4729 Igitur.
2669 4655 2790 4729 (ln.)
2828 4654 3019 4712 Omnis
3052 4651 3281 4725 populus
3325 4651 3522 4709 dicitur

1944 4755 2176 4811 ululasse
2205 4751 2415 4806 ululatu
2452 4764 2666 4821 magno,
2692 4756 2821 4813 etc.,
2854 4763 3015 4820 usque
3051 4745 3120 4802 ad
3150 4744 3398 4801 homines
3419 4758 3521 4799 stc-

1940 4847 2046 4905 culi
2079 4846 2405 4902 nitebantur.

2013 4938 2081 4993 Et
2113 4937 2492 5009 clangentibus.
2526 4934 2905 5005 Unusquisque
2944 4939 3185 4989 nostrum
3217 4929 3379 4985 debet
3404 4927 3520 4983 haec

1936 5034 1997 5090 in
2039 5032 2327 5101 semetipso
2366 5027 2655 5100 complere.
2714 5025 2890 5082 Habes
2920 5025 2971 5080 in
3015 5034 3066 5079 te
3098 5030 3282 5078 tesum
3320 5019 3512 5073 ducem

1938 5142 2036 5199 per
2084 5124 2263 5180 fidem.
2327 5122 2434 5177 Fac
2478 5121 2574 5175 tibi
2624 5120 2780 5175 tubas
2825 5116 3056 5172 ductilcs
3102 5128 3171 5170 ex
3219 5108 3517 5199 Scripturis

1938 5198 2161 5283 sanctis,
2184 5217 2307 5271 inde
2332 5215 2434 5270 duc
2461 5228 2652 5269 sensus
2669 5252 2685 5278 ,
2725 5211 2848 5265 inde
2872 5218 3185 5270 sermones;
3219 5200 3341 5257 ideo
3368 5198 3516 5256 enim

1937 5310 2079 5365 tuba:
2104 5306 2327 5362 ductilcs
2350 5305 2618 5361 dicuntur.
2650 5302 2709 5357 In
2750 5302 2881 5373 ipsis
2914 5312 3070 5361 caue,
3102 5295 3155 5349 id
3183 5300 3268 5348 est
3296 5291 3349 5346 in
3376 5286 3519 5361 psal-

1941 5401 2067 5465 mis,
2110 5400 2163 5455 iu
2196 5399 2432 5470 hymnis,
2465 5398 2519 5452 iu
2547 5395 2777 5452 canticis
2805 5386 3189 5462 spiritualibus.
3222 5383 3279 5441 Si
3308 5384 3364 5439 in
3397 5381 3516 5438 tali-

1939 5493 2042 5550 bus
2069 5492 2329 5547 cecineris
2360 5490 2523 5557 tubis,
2553 5498 2606 5545 et
2634 5488 2834 5559 septies
2857 5498 3039 5539 arcam
3077 5477 3383 5537 testamenti
3409 5475 3520 5531 cir-

1941 5583 2271 5649 cumtuleris,
2326 5583 2377 5637 id
2428 5591 2510 5637 est
2562 5582 2607 5637 si
2659 5580 2793 5650 legis
2841 5575 3066 5649 mystica
3126 5577 3393 5645 praecepta
3444 5566 3514 5623 ab

1941 5678 2273 5749 Evangelicis
2304 5694 2408 5733 nou
2440 5690 2657 5746 separes
2691 5672 2850 5739 tubis,
2880 5671 2959 5727 sic
2994 5669 3155 5727 etiam
3175 5661 3513 5739 jubilationis

1942 5787 2263 5830 consensum
2298 5773 2365 5830 de
2405 5770 2687 5843 temetipso
2715 5768 2921 5841 exigas,
2953 5766 3009 5824 id
3035 5771 3119 5821 est
3148 5762 3195 5820 si
3229 5757 3513 5833 cogitatio-
