4006 6352
577 383 677 440 5H

573 515 706 558 num
738 506 796 555 et
818 511 1073 555 sensuum
1102 504 1317 552 tuorum
1342 495 1571 566 populus
1590 494 1914 550 concordem
1941 508 2155 564 semper
2179 495 2235 556 Α

575 605 629 651 et
673 607 969 650 consonam
1005 589 1247 660 proferat
1267 605 1485 654 vocem;
1537 598 1593 643 et
1635 588 1678 643 si
1709 603 1817 644 non
1865 587 2152 658 aliquando

576 703 762 743 verum
799 685 971 750 dicas,
1000 683 1288 753 aliquando
1315 682 1586 736 adulando
1614 682 1915 746 mentiaris,
1959 683 2004 738 si
2043 697 2152 738 non

573 779 733 834 modo
768 776 991 831 blandus
1034 774 1428 838 remissionem,
1469 773 1628 829 modo
1668 775 2002 830 truculentus
2038 774 2152 830 ira-

573 870 766 925 cundia
793 887 807 934 ;
842 877 896 924 et
919 869 962 924 si
985 883 1089 922 non
1116 868 1255 920 intra
1287 875 1339 921 te
1363 881 1491 921 caro
1515 867 1864 936 concupiscat
1895 869 2152 924 adversus

573 963 821 1032 spiritum
850 973 903 1017 et
940 960 1164 1030 spiritus
1202 960 1460 1014 adversus
1494 973 1732 1022 carnem,
1779 974 1965 1014 vocem
2003 958 2150 1028 iubi-

572 1051 787 1106 lationis
819 1051 1042 1114 emitte,
1075 1050 1200 1118 quia
1242 1049 1337 1105 tibi
1384 1049 1558 1104 victus
1595 1057 1678 1104 est
1729 1050 1980 1105 mundus.
2016 1049 2153 1106 Hinc

571 1140 770 1196 Paulus
799 1142 1054 1196 dicebat:
1092 1138 1225 1193 Mihi
1264 1151 1437 1192 autem
1479 1139 1614 1192 absit
1654 1139 1894 1210 gloriari,
1941 1141 2042 1194 nisi
2097 1141 2152 1194 in

569 1248 722 1287 cruce
765 1232 976 1286 Domini
1017 1233 1180 1286 nostri
1228 1231 1358 1285 Iesu
1413 1231 1632 1296 Christi,
1679 1248 1771 1301 per
1819 1249 1970 1303 quem
2021 1232 2152 1286 mihi

569 1326 797 1380 mundus
825 1325 1108 1394 cruciﬁxus
1138 1334 1234 1387 est,
1264 1334 1310 1377 et
1338 1341 1428 1394 ego
1455 1325 1648 1377 mundo
1682 1322 1827 1393 (Gal.
1857 1324 1932 1393 v).

641 1415 973 1471 Muri'illico.
1005 1417 1058 1469 ln
1084 1417 1315 1470 adventu
1336 1414 1465 1470 Iesu
1497 1415 1633 1468 muri
1654 1413 1874 1470 Iericho
1903 1415 2150 1471 subversi

569 1516 721 1573 sunt,
770 1507 826 1562 in
873 1509 1106 1562 adventu
1162 1505 1362 1561 Christi
1413 1505 1645 1560 vincitur
1697 1507 1948 1560 mundus.
2000 1506 2152 1562 Unde

565 1598 762 1654 Paulus
795 1613 810 1652 :
845 1598 998 1663 Quod
1027 1607 1138 1652 erat
1171 1598 1492 1651 contrarium
1519 1598 1686 1661 nobis,
1715 1596 1832 1650 tulit
1861 1597 1924 1650 de
1955 1597 2148 1664 medio,

566 1690 773 1758 affigens
802 1688 934 1742 illud
969 1689 1134 1752 cruci,
1162 1697 1208 1741 et
1229 1705 1422 1742 exuens
1445 1689 1771 1757 principatus
1795 1697 1844 1742 et
1871 1699 2148 1758 potestates

565 1782 800 1834 traduxit
828 1781 984 1835 libere
1010 1781 1336 1850 triumphans
1358 1797 1444 1835 eos
1473 1781 1530 1833 in
1552 1780 1692 1850 ligno
1713 1782 1882 1836 crucis
1909 1781 2044 1852 (Col.
2067 1781 2145 1853 2).

566 1869 645 1923 Ex
687 1870 770 1925 his
792 1871 972 1926 verbis
1001 1871 1241 1942 intelligo
1267 1872 1411 1941 quod
1438 1871 1682 1927 videntes
1723 1889 1957 1944 pugnam
1995 1874 2143 1942 Iesu,
2181 1857 2229 1919 Β

565 1960 810 2018 caelestes
849 1963 1091 2027 virtutes,
1139 1965 1476 2034 principatus
1513 1973 1568 2020 et
1609 1973 1932 2036 potestates,
1963 1967 2148 2039 alliga-

566 2065 677 2110 tum
711 2057 922 2121 fortem,
961 2067 1015 2115 et
1058 2074 1185 2113 vasa
1220 2057 1337 2127 ejus
1378 2059 1570 2130 diripi,
1619 2060 2004 2129 increpuerunt
2031 2077 2144 2117 cte-

563 2144 789 2203 lestibus
821 2149 983 2215 tubis,
1020 2150 1169 2218 quia,
1195 2149 1412 2220 alligato
1452 2151 1696 2220 principe
1721 2151 1928 2214 mundi,
1971 2153 2146 2208 victus

562 2245 648 2292 est
692 2239 952 2304 mundus,
1005 2246 1061 2294 et
1106 2254 1293 2293 vocem
1341 2238 1711 2307 jubilationis,
1770 2240 1822 2294 in
1869 2236 2146 2311 triumpho

563 2325 788 2393 Christi,
835 2328 1072 2385 caelestis
1118 2330 1388 2385 exercitus
1413 2330 1559 2384 dedit
1593 2329 1809 2399 (Matth.
1840 2331 1963 2402 xu).
2005 2330 2146 2388 Vere

562 2431 690 2486 ergo
729 2417 989 2474 liberatus
1018 2428 1104 2474 est
1132 2419 1361 2490 populus
1390 2421 1630 2490 gentium
1659 2420 1750 2490 qui
1785 2421 1925 2476 hanc
1944 2420 2143 2488 jubila-

561 2509 760 2564 tionem
787 2511 951 2576 novit,
984 2519 1038 2566 et
1067 2512 1322 2582 mysteria
1350 2511 1594 2580 agnoscit
1619 2521 1675 2565 et
1702 2512 1892 2566 credit.

631 2598 799 2654 Vens.
824 2600 915 2654 25.
942 2630 1013 2640 —
1038 2600 1368 2672 lngressique
1382 2602 1598 2670 juvenes
1614 2600 1904 2654 eduxerunt
1921 2596 2144 2672 (Amm)

559 2686 742 2743 Rahab
760 2692 1103 2754 meretricem,
1129 2701 1175 2744 et
1200 2707 1404 2744 omnem
1427 2691 1637 2744 domum
1661 2691 1826 2760 patris
1840 2691 1954 2760 ejus
1983 2691 2146 2760 viviﬁ—

560 2782 694 2836 caoit
733 2779 887 2836 Iesus
910 2823 925 2847 ,
967 2792 1096 2851 etc.,
1129 2800 1290 2856 usque
1317 2783 1385 2836 ad
1425 2793 1479 2838 et
1517 2782 1611 2852 qui
1639 2791 1794 2838 erant
1822 2784 1985 2854 primi
2017 2785 2145 2842 facti

563 2879 692 2927 sunt
716 2873 1018 2929 novissimi.

1169 2966 1395 3024 CAPUT
1432 2966 1541 3023 VII.

630 3076 794 3134 Vatis.
832 3079 884 3134 1.
912 3109 982 3122 ε-
1005 3079 1284 3153 Iratusque
1332 3091 1406 3137 est
1442 3082 1732 3150 Dominus,
1773 3094 1880 3142 etc.
1917 3087 2140 3160 (Anam,

559 3166 698 3222 hom.
731 3169 810 3240 7.)
832 3168 948 3225 Non
973 3170 1145 3226 otiose
1167 3173 1643 3230 transcurrendum
1680 3185 1765 3232 est
1783 3218 1798 3244 ,
1825 3189 1954 3244 etc.,
1979 3196 2142 3252 usque

559 3258 628 3313 ad
659 3275 824 3330 quam
851 3277 1063 3318 mecum
1093 3263 1176 3319 ire
1203 3264 1257 3318 in
1282 3266 1608 3340 gehennam.

628 3353 807 3424 (Auc.,
837 3365 1024 3426 quiest.
1051 3355 1084 3411 8
1121 3357 1178 3411 in
1210 3357 1418 3431 Iosue.)
1459 3359 1638 3428 Quaeri
1687 3363 1826 3419 solet
1867 3367 2147 3435 quomodo

552 3441 696 3512 iuste
730 3461 827 3516 pro
867 3449 1105 3518 peccatis
1130 3449 1354 3507 alterius
1389 3451 1445 3506 in
1473 3453 1614 3510 alios
1639 3455 1978 3524 vindicetur,
2013 3467 2146 3526 etc.,

557 3555 720 3610 usque
750 3539 820 3592 ad
853 3541 997 3611 quod
1035 3542 1086 3596 in
1121 3558 1220 3598 suo
1253 3543 1459 3614 judicio
1505 3545 1635 3602 facit
1669 3547 1816 3619 ipse,
1867 3565 1974 3620 quo
1999 3561 2149 3622 pote-

555 3637 668 3684 stas
708 3625 942 3686 humana
972 3648 1076 3688 non
1105 3635 1325 3705 aspirat.

626 3721 790 3776 Vnus.
812 3720 902 3776 21.
934 3754 1005 3763 -
1034 3722 1409 3798 Regulamque.
1449 3728 1672 3798 (Anam,
1697 3731 1838 3786 hom.
1870 3733 1948 3805 7.)
1973 3733 2148 3790 Fura-

556 3821 643 3868 tus
678 3822 761 3868 est
779 3822 959 3868 autem
981 3815 1220 3886 linguam
1253 3833 1474 3875 auream
1495 3862 1510 3888 ,
1544 3831 1678 3890 etc.,
1708 3841 1873 3896 usque
1899 3827 1968 3880 ad
1997 3827 2143 3897 quod

557 3902 760 3958 iuranti
785 3906 993 3961 exstitit
1025 3922 1189 3962 causa
1216 3912 1447 3979 peccati.

625 3995 996 4068 Regulamque.
1042 3999 1186 4057 LXX
1222 4020 1235 4056 :
1273 4002 1552 4075 Linguam,
1597 4009 1978 4066 haereticorum
1999 4013 2147 4068 scili—

555 4096 643 4144 cet
667 4081 944 4160 do'gmata,
962 4093 1046 4147 vel
1069 4095 1442 4163 superstitiosa
1471 4099 1813 4156 saecularium
1836 4101 2144 4161 litterarum

555 4182 754 4237 studia.
781 4182 908 4238 Haec
926 4185 1072 4240 enim
1095 4197 1179 4242 est
1195 4187 1373 4260 lingua
1395 4206 1581 4258 aurea,
1605 4192 1878 4251 luculento
1895 4211 2145 4254 sermone

555 4282 760 4342 aptata.
810 4273 962 4330 Hanc
997 4275 1162 4332 furati
1187 4287 1314 4334 sunt
1347 4280 1587 4338 haeretici
1618 4283 1685 4338 de
1717 4283 1956 4352 Iericho,
1984 4290 2143 4358 quasi

555 4378 774 4421 auream
803 4367 1043 4438 regulam
1063 4409 1077 4434 ,
1106 4369 1198 4440 qui
1223 4370 1665 4443 philosophorum
1715 4385 1919 4432 sectam
1961 4379 2142 4435 conati

554 4467 684 4513 sunt
724 4460 978 4516 inducere
1017 4462 1072 4516 in
1111 4463 1407 4519 Ecclesiam
1459 4483 1472 4519 :
1522 4482 1751 4536 quorum
1796 4470 2144 4528 anathemate

554 4551 708 4608 multi
755 4553 1072 4623 perduntur,
1103 4566 1158 4612 et
1185 4558 1340 4628 quasi
1378 4573 1575 4616 acervo
1620 4562 1860 4634 lapidum
1895 4565 2140 4620 multitu-
2166 4591 2220 4652 Ι)

555 4644 682 4700 dine
736 4656 1080 4715 peccatorum
1126 4654 1545 4725 exstinguuntur
1598 4675 1612 4711 :
1659 4673 1889 4729 quorum
1947 4661 2140 4718 ductor

555 4736 822 4802 diabolus,
853 4742 945 4809 qui
976 4756 1074 4811 per
1093 4742 1306 4799 illorum
1338 4746 1672 4818 impietatem
1715 4750 1954 4806 ﬁdelium
1986 4768 2144 4822 quos-

556 4831 678 4885 dam
707 4831 946 4898 vicerat,
986 4850 1172 4891 rursus
1197 4848 1481 4906 superatus
1509 4841 1779 4908 vincitur,
1807 4851 1864 4898 et
1892 4859 1922 4897 a
1947 4844 2145 4915 populo

555 4923 651 4979 Dei
678 4939 991 4996 suspensus,
1014 4928 1190 4995 crucis
1215 4929 1414 4984 virtute
1441 4940 1684 4986 necatur.

627 5015 799 5086 (lsm.,
847 5017 902 5070 in
948 5016 1088 5091 Ios.)
1135 5017 1355 5076 Iericho
1398 5021 1656 5076 mundum
1706 5021 2026 5093 signiﬁcat:
2078 5025 2145 5082 de

555 5110 897 5165 anathemate
941 5108 1059 5179 ejus
1107 5111 1162 5166 in
1199 5112 1548 5168 tabernaculo
1576 5128 1674 5169 suo
1701 5115 2019 5184 abscondit,
2047 5118 2140 5188 qui

556 5194 840 5258 saeculares
874 5218 1054 5260 mores
1089 5203 1348 5260 Ecclesiae
1377 5205 1607 5262 secretis
1643 5206 1870 5274 inserit;
1915 5209 2009 5279 qui
2038 5209 2138 5266 sub

556 5294 700 5350 cultu
742 5295 833 5350 Dei
872 5313 1112 5362 manens,
1165 5297 1539 5354 solemnitates
1583 5301 1764 5356 steculi
1805 5301 1886 5358 vel
1929 5310 2143 5373 specta-

459 5407 462 5410 ν
555 5385 675 5442 cula
700 5386 905 5458 diligit;
945 5390 1034 5459 qui
1079 5389 1365 5462 sortilegos
1399 5391 1676 5462 aruspices
1711 5402 1766 5448 et
1799 5409 2034 5465 augures
2063 5397 2146 5452 in-

555 5478 741 5548 quirit,
769 5478 851 5533 vel
878 5487 1073 5535 caetera
1105 5480 1234 5538 facit
1259 5497 1379 5552 qua:
1416 5482 1468 5536 in
1491 5481 1734 5550 Iericho,
1765 5484 1817 5539 id
1847 5494 1930 5540 est
1965 5486 2018 5540 in
2043 5502 2144 5542 sae-

554 5570 677 5626 culo
699 5571 1058 5627 habebantur.

625 5659 1001 5733 Lapidavitque
1025 5679 1162 5717 eum.
1193 5663 1375 5733 (Auc.,
1399 5674 1585 5736 qua'st.
1614 5666 1668 5720 in
1699 5665 1841 5731 Ios.)
1872 5665 2142 5734 Qutcritur

552 5764 676 5807 eum
721 5752 980 5808 Dominus
1013 5770 1134 5810 eum
1170 5757 1262 5828 qui
1302 5757 1504 5811 l'urtum
1550 5756 1780 5826 fecerat,
1809 5766 1941 5826 etc.,
1981 5775 2142 5831 usque

545 5843 624 5900 'ad
653 5853 874 5916 peccato
899 5862 995 5906 suo
1027 5865 1207 5906 secum
1231 5853 1565 5924 consumptis
1591 5853 1749 5910 mori.

2171 3232 2218 3296 C

1079 376 1463 436 WALAFRIDI
1505 376 1751 433 suum
1786 375 1989 434 FULD.
2030 375 2195 434 nos.
2233 374 2382 432 opp.
2421 376 2601 435 mss
2639 378 2682 434 ι.
2721 409 2791 420 -
2827 347 3280 436 THEOLOGICA.
3691 392 3764 447 5.2

2857 496 3086 553 CAPUT
3123 496 3252 554 V'lll.

2326 613 2489 668 Vens.
2523 613 2574 666 1.
2602 643 2674 653 —-
2700 611 2848 667 Dixit
2897 623 3071 668 autem
3112 613 3362 670 Dominus
3385 655 3400 682 ,
3451 627 3547 672 etc.
3592 620 3760 693 (Amm,

2253 706 2390 759 hom.
2419 704 2498 774 8.)
2547 703 2732 760 Primo
2777 715 2998 776 propter
3044 714 3269 776 peccata
3303 707 3429 764 victi
3465 723 3644 780 sumus,
3681 729 3757 775 etc.

2253 815 2415 870 usque
2441 799 2510 852 ad
2535 799 2625 870 qui
2656 807 2958 870 sequuntur
2987 797 3190 865 Iesum,
3223 799 3293 856 ab
3320 815 3480 858 onere
3504 802 3634 876 legis.

2326 889 2505 962 (Auc.,
2560 901 2743 962 quiest.
2779 891 2844 946 10
2892 891 2946 946 in
2975 889 3124 963 Ias.)
3151 890 3287 947 Cum
3322 893 3441 963 quis
3461 891 3638 963 justum
3677 897 3758 954 bel-

2253 985 2363 1041 lum
2397 987 2715 1058 susceperit,
2754 995 2886 1052 etc.,
2919 1005 3080 1056 usque
3127 988 3195 1042 ad
3227 1003 3333 1042 non
3364 997 3470 1043 tam
3495 1001 3654 1046 auctor
3671 993 3758 1050 belli

2254 1093 2416 1148 quam
2443 1077 3030 1147 ministerjudicandus
3057 1087 3158 1134 est.

2326 1168 2424 1240 (lo.
2449 1210 2464 1235 ,
2495 1179 2680 1239 quwst.
2742 1169 2851 1234 11.)
2905 1169 3267 1238 Quaerendum
3315 1178 3402 1226 est
3441 1179 3605 1226 utrum
3633 1175 3761 1230 omnis

2255 1256 2471 1313 fallendi
2503 1259 2748 1314 voluntas
2777 1274 2875 1330 pro
2889 1253 3186 1315 'mendacio
3215 1260 3450 1329 putanda
3476 1261 3560 1325 sit,
3588 1263 3683 1316 etsi
3707 1263 3758 1317 ita

2253 1360 2359 1417 est,
2385 1359 2566 1406 utrum
2597 1354 2770 1423 possit
2817 1367 2938 1409 esse
2968 1353 3174 1422 justum
3221 1355 3568 1419 mendacium,
3595 1371 3679 1424 quo
3701 1357 3760 1412 ille

2253 1439 2456 1496 fallitur
2492 1443 2584 1514 qui
2614 1442 2807 1514 dignus
2835 1456 2919 1498 est
2943 1442 3071 1497 falli.
3106 1443 3172 1498 Et
3195 1444 3238 1497 si
3264 1460 3370 1499 non
3395 1445 3492 1498 hoc
3517 1445 3693 1512 quidem
3706 1445 3760 1514 ju-

2254 1543 2398 1590 stum
2429 1534 2718 1603 reperitur,
2751 1542 2920 1590 restat
2948 1543 3008 1588 ut
3037 1534 3337 1588 secundum
3367 1534 3584 1602 aliquam
3614 1532 3762 1604 signiﬁ-

2253 1624 2522 1679 cationem
2556 1624 2660 1679 hoc
2689 1625 2831 1694 quod
2855 1625 2922 1680 de
2945 1624 3155 1679 insidiis
3182 1622 3383 1677 factum
3405 1632 3482 1678 est
3501 1662 3515 1688 ,
3541 1623 3598 1679 ad
3621 1624 3762 1679 verita-

2254 1723 2359 1770 tem
2383 1714 2668 1770 referatur.

2326 1808 2489 1863 Vens.
2539 1795 2625 1862 15.
2665 1839 2734 1849 -
2778 1807 2847 1862 Et
2899 1809 3174 1879 fugientes.
3209 1807 3432 1878 (Amm,
3481 1806 3616 1877 ibid.)
3651 1805 3760 1874 Quid,

2253 1907 2429 1970 putas,
2458 1888 2629 1953 Iesus
2658 1898 2869 1970 fugiens
2897 1899 3210 1971 signiﬁcet?
3262 1907 3394 1964 etc.,
3438 1915 3583 1970 usque
3620 1899 3674 1951 ad
3699 1898 3760 1968 qui

2251 1989 2463 2060 fugiunt
2487 1988 2926 2056 fornicationem,
2961 1991 3167 2058 dolum,
3197 1991 3528 2046 mendacium
3552 1998 3600 2044 et
3629 1987 3760 2057 hujus-

2249 2082 2418 2138 modi.

2327 2175 2489 2230 Vsus.
2522 2174 2612 2230 24.
2659 2207 2729 2216 -
2757 2174 2931 2248 Igitur
2963 2177 3208 2231 omnibus
3263 2176 3554 2246 interfectis.
3589 2175 3760 2246 (ADAl,

2248 2265 2423 2338 ibid).
2450 2265 2843 2323 Percusserunt
2871 2283 2964 2323 eos
2991 2268 3044 2322 in
3067 2283 3164 2323 ore
3181 2268 3368 2340 gladii,
3419 2276 3540 2332 etc.,
3579 2263 3760 2336 usquead

2247 2379 2346 2433 pro
2374 2363 2552 2434 palma
2581 2363 2820 2419 victoriae
2847 2373 2902 2419 et
2927 2363 3148 2419 virtutis
3179 2364 3377 2421 merito
3401 2361 3658 2419 coronari?
3737 2363 3752 2389 ‘

2319 2455 2483 2510 Vsus.
2512 2455 2601 2510 29.
2649 2485 2718 2496 --
2757 2455 2962 2526 Regem.
3016 2454 3142 2527 (10..
3175 2455 3362 2510 homil.
3391 2454 3468 2526 8.)
3503 2453 3604 2508 lies
3631 2449 3704 2507 llai
3725 2450 3758 2506 in

2246 2547 2394 2620 ligno
2423 2549 2637 2620 gemino
2669 2550 3042 2619 suspenditur,
3073 2559 3182 2604 etc.
3207 2589 3224 2616 ,
3257 2565 3416 2619 usque
3443 2548 3508 2602 ad
3531 2548 3589 2602 de
3609 2543 3761 2601 diabolo

2249 2648 2429 2694 autem
2455 2640 2562 2694 ait:
2595 2639 2925 2695 Nouissimas
2947 2640 3193 2694 inimicus
3227 2638 3516 2693 destruetur
3536 2652 3666 2700 mors,
3687 2641 3757 2690 etc.

2252 2729 2306 2801 (1
2342 2729 2465 2784 Cor.
2493 2731 2610 2802 xv.)

2320 2823 2442 2896 (ln.)
2469 2823 2610 2879 LXX
2637 2842 2650 2878 :
2687 2823 2756 2880 In
2777 2825 2983 2896 gemino
3005 2825 3168 2896 ligno,
3197 2825 3307 2881 hoc
3337 2833 3419 2881 est
3441 2824 3625 2899 πωπω
3642 2820 3760 2876 scien-

2246 2913 2336 2971 tiae
2371 2915 2497 2971 boni
2526 2925 2582 2970 et
2611 2915 2757 2979 mali,
2795 2924 2930 2983 etc.,
2962 2933 3123 2988 usque
3150 2917 3226 2972 ad
3262 2916 3380 2988 Ipse
3406 2924 3486 2972 est
3509 2911 3759 2970 novissimus

2245 3008 2419 3064 Adam
2443 3009 2496 3063 in
2529 3009 2722 3080 spiritu
2749 3010 3078 3067 viviﬁcante.

2320 3101 2484 3158 Vsus.
2529 3101 2620 3155 50.
2647 3131 2719 3142 -
2747 3099 2892 3155 Tunc
2941 3101 3249 3170 azdiﬁcavit,
3297 3110 3404 3157 etc.
3436 3099 3632 3172 (Amm,
3661 3093 3758 3147 han.

2248 3194 2330 3266 9.)
2369 3191 2682 3249 Ediﬁcavit
2710 3190 2867 3248 Iesus
2901 3192 3071 3247 altare
3097 3191 3331 3246 Domino
3359 3191 3466 3246 Deo
3493 3186 3649 3252 Israel,
3670 3192 3758 3248 etc.,

2252 3302 2414 3358 usque
2440 3285 2510 3340 ad
2539 3284 2629 3356 qui
2659 3285 2726 3340 ad
2755 3284 2942 3340 altaris
2973 3285 3436 3342 constructionem
3457 3283 3587 3354 digni
3613 3287 3720 3336 sunt.

2323 3379 2488 3436 Vens.
2517 3377 2606 3434 53.
2637 3409 2706 3419 —
2735 3376 2920 3433 Omnis
2963 3387 3157 3432 autem.
3189 3377 3408 3450 (Ollle
3454 3377 3583 3431 hom.
3621 3371 3682 3444 9.)
3716 3367 3760 3424 El

2251 3471 2430 3530 omnis
2455 3469 2621 3526 Israel
2649 3477 2704 3525 et
2741 3469 3064 3542 presbyteri,
3093 3477 3227 3534 etc.,
3270 3485 3431 3540 usque
3475 3467 3538 3522 ad
3560 3458 3761 3534 implendo

2251 3563 2457 3620 scilicet
2493 3575 2656 3633 Opere
2680 3575 2798 3630 quae
2825 3560 3026 3632 scripta
3051 3571 3176 3615 sunt
3204 3561 3263 3615 in
3297 3560 3431 3632 lege.

2323 3653 2389 3710 Ut
2419 3654 2642 3709 advena.
2682 3651 2803 3724 (ln.,
2836 3651 2991 3724 ibid.)
3044 3649 3150 3707 Sed
3200 3661 3264 3708 et
3288 3649 3575 3721 proselytus
3597 3653 3642 3701 et
3664 3640 3759 3698 indi-

2249 3767 2384 3826 gena
2415 3751 2593 3818 simul,
2645 3757 2779 3816 etc.,
2830 3765 2994 3820 usque
3029 3748 3098 3802 ad
3147 3755 3203 3804 et
3241 3762 3429 3820 pinnas
3465 3738 3761 3817 peccatoribus

2249 3845 2595 3908 constitutas,
2624 3847 2854 3898 caveant
2888 3842 3169 3896 incurrere
3207 3847 3326 3896 e’as.

2319 3933 2446 3990 Post
2475 3936 2587 3990 ha'c
2613 3935 2753 4006 tegit.
2789 3933 3014 4007 (Amm,
3037 3931 3192 4010 ibid.)
3215 3931 3489 3998 Refertur,
3513 3938 3622 3990 etc.,
3648 3935 3761 3992 usqu

2247 4029 2316 4082 ad
2347 4038 2440 4083 :ut
2486 4029 2716 4084 sciamus
2769 4044 2886 4101 qua:
2913 4043 2946 4082 a
2997 4026 3109 4082 Deo
3158 4027 3358 4081 donata
3403 4034 3517 4080 sunt
3558 4020 3676 4076 nobis
3703 4012 3757 4086 (ll

2246 4119 2369 4178 Cor.
2398 4125 2482 4194 ιι).

2315 4213 2479 4270 Vsus.
2510 4214 2602 4271 55.
2633 4244 2706 4256 —-
2729 4213 2878 4268 Nihil
2900 4228 2966 4269 ex
2992 4213 3094 4269 his.
3127 4205 3256 4286 (1η.)
3287 4211 3401 4270 Non
3428 4217 3539 4266 erat
3562 4215 3702 4262 sermo
3715 4212 3758 4250 ex

2244 4307 2330 4363 his
2355 4323 2475 4377 qua:
2502 4308 2778 4363 mandavit
2800 4307 2971 4364 Moses
2996 4347 3011 4374 ,
3055 4315 3190 4375 etc.,
3223 4323 3386 4378 usque
3410 4304 3476 4358 ad
3497 4299 3570 4356 vel
3594 4291 3758 4368 quijam

2245 4399 2443 4456 sociari
2472 4397 2720 4456 ﬁdelibus
2747 4400 2986 4456 student.

2859 4535 3090 4594 CAPUT
3126 4535 3220 4592 IX.

2318 4648 2631 4722 Congregatt
2651 4689 2668 4716 ,
2696 4659 2803 4705 etc.
2836 4647 3062 4721 (Amm,
3101 4649 3248 4702 hom.
3285 4647 3320 4702 9
3355 4645 3411 4700 in
3436 4640 3568 4712 Ios.)
3611 4634 3674 4690 Ει
3703 4627 3759 4722 hi?

2247 4761 2368 4816 qua:
2392 4719 2544 4816 gesta
2560 4752 2700 4808 sunt,
2718 4719 2854 4810 etc.,
2872 4759 3034 4814 usque
3055 4741 3122 4795 ad
3143 4747 3454 4796 conteretur
3477 4735 3674 4792 Satanas
3690 4719 3759 4777 sub

2249 4837 2478 4909 pedibus
2507 4851 2785 4892 servorum
2813 4835 2931 4906 ejus
2960 4833 3137 4906 (Rom.
3168 4833 3304 4906 xvr).

2324 4926 2490 4983 Vens.
2521 4928 2574 4982 5.
2595 4927 2744 4979 -Λι
2769 4926 2823 4980 hi
2855 4926 2965 4997 qui,
2989 4935 3104 4997 etc.
3135 4925 3256 4997 (ln.,
3279 4923 3419 4977 hom.
3450 4916 3554 4990 10.)
3578 4913 3626 4969 In
3647 4909 3759 4965 domo

2246 5019 2426 5074 Patris
2448 5019 2553 5074 mei
2599 4983 2908 5073 mansiones
2940 4983 3118 5073 malta:
3141 4983 3272 5071 sunt
3321 5014 3498 5085 (Ioan.
3548 5005 3755 5073 immac-

2244 5127 2408 5182 usque
2433 5109 2501 5163 ad
2537 5109 2843 5164 libertatem
2871 5109 3156 5179 pristinam
3185 5104 3483 5163 revocantis
3520 5095 3660 5153 verba
3684 5098 3758 5142 non

2245 5203 2456 5270 audias,
2488 5203 2590 5258 llas
2613 5203 2822 5272 peccati
2849 5218 3038 5258 servus
3056 5203 3109 5258 in
3145 5211 3426 5258 aeternum.

2320 5266 2484 5352 Vsus.
2514 5266 2697 5352 19.-—
2720 5294 3048 5350 Iuravimus.
3080 5293 3260 5367 (AUG.,
3290 5297 3470 5363 qutrst.
3498 5284 3558 5340 15
3576 5283 3623 5335 in
3655 5266 3755 5337 Ιοιι)

2202 5423 2216 5440 .
2247 5387 2519 5458 Quaeritur
2555 5386 2825 5456 quomodo
2844 5384 3173 5454 iurationem
3203 5385 3340 5438 hanc
3364 5373 3651 5436 servandam
3670 5374 3754 5458 ετθς

2247 5449 2502 5538 diderunt
2535 5449 2745 5536 Hebraei
2779 5449 3112 5547 Gabaonitis,
3158 5488 3285 5544 etc.,
3315 5489 3474 5547 usque
3509 5469 3571 5524 ad
3593 5465 3631 5520 si
3653 5449 3754 5528 quod

2249 5573 2329 5628 ira
2355 5573 2702 5642 perturbatus
2722 5572 3026 5643 juraverat,
3053 5586 3162 5627 non
3180 5568 3416 5628 fecisset,
3445 5573 3591 5634 quam
3617 5554 3653 5608 si
3669 5557 3753 5620 Pe"

2249 5666 2485 5722 fecisset.
3623 5739 3633 5750 ⁸

2321 5759 2470 5832 (lsw.
2511 5759 2566 5812 in
2597 5759 2736 5834 Jos.)
2784 5758 3098 5815 Gabaonitae
3126 5753 3426 5829 signiﬁcant
3449 5761 3536 5804 eos
3558 5743 3752 5834 qui

2249 5827 2404 5918 dunt,
2429 5859 2487 5908 ot
2506 5865 2634 5924 erga
2663 5827 2850 5910 servos
2879 5851 2975 5908 Dei
3004 5827 3196 5910 devoti
3209 5845 3291 5904 vel
3335 5839 3570 5903 Ecclesia
3599 5827 3751 5901 cultum
