4006 6352
261 403 372 460 515

1271 396 1538 456 GLOSSA
1573 396 1970 456 ORDINARIA.
2007 427 2078 439 —
2113 397 2242 454 LIB.
2282 396 2515 456 IOSUE.

3431 409 3538 466 5M

260 516 521 574 videnlur
541 510 765 577 habere,
794 511 930 568 nihil
957 519 1136 567 tamen
1169 511 1559 566 emendationis
1577 510 1661 565 vel
1689 512 1850 566 devo—
1877 521 1928 574 Α
1954 527 2115 582 usque
2133 512 2208 575 .ad
2237 528 2335 569 nec
2355 512 2545 582 imples
2580 521 2908 587 praeceptum
2933 516 3078 588 quod
3105 517 3251 576 dedit
3277 519 3537 586 Dominus

262 607 432 664 tionis
458 603 542 660 vel
566 603 932 659 innovationis
958 604 1156 658 habent
1185 603 1236 656 in
1267 603 1529 669 moribus,
1571 603 1706 658 tales
1734 611 1855 658 tan-

261 696 548 755 tummodo
575 695 843 765 quoddam
889 695 1102 765 signum
1143 693 1332 748 salutis
1378 694 1515 747 intra
1560 693 1855 748 Ecclesiam

261 788 638 862 temporaliter
673 785 986 858 praeferunt.
1033 786 1179 840 Inter
1208 785 1520 856 spirituales
1551 796 1752 849 autem,
1802 786 1854 841 id

257 891 348 940 est
386 881 529 936 inter
554 887 772 936 sanctos
803 877 922 945 Dei,
971 893 1197 948 regnum
1227 888 1489 933 aeternum
1517 877 1601 933 vel
1628 877 1851 933 Iiberta-

262 981 376 1030 tem
408 986 515 1027 non
544 978 975 1040 consequuntur.

882 1084 1110 1142 CAPUT
1143 1084 1212 1140 Χ.

330 1199 496 1256 Vsus.
525 1199 580 1255 4.
607 1227 677 1240 —-
699 1198 974 1253 Ascendite
1021 1198 1111 1252 ad.
1149 1196 1358 1269 (θυεμ,
1385 1198 1526 1252 hom.
1557 1196 1618 1252 11
1670 1198 1729 1254 in
1755 1194 1854 1251 Io-

255 1293 402 1366 sue.)
428 1293 566 1350 Cum
594 1307 654 1347 se
675 1291 857 1347 anima
878 1291 1046 1346 verbo
1088 1288 1185 1346 Dei
1213 1289 1407 1356 sociat,
1431 1297 1563 1357 etc.,
1599 1306 1760 1362 usque
1779 1289 1849 1345 ad

256 1399 316 1446 et
339 1388 564 1444 discutit
587 1387 878 1442 adventum
907 1386 1100 1442 noctis.

329 1477 646 1550 Congregati
671 1477 853 1548 igitur,
897 1485 1004 1532 etc.
1034 1475 1218 1548 (AUG.,
1263 1486 1446 1548 quiest.
1499 1475 1567 1532 15
1612 1478 1668 1532 in
1707 1476 1847 1549 los.)

255 1573 534 1642 Quaeritur
557 1569 827 1641 quomodo
875 1585 970 1625 rex
1014 1568 1369 1636 Hierusalem,
1399 1581 1530 1636 etc.,
1578 1587 1739 1642 usque
1777 1570 1847 1626 ad

254 1673 314 1722 et
350 1674 536 1721 tamen
577 1664 831 1720 universa
875 1670 1025 1718 terra.
1044 1662 1134 1717 illa
1159 1662 1495 1734 originaliter
1523 1669 1670 1719 terra
1708 1662 1848 1719 Cha-

255 1771 401 1811 naan
440 1760 685 1810 vocatur.

328 1844 494 1902 Vens.
525 1846 578 1899 7.
608 1875 680 1886 ——
706 1842 1052 1916 Accenditque
1075 1843 1258 1912 Iosue,
1290 1852 1395 1902 etc.
1429 1845 1608 1919 (Aue.,
1658 1854 1843 1918 qutest.

251 1937 372 2009 14.)
402 1937 536 1994 Cum
565 1935 775 1994 obsessi
813 1936 1131 1994 Gabaonitte
1171 1953 1203 1992 a
1235 1937 1451 2010 regibus
1497 1938 1843 1994 Amorrhaao-

251 2044 377 2084 rum
415 2029 690 2086 misissent
745 2031 815 2086 ad
859 2029 1063 2094 Iesum,
1101 2036 1248 2094 etc.,
1297 2044 1460 2100 usque
1509 2028 1578 2082 ad
1606 2037 1662 2084 et
1705 2030 1846 2086 hanc

249 2137 444 2178 eorum
471 2121 631 2178 ﬁdem
659 2123 1054 2194 quodammodo
1080 2120 1467 2178 remuneravit.

1960 601 2138 660 Iesus.

2031 694 2181 750 Sicut
2214 707 2527 769 prteceperat
2550 701 2598 752 ei
2629 698 2822 764 Moses,
2851 710 2958 757 etc.
3008 703 3107 760 Hic
3139 713 3218 760 est
3242 721 3420 764 sermo
3455 711 3536 768 Ie-

1956 790 2038 860 gis
2059 791 2352 846 secundum
2393 791 2520 846 illud
2549 807 2563 845 :
2597 791 2803 847 [labent
2837 793 3019 849 Mosen
3043 807 3091 850 et
3117 799 3414 868 prophetas.
3439 820 3536 856 au-

1956 881 2104 934 diant
2153 880 2270 935 illos
2323 881 2474 953 (Luc.
2527 883 2662 954 xw).
2735 883 2847 938 Lex
2898 900 3026 956 ergo
3076 889 3330 959 praecepit
3380 892 3536 950 nobis

1955 990 2143 1032 omnes
2182 991 2334 1048 reges
2355 980 2562 1048 peccati
2609 979 2932 1044 interﬁcere,
2975 981 3066 1051 qui
3103 997 3202 1038 nos
3238 993 3538 1053 provocant

1956 1072 2023 1126 ad
2051 1081 2352 1142 peccatum.
2409 1071 2499 1128 Sic
2531 1072 2660 1129 fecit
2686 1073 2864 1140 Iesus,
2894 1090 2996 1130 nec
3033 1076 3328 1146 quidquam
3355 1086 3535 1134 trans-

1955 1177 2171 1234 gressus
2213 1173 2316 1219 est.
2366 1164 2485 1235 Ipse
2511 1172 2597 1219 est
2628 1165 2772 1220 enim
2818 1165 2910 1237 qui
2953 1167 3172 1237 perimit
3199 1169 3330 1224 vitia
3363 1170 3417 1225 in
3441 1185 3540 1227 no-

1952 1254 2039 1310 bis
2083 1263 2140 1310 et
2175 1269 2344 1326 regna
2409 1255 2638 1326 peccati.
2687 1255 2806 1326 Ipse
2855 1257 3019 1312 etiam
3067 1256 3316 1316 Christus
3355 1261 3537 1317 omnia

1951 1362 2072 1418 quae
2094 1349 2352 1420 praecepit
2377 1349 2552 1406 Moses
2593 1350 2648 1404 in
2669 1350 2786 1422 lege
2811 1352 2962 1418 fecit,
2999 1353 3142 1408 unde
3175 1370 3189 1404 :
3217 1352 3366 1407 Misit
3391 1352 3536 1408 Deus

1950 1437 2152 1495 Filium
2177 1459 2331 1496 suum
2365 1443 2567 1513 factum
2594 1460 2659 1500 ex
2684 1445 2900 1500 muliere
2947 1443 3089 1519 (Gal.
3121 1445 3218 1518 tv),
3253 1454 3360 1502 etc.
3408 1445 3539 1502 0m-

1949 1533 2039 1589 nia
2078 1535 2248 1602 enim,
2303 1551 2424 1606 quae
2456 1537 2540 1592 lex
2571 1539 2870 1604 mandavit,
2919 1539 3184 1611 implevit,
3232 1547 3293 1594 ut
3322 1555 3422 1596 nos
3447 1555 3537 1596 re-

1951 1628 2181 1684 dimeret
2221 1643 2250 1683 a
2294 1630 2582 1686 maledicto
2615 1631 2769 1703 legis,
2817 1631 2909 1703 qui
2952 1633 3066 1687 ait:
3127 1631 3252 1688 Non
3285 1633 3397 1688 veni
3433 1631 3539 1688 sol-

1950 1735 2064 1775 vere
2088 1719 2269 1792 legem,
2315 1723 2406 1777 sed
2437 1722 2722 1794 adimplere
2747 1722 2966 1795 (Matth.
2999 1721 3076 1796 v).

2025 1809 2190 1868 Vsus.
2218 1813 2380 1869 I5.—
2401 1813 2546 1869 Sicut
2569 1823 2884 1886 prwceperat
2909 1814 3176 1869 Dominus
3213 1815 3354 1870 Mosi
3391 1830 3536 1870 servo

1875 1895 1923 1956 Β
1949 1921 2068 1971 suo,
2111 1906 2184 1959 ita
2228 1908 2472 1978 prtecepit
2507 1906 2704 1961 Moses.
2754 1905 2934 1980 (Aco..
2975 1915 3162 1977 quiest.
3198 1905 3267 1960 16
3313 1907 3369 1961 in
3393 1903 3535 1975 Ios.)

1947 1996 2064 2052 Non
2092 2001 2329 2069 putanda
2357 2008 2440 2055 est
2471 1999 2784 2064 crudelitas,
2837 1997 2978 2069 quod
3007 1998 3212 2053 nullum
3257 1998 3439 2053 vivum
3478 1997 3535 2052 in

1947 2092 2254 2148 civitatibus
2281 2093 2383 2148 sibi
2415 2093 2627 2149 traditis
2658 2092 2858 2148 dimisit
2885 2090 3062 2158 Iesus,
3091 2091 3218 2162 quia
3247 2091 3389 2147 Deus
3418 2091 3534 2146 haec

323 2211 596 2284 Fugemm
633 2181 770 2269 “km
796 2217 1022 2287 quinque
1052 2231 1214 2285 reg“,
1244 2221 1350 2269 etc.
1378 2212 1603 2284 (Amm,
1633 2214 1754 2268 hom
1779 2214 1840 2270 Η
1940 2182 2201 2252 jusserat.
2277 2183 2378 2251 Qui
2425 2193 2607 2239 autem
2651 2184 2739 2238 hic
2777 2183 3093 2287 existimant
3143 2183 3318 2287 ipsum
3365 2181 3535 2235 Deum

247 2307 306 2359 in
333 2305 544 2380 Iosue.)
565 2308 705 2376 Quid
731 2319 814 2366 est
839 2313 983 2381 quod
1021 2310 1168 2374 dicit,
1199 2317 1327 2374 etc.,
1359 2325 1519 2380 usque
1541 2307 1610 2362 ad
1636 2308 1740 2365 hoc
1764 2316 1848 2365 est

249 2398 400 2454 enim
424 2399 757 2457 Hierusalem
785 2401 1075 2472 aliquando
1099 2401 1267 2458 fuisse
1296 2399 1398 2456 sub
1425 2413 1552 2471 rege
1574 2399 1845 2456 Adonise-

251 2486 374 2553 dec,
401 2489 488 2544 vel
515 2489 651 2547 alias
679 2492 926 2548 civitates
947 2493 1048 2547 sub
1075 2490 1216 2547 aliis.

326 2583 550 2654 (Anam,
578 2583 733 2657 ibid.)
755 2585 914 2640 Iesus
936 2584 1191 2640 interﬁcit
1219 2583 1466 2639 inimicos
1487 2599 1594 2640 non
1617 2585 1849 2641 creduli-

249 2682 426 2730 tatem
455 2675 676 2741 docens,
700 2684 834 2742 etc.,
866 2691 1029 2747 usque
1049 2676 1119 2730 ad
1149 2674 1298 2732 solus
1323 2675 1379 2730 in
1405 2683 1456 2731 te
1485 2684 1674 2748 regnet
1693 2675 1851 2733 Iesus

249 2763 529 2822 Christus.

329 2857 495 2916 Vens.
529 2860 618 2917 l9.
648 2889 720 2901 —
756 2858 858 2916 Vos
880 2869 1056 2916 autem
1077 2860 1237 2916 nolite
1257 2871 1417 2917 stare.
1450 2861 1672 2934 (Anam,
1705 2863 1847 2918 hom.

251 2950 374 3023 12.)
397 2949 545 3008 Bella
568 2949 694 3008 Iesu
719 2961 775 3008 et
798 2966 985 3024 regum
1009 2962 1175 3023 atque
1196 2940 1432 3010 hostium
1455 2964 1688 3026 strages,
1715 2964 1846 3023 etc.,

251 3060 422 3115 usque
447 3043 516 3098 ad
544 3058 562 3096 :
597 3045 722 3116 quia
751 3045 1010 3101 Dominus
1049 3045 1190 3100 Deus
1221 3045 1442 3100 tradidit
1485 3046 1626 3102 nobis
1672 3063 1850 3102 omnes

253 3149 498 3188 ιηηηιεοε
531 3149 586 3188 tn
611 3151 822 3190 manus.

329 3225 554 3295 (Anam,
590 3225 730 3280 hom.
759 3226 871 3299 15.)
899 3226 1092 3283 Omnia
1120 3227 1236 3284 haec
1271 3228 1327 3282 in
1358 3227 1530 3298 ﬁgura
1559 3229 1842 3301 continge-

251 3315 389 3371 bant
409 3315 535 3372 illis.
552 3315 765 3386 Scripta
788 3327 916 3374 sunt
937 3329 1118 3376 autem
1144 3328 1367 3390 propter
1381 3335 1502 3386 nos,
1527 3329 1656 3385 etc.,
1681 3337 1844 3392 usque

253 3407 330 3460 ad
381 3407 435 3462 in
467 3408 836 3464 haereditatem
869 3419 1029 3466 terrae
1055 3419 1260 3467 sanctas
1289 3412 1344 3466 in
1368 3421 1523 3482 parte
1551 3411 1844 3468 Israelitica

251 3500 546 3556 exstinctis
571 3501 818 3558 hostibus
843 3503 1044 3559 nostris
1071 3503 1287 3575 (Ephes.
1316 3502 1400 3575 tt).

881 3634 1110 3694 CAPUT
1141 3637 1233 3693 XI.

331 3749 496 3806 Vens.
525 3751 576 3806 1.
601 3781 674 3792 —
705 3751 837 3818 Qua:
876 3769 995 3808 cum
1033 3753 1265 3808 audisset
1301 3753 1483 3821 Iabin,
1535 3761 1644 3810 etc.
1679 3754 1844 3826 (Ans-

251 3854 453 3908 mr.,
483 3842 622 3898 hom.
651 3843 722 3898 24
742 3845 798 3897 in
836 3843 980 3914 los.)
1013 3844 1123 3900 Has
1149 3845 1452 3916 scripturas
1481 3853 1608 3901 ante
1633 3846 1841 3902 adven-

253 3939 376 3992 tum
428 3933 628 3990 Christi
667 3950 788 3990 cum
827 3936 1030 4008 legeret
1075 3937 1242 3994 Israel
1282 3938 1578 3994 secundum
1622 3953 1842 3995 carnem

253 4034 392 4094 etc.,
435 4045 594 4099 usque
615 4029 685 4084 ad
727 4037 788 4085 ut
817 4040 1128 4102 expugnent
1153 4046 1270 4096 nos,
1315 4032 1409 4102 qui
1445 4033 1724 4102 sequimur
1748 4031 1840 4088 Ie-

255 4136 380 4176 sum
410 4119 744 4179 Salvatorem
771 4133 1037 4190 nostrum,
1078 4125 1173 4180 sed
1200 4125 1459 4180 Dominus
1484 4125 1562 4180 ait
1587 4141 1602 4178 :
1646 4123 1731 4179 Ne
1761 4140 1844 4179 ve-

254 4213 425 4267 rearis
465 4231 498 4266 a
526 4214 660 4283 facie
689 4231 894 4281 eorum,
916 4223 1022 4271 etc.

326 4301 494 4358 Vens.
549 4306 636 4360 11.
663 4338 724 4348 -
774 4307 906 4362 Cras
937 4309 1075 4362 enim
1118 4308 1298 4363 eadem
1343 4309 1496 4364 hora.
1545 4309 1838 4381 (Apamam,

249 4394 399 4449 hom.
427 4393 492 4448 14
523 4395 576 4450 in
604 4395 746 4469 los.)
796 4397 967 4454 Video
1001 4399 1144 4468 quod
1174 4399 1333 4454 hodie
1367 4414 1558 4455 omnes
1576 4398 1697 4457 illos
1732 4415 1841 4455 non

249 4499 544 4555 possumus
585 4487 915 4558 opprimere,
973 4504 1077 4546 nec
1127 4499 1349 4546 cunctos
1395 4489 1742 4546 interﬁcere:
1783 4491 1842 4546 in

247 4576 496 4632 crastino
541 4579 894 4649 perimentur,
935 4580 987 4636 id
1020 4590 1104 4638 est
1158 4593 1280 4652 post
1318 4582 1840 4638 consummationem

247 4667 462 4734 mundi,
513 4684 636 4724 cum
659 4671 868 4727 dicetur
891 4672 970 4728 eis
999 4691 1011 4726 :
1046 4671 1129 4728 Ite
1149 4674 1204 4727 in
1225 4674 1394 4744 ignem
1416 4685 1670 4730 wternum
1687 4691 1839 4746 quem

245 4760 568 4829 pm'paraoit
616 4759 759 4816 Deus
809 4763 1019 4818 diabolo
1069 4774 1117 4820 et
1176 4765 1377 4837 angelis
1433 4767 1548 4838 ejus
1619 4766 1836 4839 (Matth.

246 4849 405 4920 xxv).
457 4848 609 4907 Tunc
630 4853 773 4908 enim
819 4855 864 4909 si
894 4854 1184 4912 vicerimus
1209 4866 1498 4926 sequentes
1533 4857 1720 4913 Iesum
1748 4858 1842 4914 du-

244 4955 394 5008 cem,
457 4946 818 5016 percipiemus
858 4963 1088 5020 regnum
1118 4949 1264 5020 quod
1309 4950 1636 5020 praeparavit
1694 4949 1837 5008 Deus

243 5033 460 5092 unctis
482 5037 594 5093 suis
633 5054 731 5110 per
759 5017 944 5095 Iesum
971 5017 1269 5096 Christum.

324 5126 424 5198 (In.
446 5166 462 5194 ,
507 5129 650 5184 hom.
695 5131 805 5202 15.)
861 5131 976 5186 Nisi
1005 5134 1120 5188 hac
1141 5131 1280 5188 bella
1324 5132 1552 5203 ﬁguram
1582 5133 1840 5203 spiritua—

247 5215 386 5274 lium
409 5229 684 5290 gererent,
705 5231 834 5289 etc.,
875 5239 1035 5295 usque
1069 5223 1140 5278 ad
1163 5223 1292 5279 fecit
1321 5238 1450 5296 ergo
1490 5221 1648 5280 Iesus
1698 5225 1839 5282 sicut

247 5322 588 5383 praeceperat
611 5317 662 5370 ei
687 5315 970 5374 Dominus.

323 5401 532 5478 (0!“6.)
573 5405 688 5460 Hoc
713 5421 842 5478 ergo
870 5409 1167 5465 secundum
1195 5409 1509 5465 mandatum
1538 5410 1635 5466 Dei
1678 5409 1838 5470 Iesus

250 5494 518 5565 implevit,
556 5507 687 5565 etc.,
735 5517 897 5572 usque
939 5503 1011 5556 ad
1059 5519 1179 5574 qua:
1206 5512 1291 5560 est
1324 5503 1595 5571 Christus,
1633 5514 1689 5560 et
1719 5505 1835 5575 ipso

242 5587 473 5658 jubente
517 5590 846 5664 jugulandte,
886 5603 946 5650 ut
978 5597 1112 5652 nihil
1150 5598 1205 5653 in
1235 5597 1388 5653 nobis
1415 5598 1650 5654 resideat
1691 5599 1834 5670 quod

251 5682 508 5750 respiret.

324 5769 490 5828 Vens.
517 5773 603 5828 l2.
633 5807 704 5819 --
730 5781 800 5830 ιιι
833 5795 1028 5847 omnes,
1055 5789 1161 5836 etc.
1201 5781 1425 5852 (Anam)
1485 5781 1544 5836 In
1588 5780 1840 5836 omnibus

251 5863 412 5922 nobis
450 5869 691 5939 regnavit
731 5879 1012 5942 peccatum
1033 5879 1090 5929 et
1117 5871 1253 5944 lfuit-
1281 5872 1338 5928 in
1385 5872 1657 5939 omnibus,
1686 5873 1840 5945 {etc.,

1867 4636 1918 4696 D

1949 2277 2114 2332 fuisse
2139 2277 2436 2344 crudelem,
2491 2285 2547 2333 et
2571 2278 2691 2332 ideo
2729 2277 2945 2332 Veteris
2987 2275 3321 2330 Testamenti
3346 2289 3533 2330 verum

1949 2367 2119 2422 Deum
2179 2365 2350 2424 fuisse
2403 2379 2681 2423 auctorem
2734 2368 2958 2424 credere
2997 2367 3208 2433 nolunt,
3255 2375 3367 2421 tam
3419 2381 3516 2436 per

1948 2473 2104 2514 verse
2134 2459 2200 2514 de
2225 2458 2480 2529 operibus
2520 2458 2617 2513 Dei
2666 2472 2829 2528 quam
2867 2458 2934 2512 de
2971 2458 3208 2528 peccatis
3251 2455 3530 2512 hominum

1943 2548 2212 2620 judicant,
2269 2549 2577 2606 nescientes
2597 2564 2704 2620 quo
2730 2548 2960 2620 quisque
2989 2548 3186 2620 dignus
3208 2549 3301 2615 sit,
3339 2558 3394 2604 et
3420 2562 3538 2602 ma-

1949 2659 2113 2716 gnum
2147 2653 2401 2716 putantes
2438 2645 2664 2713 malum,
2718 2660 2846 2701 cum
2890 2646 3071 2702 casuri
3105 2643 3432 2715 dejiciuntur
3482 2650 3538 2702 et

1970 2738 2206 2794 nortales
2233 2740 2555 2796 moriuntur.

2021 2831 2185 2888 Vens.
2212 2833 2390 2888 l9.-—
2418 2831 2542 2888 Non
2558 2833 2678 2904 fuit.
2708 2831 2890 2907 (Aum,
2915 2842 3101 2906 quaest.
3132 2831 3534 2906 l7.)Quaaritur

1950 2926 2221 2996 quomodo
2247 2928 2351 2983 hoc
2372 2943 2562 2983 verum
2589 2929 2679 2994 sit,
2737 2943 2860 2984 cum
2884 2943 2984 2984 nec
3000 2935 3188 2998 postea
3219 2943 3250 2984 a
3282 2935 3533 2998 tempore

1945 3017 2190 3088 iudicum
2233 3035 2332 3075 nec
2361 3035 2549 3092 regum
2583 3035 2773 3076 omnes
2813 3019 3032 3075 omnino
3061 3019 3275 3074 illarum
3320 3025 3527 3088 septem

1951 3109 2191 3180 gentium
2216 3111 2464 3166 civitates
2493 3125 2687 3182 capere
2707 3110 2982 3181 potuerint
3009 3108 3217 3164 Hebraei
3241 3109 3264 3162 ἲ
3309 3106 3413 3163 Sed
3441 3112 3536 3162 aut

1953 3203 2034 3258 sic
2063 3203 2467 3275 intelligendum
2499 3213 2584 3260 est
2619 3204 2763 3274 quod
2790 3204 2858 3258 ad
2887 3203 3090 3258 nullam
3117 3202 3396 3258 civitatem
3423 3200 3538 3256 belo

1950 3293 2113 3349 laudo
2152 3295 2388 3350 accessit
2435 3293 2594 3352 Iesus
2637 3310 2801 3366 quam
2837 3309 2944 3349 non
2979 3294 3205 3364 ceperit,
3251 3301 3348 3348 aut
3391 3300 3538 3348 certe

1949 3385 2095 3441 nulla
2125 3401 2313 3442 earum
2341 3398 2516 3458 capta,
2548 3388 2644 3444 sed
2664 3403 2851 3444 earum
2885 3403 3006 3458 qua:
3031 3386 3084 3442 in
3112 3386 3421 3458 regionibus
3450 3401 3537 3440 su-

1946 3495 2046 3550 pra
2086 3482 2402 3536 memoratis
2431 3480 2670 3537 fuerunt.
2729 3481 3074 3536 Enumeratae
3097 3488 3223 3536 sunt
3270 3479 3413 3534 enim
3448 3493 3535 3534 re-

1947 3571 2132 3639 giones
2180 3572 2234 3626 in
2275 3575 2471 3643 quibus
2509 3573 2731 3628 fuerunt
2773 3573 3025 3628 civitates
3068 3572 3134 3627 de
3163 3571 3357 3641 quibus
3390 3569 3537 3626 facta

1946 3671 2030 3718 est
2059 3665 2164 3719 ista
2185 3665 2488 3728 conclusio.
2533 3675 2590 3720 et
2609 3680 2798 3721 omnes
2832 3666 2976 3735 cepit
2996 3663 3154 3720 bello.

2018 3755 2243 3829 (Anam,
2295 3758 2437 3812 hom.
2489 3757 2597 3826 15.)
2659 3757 2727 3812 Et
2777 3757 2983 3828 accepit
3035 3754 3191 3811 Iesus
3243 3767 3432 3810 omnes
3475 3751 3532 3808 in

1944 3848 2088 3904 bello
2131 3848 2226 3918 qui
2272 3847 2522 3904 exierant
2551 3849 2617 3903 ad
2649 3847 2871 3915 bellum,
2915 3853 3047 3912 etc.,
3089 3861 3252 3916 usque
3296 3843 3365 3898 ad
3407 3857 3532 3899 cum

1944 3953 2107 4010 opera
2138 3953 2326 3995 eorum
2356 3953 2462 3994 non
2492 3937 2736 3994 facimus,

2016 4031 2197 4103 (Auc.,
2241 4041 2430 4103 quam.
2454 4032 2521 4087 18
2549 4032 2605 4086 in
2643 4030 2786 4103 Ias.)
2823 4030 2960 4098 Quia
2993 4045 3089 4101 per
3113 4027 3400 4085 Dominum
3443 4026 3528 4082 fa-

1945 4130 2091 4179 ctum
2121 4132 2204 4179 est
2231 4122 2527 4178 conlortari
2549 4138 2645 4179 cor
2663 4137 2873 4187 eorum,
2901 4131 3028 4187 etc.,
3051 4137 3214 4192 usque
3239 4119 3308 4174 ad
3331 4117 3530 4190 partim

1942 4217 2232 4287 pugnando
2263 4224 2539 4286 caperent.

2014 4306 2178 4362 Vsus.
2216 4306 2308 4360 25.
2340 4337 2411 4346 —
2441 4305 2765 4377 Quievitque.
2800 4306 3001 4378 (Otum,
3044 4303 3225 4358 Itomil.
3265 4301 3372 4372 l5.)
3411 4301 3527 4359 Non

1944 4399 2045 4454 sub
2068 4396 2197 4454 Iesu
2227 4396 2338 4452 ﬁlio
2367 4396 2545 4463 Nave,
2573 4398 2672 4452 sub
2703 4411 2810 4468 quo
2839 4409 3113 4464 nunquam
3143 4393 3258 4448 fere
3287 4392 3529 4448 cessavit

1944 4505 1975 4544 a
1993 4489 2168 4552 bellis,
2194 4489 2290 4544 sed
2313 4489 2414 4543 sub
2428 4487 2558 4543 Iesu
2574 4486 2810 4543 Christo.
2832 4485 3042 4541 Venisti
3061 4485 3205 4542 enim
3228 4485 3294 4540 ad
3316 4483 3528 4551 Iesum,

1946 4590 2002 4637 et
2045 4583 2100 4637 in
2126 4582 2399 4651 baptismo
2421 4589 2771 4652 peccatorum
2807 4579 3181 4636 remissionem
3208 4585 3530 4636 consecutus

1945 4688 2034 4740 es;
2053 4673 2168 4744 jam
2198 4673 2253 4728 in
2295 4681 2349 4728 te
2376 4688 2484 4727 non
2511 4681 2712 4744 pugnat
2745 4686 2875 4728 caro
2903 4672 3162 4727 adversus
3196 4671 3445 4742 spiritum
3476 4677 3532 4728 et

1945 4764 2172 4834 spiritus
2212 4764 2470 4819 adversus
2497 4778 2718 4818 carnem
2755 4761 2955 4834 (Galat.
3000 4761 3078 4834 v).
3121 4760 3367 4818 Cessavit
3401 4778 3530 4834 ergo

1946 4865 2092 4913 terra
2121 4865 2211 4912 tua
2256 4873 2286 4912 a
2321 4856 2506 4924 bellis,
2543 4857 2586 4912 si
2625 4863 2737 4910 tam
2778 4865 3008 4911 mortem
3038 4853 3166 4912 Iesu
3208 4855 3263 4910 in
3301 4870 3529 4924 corpore

1943 4956 2036 5006 tuo
2055 4935 2434 5014 circumferas,
2457 4955 2517 5003 ut
2537 4947 2875 5004 cessantibus
2889 4948 3140 5004 onmibus
3160 4947 3214 5002 in
3235 4955 3285 5002 te
3299 4946 3522 5017 praeliis,

1939 5053 2103 5096 verus
2130 5039 2391 5110 paciﬁcus
2418 5037 2700 5105 elﬁciaris,
2754 5048 2809 5094 et
2840 5039 3051 5095 voceris
3080 5038 3222 5092 ﬁlius
3267 5035 3382 5090 Dei.
3418 5035 3525 5092 Sed

1944 5129 2049 5186 hoc
2087 5130 2182 5186 ﬁet
2204 5146 2326 5186 eum
2357 5130 2495 5185 bella
2537 5131 2895 5203 transegeris,
2946 5140 3000 5185 et
3029 5128 3372 5185 adversarios
3397 5127 3526 5183 sub—

1943 5224 2122 5296 egeris
2177 5242 2189 5277 :
2245 5231 2374 5279 tunc
2425 5224 2734 5294 requiesces
2789 5224 2890 5280 sub
2934 5223 3045 5277 vite
3089 5231 3230 5304 .tua,
3290 5235 3410 5291 quae
3444 5226 3528 5275 est

1943 5317 2196 5374 Christus
2215 5357 2231 5385 ,
2261 5326 2317 5373 et
2346 5315 2446 5373 sub
2485 5316 2592 5373 ﬁcu
2621 5325 2736 5384 tua,
2772 5331 2892 5386 quae
2915 5323 2998 5372 est
3021 5313 3254 5384 Spiritus
3283 5321 3523 5370 sanctus.

2533 5475 2760 5532 CAPUT
2799 5473 2914 5528 XII.

2012 5593 2175 5647 Vens.
2209 5593 2259 5646 1.
2281 5623 2352 5633 -
2381 5591 2586 5663 (Ιλῐιειιη
2625 5591 2689 5645 de
2717 5589 2845 5644 Loc.
2871 5587 3059 5661 Hebr.)
3087 5587 3346 5644 Astaroth
3390 5583 3526 5640 Car-

1942 5685 2085 5740 naim
2116 5725 2130 5750 ,
2184 5692 2330 5740 terra
2385 5685 2700 5755 gigantum,
2750 5683 3059 5752 quondam,
3111 5682 3164 5736 in
3235 5679 3524 5751 supercilio

1945 5778 2302 5836 Sodomorum
2359 5795 2493 5850 quos
2544 5777 2816 5836 interfecit
2871 5778 3315 5835 Chodorlaomor.
3384 5775 3525 5832 Sunt

1944 5871 2213 5944 hodieque
2266 5871 2374 5929 duo
2423 5870 2642 5929 castella
2688 5871 2742 5928 in
2791 5870 3028 5929 Batanca
3070 5870 3174 5928 hoc
3218 5868 3480 5927 vocabulo
3503 5905 3522 5934 .

3988 4479 3989 4496 1

3988 4549 3989 4568 1

3988 4579 3989 4592 1

3988 4601 3989 4612 1

3988 4681 3989 4702 1

3987 5431 3989 5448 1

3988 5455 3989 5474 1

3988 5485 3989 5494 1

3987 5505 3989 5522 1
