4006 6352
491 429 602 493 515

989 427 1382 486 WALAFRIDI
1419 384 1663 486 suum
1702 425 1906 483 rum).
1949 421 2116 479 uox.
2156 421 2307 480 orr.
2349 421 2529 479 PARS
2565 421 2608 478 ι.
2650 452 2721 464 -
2758 416 3218 497 rnnonootca.

3649 392 3755 477 ne

492 559 692 607 novem
722 542 864 599 inter
892 557 950 599 se
988 543 1312 598 milliaribns
1336 549 1602 612 separata.
1636 541 1830 601 Edrai,
1871 539 1958 594 ubi
1986 540 2070 593 in—
2104 542 2155 604 Α
2256 537 2452 591 Tribui.
2490 535 2693 591 Levitis
2721 544 2902 591 autem
2935 548 3109 604 neque
3137 532 3314 589 Moses
3340 530 3489 589 dedit
3517 531 3755 590 haeredi-

496 635 759 693 terfectus
792 643 878 691 est
906 634 985 706 0g
1014 650 1107 690 rex
1151 634 1356 699 Basan,
1385 635 1553 705 gigas.
1587 633 1740 687 Nunc
1774 642 1952 688 autem
1996 643 2078 687 est

493 726 716 793 Adara,
773 725 998 797 insignis
1049 724 1242 778 civitas
1287 722 1536 789 Arabize,
1576 724 1837 793 vigesimo
1882 731 2078 791 quarto

492 817 673 891 lapide
697 818 766 873 ab
794 815 984 873 Osdra.
1014 815 1225 870 Esebon
1262 814 1453 870 civitas
1489 813 1669 870 Sehon
1694 814 1842 897 regis
1880 812 2075 867 Amor-

494 907 766 963 rbteorum
793 946 809 971 ,
856 905 909 959 in
948 913 1095 959 terra
1124 903 1329 959 Galaad
1376 923 1390 957 ι
1427 918 1547 974 quae
1572 919 1695 958 cum
1732 903 1921 957 fuisset
1951 913 2076 958 ante

497 997 885 1063 Moabitarum,
920 996 988 1051 ab
1020 995 1361 1050 'Amorrbaeis
1398 994 1525 1049 belli
1546 996 1669 1065 jure
1694 1006 1940 1066 possessa
1968 994 2093 1048 est.’

496 1090 727 1146 Salecba
782 1091 976 1146 civitas
1019 1090 1160 1161 regis
1206 1088 1324 1163 0g,
1378 1091 1431 1144 in
1479 1090 1699 1162 regione
1748 1090 2072 1145 Basanitide.

494 1181 729 1238 Machati
760 1183 890 1237 urbs
913 1182 1352 1237 Amorrbaeorum
1384 1197 1545 1252 super
1574 1180 1862 1238 Iordanem
1882 1224 1896 1248 ,
1920 1182 2071 1253 juxta

493 1284 736 1329 montem
783 1275 1004 1331 Ermon.
1059 1273 1327 1330 Iarimuth
1375 1276 1575 1330 civitas-
1606 1291 1769 1347 quam
1813 1270 2085 1331 subvertit

493 1367 673 1438 Iesus,
702 1372 754 1425 in
786 1372 929 1426 tribu
951 1369 1109 1437 Iuda,
1132 1379 1328 1441 quarto
1353 1370 1560 1425 distans
1583 1370 1652 1425 ab
1676 1367 2073 1439 Eleutheropoli

492 1460 705 1533 lapide,
742 1462 897 1533 juxta
932 1462 1114 1518 villam
1143 1463 1391 1518 Eschaol.
1418 1462 1617 1519 Lachis
1655 1463 1708 1517 in
1744 1462 1886 1516 tribu
1915 1458 2071 1516 Iuda.

494 1552 740 1610 Meminit
778 1556 937 1628 hujus
972 1555 1141 1611 Isaias
1175 1565 1231 1610 et
1258 1555 1545 1619 Ieremias,
1578 1562 1633 1608 et
1662 1568 1805 1608 nunc
1835 1560 1919 1606 est
1948 1550 2073 1604 villa

494 1643 552 1699 in
580 1646 812 1717 septimo
839 1647 1091 1702 milliario
1126 1649 1194 1703 ab
1241 1640 1858 1717 Eleutheropoli.‘Erma
1888 1642 1991 1700 fuit
2018 1645 2071 1699 in

494 1747 643 1791 sorte
666 1736 911 1804 Simeon,
944 1738 1059 1794 sive
1092 1737 1255 1806 Iuda,
1283 1748 1389 1793 etc.

1081 1872 1308 1930 CAPUT
1345 1872 1482 1931 XIII.

564 1998 860 2070 (ADAIAN.,
885 2000 1026 2055 hom.
1057 2000 1122 2056 I6
1154 2003 1208 2056 in
1232 2000 1374 2073 Ias.)
1400 2001 1706 2073 Presbyteri
1747 2010 1802 2056 et
1828 2001 2073 2057 seniores

493 2108 602 2149 non
628 2109 728 2166 pro
754 2094 994 2165 longaeva
1033 2094 1144 2149 vita
1176 2095 1450 2162 dicuntur,
1482 2106 1612 2159 etc.,
1641 2110 1804 2167 usque
1839 2095 1908 2149 ad
1935 2096 2075 2150 sicut

491 2184 547 2240 In
575 2187 829 2242 omnibus
851 2187 1102 2257 princeps
1132 2194 1237 2252 est,
1270 2187 1393 2257 quia
1422 2196 1585 2256 caput
1604 2187 1842 2241 omnium
1873 2194 1975 2242 est.

568 2276 733 2333 Vens.
774 2278 825 2331 I.
851 2308 922 2317 —
947 2277 1230 2348 Terraque.
1259 2277 1381 2350 (In.)
1408 2278 1528 2332 Alia
1555 2278 1736 2332 littera
1772 2296 1785 2332 :
1824 2276 1887 2331 Et
1933 2288 2074 2332 terra

496 2366 680 2422 relicta
730 2376 808 2423 est
834 2366 1000 2422 multa
1028 2368 1196 2423 valde.
1230 2366 1493 2439 Superius
1535 2368 1738 2423 dictum
1781 2376 1894 2435 est,
1940 2378 2073 2433 etc.,

489 2474 654 2532 usque
680 2460 751 2514 ad
792 2460 885 2532 qui
932 2475 1062 2516 vero
1105 2476 1174 2516 ex
1203 2462 1529 2516 necessitate
1568 2459 1905 2530 subjicietur,
1951 2476 2074 2515 cum

490 2552 822 2608 novissimus
863 2552 1116 2609 inimicus
1162 2554 1475 2609 destruetur
1500 2569 1684 2619 mors,
1730 2570 1838 2609 non
1869 2555 1975 2610 erit
2020 2555 2077 2610 in

490 2642 688 2715 gratia.

559 2734 729 2790 Vnus.
758 2734 813 2789 6.
854 2765 924 2776 —
953 2732 1312 2807 Uniuersique.
1345 2736 1567 2808 (Anan,
1600 2739 1741 2791 hom.
1785 2737 1898 2809 I6.)
1941 2736 2077 2793 Cum

488 2826 756 2900 plurimas
787 2836 981 2899 gentes
998 2837 1375 2885 enumerasset
1393 2827 1574 2895 Iesus,
1600 2830 1665 2883 de
1687 2828 1817 2884 solis
1840 2828 2076 2884 Sidoniis

491 2919 626 2975 dixit
662 2934 679 2973 :
710 2918 780 2973 Et
829 2936 1006 2974 omnes
1049 2917 1292 2975 Sidonios
1325 2935 1419 2990 ego
1461 2920 1815 2975 exterminabo
1863 2938 1896 2975 α
1941 2921 2078 2989 facie

488 3010 727 3082 filiorum
772 3011 964 3067 Israel.
1011 3010 1217 3067 Sidonii
1262 3027 1390 3068 vero
1438 3014 1865 3083 interpretantur
1912 3029 2076 3068 vena-

489 3104 658 3154 tores.
706 3098 775 3154 Hi
801 3108 927 3155 sunt
950 3100 1223 3156 daemones
1247 3101 1315 3156 de
1356 3103 1554 3174 quibus
1581 3104 1713 3159 dicit
1758 3102 2028 3175 Propheta
2060 3119 2075 3160 :

489 3188 727 3262 Laqueos
769 3201 1084 3263 paraverunt
1126 3193 1343 3263 pedibus
1384 3195 1511 3249 meis
1540 3193 1712 3267 (Psal.
1758 3196 1889 3269 LVI).
1940 3195 2077 3251 Istos

488 3286 815 3340 exterminat
852 3285 1148 3351 Dominus,
1176 3297 1235 3341 ut
1260 3302 1365 3343 non
1396 3289 1467 3343 sit
1508 3290 1598 3359 qui
1638 3290 1859 3359 laqueos
1889 3291 2075 3345 tendat

490 3383 546 3431 et
578 3377 712 3431 retia
750 3376 819 3432 ad
841 3377 1188 3448 decipiendas
1215 3378 1427 3433 animas
1455 3396 1469 3433 :
1500 3387 1553 3435 et
1576 3379 1881 3448 requiescat
1906 3394 2074 3434 unus-

487 3464 721 3535 quisque
746 3465 849 3520 sub
871 3467 982 3523 vite
1011 3482 1107 3522 sua
1137 3475 1194 3521 et
1219 3466 1321 3523 sub
1343 3468 1446 3523 ﬁcu
1485 3484 1603 3524 sua.

562 3555 730 3612 Vsus.
761 3558 815 3612 7.
862 3558 931 3613 Et
979 3576 1136 3614 nunc.
1190 3559 1320 3616 Post
1358 3562 1462 3617 hoc
1508 3570 1690 3618 autem
1719 3562 1918 3634 legitur
1944 3563 2075 3632 quia

495 3645 675 3704 Moses
701 3649 852 3705 dedit
871 3650 1247 3706 hereditatem
1267 3652 1614 3722 quibusdam,
1635 3661 1691 3707 et
1708 3663 1897 3724 postea
1918 3652 2076 3708 Iesus

487 3742 787 3797 secundum
830 3751 1159 3812 praeceptum
1198 3744 1410 3798 Domini
1460 3744 1737 3799 distribuit
1784 3746 2072 3802 btnredita-

492 3838 622 3887 tem.
672 3831 779 3886 Per
822 3832 1040 3899 Mosen,
1086 3833 1260 3906 legem
1294 3834 1533 3906 intellige
1589 3855 1601 3889 :
1646 3836 1737 3905 qui
1778 3838 2075 3892 secundum

486 3920 663 3993 legem
701 3924 969 3991 vixerunt,
1003 3928 1166 3997 primi
1194 3928 1566 3983 bzcreditatem
1597 3938 1939 4000 receperunt,
1979 3930 2073 3986 sed

494 4025 653 4074 extra
697 4026 897 4074 terram
942 4020 1339 4091 promissionis.
1377 4022 1620 4093 Cumque
1661 4039 1782 4079 eam
1834 4025 2075 4094 accepis-

493 4117 638 4177 sent,
669 4125 776 4164 non
808 4124 927 4166 eam
964 4112 1270 4183 possident,
1304 4128 1479 4183 neque
1505 4114 1751 4170 dividunt
1798 4115 1942 4169 inter
1979 4129 2072 4181 se;

488 4202 587 4259 sed
621 4211 937 4271 exspectant
964 4219 1246 4274 usquequo
1271 4205 1351 4260 eis
1379 4221 1476 4275 per
1496 4202 1681 4260 Iesum
1716 4206 2075 4260 distribuatur

487 4290 545 4347 in
570 4300 792 4348 sortem.
833 4286 972 4349 Hine
998 4293 1287 4364 Apostolus
1329 4296 1405 4349 ait
1451 4312 1464 4349 ε
1498 4294 1573 4349 Hi
1617 4312 1795 4350 omnes
1842 4298 2073 4350 testimo-

486 4383 634 4437 nium
665 4384 911 4439 habentes
934 4402 1026 4457 per
1056 4386 1212 4456 fidem
1239 4388 1471 4442 nondum
1504 4388 1768 4443 consecuti
1797 4397 1919 4442 sunt
1948 4404 2073 4458 pro-

486 4474 759 4528 missiones
774 4515 789 4539 ,
809 4473 915 4529 Deo
937 4493 1032 4547 pro
1059 4477 1206 4531 nobis
1233 4477 1434 4548 aliquid
1454 4477 1638 4532 melius
1668 4478 1988 4549 providente,
2011 4495 2075 4532 ne

2186 640 2349 686 tatem
2376 671 2390 696 ,
2444 644 2622 699 neque
2663 627 2841 683 Iesus.
2892 626 3029 692 Quia
3059 627 3166 697 ipse
3191 624 3332 680 Deus
3363 632 3439 679 est
3477 625 3757 681 hereditas

2180 740 2381 779 eorum.
2414 723 2477 777 Ili
2508 702 2635 778 subl
2666 722 2803 777 forte
2849 722 2941 790 qui
2982 721 3037 775 in
3068 721 3330 784 Ecclesia,
3359 720 3559 776 virtute
3588 720 3759 778 animi

2178 828 2234 875 et
2263 819 2578 875 meritorum
2621 816 2794 889 gratia
2822 815 2956 869 alios
2986 814 3315 885 praecedunt.
3342 811 3409 868 lli
3432 821 3561 868 sunt
3586 812 3757 881 forte,

2179 910 2271 981 qui
2330 909 2384 964 in
2431 907 2629 981 popqu
2668 907 3049 962 salvandorum
3098 904 3375 975 sapientia:
3415 912 3472 958 et
3517 902 3762 959 scientia!

2179 1016 2399 1072 operam
2427 1000 2675 1055 tribuunt
2698 1005 3012 1053 et-mentem
3040 1011 3193 1051 suam
3213 1010 3404 1067 puram
3425 994 3761 1061 custodiunt,

2178 1101 2235 1147 et
2252 1091 2506 1146 omnibus
2532 1088 2808 1159 praeclaris
2834 1086 3128 1141 virtutibus
3158 1084 3415 1140 excolunt
3437 1092 3494 1139 et
3539 1082 3758 1154 simpli-

2177 1184 2357 1238 ciores
2385 1183 2581 1237 docent
2614 1180 2884 1250 quomodo
2906 1179 3129 1233 veniant
3153 1178 3225 1233 ad
3250 1177 3487 1233 salutem
3515 1193 3531 1231 :
3561 1177 3763 1233 hom

2177 1274 2467 1333 baereditas
2496 1273 2610 1343 ipse
2637 1272 2897 1329 [lumbus
2912 1280 3017 1337 est,
3047 1269 3141 1341 qui
3161 1269 3565 1339 estsapiantis,
3594 1282 3765 1340 qm-

2176 1382 2287 1438 prae
2311 1366 2523 1421 caeteris
2547 1364 2803 1420 omnibus
2825 1362 3154 1418 dilexerunt.

2250 1460 2413 1514 Vsus.
2450 1458 2539 1513 15.
2569 1488 2639 1499 -ο
2670 1456 2851 1513 Tribui
2884 1455 3117 1525 ﬁliorum
3154 1453 3358 1519 Men,
3384 1460 3493 1511 etc.
3520 1451 3659 1523 (Im)
3681 1451 3765 1509 In-

2177 1553 2339 1607 venio
2362 1560 2541 1607 tamen
2566 1549 2803 1619 aliquam
2826 1547 3186 1604 diﬁerentiam
3214 1547 3267 1601 in
3302 1545 3388 1601 his
3408 1561 3529 1616 quae
3550 1545 3767 1617 loyses

2178 1642 2478 1707 distribuit,
2505 1650 2639 1706 etc.,
2667 1656 2831 1711 usque
2852 1639 2957 1693 ad:
2978 1638 3161 1694 chus
3184 1653 3323 1693 οωοο
3349 1637 3608 1692 ducatum
3638 1651 3769 1707 pro-

2176 1734 2301 1790 bens
2331 1735 2384 1788 in
2417 1735 2617 1803 foveam
2642 1732 2790 1785 cadet
2819 1747 2936 1785 cum
2966 1746 3045 1785 eo.

2246 1824 2411 1879 Vsus.
2478 1823 2569 1877 52.
2611 1852 2683 1863 -
2724 1820 2903 1877 Hanc.
2952 1818 3179 1891 (ω...
3228 1819 3372 1875 hom.
3404 1816 3472 1873 I8
3520 1816 3580 1879 in
3629 1814 3768 1889 Ias.)

2100 1896 2149 1957 Β
2175 1917 2460 1974 Discatnus
2483 1930 2549 1972 ex
2580 1914 2734 1986 lege,
2761 1921 2892 1979 etc.,
2920 1930 3082 1984 usque
3104 1914 3222 1967 ad:
3269 1912 3425 1969 Iesus
3459 1909 3771 1969 «Eam

2174 2009 2334 2067 simul
2371 2010 2441 2064 ad
2467 2009 2803 2064 dividendam
2831 2015 3052 2062 terram.

2773 2140 3003 2200 CAPUT
3041 2140 3157 2197 XIV

2248 2278 2411 2333 Vens.
2457 2276 2513 2331 2.
2563 2306 2633 2317 —
2662 2275 2818 2333 Sorte
2851 2276 3028 2332 omnia
3076 2276 3396 2342 dividentes,
3443 2283 3553 2331 etc.
3590 2273 3770 2346 (ιω.)

2178 2367 2379 2425 Deletis
2410 2367 2681 2440 gentibus,
2707 2365 2872 2425 Iosue
2898 2376 3045 2423 sorte
3080 2366 3275 2422 dividit
3310 2366 3525 2437 populis
3565 2374 3771 2421 terram

2175 2458 2595 2529 promissionis:
2623 2457 2872 2513 Christus
2899 2471 3114 2528 quoque
3146 2472 3177 2511 a
3198 2455 3341 2515 facie
3366 2455 3617 2513 ﬁdelium
3652 2470 3773 2510 suo-

2176 2566 2321 2618 rum,
2348 2559 2557 2622 gentes,
2584 2551 2639 2606 id
2664 2557 2750 2606 est
2772 2550 3054 2622 gentilium
3084 2565 3334 2607 errorum
3372 2549 3628 2621 spiritus,
3659 2549 3765 2619 eje-

2177 2645 2276 2711 oit,
2307 2653 2363 2705 et
2383 2654 2533 2705 sorte
2559 2644 2743 2703 divisit
2768 2652 2971 2703 terram
2995 2683 3009 2709 .
3039 2643 3336 2713 unicuique
3359 2641 3589 2713 propria
3626 2643 3767 2699 dona

2178 2736 2443 2792 tribuens.

2250 2829 2415 2887 Vens.
2444 2832 2499 2886 5.
2549 2861 2618 2871 -
2644 2829 2881 2889 Duabus.
2911 2828 3037 2901 (19.)
3073 2827 3253 2889 loses
3294 2834 3450 2887 trans
3474 2823 3771 2883 ισταωι

2181 2918 2395 2976 duabus
2418 2930 2627 2977 tantum
2660 2919 2938 2985 tribubus,
2984 2935 3149 2990 usque
3267 2915 3537 2988 perfectio
3560 2930 3699 2987 ergo
3722 2922 3773 2969 et

2178 3028 2392 3071 summa
2420 3011 2662 3069 omnium
2684 3010 2972 3077 bonorum,
2998 3010 3053 3065 in
3086 3008 3290 3081 Spiritu
3319 3016 3515 3067 sancto
3534 3016 3645 3063 est.

2253 3106 2476 3178 Absque.
2533 3105 2656 3178 (11).)
2690 3105 2893 3160 Levitm
2938 3119 3043 3159 non
3087 3103 3361 3174 accipiunt
3390 3102 3773 3163 hereditates!

2182 3208 2343 3255 terrae
2364 3240 2380 3264 ,
2422 3208 2553 3264 etc.,
2604 3215 2768 3269 usque
2800 3200 2871 3253 ad
2908 3206 2965 3253 ut
2996 3198 3205 3269 possint
3229 3197 3413 3257 dicere
3445 3214 3461 3251 :
3514 3195 3771 3253 Dominus

2100 3271 2152 3339 θ
2177 3308 2301 3363 pars
2326 3291 2676 3356 Itwreditatis,
2704 3300 2811 3347 etc.
2840 3281 3015 3361 (Ρωιξ
3048 3288 3163 3363 xv.)

2251 3384 2414 3441 Vnus.
2441 3383 2496 3441 4.
2522 3413 2594 3424 -
2616 3381 2731 3437 Nec
2758 3383 3093 3452 acceperunt.
3117 3380 3241 3453 (10.)
3262 3379 3595 3439 Habitath
3618 3378 3774 3437 Levi-

2176 3475 2282 3541 tis,
2333 3484 2463 3542 etc.,
2526 3490 2689 3542 usque
2727 3474 2797 3529 ad
2848 3474 2941 3544 qui
2985 3473 3390 3542 dispensatione
3420 3471 3773 3529 omnimvi-

2177 3574 2329 3621 νιιηι.

2252 3656 2421 3711 Vnus.
2441 3656 2494 3711 6.
2514 3655 2765 3711 Locutus.
2791 3654 3016 3726 (Anam,
3037 3654 3180 3708 Itoni.
3207 3651 3323 3724 I8.)
3342 3649 3510 3707 Caleb
3532 3650 3773 3722 primum

2176 3747 2551 3804 hereditatem
2600 3746 2812 3816 accepit
2857 3760 2888 3800 a
2923 3743 3074 3810 Iesu,
3128 3759 3290 3815 usque
3340 3743 3411 3797 ad
3456 3742 3581 3811 ipse
3624 3756 3771 3797 enim

2177 3840 2360 3895 omnia
2394 3840 2613 3895 edocuit
2636 3848 2693 3894 et
2716 3839 2960 3909 aperuit;
2987 3838 3103 3908 ipse
3128 3834 3395 3892 revelavit
3422 3832 3615 3899 Paulo,
3642 3833 3771 3905 quis

2175 3935 2262 3990 les
2285 3933 2588 4004 spiritualis
2610 3941 2777 3988 esset.

2251 4025 2428 4079 Nosti.
2484 4022 2607 4096 (11).)
2660 4022 2774 4081 Hoc
2820 4031 2908 4079 est
2954 4022 3099 4092 quod
3127 4021 3267 4077 dixit
3294 4020 3591 4087 Donnnns,
3635 4028 3769 4086 etc.,

2173 4134 2339 4189 usque
2358 4117 2429 4171 ad
2452 4117 2578 4187 quia
2607 4117 2796 4171 omnia
2838 4116 3117 4187 sapienter
3142 4115 3381 4184 scripsit.

2248 4207 2413 4263 Vens.
2448 4207 2533 4260 II.
2563 4237 2633 4246 —
2670 4205 2761 4262 Sic
2797 4205 2994 4261 valens.
3046 4204 3284 4263 Sanctus
3328 4204 3475 4260 enim
3515 4203 3771 4260 similiter

2173 4297 2338 4364 valet,
2365 4307 2421 4352 et
2440 4297 2493 4351 in
2521 4297 2902 4368 praesentibus,
2931 4305 2987 4352 et
3007 4296 3063 4352 in
3086 4296 3406 4366 praeteritis;
3428 4296 3564 4381 etin
3588 4295 3766 4359 novis,

2176 4395 2233 4443 et
2261 4388 2313 4442 in
2337 4387 2646 4453 veteribus;
2678 4387 2733 4442 in
2772 4386 3083 4459 Evangeliis
3109 4394 3168 4442 et
3211 4384 3265 4440 in
3294 4384 3431 4457 lege.
3472 4384 3592 4441 Hoc
3635 4397 3768 4457 ergo

2175 4486 2259 4533 est
2282 4477 2431 4546 quod
2473 4477 2608 4531 dicit
2647 4476 2829 4531 valere
2870 4492 2932 4532 se
2960 4475 3063 4531 sub
3095 4474 3225 4531 Iesu
3247 4516 3263 4539 ,
3311 4475 3454 4531 sicut
3482 4484 3617 4529 tunc
3646 4488 3765 4530 an

488 4563 602 4618 sine
630 4563 777 4618 nobis
802 4578 1291 4622 consummarentur
1314 4567 1501 4640 (Hebr.
1538 4571 1640 4631 si).
1667 4568 1885 4625 Habent
1906 4570 2077 4640 igitur
2105 4636 2132 4640 Α
2179 4566 2387 4637 Moyse,
2427 4566 2555 4635 quia
2583 4564 2641 4619 in
2676 4564 2960 4634 utriusque
3007 4563 3342 4620 Testamenti
3366 4562 3769 4623 inruet-iisan!

482 4649 599 4722 jam
627 4653 1038 4722 promissionem
1069 4671 1222 4710 suam
1264 4636 1732 4729 et‘requieverunt
1751 4701 1766 4724 ,
1811 4636 1957 4731 digni
1982 4660 2074 4730 ju-
2102 4636 2156 4700 Β
2183 4660 2411 4732 vigilans
2432 4658 2597 4713 valet.
2894 4648 2905 4655 ’

489 4743 655 4799 dicati
698 4758 797 4814 per
825 4744 1006 4802 Mosen
1053 4764 1250 4819 capere
1296 4751 1668 4807 hereditatem
1719 4768 1916 4820 suam,
1977 4755 2072 4810 sed

489 4834 670 4891 adhuc
694 4847 937 4908 pugnant
959 4853 1058 4909 pro
1081 4842 1167 4895 his
1186 4843 1279 4911 qui
1310 4845 1411 4899 sub
1435 4842 1564 4899 Iesu
1591 4845 1841 4902 militant.
1870 4846 2074 4905 Omnes

488 4928 635 4984 enim
664 4928 855 4985 Patres
876 4931 969 5002 qui
996 4940 1123 4987 ante
1156 4950 1256 4989 nos
1283 4936 1651 5004 dormierunt,
1693 4949 1937 5010 pugnant
1978 4955 2075 4996 no-

486 5016 699 5076 biscum
746 5030 802 5076 et
849 5023 1186 5081 orationibus
1246 5024 1523 5094 adjuvant,
1556 5029 1699 5085 unde
1762 5048 1776 5084 :
1831 5031 2073 5101 Ablinget

488 5125 757 5183 synagoga
799 5111 893 5168 illa
919 5114 1056 5169 hanc
1089 5133 1431 5189 synagogam,
1464 5120 1598 5173 sicut
1626 5119 1845 5189 obtingit
1878 5120 2072 5175 vitulus

489 5199 704 5256 herbam
728 5204 946 5287 viridem
990 5207 1054 5261 de
1087 5225 1291 5279 campo.
1338 5210 1621 5282 Synagoga
1663 5211 1809 5265 enim
1852 5210 2068 5269 Domini

492 5303 615 5360 qua
642 5307 741 5349 nos
768 5298 1067 5363 pmcessit,
1097 5314 1193 5354 ore
1218 5308 1273 5356 et
1310 5301 1489 5372 lingua
1530 5311 1813 5358 consumet
1852 5319 2069 5359 omnem

490 5385 822 5441 contrariam
846 5405 1196 5463 synagogam,
1222 5393 1273 5448 id
1290 5403 1403 5457 est,
1425 5394 1761 5451 orationibus
1787 5406 2074 5452 consumet

490 5473 834 5535 adversarios
858 5496 1094 5539 nosnos.
1138 5482 1488 5539 Orationibus
1530 5501 1658 5558 ergo
1688 5498 1745 5543 et
1772 5490 1923 5544 verbi
1973 5489 2069 5544 Dei

489 5566 841 5626 meditatione
861 5578 917 5627 et
945 5588 1111 5643 opere
1148 5583 1204 5630 et
1235 5590 1399 5631 sensu
1426 5587 1577 5631 recto
1596 5581 1942 5650 pugnandum
1965 5591 2067 5637 est.

562 5656 787 5727 (Anam,
823 5661 963 5716 hom.
994 5663 1106 5733 I7.)
1131 5662 1286 5719 Sicut
1318 5666 1519 5720 umbra:
1551 5670 1841 5739 exemplari
1882 5671 2069 5727 deser-

489 5744 646 5803 viunt
675 5750 1002 5821 caelestium,
1029 5764 1159 5821 etc.,
1185 5771 1347 5827 usque
1369 5756 1438 5811 ad
1466 5773 1563 5829 per
1589 5757 1773 5816 Iesum
1800 5762 2071 5832 accipiunt

491 5836 889 5900 hereditatem.

2254 4750 2416 4805 Vens.
2453 4748 2537 4803 12.
2567 4778 2638 4789 -
2664 4747 2751 4802 Da
2776 4764 2925 4819 ergo.
2974 4745 3119 4803 Nihil
3168 4745 3395 4812 humile,
3435 4744 3569 4801 nihil
3621 4743 3767 4813 deje-

2181 4851 2328 4897 ctum
2350 4851 2573 4896 sanctus
2598 4839 2855 4909 requirit,
2871 4839 2963 4895 sed
2987 4847 3227 4897 montem
3252 4836 3553 4902 excelsum,
3572 4836 3631 4892 in
3657 4848 3765 4905 quo

2181 4940 2309 4988 sunt
2337 4931 2592 4986 civitates
2620 4944 2832 5001 magnae
2852 4938 2910 4985 et
2941 4928 3190 4995 munitas,
3216 4928 3346 5000 quia
3369 4928 3620 4985 civitates
3646 4940 3763 4981 ssn-

2180 5023 2327 5078 nitas
2372 5032 2604 5094 occupat
2636 5023 2887 5093 sapiens,
2918 5031 2976 5078 et
3022 5021 3259 5079 destruit
3287 5021 3659 5084 munitiones,
3700 5017 3761 5074 it

2176 5119 2377 5188 quibus
2402 5118 2689 5174 conﬁdunt
2716 5117 2890 5188 impii.

2250 5208 2319 5264 In
2341 5225 2464 5280 quo.
2493 5210 2721 5281 (Anim,
2760 5210 2907 5264 hom.
2956 5208 3145 5281 niti.)
3184 5208 3451 5267 Civitates
3476 5216 3537 5263 et
3584 5202 3757 5269 muri,

2178 5310 2307 5357 sunt
2328 5302 2615 5371 impiorum
2639 5302 2917 5370 dogmata,
2940 5309 3070 5365 etc.,
3094 5317 3260 5371 usque
3281 5301 3353 5355 ad
3375 5300 3520 5357 sicut
3536 5296 3759 5355 etl'eettn

2178 5400 2263 5447 est
2293 5392 2435 5447 Deus
2467 5392 2766 5457 Abraham,
2798 5392 2943 5448 Deus
2984 5391 3156 5455 Isaac,
3212 5400 3269 5447 et
3298 5391 3441 5446 Deus
3463 5389 3657 5455 Iacob,
3698 5387 3755 5443 in

2177 5484 2399 5541 Christo
2432 5485 2582 5541 Iesu.
2938 5526 2943 5533 .

2252 5575 2414 5631 Vens.
2446 5578 2533 5632 15.
2554 5608 2623 5618 -
2646 5579 2716 5634 Et
2744 5589 2885 5634 terra
2912 5580 3151 5643 cessavit,
3180 5588 3289 5634 etc.
3315 5577 3543 5651 (Anam,
3574 5574 3749 5633 bona.

2180 5668 2246 5723 I9
2276 5669 2327 5723 in
2364 5667 2500 5735 Ios.)
2544 5670 2657 5724 Non
2706 5680 2803 5725 est
2834 5673 2936 5727 hoc
2979 5673 3238 5742 scriptum
3282 5672 3336 5726 in
3382 5670 3751 5745 distribution

2178 5763 2373 5831 Moysi,
2412 5764 2505 5817 sed
2530 5766 2581 5817 in
2614 5765 2993 5820 distributione
3022 5765 3170 5822 Iesu.
3210 5768 3267 5822 Si
3294 5782 3425 5837 ergo
3452 5764 3541 5821 vis
3564 5765 3747 5835 dignus

2178 5855 2336 5920 edici,
2366 5855 2455 5924 qui
2484 5855 2851 5912 hmlitatetn
2877 5862 3229 5927 consequaris
3270 5873 3301 5914 ι
3344 5857 3471 5914 Iesu
3490 5896 3507 5923 .
3542 5862 3742 5927 oportet
