4006 6352
226 434 339 492 ωτ

1229 424 1499 485 GLOSSA
1536 416 1935 480 ORDlNARlA.
1972 450 2042 461 --
2079 419 2207 476 LIB.
2243 418 2481 479 JOSUE.

3302 414 3307 423 ’
3388 426 3494 487 518

225 560 284 610 ιε
310 549 467 623 prius
485 546 669 605 omnia
700 547 840 603 δάιε
860 545 1017 604 ﬁnire
1054 556 1111 603 et
1140 547 1195 603 in
1223 561 1357 618 pace
1389 544 1717 605 consistere,
1748 547 1809 594 ut
1834 539 1886 599 Α
1910 537 2102 594 civitas
2133 539 2224 594 Dei
2255 547 2357 605 est,
2389 549 2445 596 et
2472 538 2596 596 fons
2621 539 2709 595 ille
2734 554 2897 611 supra
2923 541 3120 611 dictus,
3148 541 3344 601 ﬂuvius
3364 544 3493 603 clie-

219 644 291 702 de
320 641 504 699 carnis
534 649 641 697 tua
683 648 829 696 terra
874 640 1087 697 dicatur
1118 655 1134 696 :
1169 641 1295 712 quia
1340 640 1559 695 cessavit
1601 648 1741 695 terra
1780 654 1813 693 a

220 735 396 793 bellis.
1311 760 1321 772 -

824 800 1054 860 CAPUT
1097 801 1215 858 XV.

298 916 465 975 Vna.
492 914 545 971 1.
569 944 641 957 -
668 912 844 986 Igitur
885 930 1001 971 sors
1043 913 1277 985 ﬁliorum
1314 912 1497 979 ludar,
1534 921 1644 969 etc.
1674 911 1809 969 Cum

218 1007 565 1065 consuetudo
588 1004 660 1062 sit
694 1013 901 1063 sanctae
925 1004 1219 1076 Scriptura:
1254 1012 1486 1075 quatuor
1510 1011 1696 1075 partes
1723 1020 1813 1061 or-

217 1096 334 1164 bis,
363 1114 499 1169 quas
526 1112 658 1154 axes
696 1096 781 1153 vel
822 1097 1006 1169 plagas
1050 1097 1361 1163 nominant,
1406 1096 1708 1168 appellare,
1753 1096 1809 1153 in

217 1189 589 1261 descriptione
617 1186 804 1244 ﬁniu‘m
838 1190 1011 1246 tribus
1034 1188 1215 1254 Judte.
1245 1190 1362 1247 duae
1399 1198 1608 1249 tantum
1638 1190 1813 1247 nomi-

217 1290 445 1337 nuntur.
488 1280 557 1339 Et
600 1280 731 1350 facti
764 1290 920 1349 sunt,
950 1281 1117 1354 inquit
1138 1322 1153 1349 ,
1199 1281 1335 1352 ﬁnes
1368 1282 1597 1352 ﬁliorum
1640 1284 1809 1340 tribus

214 1370 370 1431 Iuda
392 1372 681 1429 secundum
711 1373 884 1442 plebes
920 1391 1099 1431 eorum
1145 1391 1178 1437 α
1222 1374 1414 1443 ﬁnibm
1456 1374 1739 1444 Idumam,
1776 1394 1810 1433 ο

214 1464 426 1521 deserto
454 1464 549 1522 Sin
572 1466 644 1521 ad
667 1468 1004 1525 occidentem.
1034 1469 1244 1525 Etcum
1270 1469 1647 1542 descripsisset
1674 1470 1811 1531 ﬁnes

216 1559 291 1616 ab
315 1561 619 1627 occidente,
642 1562 740 1629 ait,
767 1571 815 1617 et
841 1563 906 1618 ab
934 1565 1133 1621 oriente
1160 1582 1304 1621 mare
1335 1565 1532 1621 salsum
1549 1608 1564 1631 ,
1596 1576 1810 1638 septen—

215 1652 453 1709 trionem
478 1668 604 1709 vero
624 1661 682 1709 et
700 1655 980 1715 meridiem
1006 1658 1242 1712 reticuit.
1280 1657 1441 1715 Fines
1462 1673 1592 1729 ergo
1610 1657 1809 1715 Judaeae

214 1744 451 1814 proximi
480 1753 604 1801 sunt
632 1743 878 1805 ldum
905 1746 1125 1815 ﬁnibus,
1164 1764 1285 1819 quae
1309 1758 1521 1807 terrena
1546 1750 1809 1820 interpre-

216 1844 408 1891 tatur:
462 1845 586 1907 post
638 1847 855 1894 terrena
905 1840 1050 1896 enim
1098 1842 1285 1899 statim
1330 1851 1629 1913 sequuntur
1672 1843 1806 1901 lines

1920 637 2059 695 ctus,
2082 629 2321 686 laetificat
2356 630 2627 687 civitatem
2656 631 2753 687 Dei
2790 629 2962 702 (Psal.
2996 632 3142 705 xcv).
3174 634 3252 690 Tu
3281 653 3496 711 quoque

1914 721 1963 776 si
1993 722 2231 793 undique
2254 723 2495 779 munitus
2516 723 2613 789 sis,
2641 731 2697 779 et
2722 724 3068 785 continentiae
3090 741 3245 783 muro
3266 727 3497 783 circum-

1835 827 1842 835 '
1914 812 2101 877 datus,
2132 814 2405 883 patientia:
2434 823 2491 871 et
2516 815 2979 887 magnanimitatis
3018 816 3257 874 turribus
3294 817 3494 875 contir—

1913 913 2114 971 matus,
2145 903 2396 963 eﬂicieris
2424 906 2618 965 civitas
2644 907 2760 963 Dei.
2808 905 2866 965 Si
2904 922 3035 965 vero
3077 906 3143 962 ad
3182 910 3287 965 hoc
3312 908 3494 966 lumen

1913 1000 2155 1059 scientiae
2181 1000 2277 1057 llei
2312 999 2411 1057 tibi
2436 1000 2738 1067 addideris,
2765 1009 2819 1056 et
2848 1008 2900 1057 te
2925 1000 3005 1056 sol
3024 1001 3252 1073 justitiaa
3277 1002 3500 1061 irradia~

1912 1092 2091 1159 verit,
2118 1091 2366 1149 elIicieris
2390 1092 2585 1149 civitas
2617 1092 2767 1159 solis,
2792 1091 2880 1149 vel
2896 1092 3171 1151 civitatem
3194 1093 3324 1150 solis
3351 1102 3498 1151 sorte

1912 1184 2281 1243 hareditabis.
2310 1183 2369 1241 Si
2396 1194 2578 1243 autem
2607 1185 2661 1240 in
2692 1184 2808 1257 lege
2840 1182 2934 1241 Dei
2961 1185 3047 1241 die
3084 1201 3149 1243 ac
3189 1196 3348 1243 nocte
3381 1195 3498 1242 stu-

1913 1275 2119 1343 dueris,
2144 1283 2201 1330 et
2220 1275 2287 1331 de
2312 1291 2477 1331 manu
2504 1283 2595 1331 tua
2623 1275 2759 1332 liber
2784 1275 2918 1347 legis
2940 1290 3050 1335 non
3078 1276 3389 1345 recesserit,
3414 1275 3496 1335 ef-

1912 1366 2126 1424 ﬁcietur
2164 1366 2453 1422 haereditas
2498 1375 2589 1421 tua
2632 1367 2824 1422 civitas
2861 1367 3188 1423 litterarum.

1984 1460 2216 1531 (Anam,
2267 1462 2408 1515 hom.
2447 1460 2518 1515 20
2556 1460 2611 1515 in
2648 1459 2803 1533 los.)
2849 1459 2969 1527 Non
3011 1476 3202 1532 parum
3250 1462 3502 1520 utilitatis

1911 1550 2191 1607 confertur
2218 1552 2436 1621 animae,
2466 1562 2598 1619 etc.,
2629 1569 2792 1624 usque
2831 1552 2901 1606 ad
2928 1554 3023 1608 sed
3061 1569 3183 1609 cum
3224 1554 3503 1610 transierit

1911 1644 2029 1702 dies
2053 1662 2160 1702 una
2187 1655 2242 1703 et
2267 1646 2436 1703 altera
2461 1656 2516 1703 et
2544 1647 2701 1703 tertia
2720 1689 2734 1711 ,
2784 1663 2883 1703 suo
2920 1656 3162 1717 tempore
3195 1662 3294 1718 per
3319 1647 3501 1703 occul-

1912 1744 1997 1791 tos
2026 1744 2259 1803 meatus,
2298 1737 2466 1792 relata
2493 1737 2559 1791 ad
2591 1737 2767 1792 visum
2788 1777 2803 1801 ,
2845 1734 2950 1790 cibi
2985 1735 3071 1792 vel
3105 1736 3285 1807 poculi
3327 1736 3502 1792 virtus

1911 1828 2174 1897 paulatim
2206 1836 2400 1900 purgat
2422 1836 2718 1899 aspectum.

213 1923 438 1993 Jndteae,
467 1929 562 1987 sed
596 1946 628 1989 a
656 1931 881 1997 deserto,
920 1933 1121 2004 inquit,
1147 1932 1245 1991 Sin
1267 1975 1282 2000 ,
1326 1935 1377 1990 id
1420 1944 1503 1991 est
1555 1937 1810 1993 tentatio-

1985 1920 2150 1977 Vens.
2194 1921 2280 1976 15.
2312 1951 2381 1960 -
2416 1919 2574 1975 Caleb
2612 1935 2752 1974 vero.
2788 1917 3021 1991 (Anam,
3061 1919 3202 1973 hom.
3235 1916 3360 1991 20.)
3398 1916 3503 1974 lni-

214 2032 372 2075 num.
404 2018 537 2077 Post
568 2022 895 2080 tentationes
919 2038 1051 2096 ergo
1087 2034 1384 2096 sequuntur
1410 2024 1545 2083 ﬁnes
1581 2026 1811 2083 hzeredi-

213 2110 348 2167 tatis
373 2110 544 2169 .ludaz.
592 2110 786 2173 Oriens
833 2122 887 2171 et
932 2115 1198 2173 Occidens
1242 2116 1590 2175 nominantur
1633 2117 1806 2175 vicina

214 2201 359 2265 loca.
385 2221 506 2276 quae
534 2221 697 2276 supra
723 2207 976 2272 diximus,
1004 2209 1055 2263 id
1081 2219 1182 2274 est,
1213 2210 1468 2266 conﬁnia.
1492 2211 1659 2268 Vallis
1678 2228 1811 2284 quo-

214 2312 327 2368 que
356 2295 577 2371 Egypti
603 2298 781 2355 vicina
822 2299 1250 2359 occidentalibus
1274 2303 1519 2375 partibus
1553 2304 1808 2376 designa-

216 2397 337 2453 tur,
370 2406 491 2463 quze
534 2408 567 2449 a
610 2394 828 2451 deserto
861 2404 945 2452 est
978 2397 1045 2452 ad
1088 2395 1447 2453 occidentem.
1489 2395 1573 2452 Ab
1601 2398 1815 2455 oriente

212 2493 350 2536 vero
372 2481 665 2553 cinguntur
687 2483 823 2541 ﬁnes
845 2486 983 2541 mari
1006 2485 1168 2543 salso.
1200 2486 1330 2542 Post
1352 2488 1469 2543 haec
1493 2503 1525 2543 a
1562 2487 1809 2557 collibus,

213 2569 418 2642 inquit,
449 2574 540 2643 qui
569 2575 796 2630 tendunt
825 2576 895 2631 ad
919 2577 1255 2644 occidentem
1276 2618 1289 2641 ,
1321 2586 1378 2634 et
1408 2577 1534 2633 inde
1558 2579 1813 2634 ascendi-

216 2668 309 2717 tur
350 2660 420 2717 ab
447 2664 728 2721 occidente
760 2683 935 2738 usque
964 2668 1032 2723 ad
1066 2667 1433 2736 Cadesbarne,
1471 2677 1525 2724 et
1567 2670 1646 2725 sic
1685 2685 1813 2740 pro-

216 2753 464 2810 tenditur
488 2754 559 2811 ab
578 2757 857 2813 occidente
887 2759 955 2814 ad
984 2758 1178 2816 Cades.
1213 2760 1274 2816 [li
1307 2770 1432 2817 sunt
1462 2761 1596 2817 lines
1624 2777 1811 2818 eorum

216 2845 290 2901 ab
313 2843 521 2913 Africa,
549 2854 608 2907 et
634 2849 760 2905 inde
782 2850 1026 2921 perrexit
1050 2867 1225 2923 usque
1248 2853 1315 2909 ad
1342 2853 1536 2909 vallem
1566 2852 1807 2929 Egypti.

220 2935 361 2993 Vide
381 2939 658 3008 quomodo
685 2939 741 2996 in
763 2942 1061 2999 occidentis
1096 2946 1343 3013 partibus
1368 2946 1611 3005 Africum
1646 2947 1813 3019 1138)*-

218 3036 377 3102 ptum
406 3038 463 3087 et
482 3046 736 3088 occasum
770 3034 1036 3100 nominat,
1060 3044 1119 3090 ut
1146 3036 1283 3090 sciat
1308 3036 1411 3092 sibi
1443 3037 1673 3108 quisque
1696 3040 1814 3094 inec

216 3136 343 3179 esse
382 3124 748 3192 transeunda,
796 3134 851 3179 et
894 3126 969 3181 ita
1020 3128 1236 3182 demum
1280 3127 1347 3182 ad
1382 3127 1579 3183 tribum
1608 3129 1810 3199 regiam

215 3215 537 3286 pervenire,
572 3215 640 3271 de
661 3231 766 3286 qua
795 3225 948 3273 ortus
983 3226 1068 3273 est
1094 3216 1356 3273 Dominus
1384 3225 1584 3274 noster.
1612 3218 1655 3273 A
1690 3218 1813 3275 lini-

217 3303 325 3360 bus
356 3313 537 3361 autem
564 3305 810 3363 Idumam
835 3316 917 3362 est
957 3309 1229 3364 desertum
1255 3307 1386 3377 Sin;
1430 3309 1551 3366 ideo
1589 3326 1814 3368 necesse

215 3406 307 3452 est
341 3412 442 3453 nos
469 3398 705 3455 transire
744 3414 987 3455 eremum
1031 3400 1421 3467 tentationum,
1461 3410 1519 3457 ut
1542 3392 1813 3473 possimus

216 3489 508 3561 pervenire
535 3489 591 3544 in
631 3490 1002 3549 haereditatem
1036 3490 1269 3547 ﬁliorum
1295 3491 1454 3547 Juda.
1505 3494 1813 3550 Ascendere

216 3593 439 3649 quoque
466 3586 682 3650 oportet
706 3594 994 3639 ascensum
1027 3581 1249 3641 collium
1264 3581 1528 3649 Accabiu,
1560 3585 1705 3653 quod
1734 3583 1813 3639 in-

218 3676 556 3739 terpretatur
576 3672 914 3742 scorpiones,
943 3671 1071 3743 quia
1100 3672 1419 3729 transeundi
1444 3682 1573 3730 sunt
1602 3690 1633 3728 a
1658 3674 1811 3731 nobis

216 3769 279 3816 et
304 3762 550 3818 ealeandi
580 3766 915 3835 scorpiones,
950 3766 1017 3821 de
1045 3766 1243 3837 quibus
1271 3768 1500 3827 scribit:
1533 3768 1670 3825 Ecce
1690 3770 1815 3825 dedi

217 3851 366 3907 vobis
382 3864 687 3923 potestatem
707 3855 951 3921 cubandi
967 3874 1124 3928 super
1143 3867 1403 3929 serpentes
1422 3869 1470 3914 et
1492 3861 1808 3931 scorpiones,

216 3949 329 4000 etc.
359 3942 511 4014 (Luc.
537 3946 617 4018 ι.)
649 3945 753 4013 Qui
788 3962 919 4019 ergo
950 3948 1063 4003 vult
1092 3949 1305 4019 ingredi
1346 3949 1400 4007 in
1443 3951 1813 4009 hereditatem

218 4035 404 4093 tribus
445 4035 618 4104 ludat,
666 4041 927 4097 ascendat
968 4043 1101 4099 istas
1142 4043 1524 4111 aseensiones,
1555 4043 1729 4103 calcet
1758 4052 1815 4101 et

218 4129 423 4187 evadat
452 4131 555 4191 llos
595 4132 934 4203 scorpiones.
970 4133 1135 4191 Forte
1174 4135 1278 4191 hoc
1324 4135 1429 4192 iter
1463 4138 1639 4209 agenti
1673 4137 1812 4193 Eze-

217 4222 387 4280 chieli
412 4222 629 4281 dicebat
651 4224 931 4294 Dominus,
961 4224 1071 4281 Fili
1101 4228 1350 4292 heminis,
1373 4227 1428 4284 in
1467 4229 1639 4284 medio
1671 4245 1814 4284 scor-

214 4318 438 4389 pionum
464 4326 523 4372 tu
542 4318 751 4374 habitas
772 4318 987 4388 (Bacch.
1016 4319 1101 4391 ιι).
1143 4319 1213 4375 Et
1236 4328 1394 4391 sunt.
1437 4321 1642 4391 inquit,
1676 4320 1817 4379 lines

217 4425 398 4481 usque
431 4412 499 4467 ad
533 4410 901 4469 Cadesbarne.
933 4411 1111 4469 Cades
1150 4414 1536 4484 interpretatur
1565 4422 1812 4469 sanctum

216 4499 309 4556 vel
333 4500 709 4559 sanctiﬁcatio.
736 4501 903 4561 Fines
924 4518 1057 4575 ergo
1083 4501 1237 4561 Juda:
1270 4518 1443 4574 usque
1478 4503 1546 4560 ad
1570 4504 1815 4560 sanctiﬁ-

218 4592 494 4649 catiouem
521 4595 864 4664 perveniunt.
896 4594 1106 4652 Dicitur
1140 4595 1310 4653 etiam
1336 4596 1407 4651 ab
1430 4596 1659 4652 orientis
1687 4612 1803 4668 par-

220 4683 374 4739 tibus
398 4680 549 4739 Judae
584 4699 705 4740 esse
737 4700 886 4740 mare
915 4685 1118 4741 salsum
1139 4726 1154 4751 ,
1197 4694 1253 4741 et
1278 4694 1398 4757 post
1427 4687 1542 4742 hinc
1568 4688 1622 4743 in
1660 4697 1815 4758 parte
1838 4671 1895 4732 Ῑ)

217 4773 347 4846 ejus
374 4775 689 4833 nominatur
710 4774 836 4835 fons
861 4776 1013 4842 solis,
1041 4786 1101 4832 et
1128 4777 1325 4835 civitas
1360 4776 1512 4844 solis,
1536 4786 1592 4832 et
1626 4779 1682 4837 in
1720 4795 1813 4836 ea-

219 4866 350 4925 dem
374 4867 518 4927 tribu
541 4875 626 4937 est
648 4869 813 4937 etiam
842 4870 1039 4926 civitas
1064 4869 1392 4929 litterarum.
1422 4869 1651 4942 Oportet
1681 4887 1812 4944 ergo

213 4969 439 5018 Omnem
469 4958 563 5029 qui
591 4959 707 5019 Vult
730 4960 967 5019 introire
1003 4961 1059 5015 in
1100 4968 1314 5032 partem
1361 4960 1595 5018 ﬁliorum
1638 4960 1809 5029 inda,

216 5049 461 5108 transire
480 5050 633 5120 prius
657 5066 808 5108 mare
830 5052 1059 5120 salsum,
1099 5053 1153 5108 id
1175 5061 1284 5121 est,
1315 5052 1501 5111 mundi
1528 5051 1690 5123 hujus
1709 5069 1799 5109 un-

206 5138 326 5201 ‘das
354 5148 409 5197 et
432 5142 678 5213 turbines
700 5158 981 5216 superare,
1007 5153 1064 5201 et
1081 5144 1265 5201 omnia
1290 5145 1451 5216 hujus
1476 5144 1663 5203 mundi
1691 5159 1812 5201 eva-

224 5235 359 5292 dere
398 5250 519 5307 qua
544 5253 647 5309 pro
668 5239 757 5297 sui
783 5240 991 5299 incerto
1017 5250 1073 5299 et
1097 5241 1331 5311 lubrico,
1375 5242 1603 5301 marinis
1636 5241 1813 5301 ﬂucti-

224 5326 331 5384 bus
353 5338 756 5399 comparantur,
787 5340 849 5386 ut
868 5332 1039 5402 possit
1068 5333 1135 5389 ad
1164 5331 1365 5399 ludas:
1396 5342 1597 5393 terram
1623 5348 1801 5404 parve

222 5417 348 5475 nire
365 5458 382 5486 ,
406 5426 465 5483 et
487 5420 557 5479 ad
600 5420 804 5479 fontem
831 5422 962 5480 solis
982 5422 1232 5492 iustitiae,
1260 5425 1353 5494 qui
1397 5434 1485 5481 est
1506 5424 1625 5494 fons
1660 5440 1811 5495 aqua!

220 5507 463 5567 salientis
490 5511 546 5568 in
568 5512 726 5569 vitam
768 5523 1039 5580 internum,
1080 5522 1138 5569 et
1163 5522 1351 5585 postea
1385 5514 1663 5571 civitatem
1684 5514 1814 5573 solis

212 5599 449 5676 ivstitia:
476 5603 741 5662 invenire.
769 5606 867 5663 Est
889 5614 945 5662 et
968 5606 1024 5667 in
1050 5606 1292 5680 λεπριο
1315 5607 1508 5664 civitas
1533 5607 1683 5673 solis,
1717 5609 1813 5666 sed

220 5692 321 5753 illa
352 5682 510 5766 hujus
545 5697 674 5755 solis
712 5714 913 5755 nomen
952 5702 1159 5771 accepit
1185 5716 1344 5771 quem
1374 5701 1537 5759 Pater
1575 5701 1812 5757 caelestis

220 5788 363 5847 Oriri
384 5787 539 5858 jubet
562 5806 725 5862 super
747 5793 919 5847 bonos
938 5800 996 5847 et
1024 5794 1195 5850 malos
1219 5793 1435 5866 (Matth.
1462 5796 1539 5861 v).
1568 5792 1661 5847 Illa
1684 5808 1812 5847 vero

225 5893 353 5950 qua:
381 5888 468 5935 est
506 5879 560 5935 in
593 5878 775 5937 Judzea
794 5921 810 5949 ,
836 5889 1145 5937 sanctorum
1178 5891 1384 5938 tantum
1404 5881 1656 5947 edicitur,
1687 5882 1811 5953 quia

1915 2012 2046 2067 tium
2077 2012 2476 2069 distributionis
2515 2010 2659 2075 Jesu,
2699 2020 2842 2079 etc.,
2868 2026 3030 2083 usque
3068 2010 3139 2064 ad
3182 2009 3317 2065 Nota
3360 2009 3501 2081 quod

1912 2102 2076 2159 Caleb
2102 2104 2301 2160 dicitur
2324 2104 2465 2176 Illius
2489 2101 2755 2175 Jepbone,
2778 2112 2833 2159 et
2860 2101 3113 2159 Othoniel
3137 2102 3279 2159 filius
3298 2102 3501 2169 Cenez,

1912 2200 2005 2271 qui
2034 2210 2119 2256 cst
2145 2200 2307 2257 Caleb
2333 2200 2531 2270 iunior,
2556 2200 2611 2256 id
2637 2207 2723 2254 est
2746 2196 3195 2268 consanguineus.

1987 2291 2153 2349 Vens.
2190 2293 2273 2348 18.
2307 2324 2378 2333 -
2405 2292 2605 2348 Sedens
2639 2294 2693 2347 in
2718 2293 2889 2347 asino.
2915 2290 3037 2347 Cui.
3064 2291 3289 2363 (611136.,
3313 2291 3406 2347 lib.
3440 2306 3503 2348 ιιι

1914 2385 2152 2458 Dialog.,
2182 2403 2233 2441 c.
2258 2386 2374 2457 51.)
2397 2385 2513 2440 Ara
2542 2400 2709 2455 super
2740 2396 2956 2440 asinum
2986 2383 3160 2448 sedet,
3186 2393 3320 2449 etc.,
3343 2399 3505 2457 usque

1915 2479 1984 2532 ad
2015 2484 2077 2533 ut
2102 2478 2253 2549 prius
2292 2478 2554 2550 irriguum
2583 2477 2855 2549 superius,
2893 2483 2949 2532 et
2988 2485 3111 2547 post
3154 2475 3382 2533 inferius
3408 2490 3506 2551 po-

1913 2580 2157 2628 neretur.

1985 2685 2149 2741 Vens.
2183 2684 2271 2741 63.
2314 2713 2379 2726 —-
2414 2684 2717 2740 Iebusreum
2753 2694 2933 2739 autent
2969 2683 3319 2740 habitatorem
3343 2682 3505 2741 lent-

1911 2777 2077 2834 salem
2098 2794 2203 2832 non
2228 2785 2504 2849 potuerunt
2525 2776 2625 2846 [itii
2642 2775 2679 2830 1
2684 2777 2790 2831 uda
2810 2775 3002 2831 delere.
3024 2776 3248 2847 (Amm,
3269 2777 3409 2832 hom.
3438 2777 3497 2831 11

1911 2872 1967 2925 in
1979 2869 2121 2941 los.)
2145 2869 2499 2940 lntelligimus
2522 2868 2885 2940 spiritualiter
2901 2868 3179 2924 habitasse
3197 2866 3503 2925 Jebusarunt

1913 2976 2036 3017 cum
2068 2960 2268 3016 Judaris
2298 2960 2351 3016 in
2388 2958 2687 3017 Jerusalem
2714 2958 2887 3030 usque
2915 2959 2953 3015 it
3006 2968 3327 3030 praesentem
3355 2960 3501 3017 diem

1912 3050 2209 3105 secundum
2240 3049 2554 3121 parabolam
2583 3049 2884 3120 Evangelii,
2929 3057 3035 3105 etc.
3059 3089 3075 3115 ,
3114 3066 3277 3121 usque
3305 3050 3374 3105 ad
3400 3051 3505 3107 hos

1913 3156 2021 3196 non
2052 3148 2344 3211 potuerunt
2367 3140 2565 3212 ejicere
2590 3140 2688 3195 lilii
2713 3139 2851 3196 Juda
2891 3141 2959 3196 de
3000 3138 3299 3198 Jerusalem
3330 3156 3501 3213 usque

1919 3229 1973 3285 in
1998 3238 2321 3300 praesentem
2345 3232 2508 3287 diem.

1841 3285 1887 3349 (ί
1989 3285 2314 3387 labascunt,
2342 3285 2397 3379 id
2412 3285 2501 3378 est
2525 3322 3021 3389 conculcationem,
3058 3323 3373 3380 scandalum
3401 3326 3503 3381 sci-

1918 3412 2044 3468 licet
2068 3414 2124 3468 in
2150 3413 2395 3469 Ecclesia
2421 3413 2707 3480 facientes,
2738 3420 2792 3470 et
2821 3414 2914 3485 qui
2939 3422 3193 3484 percepta
3216 3415 3504 3486 mysterio-

1917 3519 2037 3558 rum
2070 3505 2287 3571 notitia,
2314 3505 2470 3561 verbi
2499 3505 2594 3561 Dei
2626 3506 2951 3563 marraritas
2986 3507 3347 3578 impugnanda
3372 3522 3501 3563 con-

1916 3597 2152 3653 calcant.

1987 3706 2193 3778 (03s.,
2216 3708 2309 3762 ubi
2325 3709 2534 3780 supra.)
2565 3707 2865 3765 Jerusalem
2885 3710 3038 3767 Visio
3059 3711 3208 3782 pacis
3237 3711 3503 3783 interpre-

1917 3804 2083 3864 tatur,
2109 3805 2240 3864 etc.,
2268 3815 2431 3871 usque
2463 3800 2534 3854 ad
2566 3799 2662 3856 sed
2692 3815 2801 3857 non
2824 3816 3017 3858 omnes
3039 3801 3199 3858 simul
3227 3802 3351 3875 ejici
3376 3818 3505 3874 pos-

1917 3902 2065 3949 sunt.

1988 4003 2057 4060 In
2098 4015 2404 4077 praesentem
2446 4008 2617 4075 diem,
2665 4008 2720 4065 id
2768 4016 2853 4066 est
2898 4010 3077 4068 saeculi
3117 4012 3503 4080 aeternitatem,

1862 4119 1871 4125 -
1916 4112 2068 4154 more
2105 4097 2419 4171 Scriptura.
2448 4100 2555 4158 Sed
2596 4102 2701 4159 hoc
2725 4103 2793 4160 ad
2823 4102 3059 4161 litteram
3084 4113 3232 4161 stare
3266 4120 3372 4162 non
3404 4122 3502 4177 po-

1917 4197 2057 4245 test:
2082 4180 2349 4261 quomodo
2374 4194 2519 4248 enim
2541 4191 2820 4251 Jebusaaus
2842 4195 3053 4251 habitat
3074 4210 3195 4251 cum
3218 4195 3344 4253 ﬁliis
3361 4195 3497 4253 Juda

1918 4279 1973 4335 in
2004 4278 2325 4347 Jerusalem,
2352 4285 2590 4354 quandiu
2622 4286 2780 4341 durat
2804 4287 2907 4342 hoc
2936 4286 3221 4353 sarculum,
3252 4302 3375 4343 cum
3399 4302 3502 4344 nec

1918 4371 2015 4427 ﬁlii
2038 4369 2175 4428 Juda
2203 4374 2451 4430 habitent
2479 4374 2553 4430 ibi
2584 4376 2639 4431 in
2670 4376 2967 4432 sarculum?

2511 4502 2741 4561 CAPUT
2775 4504 2915 4562 XVI.

1990 4617 2155 4672 Vens.
2188 4617 2238 4671 1.
2261 4647 2331 4658 -
2356 4616 2581 4683 Cecidit,
2605 4626 2710 4673 etc.
2742 4617 2899 4689 (Anc.
2919 4658 2936 4684 ,
2960 4629 3145 4691 quirat.
3175 4620 3243 4681 19
3270 4621 3329 4677 in
3354 4619 3497 4697 los.)

1919 4706 2194 4777 Sequitur.
2229 4706 2395 4763 Vnus.
2425 4708 2512 4762 ill.
2539 4738 2608 4749 —
2636 4707 3009 4781 Habitavitque
3034 4709 3391 4767 Cltananteus.
3430 4710 3499 4768 Et

1914 4799 2196 4855 habitabat
2216 4798 2555 4855 Chananaeus
2576 4799 2626 4852 in
2650 4799 3229 4874 Ephrem,etc.,usque
3251 4802 3323 4857 ad
3345 4802 3498 4860 Unde

1912 4897 2137 4961 apparet
2180 4904 2212 4944 a
2252 4888 2399 4945 LXX
2441 4890 2845 4961 interpositum,
2874 4893 2968 4963 qui
3003 4891 3207 4951 factum
3239 4908 3363 4951 esse
3399 4908 3498 4950 no-

1905 4989 2121 5039 VBl‘alll.

1983 5069 2201 5142 (GIBG.,
2232 5070 2327 5129 lib.
2353 5084 2408 5127 tv
2434 5069 2653 5140 March,
2676 5088 2728 5131 c.
2759 5073 2875 5147 22.)
2904 5074 3256 5144 Chananeus,
3280 5077 3496 5151 gentilis

1917 5162 2125 5219 scilicet
2146 5163 2376 5234 populus
2439 5171 2581 5232 etc.,
2610 5183 2774 5237 usque
2815 5166 2886 5224 ad
2925 5169 3072 5238 quod
3097 5184 3166 5226 ex
3200 5184 3261 5226 se
3288 5168 3496 5241 nntium

1916 5265 2024 5308 non
2055 5252 2275 5325 subigit.

1991 5343 2190 5415 (Anu.
2213 5385 2229 5412 ,
2260 5344 2399 5403 tam.
2439 5344 2503 5403 2t
2550 5348 2607 5405 in
2646 5336 3059 5420 los.)'Ephrem
3106 5349 3495 5422 interpretatur

1919 5436 2275 5507 fructi/icatio,
2303 5446 2434 5505 etc.,
2460 5455 2623 5511 usque
2640 5443 2711 5495 ad
2742 5439 2982 5511 Subjecit
3008 5441 3342 5501 Chananseos
3369 5442 3495 5499 ﬁliis

1917 5528 2173 5600 Ephrem.

2487 5666 2716 5724 CAPUT
2760 5666 2921 5726 XVII.

1993 5784 2155 5839 Vnus.
2186 5783 2273 5838 12.
2305 5815 2377 5825 -
2399 5783 2509 5838 Nec
2536 5792 2835 5855 potuerunt.
2868 5782 3065 5857 (Anu.
3088 5824 3103 5849 ,
3134 5788 3275 5840 hom.
3322 5782 3394 5841 22
3437 5786 3493 5841 in

1919 5879 2062 5934 los.)
2088 5876 2375 5933 Chananmi
2408 5876 2568 5930 tertio
2598 5875 2852 5930 dicuntur
2875 5890 2994 5933 esse
3016 5875 3069 5931 in
3093 5875 3218 5933 ﬁliis
3232 5876 3489 5951 Ephrem,
