4006 6352
486 405 598 518 519,

979 441 1373 502 WA‘LAFRIDI
1411 435 1659 498 STRABI
1695 433 1901 493 FULD.
1934 429 2079 488 ΜοΝ

2204 426 2297 483 PP.
2337 419 2518 480 PARS
2553 421 2595 477 I.
2633 451 2704 463 —
2742 417 3197 477 THEOLOGICA.

3644 411 3762 471 520

479 581 585 630 etc.
609 610 626 638 ,
679 581 840 639 usque
884 564 954 620 ad
1003 556 1355 619 exterminari
1400 571 1433 610 a
1473 552 1630 608 nobis
1671 548 1869 604 dicitur
1914 543 2056 600 Cha-
2082 552 2136 610 Α
2161 557 2224 597 ex
2270 537 2524 608 decalogo
2553 534 2687 604 legis
2709 573 2724 601 ,
2753 541 2807 588 et
2833 530 3162 602 quadrifario
3192 542 3420 586 numero
3443 528 3760 602 Evangelii,

482 678 788 826 "3233.,
833 762 974 802 nom.
1023 742 1140 814 22.)
1202 738 1334 795 Illud
1375 747 1590 807 quoque
1625 726 2059 802 praetereundum

483 824 586 909 est,
621 853 752 908 etc.,
779 854 939 910 usque
961 835 1030 890 ad
1058 835 1112 889 in
1137 831 1317 888 dotem
1346 824 1679 883 transcribit.

554 907 720 990 Vens.
754 907 1220 993 MJ—Locutique
1240 928 1380 975 sunt.
1404 915 1605 988 (Ontc.,
1631 913 1772 966 hom.
1798 907 1914 980 22.)
1934 908 2066 964 Post

484 1029 600 1083 haec
627 1021 918 1080 videndum
947 1023 1055 1082 est,
1081 1023 1212 1079 etc.,
1242 1025 1406 1083 usque
1431 1007 1500 1062 ad
1527 1013 1589 1063 ut
1616 1001 1880 1060 naturalis
1911 1001 2063 1070 vigor

485 1115 742 1187 ingenitas
774 1108 990 1166 virtutis
1015 1102 1287 1176 eﬁ'ulgeat.

557 1183 682 1267 Non
703 1207 982 1281 poterimus
1008 1201 1076 1256 ad
1104 1208 1370 1254 montana.
1398 1193 1619 1266 (Anam,
1638 1187 1792 1258 ibid.)
1812 1185 1930 1241 Non
1952 1183 2065 1240 suf-

483 1305 597 1362 ﬁcit
619 1277 774 1358 nobis
799 1312 975 1364 mons,
1001 1301 1133 1360 etc.,
1176 1304 1339 1360 usque
1367 1285 1435 1342 ad
1475 1283 1544 1340 de
1567 1280 1825 1340 lsraelitis
1860 1277 2066 1334 faciant

482 1397 836 1454 Chananaeos.

1044 1470 1272 1532 CAPUT
1309 1467 1494 1525 XVIII.

554 1601 718 1657 Vens.
745 1597 799 1654 6.
821 1625 894 1639 -—
916 1593 1126 1650 Mittam
1147 1588 1307 1645 vobis.
1335 1584 1558 1658 (Anam,
1582 1582 1722 1636 hom.
1749 1579 1822 1636 25
1845 1579 1902 1633 in
1923 1574 2065 1647 los.)

481 1697 541 1754 In
565 1689 953 1752 consuetudine
971 1683 1270 1746 hominum,
1302 1686 1436 1744 etc.,
1465 1690 1626 1746 usque
1655 1671 1723 1727 ad
1751 1678 1946 1727 utnon
1973 1668 2066 1724 alii

483 1793 705 1849 daretur
735 1782 1032 1848 terrestris,
1069 1793 1189 1850 quae
1211 1784 1296 1832 est
1327 1773 1498 1845 ﬁgura
1526 1767 1760 1826 ctelestis

553 1882 688 1954 (19.,
717 1880 858 1933 hom.
890 1872 1014 1945 25.)
1045 1868 1358 1928 Bethlebem
1399 1876 1614 1934 quoque
1639 1874 1748 1914 non
1773 1856 1890 1912 sine
1913 1863 2061 1922 certa

483 1947 696 2028 ratione
733 1969 790 2024 in
831 1966 1034 2022 fontem
1058 1961 1210 2019 Judae
1236 1956 1594 2019 discernitur,
1621 1959 1726 2008 etc.
1747 1989 1762 2015 ,
1795 1963 1955 2019 usque
1992 1947 2062 2001 ad

487 2055 948 2124 Unde‘Timotbeo
973 2057 1051 2112 ait
1075 2075 1088 2110 :
1122 2053 1326 2109 Memor
1355 2059 1461 2104 esto
1487 2045 1762 2101 uerborum
1786 2056 1905 2112 qua:
1926 2055 2064 2094 com-

483 2155 669 2212 mendo
695 2151 936 2223 ﬁdelibus
961 2145 1280 2211 hominibus,
1309 2149 1355 2197 et
1383 2140 1464 2194 Itis
1486 2137 1576 2210 qui
1595 2134 1771 2190 idonei
1793 2141 1912 2188 sunt
1933 2131 2066 2186 alios

488 2248 673 2306 docere
701 2244 786 2318 (Il
823 2241 958 2299 Tim.
990 2249 1075 2313 tt).

1079 2373 1307 2434 CAPUT
1343 2370 1483 2428 XIX.

559 2497 725 2554 Vens.
757 2494 810 2548 1.
837 2521 906 2532 --
931 2487 1216 2544 Filiorum.
1247 2483 1414 2556 (Anc.
1436 2522 1452 2548 ,
1479 2485 1666 2552 quiest.
1709 2475 1778 2530 20
1817 2473 1876 2528 in
1917 2469 2069 2542 los.)

491 2588 561 2647 Et
583 2585 930 2643 Amorrhaeus
957 2575 1255 2650 permansit
1279 2583 1340 2629 ut
1358 2570 1633 2628 habitaret
1652 2567 1708 2623 in
1736 2565 1893 2632 Elon,
1925 2569 2032 2618 etc.
2054 2600 2068 2626 ,

498 2696 662 2752 usque
689 2677 757 2732 ad
783 2674 926 2746 quod
957 2672 1047 2728 ille
1078 2686 1185 2726 non
1218 2666 1441 2722 faceret.

567 2747 790 2842 (ADAI.,
817 2766 957 2819 hom.
985 2761 1056 2818 at
1081 2761 1137 2814 in
1160 2757 1301 2830 Ias.)
1322 2757 1487 2813 Juxta
1506 2752 1651 2810 Lxx
1675 2749 1874 2808 mansit
1887 2747 2075 2804 Amor-

496 2866 678 2922 rhaeus
706 2859 954 2916 habitare
979 2856 1035 2910 in
1065 2854 1200 2909 Elon
1225 2861 1280 2908 et
1304 2850 1360 2905 in
1388 2846 1712 2909 Sannanim,
1747 2852 1850 2898 etc.
1869 2882 1886 2909 ,
1913 2855 2078 2912 usque

497 2958 566 3017 ad
598 2957 662 3013 Et
687 2953 936 3009 abierunt
963 2947 1061 3004 ﬁlii
1081 2945 1318 3017 Ephrem
1342 2952 1632 3012 peragrare
1663 2943 1864 2992 terram
1884 2946 2079 2990 secun-

501 3049 630 3105 dum
655 3045 791 3100 ﬁnes
812 3056 958 3098 suos.

572 3135 737 3190 Vens.
757 3132 846 3187 49.
869 3159 940 3171 -—
957 3126 1209 3198 Cumque.
1234 3123 1457 3196 (Amm,
1480 3120 1621 3176 hom.
1643 3116 1758 3188 24.)
1779 3115 1912 3172 Vide
1930 3129 2082 3170 man-

503 3228 843 3286 suetudinem
871 3232 926 3278 et
954 3220 1315 3277 humilitatem
1351 3217 1496 3282 Jesu,
1539 3222 1670 3279 etc.,
1710 3227 1872 3282 usque
1911 3209 1980 3262 ad
2020 3214 2082 3262 ut

499 3323 731 3379 libenter
753 3315 1012 3374 Dominus
1053 3312 1212 3370 Jesus
1251 3311 1485 3367 introeat
1517 3307 1698 3364 cordis
1734 3301 1908 3360 nostri
1949 3301 2080 3358 bos-

498 3416 716 3488 pitium.

1102 3494 1331 3554 CAPUT
1367 3494 1488 3552 XX.

573 3618 740 3675 Vens.
761 3617 818 3673 2.
833 3613 1170 3685 —Separate
1190 3609 1342 3664 urbes
1366 3607 1723 3680 fugitivorum,
1747 3610 1852 3658 etc.
1881 3599 2082 3674 (0mm,

503 3713 645 3768 hom.
680 3710 748 3767 54
788 3709 841 3763 in
888 3705 1077 3774 Num.)
1119 3702 1202 3758 Ad
1245 3701 1494 3757 civitates
1531 3695 1726 3768 refugii
1771 3693 2086 3765 confugiunt

507 3819 618 3860 non
641 3815 832 3858 omnes
852 3795 1151 3858 homicidae,
1168 3793 1260 3849 sed
1285 3793 1378 3863 qui
1401 3792 1714 3861 ignoranter
1734 3784 2088 3842 homicidium

507 3893 914 3951 commiserunt.
948 3886 1086 3943 Sunt
1113 3885 1256 3941 enim
1284 3883 1462 3952 aliqua
1491 3891 1734 3950 peccata,
1756 3893 1877 3947 quae
1896 3875 1941 3930 si
1963 3889 2088 3944 pro-

506 3985 683 4058 posito
707 3997 774 4038 ae
802 3979 1076 4036 voluntate
1109 3973 1528 4035 committimus,
1559 3969 1860 4025 homicidas
1886 3980 1984 4020 nos
2009 3965 2091 4018 l'a-

504 4078 675 4141 ciunt,
691 4085 745 4129 et
766 4080 888 4129 sunt
911 4071 1015 4127 alia
1039 4084 1158 4142 qua:
1174 4081 1298 4131 nos,
1323 4066 1368 4120 si
1392 4064 1704 4129 ignoranter
1730 4059 2086 4122 admittimus,

507 4167 816 4226 decernitur
841 4165 1026 4229 nobis,
1055 4161 1248 4223 credo,
1286 4165 1341 4212 et
1363 4162 1697 4225 praeparatur
1721 4167 1785 4206 ex
1818 4157 2089 4221 praecepto

503 4260 599 4317 Dei
629 4259 824 4330 aliquis
869 4257 1040 4319 locus,
1087 4250 1179 4306 ubi
1219 4247 1286 4302 ad
1329 4255 1535 4300 certum
1582 4251 1796 4312 tempus
1842 4240 2090 4295 habitare

505 4353 828 4414 debeamus,
858 4348 904 4403 si
933 4345 1026 4415 qui
1070 4357 1177 4398 non
1219 4338 1523 4395 voluntaria
1562 4343 1784 4408 peccata
1819 4333 2090 4389 commisi-

505 4456 646 4505 mus,
666 4440 708 4495 si
735 4448 915 4494 tamen
941 4432 1125 4488 mundi
1155 4429 1493 4486 inveniamur
1515 4427 1584 4482 ab
1611 4427 1694 4482 bis
1713 4425 1948 4497 peccatis
1969 4439 2090 4494 quae

505 4533 781 4590 voluntate
825 4527 1116 4586 commissa
1161 4532 1306 4580 sunt.
1356 4522 1426 4578 Et
1467 4521 1537 4577 ob
1582 4521 1688 4576 hoc
1733 4524 2090 4576 secernuntur

508 4629 751 4704 quaedam
783 4624 1032 4682 civitates
1058 4619 1272 4690 refugii.

1095 4751 1322 4811 CAPUT
1363 4749 1505 4807 XXI.

579 4898 745 4956 Vens.
777 4896 830 4952 1.
851 4922 925 4935 -—
947 4891 1303 4948 Accesserant.
1335 4887 1534 4961 (Anu.
1553 4926 1568 4952 ,
1593 4886 1735 4940 hom.
1769 4881 1839 4938 25
1865 4883 1922 4938 in
1946 4880 2087 4954 los.)

511 4990 710 5049 Omnes
746 4985 842 5042 ﬁlii
884 4983 1051 5042 Israel
1095 4987 1422 5053 acceperunt
1447 4987 1622 5035 sortes
1653 4989 1781 5032 suas
1821 4972 1878 5028 in
1920 4981 2088 5039 terra,

513 5093 644 5148 etc.,
670 5095 833 5152 usque
855 5077 925 5133 ad
946 5085 1001 5132 et
1029 5074 1306 5131 recumbet
1329 5088 1455 5130 cum
1471 5069 1768 5133 Abraham,
1800 5078 1923 5120 cum
1941 5062 2090 5119 Isaac

517 5187 570 5233 et
591 5173 756 5231 Jacob
788 5173 842 5227 in
873 5184 1038 5240 regno
1061 5167 1344 5225 ctelorum.

587 5267 893 5339 (ADAIAN'I‘.
917 5264 1057 5318 hom.
1084 5260 1198 5333 26.)
1222 5259 1398 5330 Supra
1418 5256 1619 5312 dictum
1646 5260 1751 5318 est,
1779 5259 1910 5319 etc.,
1931 5265 2094 5322 usque

515 5361 584 5416 ad
618 5362 804 5415 orbem
832 5367 991 5414 terra:
1017 5354 1291 5427 implevit,
1313 5362 1371 5408 et
1400 5350 1541 5406 dona
1568 5344 1833 5419 spiritalia
1867 5344 2092 5401 creden-

517 5453 661 5507 tibus
694 5451 900 5508 tribuit.

591 5545 753 5602 Vens.
780 5547 870 5602 59.
896 5576 965 5587 —
991 5543 1199 5613 Itaque.
1226 5535 1400 5610 (ιειυ.)
1435 5533 1587 5602 Quod
1608 5531 1959 5604 quadraginta
1981 5530 2098 5586 duas

469 5653 480 5659 “
519 5639 684 5694 urbes
709 5637 978 5708 accipiunt
1011 5632 1211 5687 Levitte
1234 5671 1248 5693 ,
1277 5625 1590 5698 praedicatio
1614 5623 1946 5695 signiﬁcatur
1973 5635 2097 5677 san-

2160 632 2311 704 quasi
2346 628 2708 700 quaterdenas
2755 625 2919 680 urbes
2967 624 3229 680 habentes
3280 641 3294 677 :
3344 621 3539 692 quibus
3585 624 3763 678 etiam

2160 725 2431 781 adduntur
2459 724 2610 786 duae;
2655 718 2782 789 quia
2813 726 3009 773 cuncta
3050 731 3172 789 quae
3216 715 3531 786 praedicant,
3557 715 3764 772 morali

2160 827 2216 875 et
2240 817 2470 889 mystico
2494 830 2657 870 sensu
2688 814 3034 868 annuntiant.

2231 909 2395 964 Vens.
2425 907 2516 963 41.
2534 905 2872 977 -—Deditque
2897 904 3172 960 Dominus.
3209 902 3392 976 (Anc.,
3418 913 3608 975 quiest.
3635 903 3766 972 21.)

2161 1001 2433 1071 Quaritur
2469 1015 2594 1057 cum
2620 998 2785 1055 Israel
2815 1013 2923 1054 non
2945 997 3118 1054 solum
3147 1011 3318 1067 usque
3344 997 3412 1051 ad
3435 996 3580 1052 diem
3604 1013 3764 1052 mor-

2161 1095 2235 1152 tis
2262 1094 2410 1161 Jesu,
2436 1100 2541 1148 etc.
2564 1133 2580 1158 ,
2607 1108 2770 1163 usque
2790 1090 2860 1145 ad
2878 1090 2992 1162 jam
3021 1089 3146 1146 data
3174 1085 3352 1144 luerat
3377 1088 3434 1144 in
3454 1088 3766 1160 quamdam

2163 1184 2570 1246 exercitationis
2593 1182 2900 1238 utilitatem.

2233 1279 2394 1336 Vens.
2429 1278 2520 1334 42.
2547 1307 2619 1318 —
2642 1275 2941 1347 Nullusque
2963 1274 3061 1329 eis.
3093 1272 3215 1338 (10.,
3239 1280 3426 1344 quam.
3453 1273 3573 1344 22.)
3604 1272 3770 1340 Quod

2167 1373 2264 1441 ait,
2294 1380 2402 1429 etc.
2423 1411 2439 1436 ,
2471 1385 2634 1442 usque
2676 1368 2748 1423 ad
2792 1375 3084 1437 antequam
3128 1363 3353 1436 singulis
3387 1362 3638 1420 tribubus
3663 1377 3772 1422 sua

2165 1465 2286 1524 loca
2311 1462 2646 1522 defendenda
2673 1461 3064 1518 dividerentur.

2743 1573 2970 1630 CAPUT
3005 1571 3169 1628 XXII.

2238 1672 2403 1728 Vens.
2437 1671 2490 1726 1.
2521 1698 2593 1710 -
2617 1666 2820 1723 Eodem
2860 1676 3110 1736 tempore.
3161 1663 3473 1736 (Anausin,
3503 1665 3651 1720 Itom.
3693 1665 3774 1722 26

2162 1766 2225 1821 in
2249 1763 2400 1836 loli.)
2429 1762 2732 1833 Congregat
2768 1759 2927 1816 Jesus
2961 1757 3103 1815 ﬁlios
3151 1757 3340 1814 Ruben
3381 1767 3438 1813 et
3459 1755 3601 1825 Gad,
3629 1767 3770 1828 etc.,

2168 1873 2333 1929 usque
2355 1855 2425 1910 ad
2451 1853 2599 1911 omni
2623 1853 2877 1924 impugna
2887 1851 3032 1906 tione
3056 1857 3324 1906 cessante.

2238 1949 2401 2006 Vens.
2430 1949 2518 2004 10.
2561 1977 2632 1986 -
2669 1943 2921 2015 Cumque:
2951 1941 3284 2014 (ADAIIANT.,
3319 1941 3459 1995 Itom.
3489 1938 3612 2010 26.)
3647 1939 3769 1996 Filii

2164 2041 2357 2098 Ruben
2379 2033 2580 2096 et‘Gad
2599 2045 2656 2094 et
2681 2035 2907 2092 dimidia
2935 2035 3112 2090 tribus
3141 2033 3409 2100 Manasse,
3435 2040 3570 2100 etc.,
3603 2050 3772 2104 usque

2167 2137 2236 2193 ad
2258 2137 2320 2191 ﬁt
2351 2150 2481 2208 ergo
2505 2148 2646 2189 unus
2674 2146 2807 2203 grex
2830 2170 2846 2198 ,
2877 2137 2934 2187 et
2961 2145 3104 2186 unus
3138 2137 3327 2199 pastor
3355 2146 3367 2183 :
3397 2126 3473 2184 illi
3493 2127 3633 2198 justi
3664 2168 3680 2194 ,
3719 2138 3774 2184 et

2167 2226 2259 2284 isti
2274 2224 2408 2294 justi
2431 2222 2754 2280 Christiani.

2240 2315 2404 2370 Villis.
2437 2313 2624 2368 n.—
2651 2309 2830 2365 Multi.
2888 2307 3139 2382 (Anam)
3195 2305 3433 2364 Cadebat
3482 2321 3619 2379 ergo
3673 2306 3774 2361 ali-

2169 2409 2384 2481 quando
2411 2406 2642 2479 populus
2666 2405 2724 2460 in
2750 2403 2965 2460 deserto
2987 2411 3042 2457 et
3069 2401 3418 2464 moriebatur,
3441 2407 3579 2463 etc.,
3601 2415 3771 2470 usque

2173 2503 2242 2558 ad
2268 2511 2324 2558 et
2345 2500 2436 2558 ubi
2478 2507 2562 2557 est
2589 2512 2750 2554 verus
2793 2494 2956 2553 Israel
3013 2495 3071 2552 in
3121 2493 3340 2552 Christo
3367 2491 3496 2550 Iesu
3533 2493 3773 2551 Domino

2173 2603 2380 2652 ιιοειιο.

2245 2687 2410 2744 Vens.
2437 2686 2528 2742 29.
2558 2716 2628 2727 --
2652 2685 2958 2742 Exstructo.
3001 2681 3185 2756 (Aura,
3219 2689 3407 2748 quasi.
3433 2677 3506 2736 52
3548 2679 3606 2734 in
3627 2676 3775 2750 Jos.)

2178 2781 2248 2837 Et
2270 2781 2325 2835 in
2349 2779 2623 2850 sacriﬁciis
2651 2777 2968 2833 salutarium
3018 2785 3337 2830 nostrorum.
3364 2771 3504 2840 Quia
3541 2769 3776 2841 plurali-

2180 2880 2263 2928 ter
2302 2871 2445 2926 dicta
2480 2878 2605 2925 sunt
2633 2867 2925 2936 sacriﬁcia,
2957 2874 3088 2933 etc.,
3120 2881 3280 2937 usque
3309 2863 3380 2919 ad
3427 2862 3594 2920 Solus
3622 2861 3776 2920 enim

2183 2965 2436 3022 Salvator
2464 2974 2550 3020 est
2581 2963 2698 3033 ipse

2744 3077 2972 3134 CAPUT
3011 3075 3196 3131 XXIII.

2257 3174 2420 3230 Vens.
2445 3173 2533 3227 14.
2559 3200 2630 3213 --
2651 3169 2737 3226 En
2759 3187 2852 3242 ego
2876 3169 3030 3224 hodie
3051 3165 3340 3239 ingrediar.
3366 3164 3552 3237 (Anc.,
3578 3173 3775 3235 quiest.

2108 3267 2156 3334 C
2185 3267 2302 3338 24.)
2341 3266 2494 3334 Quod
2520 3273 2700 3321 autem
2743 3264 2877 3321 dicit
2895 3263 3073 3327 Jesus,
3097 3270 3203 3318 etc.
3225 3302 3240 3329 ,
3263 3277 3424 3331 usque
3456 3259 3526 3314 ad
3553 3258 3681 3315 ideo
3721 3265 3780 3313 et

2183 3360 2274 3417 hic
2303 3359 2382 3416 ita
2401 3359 2506 3418 hoc
2530 3356 2757 3413 verbum
2787 3356 3202 3427 interpretatum
3228 3359 3332 3408 est.

2753 3488 2982 3546 CAPUT
3022 3487 3210 3543 XXIV.

2257 3586 2420 3642 Vens.
2470 3583 2524 3639 5.
2568 3614 2640 3626 —
2681 3581 2802 3637 Tuli
2850 3599 2972 3654 ergo
3026 3593 3227 3653 patrem
3280 3586 3526 3634 vestrum.
3587 3576 3780 3650 (Ana)

2187 3679 2337 3749 Quod
2365 3677 2509 3733 LXX
2537 3678 2771 3744 habent,
2802 3685 2907 3734 etc.
2931 3716 2945 3735 .
2973 3692 3136 3734 usaue
3174 3674 3243 3728 ad
3270 3672 3416 3745 quod
3451 3681 3536 3730 est
3582 3687 3779 3728 verum

2187 3783 2368 3825 semen
2399 3768 2654 3824 Abrahae.

2258 3861 2422 3916 Vens.
2449 3859 2536 3913 11.
2573 3888 2644 3898 -—
2683 3857 3078 3930 Pugnaverunt.
3115 3857 3299 3930 (Aus.,
3356 3863 3547 3926 quiest.
3596 3850 3666 3906 26
3719 3853 3776 3906 in

2186 3952 2326 4024 los.)
2349 3952 2560 4008 Clausis
2583 3951 2752 4023 portis
2789 3965 2848 4006 se
2878 3965 3159 4006 murorum
3206 3948 3414 4005 ambitu
3455 3943 3777 4010 tuebantur,

2186 4052 2318 4107 etc.,
2343 4059 2502 4114 usque
2531 4042 2599 4097 ad
2629 4051 2837 4097 armata
2861 4040 3122 4097 defensio.

2260 4138 2426 4194 Vens.
2457 4139 2544 4194 l2.
2573 4168 2644 4179 —
2678 4137 2990 4192 Crabrones.
3039 4135 3219 4207 (Auc.‘,
3244 4141 3411 4205 quasi
3437 4131 3557 4204 27.)
3587 4130 3732 4187 LXX
3759 4146 3775 4185 :

2198 4231 2413 4301 Vespus.
2441 4229 2498 4285 ld
2545 4237 2628 4284 est
2681 4227 2821 4283 forte
2854 4225 3172 4283 translative
3217 4225 3517 4280 acerrimos
3565 4223 3780 4277 timoris

2191 4324 2426 4389 aculeos,
2450 4323 2646 4392 quibus
2667 4320 3064 4392 quodammodo
3093 4319 3376 4375 timoribus
3397 4317 3780 4388 pungebantr

2190 4415 2455 4487 fugerent,
2481 4423 2574 4469 aut
2600 4428 2788 4469 aereos
2817 4411 3061 4468 occultos
3094 4410 3340 4481 spiritus,
3373 4407 3518 4478 quod
3546 4407 3600 4461 in
3629 4405 3780 4461 Psal-

2190 4509 2294 4564 mis
2336 4507 2553 4572 dicitur,
2583 4523 2673 4577 per
2715 4504 2928 4577 angelos
2955 4502 3144 4567 malos,
3177 4501 3281 4557 nisi
3324 4500 3448 4571 quis
3472 4499 3640 4564 dicat,
3671 4512 3777 4552 non

2191 4600 2370 4658 omnia
2396 4615 2518 4671 quae
2571 4597 2712 4656 facta
2768 4605 2895 4655 sunt
2939 4610 3060 4654 esse
3105 4596 3330 4667 scripta,
3357 4603 3415 4650 et
3440 4592 3572 4648 velit
3623 4605 3777 4648 veras

2192 4708 2384 4764 vespas
2413 4691 2661 4762 intelligi.

2265 4785 2428 4840 Vens.
2483 4781 2816 4840 l9.——Non
2873 4767 3130 4854 poteritis.
3179 4778 3575 4851 (Aue.,quaest.
3625 4775 3778 4832 28in

2192 4876 2336 4949 los.)
2362 4876 2477 4932 Non
2509 4875 2758 4947 poteritis
2807 4873 3015 4930 servire
3061 4870 3313 4938 Domino,
3343 4879 3478 4936 etc.,
3521 4865 3776 4940 usquead

2195 4979 2251 5027 et
2284 4978 2472 5041 postea
2526 4967 2989 5040 superabundaret
3029 4964 3206 5039 gratia
3257 4977 3356 5041 per
3395 4959 3579 5019 Iesum
3622 4959 3774 5017 Chri—

2196 5038 2362 5128 stum,
2392 5061 2487 5132 qui
2505 5038 2608 5118 est—
2620 5059 2743 5116 ﬁnis
2763 5058 2919 5130 legis.
3041 5038 3048 5039 ⁷
3299 5038 3303 5043 ’

2262 5151 2426 5208 Vens.
2459 5152 2551 5208 25.
2578 5182 2648 5194 -
2672 5150 2904 5222 Auferte.
2957 5148 3143 5220 (Auo.,
3189 5155 3378 5220 quiest.
3408 5144 3478 5202 29
3529 5145 3585 5199 in
3631 5140 3775 5210 los.)
3806 5191 3814 5198 .

2193 5243 2332 5312 Quid
2356 5252 2440 5298 est
2461 5243 2604 5313 quod
2631 5242 2727 5309 ait,
2751 5249 2881 5306 etc.,
2903 5257 3066 5312 usque
3087 5237 3156 5294 ad
3180 5257 3200 5295 :
3230 5238 3366 5310 facie
3389 5238 3460 5292 ad
3484 5237 3663 5292 ’aciem
3685 5249 3772 5288 co-

2195 5351 2506 5406 gnoscamus
2533 5350 2650 5389 eum
2676 5331 2730 5405 (Ι
2767 5330 2892 5388 Cor.
2923 5332 3072 5405 XIII).

2271 5427 2451 5500 (Auo.,
2473 5434 2661 5498 qutest.
2699 5423 2770 5480 50
2795 5425 2850 5480 in
2881 5421 3022 5493 los.)
3048 5421 3117 5477 Et
3156 5420 3414 5494 disposuit
3451 5417 3774 5474 Jesustesto-

2202 5533 2453 5588 mentum,
2496 5530 2601 5578 etc.
2651 5519 2779 5576 Haec
2822 5519 2986 5575 verba
3019 5517 3110 5588 qui
3140 5515 3302 5571 altius
3345 5517 3770 5585 pet-scrutantur,

2205 5626 2332 5683 etc.,
2349 5631 2510 5686 usque
2535 5613 2602 5668 ad
2620 5627 2638 5666 :
2656 5613 2746 5668 sed
2774 5628 2948 5666 omnes
2977 5625 3059 5666 me
3081 5608 3486 5680 dereliquerunt,
3507 5601 3640 5672 quod
3665 5615 3773 5654 ποι

520 5741 754 5798 ctorum.
784 5701 891 5802 Ipsi
925 5725 1071 5784 enim
1099 5721 1377 5798 possident
1403 5717 1726 5785 doctrinam,
1752 5732 1872 5788 quae
1893 5721 2101 5773 constat
2203 5708 2310 5765 illis
2345 5709 2625 5778 imputetur
2646 5703 2732 5777 (II
2774 5702 2910 5761 Tim.
2943 5701 3040 5775 tv).
