4006 6352
301 422 407 480 εει

1293 431 1558 490 GLOSSA
1595 432 1989 496 0RDINARIA.
2032 471 2101 485 --
2137 443 2263 501 LIB.
2298 444 2512 504 JUDIC.

3443 462 3551 522 53%

313 564 3538 670 MM

1487 704 1785 830 LIBER
1861 689 2348 793 JUDICUM.

1485 883 1743 942 Hebraice
1807 885 2084 944 SOPIIETIII
2129 889 2367 965 (nurui).

1711 1022 2114 1040 α*

874 1071 1258 1135 PREFATIO.

356 1204 680 1276 (ATHANAS.,
705 1205 763 1260 in
791 1205 1081 1283 (Synopsi.)
1123 1211 1360 1269 Vocatur
1401 1214 1493 1272 hic
1540 1214 1678 1273 liber
1719 1217 1866 1274 Judi-

275 1311 404 1352 cum
423 1337 440 1363 ,
469 1306 752 1370 propterea
780 1300 922 1371 quod
949 1311 1072 1370 post
1121 1317 1354 1362 mortem
1394 1306 1524 1363 Jesu
1566 1308 1734 1378 Nave,
1764 1327 1862 1382 po-

273 1390 467 1460 pulum
497 1407 654 1447 suum
687 1392 830 1448 Deus
859 1409 890 1448 a
918 1394 1119 1452 relictis
1156 1397 1585 1457 Chananaeorum
1615 1403 1866 1474 gentibus

272 1498 550 1553 pressum,
578 1499 676 1554 per
689 1483 901 1554 iudices
925 1489 1192 1556 servavit;
1213 1506 1443 1561 quorum
1463 1494 1569 1549 hoc
1591 1495 1864 1552 volumine

273 1576 617 1646 singulorum
663 1576 802 1634 facta
852 1587 906 1659 et
944 1581 1071 1638 vitae
1118 1595 1332 1654 tempus
1358 1589 1720 1656 continentur,
1752 1599 1855 1647 etc.

273 1665 529 1723 Fuerunt
569 1677 751 1725 autem
793 1687 1020 1728 numero
1057 1675 1316 1732 tredecim
1354 1697 1366 1732 :
1398 1687 1455 1734 et
1489 1681 1615 1735 anni
1644 1679 1859 1737 illorum

267 1756 499 1813 fuerunt
534 1759 911 1832 quadringenti
940 1773 994 1819 et
1022 1765 1291 1822 undecim.

349 1848 528 1919 (Ism.,
558 1851 616 1904 in
639 1850 728 1904 lib.
746 1850 952 1922 ludia,
969 1869 1088 1926 cap.
1115 1855 1189 1930 1.)
1215 1856 1450 1915 Historia
1469 1860 1592 1917 libri
1612 1861 1857 1920 Iudicum
1901 1833 1910 1842 '

269 1957 382 1998 non
428 1959 596 2014 parva
647 1947 1027 2016 mysteriorum
1075 1950 1280 2006 indicat
1314 1964 1672 2012 sacramenta.
1729 1957 1860 2012 Post

265 2029 434 2088 Josue
475 2035 622 2090 enim
648 2039 944 2094 succedunt
970 2038 1205 2109 Iudices,
1231 2042 1372 2098 sicut
1413 2055 1534 2116 post
1581 2045 1856 2106 Christum

265 2128 500 2198 apostoli
525 2137 581 2185 et
619 2131 970 2187 ecclesiarum
997 2145 1237 2191 rectores
1267 2137 1335 2191 ad
1359 2139 1624 2209 regendos
1645 2139 1850 2208 ﬁdeles,
1901 2223 1905 2228 _

263 2234 403 2290 quos
433 2219 552 2290 ipse
605 2221 676 2276 ad
713 2235 862 2292 spem
892 2224 1267 2294 promissionis
1312 2235 1528 2285 aeternae
1575 2231 1845 2300 perducit.

256 2399 460 2456 delicta
482 2443 497 2467 ,
525 2410 583 2458 et
627 2404 862 2460 servitus
891 2404 1201 2478 clamorque
1245 2426 1432 2468 eorum
1459 2421 1517 2470 et
1566 2415 1845 2474 miseratio

253 2491 354 2548 Dei
382 2495 748 2552 continentur.
775 2495 958 2553 Multis
985 2500 1132 2555 enim
1160 2503 1318 2560 annis
1339 2519 1440 2575 pro
1462 2509 1700 2577 peccatis
1729 2510 1844 2566 suis

253 2586 584 2654 servierunt,
635 2597 688 2644 et
731 2591 979 2646 conversi
1011 2591 1226 2648 liberati
1262 2602 1426 2650 sunt:
1463 2598 1588 2667 quia
1617 2609 1841 2671 peccata

251 2686 441 2734 nostra
479 2681 624 2736 vires
678 2682 925 2740 hostibus
977 2685 1249 2755 praebent;
1295 2697 1348 2744 et
1389 2693 1603 2760 quando
1639 2695 1841 2752 malum

248 2767 487 2825 facimus
509 2771 564 2826 in
589 2783 881 2844 conspectu
923 2775 1158 2844 Domini,
1189 2779 1566 2840 eonfortantur
1589 2785 1843 2844 adversa-

247 2860 317 2914 rii
347 2865 542 2930 nostri,
569 2864 621 2920 id
649 2874 731 2922 est
759 2867 1049 2925 daemones.
1082 2869 1216 2926 Cum
1241 2884 1421 2930 autem
1446 2880 1836 2948 convertimur,

247 2953 639 3012 suscitatDeus
659 2957 870 3028 judices
898 2971 952 3017 et
979 2963 1301 3033 salvatores,
1343 2967 1398 3022 id
1439 2975 1524 3025 est
1544 2971 1837 3043 .principes

243 3053 302 3100 et
338 3046 590 3105 doctores
627 3068 763 3122 quos
793 3055 959 3110 mittit
984 3057 1039 3112 in
1074 3059 1332 3116 auxilium
1361 3077 1551 3120 eorum
1597 3067 1691 3137 qui
1722 3075 1836 3124 toto

243 3137 413 3194 corde
437 3139 676 3196 clamant
701 3144 769 3199 ad
791 3145 980 3209 Deum.
1021 3217 1035 3230 _

319 3230 504 3302 (Auo.,
545 3245 728 3306 quam.
759 3237 785 3290 1
832 3239 890 3292 in
930 3239 1022 3295 lib.
1051 3239 1258 3317 Judic.)
1284 3245 1360 3313 In
1403 3245 1510 3304 ﬁne
1534 3247 1660 3305 libri
1703 3248 1831 3308 Jesu

239 3321 396 3379 Nave
422 3326 664 3383 breviter
689 3339 943 3386 narrator
965 3335 1209 3402 porrexit
1237 3337 1521 3396 historiam
1551 3355 1833 3414 quousque

237 3410 342 3470 ﬁlii
395 3415 560 3472 lsrael
609 3419 678 3474 ad
725 3420 978 3479 colendos
1005 3424 1136 3482 deos
1165 3427 1371 3487 alienos
1401 3410 1827 3492 declinaverunt.

235 3501 300 3558 In
348 3507 452 3562 hoc
491 3519 670 3564 autem
712 3509 852 3567 libro
897 3514 965 3568 ad
1013 3516 1260 3573 ordinem
1290 3520 1513 3588 reditur,
1559 3526 1830 3594 quomodo

237 3601 630 3669 consequentia
658 3612 811 3674 gesta
835 3602 1042 3661 fuerint
1079 3618 1204 3679 post
1233 3620 1463 3668 mortem
1487 3613 1612 3670 Jesu
1658 3615 1824 3672 Nave.

232 3685 362 3745 Non
391 3706 520 3764 ergo
549 3695 617 3750 ab
641 3695 732 3751 illo
778 3705 1024 3770 tempore
1053 3699 1245 3773 incipit
1274 3703 1431 3771 liber,
1461 3721 1570 3777 quo
1594 3711 1826 3782 populus

233 3778 308 3833 ad
333 3779 560 3838 colenda
577 3784 865 3845 simulacra
891 3788 1114 3846 deﬂuxit
1139 3811 1153 3846 :
1179 3793 1275 3849 sed
1289 3810 1320 3849 a
1340 3778 1632 3866 prioribus,
1657 3778 1825 3856 inter-
1853 3830 1898 3895 ρ

231 3873 431 3942 positis
459 3879 811 3948 temporibus,
851 3883 1048 3952 quibus
1072 3899 1137 3942 ea
1181 3896 1332 3960 gesta
1353 3900 1510 3964 sunt,
1537 3904 1825 3968 postquam

229 3963 306 4019 ad
335 3964 426 4020 illa
453 3971 719 4038 pervenit.

751 4083 975 4146 CAPUT
1008 4089 1297 4152 PRIMUM.

305 4187 472 4284 Vens.
511 4190 567 4247 2.
593 4223 666 4233 -—-
694 4195 942 4272 Dixitque
993 4201 1254 4262 Dominus
1281 4221 1301 4260 :
1339 4207 1515 4266 ludas
1555 4214 1820 4284 ascendet,

223 4283 338 4372 etc.
370 4278 495 4351 (10.,
520 4293 705 4354 quaest.
751 4286 832 4360 2.)
876 4288 1148 4357 Quaeritur
1178 4303 1358 4353 utrum
1413 4299 1609 4372 aliquis
1659 4278 1822 4362 homo

222 4363 400 4423 Iudas
433 4372 757 4442 vocabatur,
791 4391 860 4432 an
889 4377 1059 4449 ipsam
1095 4383 1293 4440 tribum
1323 4385 1390 4443 de
1419 4363 1572 4445 more
1606 4391 1685 4448 sic
1723 4410 1820 4466 ap—

223 4457 459 4528 pellavit
476 4502 492 4527 ,
529 4471 661 4532 etc.,
689 4482 850 4538 usque
877 4471 946 4524 ad
995 4479 1124 4530 tunc
1152 4487 1427 4551 assumpta
1447 4481 1613 4539 etiam
1644 4457 1817 4544 tribus

224 4546 454 4607 Simeon
483 4556 552 4610 ad
589 4562 956 4631 pugnandum.

302 4643 470 4700 Vens.
499 4648 589 4702 I2.
618 4651 975 4726 ——Dia:itque,
997 4667 1106 4715 etc.
1138 4661 1329 4733 (Auc.,
1354 4676 1540 4738 quaest.
1564 4668 1644 4743 '5.)
1681 4671 1813 4737 Qui-

222 4750 434 4805 cunque
456 4744 768 4808 percusserit
788 4747 1049 4803 civitatem
1072 4749 1365 4810 litterarum
1388 4766 1438 4811 et
1468 4761 1656 4830 ceperit
1677 4778 1811 4832 eam,

220 4830 366 4886 dabo
404 4834 452 4887 ei
489 4834 658 4904 ﬁliam
687 4855 856 4896 meam
901 4844 959 4897 in
1013 4861 1250 4901 umorem.
1291 4847 1407 4906 Hoc
1433 4850 1490 4906 in
1517 4851 1655 4910 libro
1685 4830 1813 4912 Jesu

218 4933 588 4980 memoratum
613 4937 718 4996 est,
747 4939 878 4998 etc.,
909 4950 1070 5005 usque
1095 4936 1165 4991 ad
1207 4953 1309 4995 nec
1353 4949 1534 4997 tamen
1579 4945 1670 5001 hic
1698 4945 1814 5002 fru-

217 5021 338 5066 stra
359 5013 596 5072 arbitror
617 5019 720 5075 hoc
741 5022 807 5076 de
833 5021 944 5078 ﬁlia
985 5023 1148 5082 Caleb
1181 5027 1306 5084 data
1333 5029 1388 5086 in
1433 5031 1656 5090 victoris
1676 5051 1813 5106 prae-

217 5103 398 5158 mium
421 5105 506 5160 bis
529 5106 864 5180 Scripturam
895 5129 1246 5174 memorasse.

1887 1094 1938 1155 Α
1967 1087 2306 1144 haereditavit
2327 1088 2598 1150 Manasses
2622 1095 3021 1169 Bethsan,etc.,
3050 1121 3210 1179 usque
3239 1113 3310 1167 ad
3321 1116 3540 1176 univer-

1966 1192 2082 1233 sam
2103 1194 2239 1249 pene
2263 1179 2448 1236 Asiam
2474 1181 2702 1254 Scythas
2722 1189 3009 1262 aliquando
3029 1200 3288 1258 tenuisse.

2033 1267 2196 1326 Vens.
2228 1271 2315 1327 54.
2340 1304 2409 1314 -
2435 1275 2783 1351 Arctavitque.
2811 1282 2994 1354 (Auc.,
3014 1301 3199 1360 quazst.
3219 1295 3280 1350 11
3310 1298 3367 1352 in
3383 1300 3538 1375 Jud.)

1964 1359 2035 1415 Et
2061 1363 2426 1420 contribulavit
2457 1367 2789 1429 Amorrlueos
2809 1377 2949 1445 ﬁlios
2969 1359 3089 1437 Dan
3115 1385 3171 1439 in
3195 1399 3386 1456 monte,
3409 1359 3546 1463 quo;

1963 1452 2106 1506 niam
2141 1470 2246 1509 non
2275 1458 2506 1525 permisit
2527 1477 2612 1514 eos
2634 1463 2961 1535 descendere,
2993 1479 3099 1528 etc.
3133 1473 3244 1531 Hoc
3271 1452 3450 1534 autem
3482 1483 3535 1536 in

1962 1539 2103 1597 libro
2145 1543 2272 1600 Iesu
2331 1546 2477 1604 Nave
2528 1560 2953 1629 praeoccupando
2997 1577 3352 1625 memoratum
3405 1581 3532 1638 est;

1963 1630 2055 1689 hic
2082 1644 2260 1692 autem
2287 1640 2706 1711 recapitulando.

2575 1779 2802 1839 CAPUT
2838 1784 2903 1841 II.

2026 1901 2191 1959 Vens.
2225 1904 2278 1959 1.
2299 1907 2736 1983 -Αδσεηάὶεᾳαε
2767 1915 3004 1986 angelus.
3036 1917 3218 1990 (AUG.,
3243 1935 3428 1994 quaest.
3465 1930 3534 1984 i2

1955 1993 2010 2048 in
2027 1993 2182 2067 Jud.)
2209 1996 2273 2053 Et
2305 2002 2549 2058 ascendit
2588 2005 2811 2077 angelus
2837 2009 3069 2080 Domini,
3101 2022 3232 2082 etc.,
3265 2035 3429 2091 usque
3459 2023 3534 2080 ad

1955 2085 2096 2154 quod
2131 2085 2206 2142 ibi
2231 2093 2660 2162 praeoccupando
2688 2101 3029 2156 memoravit.

2025 2177 2186 2236 VEls.
2219 2181 2359 2236 5.-
2379 2182 2730 2249 Quamobrem
2757 2192 2905 2248 nolui
2922 2195 3110 2252 delere.
3137 2201 3316 2271 (Aum,
3343 2217 3526 2276 qtta’sl.

1836 2270 1848 2355 ξ
1953 2267 2022 2322 15
2061 2269 2116 2322 in
2145 2269 2300 2344 Iud.)
2344 2273 2478 2330 llinc
2517 2277 2865 2351 intelligimus
2903 2267 3156 2355 quaedam.
3194 2307 3260 2347 ex
3302 2267 3391 2350 ira
3430 2297 3528 2354 Dei

549 2311 560 2322 .
852 2313 864 2324 .
1271 2317 1284 2330 ο
1547 2322 1560 2336 .
1600 2323 1614 2336 .
1836 2317 1848 2330 ο
1893 2311 1909 2338 ;.⁴
1958 2307 2021 2322 ιν
2062 2307 2116 2322 ιη
2145 2307 2300 2344 νων-ο]
2344 2307 2478 2330 utut;
2517 2307 2865 2351 ιιιισυιδιιιιυδ
2903 2307 3148 2355 quamam
3194 2307 3260 2347 ex
3311 2311 3391 2350 Ira
3430 2307 3528 2354 Ι.)θί

255 2307 364 2364 Per
413 2324 598 2366 omnia
635 2321 818 2416 autcf“
849 2329 906 2368 m
953 2315 1057 2370 hoc
1085 2316 1359 2374 volumine
1402 2319 1849 2430 Juda'c'.p°pu.ll
1894 2351 1902 2412 ’ί
1951 2361 2136 2419 venire
2180 2375 2421 2434 peccata.
2474 2367 2546 2424 Ut
2589 2371 2733 2427 enim
2781 2375 2854 2430 dii
2897 2379 3161 2449 gentium,
3209 2383 3352 2440 inter
3391 2403 3528 2457 quas

256 2399 460 2456 delicta
482 2443 497 2457 .
525 2410 583 2457 et
627 2413 862 2457 servrtus
891 2404 1201 2457 clamorque
1245 2426 1430 2457 eorum
1459 2421 1516 2457 ρι
1567 2425 1845 2457 mnam-ann

1871 2468 1919 2529 Β
1950 2467 2056 2508 non
2103 2458 2490 2515 exterminatas
2522 2461 2778 2520 Israelitae
2807 2467 3054 2527 habitare
3094 2474 3400 2546 voluerunt,
3441 2495 3529 2537 es-

1948 2553 2069 2602 sent
2089 2548 2170 2603 eis
2197 2549 2252 2603 in
2278 2551 2613 2620 scandalum,
2642 2556 2698 2610 id
2725 2567 2830 2624 est,
2860 2559 3102 2620 facerent
3132 2582 3226 2624 eos
3254 2573 3524 2629 scandali-

1944 2638 2058 2692 zari
2111 2640 2165 2695 in
2191 2639 2304 2697 Deo
2333 2657 2453 2710 suo,
2505 2659 2680 2716 eoque
2726 2646 2928 2706 oﬂ‘enso
2972 2654 3184 2723 vivere,
3239 2659 3524 2734 indignans

1943 2730 2307 2788 comminatus
2355 2734 2628 2803 estDeus,
2661 2741 2806 2808 quod
2857 2744 3206 2803 manifestum
3259 2730 3377 2818 est,
3405 2771 3524 2810 ma.

1941 2835 2107 2890 gnum
2133 2837 2252 2879 esse
2277 2835 2581 2895 peccatum.

2012 2913 2221 2972 Dimisit
2253 2937 2374 2990 ergo
2400 2919 2584 2978 Iosue.
2618 2923 2802 2998 (Ana)
2838 2925 2952 2984 Hoc
2980 2945 3078 3000 per
3105 2935 3516 3006 recapitulatio-

1937 3021 2064 3062 nem
2092 3009 2338 3067 iteratur.
2370 3012 2506 3069 Nam
2542 3023 2598 3070 et
2625 3032 2771 3073 mors
2800 3015 2928 3074 Jesu
2959 3020 3106 3078 Nave
3147 3025 3200 3080 in
3242 3027 3346 3084 hoc
3378 3029 3517 3087 libro

1936 3113 2288 3172 memoratur,
2319 3115 2377 3161 ut
2405 3115 2660 3178 tanquam
2690 3112 2759 3166 ab
2788 3113 3012 3168 exordio
3050 3117 3290 3174 breviter
3319 3135 3517 3179 cuncta

1934 3190 2298 3264 insinuentur,
2340 3213 2408 3253 ex
2451 3215 2559 3269 quo
2598 3200 2746 3256 dedit
2785 3203 2866 3258 eis
2903 3205 3164 3263 Dominus
3196 3219 3417 3280 terram,
3463 3226 3518 3270 et

1934 3286 2206 3352 quomodo
2247 3288 2347 3344 sub
2388 3287 2664 3358 iudicibus
2690 3293 2950 3361 vixerint,
2988 3299 3074 3353 vel
3112 3315 3232 3370 qua:
3271 3307 3516 3376 perpessi

1933 3376 2074 3446 sint;
2103 3388 2160 3434 et
2188 3381 2404 3449 iterum,
2437 3384 2642 3440 reditur
2667 3387 2732 3442 ad
2757 3385 2998 3456 judicum
3048 3393 3316 3461 ordinem,
3345 3396 3413 3452 ab
3441 3413 3508 3453 eo

1933 3469 2026 3538 qui
2054 3469 2265 3540 primus
2303 3482 2389 3530 est
2423 3478 2772 3534 constitutus.

2000 3560 2164 3616 Vens.
2191 3563 2243 3618 7.
2261 3595 2332 3604 -—-
2353 3565 2423 3620 Et
2445 3568 2730 3624 seniorum.
2761 3568 3052 3641 (Anium,
3083 3577 3222 3632 hom.
3241 3579 3266 3632 1
3285 3580 3340 3634 in
3353 3579 3510 3655 Jud.)

1930 3650 2186 3712 Seniores
2211 3658 2303 3729 qui
2338 3674 2462 3714 cum
2482 3658 2608 3716 Jesu
2639 3663 2725 3718 vel
2753 3673 2875 3734 post
2893 3665 3076 3722 Iesum
3103 3667 3340 3739 fuerunt,
3376 3650 3506 3742 etc.,

1928 3760 2090 3815 usque
2113 3747 2182 3801 ad
2204 3749 2320 3806 dies
2340 3765 2471 3807 vero
2498 3753 2773 3810 seniorum
2803 3764 3114 3815 sanctorum
3133 3760 3360 3834 longaevi
3380 3776 3506 3822 sunt

1928 3843 1984 3892 et
2007 3838 2226 3908 prolixi.

1995 3951 2157 4008 Vens.
2193 3953 2248 4010 8.
2272 3981 2344 3996 ν·-
2367 3956 2610 4014 Mortuus
2655 3969 2754 4016 est.
2798 3959 2923 4034 (11).,
2954 3963 3096 4020 hom.
3129 3965 3209 4040 2.)
3242 3967 3302 4024 In
3337 3969 3502 4028 Paulo

1923 4041 2058 4098 vivit
2074 4041 2252 4112 Jesus,
2272 4055 2402 4115 etc.,
2417 4049 2664 4122 usque'ad
2676 4060 2732 4108 et
2751 4055 2988 4112 surrexit
3007 4061 3285 4129 generatio
3307 4061 3499 4131 altera,

1921 4151 2041 4208 quae
2067 4141 2344 4200 nesciebat
2367 4144 2575 4215 Iesum,
2605 4157 2711 4204 etc.

1991 4229 2287 4302 (Annam,
2317 4235 2459 4292 hom.
2490 4238 2572 4310 2.)
2631 4240 3061 4317 Servieruntque
3105 4248 3329 4321 Baalim,
3361 4264 3492 4325 etc.,

1919 4341 2080 4396 usque
2109 4329 2178 4382 ad
2205 4337 2316 4385 tota
2339 4331 2520 4388 anima
2547 4341 2602 4388 et
2632 4335 2762 4391 totis
2783 4337 2991 4396 viribus
3015 4341 3314 4414 diligimus:
3353 4348 3493 4406 idola

1920 4420 2232 4478 adoramus.

1989 4527 2152 4586 Vens.
2200 4531 2286 4588 I5.
2311 4534 2581 4607 —(Auc.,
2631 4549 2816 4611 quiest.
2847 4542 2915 4598 16
2960 4544 3018 4600 in
3062 4546 3152 4602 lib.
3179 4549 3385 4627 Judic.)
3423 4557 3492 4612 Et

1916 4625 2200 4680 servierunt
2235 4625 2374 4681 Baal
2407 4638 2454 4684 et
2480 4631 2798 4689 Astartibus.
2834 4635 3042 4694 Dicitur
3063 4639 3192 4697 Baal
3235 4625 3491 4705 essebo-

1914 4731 2038 4772 men
2065 4715 2213 4774 Jovis
2237 4720 2379 4791 apud
2403 4721 2523 4778 illas
2552 4734 2762 4796 gentes,
2791 4735 2922 4797 etc.,
2950 4747 3115 4803 usque
3134 4735 3204 4789 ad
3223 4733 3488 4796 Iunonem

1913 4808 2195 4879 pluraliter
2223 4816 2513 4870 memorari
2540 4815 2792 4875 voluisse.

1985 4900 2167 4973 (Aua.,
2195 4915 2380 4974 quiest.
2411 4905 2522 4978 17.)
2577 4908 2684 4964 Sed
2717 4919 2772 4966 et
2808 4912 2863 4967 in
2891 4916 3117 4986 psalmo,
3153 4929 3280 4988 etc.,
3326 4940 3486 4994 usque

1913 4994 1981 5048 ad
2010 5011 2118 5052 non
2145 4999 2319 5067 pretio
2349 5000 2660 5070 pecuniaria
2689 5001 2906 5061 fuerant
2931 5009 3248 5067 redimendi.

1981 5086 2142 5142 Vens.
2175 5088 2262 5142 M.
2279 5120 2349 5130 ——
2365 5089 2645 5163 [ratusque
2663 5091 2942 5153 Dominus.
2972 5097 3172 5168 l0nrc.,
3197 5103 3337 5158 hom.
3369 5106 3404 5160 2
3429 5110 3485 5164 in

295 5151 864 5260 ““(ggf
1275 5225 1458 5286 quam.
1489 5218 1525 5274 5
1557 5151 1613 5275 ὲκ
1649 5221 1804 5296 Iud.)
1829 5196 1884 5259 Ι)
1907 5175 2061 5296 ἰ1ιιι1;)
2088 5176 2222 5234 Cum
2247 5181 2368 5251 quis
2389 5179 2500 5238 Deo
2524 5151 2712 5243 servit.
2737 5195 2867 5256 etc.,
2897 5206 3058 5261 usque
3080 5191 3150 5246 ad
3174 5207 3244 5250 ne
3270 5195 3484 5256 diabolo

216 5281 282 5338 In
309 5283 417 5340 hoc
437 5287 554 5358 ipso
581 5290 684 5346 fuit
725 5292 1008 5363 Dominus,
1032 5281 1142 5354 etc.
1169 5341 1184 5367 ,
1214 5281 1376 5374 usque
1413 5307 1482 5360 ad
1514 5307 1640 5363 dum
1676 5281 1810 5366 dicit

214 5373 517 5444 Apostolus
565 5394 580 5432 :
626 5379 711 5435 Ne
751 5381 1166 5456 magnitudinem
1213 5373 1591 5452 reuelationum
1635 5399 1803 5454 εποι-
1878 5469 1880 5471 b

215 5462 318 5532 lat,
341 5473 449 5522 etc.
481 5467 567 5540 (ΙΙ
589 5468 713 5526 Cor.
741 5474 864 5548 xu).

288 5560 445 5617 Vens.
489 5561 579 5618 21.
604 5595 676 5606 —-
695 5564 1018 5624 Iebusteum.
1047 5569 1202 5644 (Anc.
1222 5612 1240 5640 ,
1281 5587 1469 5648 quaest.
1492 5581 1523 5634 7
1556 5583 1613 5637 in
1647 5581 1804 5654 Iud.)

216 5650 488 5721 Superius
523 5654 720 5728 legitur
745 5660 935 5716 eadem
965 5661 1176 5731 civitas,
1213 5672 1343 5734 etc.,
1373 5685 1533 5741 usque
1573 5675 1642 5728 ad
1697 5650 1802 5731 non

215 5745 339 5801 sine
367 5746 458 5802 illo
488 5757 776 5809 tenuerunt
805 5762 1007 5810 terram
1031 5771 1194 5826 quam
1217 5762 1590 5830 possidebant.

205 5827 208 5830 ’
292 5837 462 5897 Vens.
484 5843 572 5898 27.
595 5875 666 5885 —
686 5845 978 5902 Manasses.
1019 5827 1434 5924 (AUG.,—qua:st.
1486 5857 1564 5929 8.)
1597 5859 1665 5916 Et
1695 5876 1801 5918 non

583 5938 862 6004 Punon.
904 5941 1132 6006 CXIII.

1911 5269 2208 5326 tradamur.

2503 5365 2732 5426 CAPUT
2790 5370 2874 5425 IIl.

1978 5491 2142 5549 Vens.
2191 5494 2244 5549 5.
2269 5527 2338 5538 —
2364 5495 2432 5551 In
2460 5499 2650 5554 medio.
2704 5498 2888 5570 (Aum,
2913 5513 3098 5573 quast.
3132 5505 3200 5560 17
3241 5509 3300 5563 in
3321 5508 3479 5581 Iud.)

1907 5585 1964 5640 In
1986 5584 2170 5642 Exodo
2195 5587 2328 5644 dicit
2349 5588 2513 5655 Deus,
2541 5600 2670 5659 etc.,
2698 5607 2860 5659 usque
2885 5594 2955 5648 ad
2981 5611 3170 5652 eorum
3194 5599 3480 5656 multitudo

1906 5686 2081 5735 terras
2103 5680 2245 5736 unde
2268 5683 2563 5738 adversarii
2588 5686 3079 5744 exterminarentur
3097 5691 3340 5747 desertas
3357 5707 3480 5749 esse

1905 5785 2010 5827 non
2051 5772 2270 5830 sineret.
2301 5774 2454 5843 Quod
2491 5784 2670 5832 autem
2708 5779 2782 5833 ait
2811 5796 2824 5832 :
2857 5779 2941 5834 Ne
2974 5781 3385 5854 multiplicantur
3422 5784 3478 5840 in

1903 5873 1952 5918 te
1977 5863 2151 5921 bestiis
2172 5864 2329 5936 ferte;
2359 5866 2556 5923 mirum
2583 5867 2630 5926 si
2659 5884 2764 5925 non
2794 5871 3050 5929 bestiales
3073 5871 3394 5944 cupiditates
3421 5879 3478 5930 et

2967 5966 3042 6028 17

3403 6037 3442 6062 ,ι
