  <div class='ocr_page' id='page_1' title='image "/cluster/home/n/w/nwhite01/storage/ocr_20150623/113/hvd.32044018909572/267.png"; bbox 0 0 4006 6352; ppageno 0'>
   <div class='ocr_carea' id='block_1_1' title="bbox 467 283 3722 348">
    <p class='ocr_par' dir='ltr' id='par_1_1' title="bbox 467 283 3722 348">
     <span class='ocr_line' id='line_1_1' title="bbox 467 283 3722 348; baseline -0.002 -1"><span class='ocrx_word' id='word_1_1' title='bbox 467 289 578 348; x_wconf 68' lang='grc'><strong>825</strong></span> <span class='ocrx_word' id='word_1_2' title='bbox 972 291 1362 346; x_wconf 74' lang='lat' dir='ltr'><strong>WALAFRIDI</strong></span> <span class='ocrx_word' id='word_1_3' title='bbox 1399 289 1647 348; x_wconf 81' lang='lat' dir='ltr'><strong>STRABI</strong></span> <span class='ocrx_word' id='word_1_4' title='bbox 1682 289 1888 345; x_wconf 88' lang='lat' dir='ltr'><strong>FULD.</strong></span> <span class='ocrx_word' id='word_1_5' title='bbox 1931 287 2098 344; x_wconf 86' lang='lat' dir='ltr'><strong>MON.</strong></span> <span class='ocrx_word' id='word_1_6' title='bbox 2139 286 2290 342; x_wconf 89' lang='lat' dir='ltr'><strong>OPP.</strong></span> <span class='ocrx_word' id='word_1_7' title='bbox 2335 285 2512 342; x_wconf 81' lang='lat' dir='ltr'><strong>PARS</strong></span> <span class='ocrx_word' id='word_1_8' title='bbox 2548 287 2588 340; x_wconf 93' lang='lat' dir='ltr'><strong>I.</strong></span> <span class='ocrx_word' id='word_1_9' title='bbox 2625 317 2694 325; x_wconf 98' lang='lat'><strong>—</strong></span> <span class='ocrx_word' id='word_1_10' title='bbox 2730 283 3184 343; x_wconf 84' lang='lat' dir='ltr'><strong>TIIEOLOGICA.</strong></span> <span class='ocrx_word' id='word_1_11' title='bbox 3621 285 3722 341; x_wconf 57' lang='grc'><strong>528</strong></span> 
     </span>
    </p>
   </div>
   <div class='ocr_carea' id='block_1_2' title="bbox 467 381 3725 472">
    <p class='ocr_par' dir='ltr' id='par_1_2' title="bbox 467 381 3725 472">
     <span class='ocr_line' id='line_1_2' title="bbox 467 381 3725 472; baseline -0.002 -14"><span class='ocrx_word' id='word_1_12' title='bbox 467 400 718 463; x_wconf 72' lang='lat' dir='ltr'><strong>libidines</strong></span> <span class='ocrx_word' id='word_1_13' title='bbox 746 402 969 472; x_wconf 83' lang='lat' dir='ltr'><strong>intelligi</strong></span> <span class='ocrx_word' id='word_1_14' title='bbox 1015 403 1247 458; x_wconf 93' lang='lat' dir='ltr'><strong>voluit...</strong></span> <span class='ocrx_word' id='word_1_15' title='bbox 1296 418 1401 457; x_wconf 91' lang='lat' dir='ltr'><strong>non</strong></span> <span class='ocrx_word' id='word_1_16' title='bbox 1445 381 1590 456; x_wconf 84' lang='lat' dir='ltr'><strong>enim</strong></span> <span class='ocrx_word' id='word_1_17' title='bbox 1620 401 1764 456; x_wconf 86' lang='lat' dir='ltr'><strong>Deus</strong></span> <span class='ocrx_word' id='word_1_18' title='bbox 1791 401 2038 456; x_wconf 83' lang='lat' dir='ltr'><strong>homines</strong></span> <span class='ocrx_word' id='word_1_19' title='bbox 2064 405 2118 469; x_wconf 79' lang='grc' dir='ltr'>Α</span> <span class='ocrx_word' id='word_1_20' title='bbox 2141 413 2311 469; x_wconf 79' lang='lat' dir='ltr'><strong>genus</strong></span> <span class='ocrx_word' id='word_1_21' title='bbox 2349 397 2608 454; x_wconf 74' lang='lat' dir='ltr'><strong>clausurae</strong></span> <span class='ocrx_word' id='word_1_22' title='bbox 2647 397 2778 463; x_wconf 81' lang='lat' dir='ltr'><strong>fuit,</strong></span> <span class='ocrx_word' id='word_1_23' title='bbox 2812 399 2955 467; x_wconf 92' lang='lat' dir='ltr'><strong>quod</strong></span> <span class='ocrx_word' id='word_1_24' title='bbox 2984 398 3102 452; x_wconf 87' lang='lat' dir='ltr'><strong>sine</strong></span> <span class='ocrx_word' id='word_1_25' title='bbox 3136 396 3272 451; x_wconf 84' lang='lat' dir='ltr'><strong>clavi</strong></span> <span class='ocrx_word' id='word_1_26' title='bbox 3303 407 3486 467; x_wconf 88' lang='lat' dir='ltr'><strong>posset</strong></span> <span class='ocrx_word' id='word_1_27' title='bbox 3519 397 3725 466; x_wconf 68' lang='lat' dir='ltr'><strong>czaudi,</strong></span> 
     </span>
    </p>
   </div>
   <div class='ocr_carea' id='block_1_3' title="bbox 465 489 3726 563">
    <p class='ocr_par' dir='ltr' id='par_1_3' title="bbox 465 489 3726 563">
     <span class='ocr_line' id='line_1_3' title="bbox 465 489 3726 563; baseline -0.002 -9"><span class='ocrx_word' id='word_1_28' title='bbox 465 494 832 555; x_wconf 76' lang='lat' dir='ltr'><strong>exterminare</strong></span> <span class='ocrx_word' id='word_1_29' title='bbox 866 501 1100 563; x_wconf 85' lang='lat' dir='ltr'><strong>poterat,</strong></span> <span class='ocrx_word' id='word_1_30' title='bbox 1129 501 1186 546; x_wconf 90' lang='lat' dir='ltr'><strong>et</strong></span> <span class='ocrx_word' id='word_1_31' title='bbox 1212 491 1414 547; x_wconf 79' lang='lat' dir='ltr'><strong>bestias</strong></span> <span class='ocrx_word' id='word_1_32' title='bbox 1441 506 1549 546; x_wconf 89' lang='lat' dir='ltr'><strong>non</strong></span> <span class='ocrx_word' id='word_1_33' title='bbox 1572 499 1806 560; x_wconf 82' lang='lat' dir='ltr'><strong>poterat.</strong></span> <span class='ocrx_word' id='word_1_34' title='bbox 2145 508 2245 548; x_wconf 88' lang='lat' dir='ltr'><strong>nec</strong></span> <span class='ocrx_word' id='word_1_35' title='bbox 2289 493 2406 548; x_wconf 85' lang='lat' dir='ltr'><strong>sine</strong></span> <span class='ocrx_word' id='word_1_36' title='bbox 2449 492 2588 547; x_wconf 88' lang='lat' dir='ltr'><strong>clavi</strong></span> <span class='ocrx_word' id='word_1_37' title='bbox 2635 491 2853 562; x_wconf 87' lang='lat' dir='ltr'><strong>aperiri.</strong></span> <span class='ocrx_word' id='word_1_38' title='bbox 2905 489 3040 543; x_wconf 84' lang='lat' dir='ltr'><strong>Nam</strong></span> <span class='ocrx_word' id='word_1_39' title='bbox 3089 497 3215 544; x_wconf 88' lang='lat' dir='ltr'><strong>sunt</strong></span> <span class='ocrx_word' id='word_1_40' title='bbox 3265 490 3514 560; x_wconf 71' lang='lat' dir='ltr'><strong>quaedam</strong></span> <span class='ocrx_word' id='word_1_41' title='bbox 3557 490 3726 558; x_wconf 84' lang='lat' dir='ltr'><strong>talia,</strong></span> 
     </span>
    </p>
   </div>
   <div class='ocr_carea' id='block_1_4' title="bbox 537 579 3697 656">
    <p class='ocr_par' dir='ltr' id='par_1_4' title="bbox 537 579 3697 656">
     <span class='ocr_line' id='line_1_4' title="bbox 537 579 3697 656; baseline -0.002 -14"><span class='ocrx_word' id='word_1_42' title='bbox 537 589 702 642; x_wconf 91' lang='lat' dir='ltr'><strong>Vens.</strong></span> <span class='ocrx_word' id='word_1_43' title='bbox 735 585 788 640; x_wconf 91' lang='lat'><strong>8.</strong></span> <span class='ocrx_word' id='word_1_44' title='bbox 827 613 900 624; x_wconf 90' lang='lat'><strong>—</strong></span> <span class='ocrx_word' id='word_1_45' title='bbox 940 583 1160 654; x_wconf 56' lang='lat' dir='ltr'><strong>(Anam,</strong></span> <span class='ocrx_word' id='word_1_46' title='bbox 1192 583 1334 636; x_wconf 84' lang='lat' dir='ltr'><strong>hom.</strong></span> <span class='ocrx_word' id='word_1_47' title='bbox 1369 582 1449 652; x_wconf 82' lang='grc'><strong>5.)</strong></span> <span class='ocrx_word' id='word_1_48' title='bbox 1479 581 1547 636; x_wconf 87' lang='lat' dir='ltr'><strong>Et</strong></span> <span class='ocrx_word' id='word_1_49' title='bbox 1573 582 1791 636; x_wconf 78' lang='lat' dir='ltr'><strong>tradidit</strong></span> <span class='ocrx_word' id='word_1_50' title='bbox 1823 598 1909 637; x_wconf 85' lang='lat' dir='ltr'><strong>eos</strong></span> <span class='ocrx_word' id='word_1_51' title='bbox 1934 581 2043 636; x_wconf 88' lang='lat' dir='ltr'><strong>Do-</strong></span> <span class='ocrx_word' id='word_1_52' title='bbox 2145 586 2287 641; x_wconf 87' lang='lat' dir='ltr'><strong>sicut</strong></span> <span class='ocrx_word' id='word_1_53' title='bbox 2305 599 2369 639; x_wconf 90' lang='lat' dir='ltr'><strong>ea</strong></span> <span class='ocrx_word' id='word_1_54' title='bbox 2409 600 2529 656; x_wconf 72' lang='lat' dir='ltr'><strong>qua:</strong></span> <span class='ocrx_word' id='word_1_55' title='bbox 2549 582 2807 638; x_wconf 88' lang='lat' dir='ltr'><strong>verudata</strong></span> <span class='ocrx_word' id='word_1_56' title='bbox 2842 579 3060 653; x_wconf 84' lang='lat' dir='ltr'><strong>[MSS.,</strong></span> <span class='ocrx_word' id='word_1_57' title='bbox 3087 579 3382 652; x_wconf 85' lang='lat' dir='ltr'><strong>veruclata]</strong></span> <span class='ocrx_word' id='word_1_58' title='bbox 3415 581 3697 637; x_wconf 86' lang='lat' dir='ltr'><strong>dicuntur.</strong></span> 
     </span>
    </p>
   </div>
   <div class='ocr_carea' id='block_1_5' title="bbox 467 671 3730 749">
    <p class='ocr_par' dir='ltr' id='par_1_5' title="bbox 467 671 3730 749">
     <span class='ocr_line' id='line_1_5' title="bbox 467 671 3730 749; baseline -0.001 -17"><span class='ocrx_word' id='word_1_59' title='bbox 467 678 660 743; x_wconf 86' lang='lat' dir='ltr'><strong>minus,</strong></span> <span class='ocrx_word' id='word_1_60' title='bbox 688 683 820 742; x_wconf 87' lang='lat' dir='ltr'><strong>etc.,</strong></span> <span class='ocrx_word' id='word_1_61' title='bbox 851 691 1014 749; x_wconf 87' lang='lat' dir='ltr'><strong>usque</strong></span> <span class='ocrx_word' id='word_1_62' title='bbox 1045 674 1114 728; x_wconf 90' lang='lat' dir='ltr'><strong>ad</strong></span> <span class='ocrx_word' id='word_1_63' title='bbox 1142 675 1275 729; x_wconf 94' lang='lat' dir='ltr'><strong>odor</strong></span> <span class='ocrx_word' id='word_1_64' title='bbox 1303 674 1614 730; x_wconf 88' lang='lat' dir='ltr'><strong>teterrimus</strong></span> <span class='ocrx_word' id='word_1_65' title='bbox 1641 674 1908 743; x_wconf 77' lang='lat' dir='ltr'><strong>superbiae</strong></span> <span class='ocrx_word' id='word_1_66' title='bbox 1953 688 2038 729; x_wconf 86' lang='lat' dir='ltr'><strong>re-</strong></span> <span class='ocrx_word' id='word_1_67' title='bbox 2213 673 2378 730; x_wconf 79' lang='lat' dir='ltr'><strong>Vens.</strong></span> <span class='ocrx_word' id='word_1_68' title='bbox 2405 674 2494 730; x_wconf 79' lang='grc'><strong>51.</strong></span> <span class='ocrx_word' id='word_1_69' title='bbox 2518 703 2586 714; x_wconf 94' lang='grc'><strong><em>-</em></strong></span> <span class='ocrx_word' id='word_1_70' title='bbox 2607 671 2736 727; x_wconf 82' lang='lat' dir='ltr'><strong>Post</strong></span> <span class='ocrx_word' id='word_1_71' title='bbox 2781 673 2939 728; x_wconf 86' lang='lat' dir='ltr'><strong>hunc.</strong></span> <span class='ocrx_word' id='word_1_72' title='bbox 2966 671 3185 743; x_wconf 60' lang='lat' dir='ltr'><strong>(Anam,</strong></span> <span class='ocrx_word' id='word_1_73' title='bbox 3241 672 3381 727; x_wconf 87' lang='lat' dir='ltr'><strong>hom.</strong></span> <span class='ocrx_word' id='word_1_74' title='bbox 3403 673 3458 727; x_wconf 73' lang='grc'><strong>4.</strong></span> <span class='ocrx_word' id='word_1_75' title='bbox 3489 672 3508 745; x_wconf 95' lang='grc'><strong>)</strong></span> <span class='ocrx_word' id='word_1_76' title='bbox 3562 673 3730 730; x_wconf 73' lang='lat' dir='ltr'><strong>LXX.</strong></span> 
     </span>
    </p>
   </div>
   <div class='ocr_carea' id='block_1_6' title="bbox 467 763 3734 839">
    <p class='ocr_par' dir='ltr' id='par_1_6' title="bbox 467 763 3734 839">
     <span class='ocr_line' id='line_1_6' title="bbox 467 763 3734 839; baseline -0.001 -15"><span class='ocrx_word' id='word_1_77' title='bbox 467 769 634 824; x_wconf 87' lang='lat' dir='ltr'><strong>nidet.</strong></span> <span class='ocrx_word' id='word_1_78' title='bbox 2143 765 2392 839; x_wconf 82' lang='lat' dir='ltr'><strong>Semgar,</strong></span> <span class='ocrx_word' id='word_1_79' title='bbox 2433 767 2487 821; x_wconf 92' lang='lat' dir='ltr'><strong>id</strong></span> <span class='ocrx_word' id='word_1_80' title='bbox 2519 775 2603 822; x_wconf 89' lang='lat' dir='ltr'><strong>est</strong></span> <span class='ocrx_word' id='word_1_81' title='bbox 2651 765 2724 820; x_wconf 89' lang='lat' dir='ltr'><strong>ibi</strong></span> <span class='ocrx_word' id='word_1_82' title='bbox 2777 764 3005 820; x_wconf 84' lang='lat' dir='ltr'><strong>advena.</strong></span> <span class='ocrx_word' id='word_1_83' title='bbox 3039 763 3243 820; x_wconf 88' lang='lat' dir='ltr'><strong>Omnes</strong></span> <span class='ocrx_word' id='word_1_84' title='bbox 3286 766 3431 820; x_wconf 88' lang='lat' dir='ltr'><strong>enim</strong></span> <span class='ocrx_word' id='word_1_85' title='bbox 3476 766 3734 821; x_wconf 83' lang='lat' dir='ltr'><strong>homines</strong></span> 
     </span>
    </p>
   </div>
   <div class='ocr_carea' id='block_1_7' title="bbox 539 857 3734 933">
    <p class='ocr_par' dir='ltr' id='par_1_7' title="bbox 539 857 3734 933">
     <span class='ocr_line' id='line_1_7' title="bbox 539 857 3734 933; baseline -0.001 -15"><span class='ocrx_word' id='word_1_86' title='bbox 539 861 741 933; x_wconf 55' lang='lat' dir='ltr'><strong>(Otum,</strong></span> <span class='ocrx_word' id='word_1_87' title='bbox 781 861 922 914; x_wconf 88' lang='lat' dir='ltr'><strong>Itom.</strong></span> <span class='ocrx_word' id='word_1_88' title='bbox 971 858 1005 912; x_wconf 79' lang='lat'><strong>3</strong></span> <span class='ocrx_word' id='word_1_89' title='bbox 1053 861 1106 912; x_wconf 87' lang='lat' dir='ltr'><strong>in</strong></span> <span class='ocrx_word' id='word_1_90' title='bbox 1126 857 1283 930; x_wconf 83' lang='lat' dir='ltr'><strong>Jud.)</strong></span> <span class='ocrx_word' id='word_1_91' title='bbox 1329 857 1463 913; x_wconf 87' lang='lat' dir='ltr'><strong>Vide</strong></span> <span class='ocrx_word' id='word_1_92' title='bbox 1515 858 1805 930; x_wconf 84' lang='lat' dir='ltr'><strong>benignum</strong></span> <span class='ocrx_word' id='word_1_93' title='bbox 1851 858 2038 913; x_wconf 89' lang='lat' dir='ltr'><strong>Doml-</strong></span> <span class='ocrx_word' id='word_1_94' title='bbox 2143 858 2238 914; x_wconf 91' lang='lat' dir='ltr'><strong>Dei</strong></span> <span class='ocrx_word' id='word_1_95' title='bbox 2287 860 2503 913; x_wconf 66' lang='lat' dir='ltr'><strong>advena:</strong></span> <span class='ocrx_word' id='word_1_96' title='bbox 2557 867 2682 913; x_wconf 87' lang='lat' dir='ltr'><strong>sunt</strong></span> <span class='ocrx_word' id='word_1_97' title='bbox 2726 859 2778 912; x_wconf 93' lang='lat' dir='ltr'><strong>in</strong></span> <span class='ocrx_word' id='word_1_98' title='bbox 2824 859 2926 913; x_wconf 91' lang='lat' dir='ltr'><strong>hoc</strong></span> <span class='ocrx_word' id='word_1_99' title='bbox 2978 859 3210 924; x_wconf 91' lang='lat' dir='ltr'><strong>mundo;</strong></span> <span class='ocrx_word' id='word_1_100' title='bbox 3267 860 3406 914; x_wconf 89' lang='lat' dir='ltr'><strong>sicut</strong></span> <span class='ocrx_word' id='word_1_101' title='bbox 3463 859 3576 926; x_wconf 90' lang='lat' dir='ltr'><strong>ille,</strong></span> <span class='ocrx_word' id='word_1_102' title='bbox 3637 862 3734 931; x_wconf 88' lang='lat' dir='ltr'><strong>qui</strong></span> 
     </span>
    </p>
   </div>
   <div class='ocr_carea' id='block_1_8' title="bbox 466 936 3732 1021">
    <p class='ocr_par' dir='ltr' id='par_1_8' title="bbox 466 936 3732 1021">
     <span class='ocr_line' id='line_1_8' title="bbox 466 936 3732 1021; baseline -0.001 -13"><span class='ocrx_word' id='word_1_103' title='bbox 466 969 615 1018; x_wconf 90' lang='lat' dir='ltr'><strong>num,</strong></span> <span class='ocrx_word' id='word_1_104' title='bbox 643 961 771 1017; x_wconf 91' lang='lat' dir='ltr'><strong>etc.,</strong></span> <span class='ocrx_word' id='word_1_105' title='bbox 805 967 968 1021; x_wconf 88' lang='lat' dir='ltr'><strong>usque</strong></span> <span class='ocrx_word' id='word_1_106' title='bbox 1005 949 1074 1004; x_wconf 83' lang='lat' dir='ltr'><strong>ad</strong></span> <span class='ocrx_word' id='word_1_107' title='bbox 1113 950 1204 1019; x_wconf 90' lang='lat' dir='ltr'><strong>qui</strong></span> <span class='ocrx_word' id='word_1_108' title='bbox 1245 963 1343 1020; x_wconf 86' lang='lat' dir='ltr'><strong>per</strong></span> <span class='ocrx_word' id='word_1_109' title='bbox 1369 949 1622 1005; x_wconf 87' lang='lat' dir='ltr'><strong>Othoniel</strong></span> <span class='ocrx_word' id='word_1_110' title='bbox 1653 949 1736 1004; x_wconf 87' lang='lat' dir='ltr'><strong>vel</strong></span> <span class='ocrx_word' id='word_1_111' title='bbox 1757 949 1920 1004; x_wconf 84' lang='lat' dir='ltr'><strong>Aioth</strong></span> <span class='ocrx_word' id='word_1_112' title='bbox 1953 949 2038 1003; x_wconf 89' lang='lat' dir='ltr'><strong>di-</strong></span> <span class='ocrx_word' id='word_1_113' title='bbox 2145 949 2365 1005; x_wconf 87' lang='lat' dir='ltr'><strong>dicebat</strong></span> <span class='ocrx_word' id='word_1_114' title='bbox 2395 968 2407 1003; x_wconf 90' lang='lat'><strong>:</strong></span> <span class='ocrx_word' id='word_1_115' title='bbox 2439 936 2650 1004; x_wconf 74' lang='lat' dir='ltr'><strong>Advena</strong></span> <span class='ocrx_word' id='word_1_116' title='bbox 2679 965 2772 1019; x_wconf 86' lang='lat' dir='ltr'><strong>ego</strong></span> <span class='ocrx_word' id='word_1_117' title='bbox 2806 966 2942 1016; x_wconf 90' lang='lat' dir='ltr'><strong>sum,</strong></span> <span class='ocrx_word' id='word_1_118' title='bbox 2973 949 3029 1003; x_wconf 87' lang='lat' dir='ltr'><strong>in</strong></span> <span class='ocrx_word' id='word_1_119' title='bbox 3062 958 3203 1003; x_wconf 89' lang='lat' dir='ltr'><strong>terra</strong></span> <span class='ocrx_word' id='word_1_120' title='bbox 3229 951 3370 1020; x_wconf 86' lang='lat' dir='ltr'><strong>apud</strong></span> <span class='ocrx_word' id='word_1_121' title='bbox 3393 961 3462 1016; x_wconf 88' lang='lat' dir='ltr'><strong>te,</strong></span> <span class='ocrx_word' id='word_1_122' title='bbox 3495 961 3544 1005; x_wconf 88' lang='lat' dir='ltr'><strong>et</strong></span> <span class='ocrx_word' id='word_1_123' title='bbox 3579 968 3732 1020; x_wconf 81' lang='lat' dir='ltr'><strong>pere-</strong></span> 
     </span>
    </p>
   </div>
   <div class='ocr_carea' id='block_1_9' title="bbox 463 1038 3734 1116">
    <p class='ocr_par' dir='ltr' id='par_1_9' title="bbox 463 1038 3734 1116">
     <span class='ocr_line' id='line_1_9' title="bbox 463 1038 3734 1116; baseline 0 -18"><span class='ocrx_word' id='word_1_124' title='bbox 463 1044 766 1116; x_wconf 73' lang='lat' dir='ltr'><strong>signantur.</strong></span> <span class='ocrx_word' id='word_1_125' title='bbox 2140 1040 2345 1110; x_wconf 79' lang='lat' dir='ltr'><strong>grinus,</strong></span> <span class='ocrx_word' id='word_1_126' title='bbox 2383 1040 2515 1094; x_wconf 80' lang='lat' dir='ltr'><strong>sicut</strong></span> <span class='ocrx_word' id='word_1_127' title='bbox 2547 1055 2722 1116; x_wconf 71' lang='lat' dir='ltr'><strong>omnes</strong></span> <span class='ocrx_word' id='word_1_128' title='bbox 2747 1049 2922 1109; x_wconf 84' lang='lat' dir='ltr'><strong>patres</strong></span> <span class='ocrx_word' id='word_1_129' title='bbox 2953 1038 3079 1093; x_wconf 78' lang='lat' dir='ltr'><strong>mei.</strong></span> <span class='ocrx_word' id='word_1_130' title='bbox 3127 1038 3281 1096; x_wconf 83' lang='lat' dir='ltr'><strong>Hunc</strong></span> <span class='ocrx_word' id='word_1_131' title='bbox 3318 1055 3451 1112; x_wconf 81' lang='lat' dir='ltr'><strong>ergo</strong></span> <span class='ocrx_word' id='word_1_132' title='bbox 3500 1040 3734 1114; x_wconf 84' lang='lat' dir='ltr'><strong>Semgar</strong></span> 
     </span>
    </p>
   </div>
   <div class='ocr_carea' id='block_1_10' title="bbox 533 1129 3732 1202">
    <p class='ocr_par' dir='ltr' id='par_1_10' title="bbox 533 1129 3732 1202">
     <span class='ocr_line' id='line_1_10' title="bbox 533 1129 3732 1202; baseline 0.001 -13"><span class='ocrx_word' id='word_1_133' title='bbox 533 1133 694 1190; x_wconf 85' lang='lat' dir='ltr'><strong>Vens.</strong></span> <span class='ocrx_word' id='word_1_134' title='bbox 726 1133 814 1187; x_wconf 80' lang='lat' dir='ltr'><strong>io.</strong></span> <span class='ocrx_word' id='word_1_135' title='bbox 837 1163 904 1173; x_wconf 94' lang='lat'><strong>—</strong></span> <span class='ocrx_word' id='word_1_136' title='bbox 927 1129 1051 1186; x_wconf 82' lang='lat' dir='ltr'><strong>Fuit</strong></span> <span class='ocrx_word' id='word_1_137' title='bbox 1084 1133 1143 1186; x_wconf 88' lang='lat' dir='ltr'><strong>in</strong></span> <span class='ocrx_word' id='word_1_138' title='bbox 1169 1149 1229 1187; x_wconf 87' lang='lat' dir='ltr'><strong>eo</strong></span> <span class='ocrx_word' id='word_1_139' title='bbox 1262 1131 1491 1202; x_wconf 79' lang='lat' dir='ltr'><strong>Spiritus</strong></span> <span class='ocrx_word' id='word_1_140' title='bbox 1517 1132 1749 1199; x_wconf 80' lang='lat' dir='ltr'><strong>Domini,</strong></span> <span class='ocrx_word' id='word_1_141' title='bbox 1779 1140 1886 1187; x_wconf 86' lang='lat' dir='ltr'><strong>etc.</strong></span> <span class='ocrx_word' id='word_1_142' title='bbox 1921 1131 2037 1186; x_wconf 79' lang='lat' dir='ltr'><strong>Ma-</strong></span> <span class='ocrx_word' id='word_1_143' title='bbox 2142 1129 2374 1202; x_wconf 81' lang='lat' dir='ltr'><strong>Spiritus</strong></span> <span class='ocrx_word' id='word_1_144' title='bbox 2431 1139 2652 1187; x_wconf 88' lang='lat' dir='ltr'><strong>sanctus</strong></span> <span class='ocrx_word' id='word_1_145' title='bbox 2703 1130 2774 1187; x_wconf 87' lang='lat' dir='ltr'><strong>ibi</strong></span> <span class='ocrx_word' id='word_1_146' title='bbox 2831 1131 3094 1188; x_wconf 83' lang='lat' dir='ltr'><strong>advenam</strong></span> <span class='ocrx_word' id='word_1_147' title='bbox 3146 1133 3312 1200; x_wconf 75' lang='lat' dir='ltr'><strong>dicit,</strong></span> <span class='ocrx_word' id='word_1_148' title='bbox 3354 1134 3406 1192; x_wconf 90' lang='lat' dir='ltr'><strong>id</strong></span> <span class='ocrx_word' id='word_1_149' title='bbox 3454 1143 3542 1191; x_wconf 90' lang='lat' dir='ltr'><strong>est</strong></span> <span class='ocrx_word' id='word_1_150' title='bbox 3593 1137 3687 1192; x_wconf 89' lang='lat' dir='ltr'><strong>hic</strong></span> <span class='ocrx_word' id='word_1_151' title='bbox 3718 1155 3732 1193; x_wconf 94' lang='lat'><strong>:</strong></span> 
     </span>
    </p>
   </div>
   <div class='ocr_carea' id='block_1_11' title="bbox 459 1219 3730 1300">
    <p class='ocr_par' dir='ltr' id='par_1_11' title="bbox 459 1219 3730 1300">
     <span class='ocr_line' id='line_1_11' title="bbox 459 1219 3730 1300; baseline 0.001 -19"><span class='ocrx_word' id='word_1_152' title='bbox 459 1242 563 1300; x_wconf 76' lang='lat' dir='ltr'><strong>gna</strong></span> <span class='ocrx_word' id='word_1_153' title='bbox 592 1227 711 1281; x_wconf 89' lang='lat' dir='ltr'><strong>laus</strong></span> <span class='ocrx_word' id='word_1_154' title='bbox 737 1235 820 1282; x_wconf 89' lang='lat' dir='ltr'><strong>est</strong></span> <span class='ocrx_word' id='word_1_155' title='bbox 847 1225 1008 1296; x_wconf 84' lang='lat' dir='ltr'><strong>primi</strong></span> <span class='ocrx_word' id='word_1_156' title='bbox 1035 1223 1254 1296; x_wconf 91' lang='lat' dir='ltr'><strong>judicis,</strong></span> <span class='ocrx_word' id='word_1_157' title='bbox 1285 1224 1426 1294; x_wconf 90' lang='lat' dir='ltr'><strong>quod</strong></span> <span class='ocrx_word' id='word_1_158' title='bbox 1453 1223 1686 1295; x_wconf 87' lang='lat' dir='ltr'><strong>Spiritus</strong></span> <span class='ocrx_word' id='word_1_159' title='bbox 1711 1224 1924 1280; x_wconf 90' lang='lat' dir='ltr'><strong>Domini</strong></span> <span class='ocrx_word' id='word_1_160' title='bbox 1959 1223 2040 1280; x_wconf 85' lang='lat' dir='ltr'><strong>fa-</strong></span> <span class='ocrx_word' id='word_1_161' title='bbox 2140 1221 2282 1290; x_wconf 87' lang='lat' dir='ltr'><strong>quod</strong></span> <span class='ocrx_word' id='word_1_162' title='bbox 2303 1220 2447 1276; x_wconf 90' lang='lat' dir='ltr'><strong>enim</strong></span> <span class='ocrx_word' id='word_1_163' title='bbox 2479 1219 2704 1291; x_wconf 86' lang='lat' dir='ltr'><strong>Spiritui</strong></span> <span class='ocrx_word' id='word_1_164' title='bbox 2735 1228 2940 1287; x_wconf 85' lang='lat' dir='ltr'><strong>sancto,</strong></span> <span class='ocrx_word' id='word_1_165' title='bbox 2985 1221 3080 1293; x_wconf 87' lang='lat' dir='ltr'><strong>qui</strong></span> <span class='ocrx_word' id='word_1_166' title='bbox 3105 1222 3159 1284; x_wconf 85' lang='lat' dir='ltr'><strong>in</strong></span> <span class='ocrx_word' id='word_1_167' title='bbox 3181 1223 3335 1286; x_wconf 66' lang='lat' dir='ltr'><strong>caelis</strong></span> <span class='ocrx_word' id='word_1_168' title='bbox 3357 1233 3468 1294; x_wconf 80' lang='lat' dir='ltr'><strong>est,</strong></span> <span class='ocrx_word' id='word_1_169' title='bbox 3495 1227 3576 1288; x_wconf 83' lang='lat' dir='ltr'><strong>ibi</strong></span> <span class='ocrx_word' id='word_1_170' title='bbox 3620 1237 3730 1296; x_wconf 86' lang='lat' dir='ltr'><strong>est,</strong></span> 
     </span>
    </p>
   </div>
   <div class='ocr_carea' id='block_1_12' title="bbox 459 1309 2532 1393">
    <p class='ocr_par' dir='ltr' id='par_1_12' title="bbox 459 1309 2532 1393">
     <span class='ocr_line' id='line_1_12' title="bbox 459 1309 2532 1393; baseline -0.004 -19"><span class='ocrx_word' id='word_1_171' title='bbox 459 1328 579 1375; x_wconf 90' lang='lat' dir='ltr'><strong>ctus</strong></span> <span class='ocrx_word' id='word_1_172' title='bbox 619 1324 704 1373; x_wconf 88' lang='lat' dir='ltr'><strong>est</strong></span> <span class='ocrx_word' id='word_1_173' title='bbox 743 1332 904 1388; x_wconf 85' lang='lat' dir='ltr'><strong>super</strong></span> <span class='ocrx_word' id='word_1_174' title='bbox 942 1331 1106 1372; x_wconf 91' lang='lat' dir='ltr'><strong>eum:</strong></span> <span class='ocrx_word' id='word_1_175' title='bbox 1141 1324 1196 1370; x_wconf 90' lang='lat' dir='ltr'><strong>et</strong></span> <span class='ocrx_word' id='word_1_176' title='bbox 1237 1329 1335 1386; x_wconf 91' lang='lat' dir='ltr'><strong>per</strong></span> <span class='ocrx_word' id='word_1_177' title='bbox 1361 1313 1622 1384; x_wconf 86' lang='lat' dir='ltr'><strong>Spiritum</strong></span> <span class='ocrx_word' id='word_1_178' title='bbox 1649 1314 1744 1368; x_wconf 86' lang='lat' dir='ltr'><strong>Dei</strong></span> <span class='ocrx_word' id='word_1_179' title='bbox 1774 1313 2040 1393; x_wconf 79' lang='lat' dir='ltr'><strong>judicavit</strong></span> <span class='ocrx_word' id='word_1_180' title='bbox 2137 1309 2295 1366; x_wconf 88' lang='lat' dir='ltr'><strong>nobis</strong></span> <span class='ocrx_word' id='word_1_181' title='bbox 2321 1309 2409 1366; x_wconf 89' lang='lat' dir='ltr'><strong>hic</strong></span> <span class='ocrx_word' id='word_1_182' title='bbox 2432 1319 2532 1367; x_wconf 86' lang='lat' dir='ltr'><strong>est.</strong></span> 
     </span>
    </p>
   </div>
   <div class='ocr_carea' id='block_1_13' title="bbox 456 1397 3736 1483">
    <p class='ocr_par' dir='ltr' id='par_1_13' title="bbox 456 1397 3736 1483">
     <span class='ocr_line' id='line_1_13' title="bbox 456 1397 3736 1483; baseline 0.001 -16"><span class='ocrx_word' id='word_1_183' title='bbox 456 1411 736 1483; x_wconf 89' lang='lat' dir='ltr'><strong>populum,</strong></span> <span class='ocrx_word' id='word_1_184' title='bbox 768 1409 910 1480; x_wconf 88' lang='lat' dir='ltr'><strong>quod</strong></span> <span class='ocrx_word' id='word_1_185' title='bbox 941 1409 1006 1464; x_wconf 92' lang='lat' dir='ltr'><strong>de</strong></span> <span class='ocrx_word' id='word_1_186' title='bbox 1041 1407 1144 1463; x_wconf 89' lang='lat' dir='ltr'><strong>alia</strong></span> <span class='ocrx_word' id='word_1_187' title='bbox 1184 1407 1387 1462; x_wconf 90' lang='lat' dir='ltr'><strong>dictum</strong></span> <span class='ocrx_word' id='word_1_188' title='bbox 1435 1421 1540 1461; x_wconf 90' lang='lat' dir='ltr'><strong>non</strong></span> <span class='ocrx_word' id='word_1_189' title='bbox 1589 1405 1745 1461; x_wconf 84' lang='lat' dir='ltr'><strong>valde</strong></span> <span class='ocrx_word' id='word_1_190' title='bbox 1787 1405 2034 1460; x_wconf 89' lang='lat' dir='ltr'><strong>memini.</strong></span> <span class='ocrx_word' id='word_1_191' title='bbox 2211 1397 2340 1456; x_wconf 83' lang='lat' dir='ltr'><strong>Post</strong></span> <span class='ocrx_word' id='word_1_192' title='bbox 2369 1400 2526 1456; x_wconf 85' lang='lat' dir='ltr'><strong>hunc.</strong></span> <span class='ocrx_word' id='word_1_193' title='bbox 2563 1399 2744 1473; x_wconf 82' lang='lat' dir='ltr'><strong>(Auo.,</strong></span> <span class='ocrx_word' id='word_1_194' title='bbox 2777 1414 2961 1474; x_wconf 67' lang='lat' dir='ltr'><strong>quaest.</strong></span> <span class='ocrx_word' id='word_1_195' title='bbox 2995 1403 3113 1482; x_wconf 75' lang='grc'><strong>25.)</strong></span> <span class='ocrx_word' id='word_1_196' title='bbox 3153 1404 3427 1474; x_wconf 61' lang='lat' dir='ltr'><strong>Quaeritur</strong></span> <span class='ocrx_word' id='word_1_197' title='bbox 3457 1414 3736 1482; x_wconf 89' lang='lat' dir='ltr'><strong>quomodo</strong></span> 
     </span>
    </p>
   </div>
   <div class='ocr_carea' id='block_1_14' title="bbox 457 1491 3734 1570">
    <p class='ocr_par' dir='ltr' id='par_1_14' title="bbox 457 1491 3734 1570">
     <span class='ocr_line' id='line_1_14' title="bbox 457 1491 3734 1570; baseline -0.001 -13"><span class='ocrx_word' id='word_1_198' title='bbox 457 1501 595 1558; x_wconf 88' lang='lat' dir='ltr'><strong>Sunt</strong></span> <span class='ocrx_word' id='word_1_199' title='bbox 625 1501 784 1557; x_wconf 88' lang='lat' dir='ltr'><strong>hodie</strong></span> <span class='ocrx_word' id='word_1_200' title='bbox 831 1499 1186 1556; x_wconf 86' lang='lat' dir='ltr'><strong>ecclesiarum</strong></span> <span class='ocrx_word' id='word_1_201' title='bbox 1230 1498 1464 1568; x_wconf 90' lang='lat' dir='ltr'><strong>judices,</strong></span> <span class='ocrx_word' id='word_1_202' title='bbox 1507 1497 1705 1567; x_wconf 84' lang='lat' dir='ltr'><strong>quibus</strong></span> <span class='ocrx_word' id='word_1_203' title='bbox 1733 1496 1918 1552; x_wconf 89' lang='lat' dir='ltr'><strong>datum</strong></span> <span class='ocrx_word' id='word_1_204' title='bbox 1954 1503 2041 1552; x_wconf 84' lang='lat' dir='ltr'><strong>est</strong></span> <span class='ocrx_word' id='word_1_205' title='bbox 2137 1501 2261 1562; x_wconf 91' lang='lat' dir='ltr'><strong>post</strong></span> <span class='ocrx_word' id='word_1_206' title='bbox 2314 1491 2430 1556; x_wconf 83' lang='lat' dir='ltr'><strong>Aod</strong></span> <span class='ocrx_word' id='word_1_207' title='bbox 2475 1494 2796 1564; x_wconf 80' lang='lat' dir='ltr'><strong>pugnaverit</strong></span> <span class='ocrx_word' id='word_1_208' title='bbox 2848 1493 3076 1570; x_wconf 77' lang='lat' dir='ltr'><strong>Semgar</strong></span> <span class='ocrx_word' id='word_1_209' title='bbox 3111 1513 3212 1568; x_wconf 93' lang='lat' dir='ltr'><strong>pro</strong></span> <span class='ocrx_word' id='word_1_210' title='bbox 3272 1498 3440 1556; x_wconf 89' lang='lat' dir='ltr'><strong>Israel</strong></span> <span class='ocrx_word' id='word_1_211' title='bbox 3489 1513 3547 1560; x_wconf 85' lang='lat' dir='ltr'><strong>et</strong></span> <span class='ocrx_word' id='word_1_212' title='bbox 3604 1520 3734 1562; x_wconf 83' lang='lat' dir='ltr'><strong>eum</strong></span> 
     </span>
    </p>
   </div>
   <div class='ocr_carea' id='block_1_15' title="bbox 455 1587 3734 1672">
    <p class='ocr_par' dir='ltr' id='par_1_15' title="bbox 455 1587 3734 1672">
     <span class='ocr_line' id='line_1_15' title="bbox 455 1587 3734 1672; baseline 0.003 -25"><span class='ocrx_word' id='word_1_213' title='bbox 455 1592 618 1648; x_wconf 88' lang='lat' dir='ltr'><strong>etiam</strong></span> <span class='ocrx_word' id='word_1_214' title='bbox 643 1589 910 1660; x_wconf 88' lang='lat' dir='ltr'><strong>judicium</strong></span> <span class='ocrx_word' id='word_1_215' title='bbox 939 1590 1252 1644; x_wconf 89' lang='lat' dir='ltr'><strong>animarum</strong></span> <span class='ocrx_word' id='word_1_216' title='bbox 1287 1604 1304 1642; x_wconf 85' lang='lat'><strong>:</strong></span> <span class='ocrx_word' id='word_1_217' title='bbox 1349 1589 1442 1644; x_wconf 89' lang='lat' dir='ltr'><strong>sed</strong></span> <span class='ocrx_word' id='word_1_218' title='bbox 1474 1588 1680 1654; x_wconf 87' lang='lat' dir='ltr'><strong>nescio,</strong></span> <span class='ocrx_word' id='word_1_219' title='bbox 1710 1588 1756 1643; x_wconf 88' lang='lat' dir='ltr'><strong>si</strong></span> <span class='ocrx_word' id='word_1_220' title='bbox 1795 1587 1918 1659; x_wconf 91' lang='lat' dir='ltr'><strong>quis</strong></span> <span class='ocrx_word' id='word_1_221' title='bbox 1951 1587 2036 1643; x_wconf 91' lang='lat' dir='ltr'><strong>di—</strong></span> <span class='ocrx_word' id='word_1_222' title='bbox 2134 1587 2560 1646; x_wconf 89' lang='lat' dir='ltr'><strong>salvassedictus</strong></span> <span class='ocrx_word' id='word_1_223' title='bbox 2584 1589 2806 1648; x_wconf 90' lang='lat' dir='ltr'><strong>sit.Non</strong></span> <span class='ocrx_word' id='word_1_224' title='bbox 2821 1591 3162 1656; x_wconf 86' lang='lat' dir='ltr'><strong>enimfuerat</strong></span> <span class='ocrx_word' id='word_1_225' title='bbox 3183 1596 3734 1672; x_wconf 75' lang='lat' dir='ltr'><strong>captivatusveljugo</strong></span> 
     </span>
    </p>
   </div>
   <div class='ocr_carea' id='block_1_16' title="bbox 453 1679 3738 1762">
    <p class='ocr_par' dir='ltr' id='par_1_16' title="bbox 453 1679 3738 1762">
     <span class='ocr_line' id='line_1_16' title="bbox 453 1679 3738 1762; baseline 0.004 -24"><span class='ocrx_word' id='word_1_226' title='bbox 453 1697 591 1755; x_wconf 81' lang='lat' dir='ltr'><strong>gnus</strong></span> <span class='ocrx_word' id='word_1_227' title='bbox 617 1682 688 1737; x_wconf 87' lang='lat' dir='ltr'><strong>sit</strong></span> <span class='ocrx_word' id='word_1_228' title='bbox 715 1681 920 1752; x_wconf 90' lang='lat' dir='ltr'><strong>Spiritu</strong></span> <span class='ocrx_word' id='word_1_229' title='bbox 947 1679 1042 1734; x_wconf 91' lang='lat' dir='ltr'><strong>Dei</strong></span> <span class='ocrx_word' id='word_1_230' title='bbox 1072 1679 1288 1752; x_wconf 88' lang='lat' dir='ltr'><strong>repleri.</strong></span> <span class='ocrx_word' id='word_1_231' title='bbox 2138 1681 2414 1736; x_wconf 86' lang='lat' dir='ltr'><strong>servitutis</strong></span> <span class='ocrx_word' id='word_1_232' title='bbox 2443 1682 2690 1738; x_wconf 80' lang='lat' dir='ltr'><strong>innexus.</strong></span> <span class='ocrx_word' id='word_1_233' title='bbox 2734 1683 2842 1742; x_wconf 77' lang='lat' dir='ltr'><strong>Sed</strong></span> <span class='ocrx_word' id='word_1_234' title='bbox 2867 1685 2942 1740; x_wconf 90' lang='lat' dir='ltr'><strong>ita</strong></span> <span class='ocrx_word' id='word_1_235' title='bbox 2970 1685 3218 1753; x_wconf 85' lang='lat' dir='ltr'><strong>salvavit,</strong></span> <span class='ocrx_word' id='word_1_236' title='bbox 3255 1705 3360 1744; x_wconf 88' lang='lat' dir='ltr'><strong>non</strong></span> <span class='ocrx_word' id='word_1_237' title='bbox 3394 1691 3526 1762; x_wconf 83' lang='lat' dir='ltr'><strong>quia</strong></span> <span class='ocrx_word' id='word_1_238' title='bbox 3557 1694 3738 1751; x_wconf 82' lang='lat' dir='ltr'><strong>hostis</strong></span> 
     </span>
    </p>
   </div>
   <div class='ocr_carea' id='block_1_17' title="bbox 526 1762 3734 1854">
    <p class='ocr_par' dir='ltr' id='par_1_17' title="bbox 526 1762 3734 1854">
     <span class='ocr_line' id='line_1_17' title="bbox 526 1762 3734 1854; baseline 0.005 -30"><span class='ocrx_word' id='word_1_239' title='bbox 526 1771 757 1842; x_wconf 85' lang='lat' dir='ltr'><strong>Fuitque</strong></span> <span class='ocrx_word' id='word_1_240' title='bbox 788 1773 862 1825; x_wconf 88' lang='lat' dir='ltr'><strong>in.</strong></span> <span class='ocrx_word' id='word_1_241' title='bbox 921 1769 1143 1843; x_wconf 60' lang='lat' dir='ltr'><strong>(Anne)</strong></span> <span class='ocrx_word' id='word_1_242' title='bbox 1193 1770 1508 1840; x_wconf 90' lang='lat' dir='ltr'><strong>Postquam,</strong></span> <span class='ocrx_word' id='word_1_243' title='bbox 1550 1770 1772 1836; x_wconf 86' lang='lat' dir='ltr'><strong>scilicet,</strong></span> <span class='ocrx_word' id='word_1_244' title='bbox 1826 1770 2031 1826; x_wconf 90' lang='lat' dir='ltr'><strong>clama-</strong></span> <span class='ocrx_word' id='word_1_245' title='bbox 2061 1762 2110 1824; x_wconf 87' lang='lat' dir='ltr'><strong>B</strong></span> <span class='ocrx_word' id='word_1_246' title='bbox 2135 1773 2409 1839; x_wconf 86' lang='lat' dir='ltr'><strong>nocuerit;</strong></span> <span class='ocrx_word' id='word_1_247' title='bbox 2447 1775 2542 1830; x_wconf 86' lang='lat' dir='ltr'><strong>sed</strong></span> <span class='ocrx_word' id='word_1_248' title='bbox 2585 1790 2653 1832; x_wconf 89' lang='lat' dir='ltr'><strong>ne</strong></span> <span class='ocrx_word' id='word_1_249' title='bbox 2689 1777 3100 1846; x_wconf 81' lang='lat' dir='ltr'><strong>permitteretur</strong></span> <span class='ocrx_word' id='word_1_250' title='bbox 3143 1794 3340 1844; x_wconf 79' lang='lat' dir='ltr'><strong>nocere</strong></span> <span class='ocrx_word' id='word_1_251' title='bbox 3372 1799 3580 1854; x_wconf 89' lang='lat' dir='ltr'><strong>:quem</strong></span> <span class='ocrx_word' id='word_1_252' title='bbox 3607 1801 3734 1842; x_wconf 80' lang='lat' dir='ltr'><strong>cre-</strong></span> 
     </span>
    </p>
   </div>
   <div class='ocr_carea' id='block_1_18' title="bbox 451 1861 3736 1945">
    <p class='ocr_par' dir='ltr' id='par_1_18' title="bbox 451 1861 3736 1945">
     <span class='ocr_line' id='line_1_18' title="bbox 451 1861 3736 1945; baseline 0.004 -27"><span class='ocrx_word' id='word_1_253' title='bbox 451 1865 646 1919; x_wconf 79' lang='lat' dir='ltr'><strong>ver&#39;unt</strong></span> <span class='ocrx_word' id='word_1_254' title='bbox 693 1863 761 1918; x_wconf 89' lang='lat' dir='ltr'><strong>ad</strong></span> <span class='ocrx_word' id='word_1_255' title='bbox 789 1863 1098 1918; x_wconf 89' lang='lat' dir='ltr'><strong>Dominum.</strong></span> <span class='ocrx_word' id='word_1_256' title='bbox 1146 1861 1281 1931; x_wconf 88' lang='lat' dir='ltr'><strong>Quis</strong></span> <span class='ocrx_word' id='word_1_257' title='bbox 1323 1865 1375 1918; x_wconf 91' lang='lat' dir='ltr'><strong>in</strong></span> <span class='ocrx_word' id='word_1_258' title='bbox 1417 1863 1575 1920; x_wconf 91' lang='lat' dir='ltr'><strong>nobis</strong></span> <span class='ocrx_word' id='word_1_259' title='bbox 1627 1872 1736 1919; x_wconf 88' lang='lat' dir='ltr'><strong>tam</strong></span> <span class='ocrx_word' id='word_1_260' title='bbox 1770 1863 2030 1937; x_wconf 83' lang='lat' dir='ltr'><strong>validum,</strong></span> <span class='ocrx_word' id='word_1_261' title='bbox 2135 1865 2370 1924; x_wconf 86' lang='lat' dir='ltr'><strong>dendum</strong></span> <span class='ocrx_word' id='word_1_262' title='bbox 2399 1874 2484 1922; x_wconf 90' lang='lat' dir='ltr'><strong>est</strong></span> <span class='ocrx_word' id='word_1_263' title='bbox 2526 1865 2669 1925; x_wconf 91' lang='lat' dir='ltr'><strong>bello</strong></span> <span class='ocrx_word' id='word_1_264' title='bbox 2697 1868 2927 1940; x_wconf 64' lang='lat' dir='ltr'><strong>coepisse</strong></span> <span class='ocrx_word' id='word_1_265' title='bbox 2962 1877 3194 1938; x_wconf 85' lang='lat' dir='ltr'><strong>tentare,</strong></span> <span class='ocrx_word' id='word_1_266' title='bbox 3222 1879 3280 1928; x_wconf 88' lang='lat' dir='ltr'><strong>et</strong></span> <span class='ocrx_word' id='word_1_267' title='bbox 3305 1872 3470 1945; x_wconf 91' lang='lat' dir='ltr'><strong>hujus</strong></span> <span class='ocrx_word' id='word_1_268' title='bbox 3499 1876 3736 1932; x_wconf 75' lang='lat' dir='ltr'><strong>victoria</strong></span> 
     </span>
    </p>
   </div>
   <div class='ocr_carea' id='block_1_19' title="bbox 453 1953 2623 2030">
    <p class='ocr_par' dir='ltr' id='par_1_19' title="bbox 453 1953 2623 2030">
     <span class='ocr_line' id='line_1_19' title="bbox 453 1953 2623 2030; baseline 0.002 -21"><span class='ocrx_word' id='word_1_269' title='bbox 453 1965 561 2009; x_wconf 88' lang='lat' dir='ltr'><strong>tam</strong></span> <span class='ocrx_word' id='word_1_270' title='bbox 595 1953 801 2024; x_wconf 89' lang='lat' dir='ltr'><strong>justum</strong></span> <span class='ocrx_word' id='word_1_271' title='bbox 831 1953 1125 2010; x_wconf 90' lang='lat' dir='ltr'><strong>clamorem</strong></span> <span class='ocrx_word' id='word_1_272' title='bbox 1168 1955 1366 2010; x_wconf 89' lang='lat' dir='ltr'><strong>emittit</strong></span> <span class='ocrx_word' id='word_1_273' title='bbox 1396 1956 1466 2011; x_wconf 89' lang='lat' dir='ltr'><strong>ad</strong></span> <span class='ocrx_word' id='word_1_274' title='bbox 1493 1957 1801 2024; x_wconf 89' lang='lat' dir='ltr'><strong>Dominum,</strong></span> <span class='ocrx_word' id='word_1_275' title='bbox 1832 1965 1894 2012; x_wconf 87' lang='lat' dir='ltr'><strong>ut</strong></span> <span class='ocrx_word' id='word_1_276' title='bbox 1921 1971 2034 2012; x_wconf 90' lang='lat' dir='ltr'><strong>me-</strong></span> <span class='ocrx_word' id='word_1_277' title='bbox 2133 1956 2306 2014; x_wconf 83' lang='lat' dir='ltr'><strong>fuisse</strong></span> <span class='ocrx_word' id='word_1_278' title='bbox 2327 1958 2623 2030; x_wconf 87' lang='lat' dir='ltr'><strong>repulsum.</strong></span> 
     </span>
    </p>
   </div>
   <div class='ocr_carea' id='block_1_20' title="bbox 450 2045 3736 2128">
    <p class='ocr_par' dir='ltr' id='par_1_20' title="bbox 450 2045 3736 2128">
     <span class='ocr_line' id='line_1_20' title="bbox 450 2045 3736 2128; baseline 0.004 -25"><span class='ocrx_word' id='word_1_279' title='bbox 450 2057 634 2103; x_wconf 78' lang='lat' dir='ltr'><strong>rentur</strong></span> <span class='ocrx_word' id='word_1_280' title='bbox 671 2047 898 2118; x_wconf 88' lang='lat' dir='ltr'><strong>populus</strong></span> <span class='ocrx_word' id='word_1_281' title='bbox 929 2048 1175 2116; x_wconf 88' lang='lat' dir='ltr'><strong>accipere</strong></span> <span class='ocrx_word' id='word_1_282' title='bbox 1208 2045 1447 2116; x_wconf 78' lang='lat' dir='ltr'><strong>iudicem</strong></span> <span class='ocrx_word' id='word_1_283' title='bbox 1485 2063 1647 2119; x_wconf 91' lang='lat' dir='ltr'><strong>quem</strong></span> <span class='ocrx_word' id='word_1_284' title='bbox 1683 2048 1889 2122; x_wconf 87' lang='lat' dir='ltr'><strong>repleat</strong></span> <span class='ocrx_word' id='word_1_285' title='bbox 1911 2048 2034 2120; x_wconf 90' lang='lat' dir='ltr'><strong>Spi-</strong></span> <span class='ocrx_word' id='word_1_286' title='bbox 2207 2048 2311 2115; x_wconf 83' lang='lat' dir='ltr'><strong>Qui</strong></span> <span class='ocrx_word' id='word_1_287' title='bbox 2339 2049 2611 2121; x_wconf 75' lang='lat' dir='ltr'><strong>percussit.</strong></span> <span class='ocrx_word' id='word_1_288' title='bbox 2653 2050 2881 2124; x_wconf 62' lang='lat' dir='ltr'><strong>(Anam,</strong></span> <span class='ocrx_word' id='word_1_289' title='bbox 2915 2053 3054 2108; x_wconf 84' lang='lat' dir='ltr'><strong>hom.</strong></span> <span class='ocrx_word' id='word_1_290' title='bbox 3085 2053 3165 2126; x_wconf 78' lang='grc'><strong>4.)</strong></span> <span class='ocrx_word' id='word_1_291' title='bbox 3204 2053 3430 2128; x_wconf 71' lang='lat' dir='ltr'><strong>Semgar</strong></span> <span class='ocrx_word' id='word_1_292' title='bbox 3461 2062 3736 2128; x_wconf 84' lang='lat' dir='ltr'><strong>percussit</strong></span> 
     </span>
    </p>
   </div>
   <div class='ocr_carea' id='block_1_21' title="bbox 449 2140 3728 2220">
    <p class='ocr_par' dir='ltr' id='par_1_21' title="bbox 449 2140 3728 2220">
     <span class='ocr_line' id='line_1_21' title="bbox 449 2140 3728 2220; baseline 0.004 -24"><span class='ocrx_word' id='word_1_293' title='bbox 449 2141 585 2198; x_wconf 87' lang='lat' dir='ltr'><strong>ritus</strong></span> <span class='ocrx_word' id='word_1_294' title='bbox 616 2141 733 2208; x_wconf 88' lang='lat' dir='ltr'><strong>Dei,</strong></span> <span class='ocrx_word' id='word_1_295' title='bbox 759 2151 822 2197; x_wconf 87' lang='lat' dir='ltr'><strong>ut</strong></span> <span class='ocrx_word' id='word_1_296' title='bbox 849 2151 1031 2213; x_wconf 90' lang='lat' dir='ltr'><strong>posset</strong></span> <span class='ocrx_word' id='word_1_297' title='bbox 1062 2148 1269 2196; x_wconf 88' lang='lat' dir='ltr'><strong>rectum</strong></span> <span class='ocrx_word' id='word_1_298' title='bbox 1311 2148 1497 2197; x_wconf 86' lang='lat' dir='ltr'><strong>tenere</strong></span> <span class='ocrx_word' id='word_1_299' title='bbox 1535 2140 1839 2210; x_wconf 79' lang='lat' dir='ltr'><strong>judicium?</strong></span> <span class='ocrx_word' id='word_1_300' title='bbox 1879 2141 2034 2196; x_wconf 89' lang='lat' dir='ltr'><strong>Unde</strong></span> <span class='ocrx_word' id='word_1_301' title='bbox 2133 2141 2444 2215; x_wconf 82' lang='lat' dir='ltr'><strong>Allopbylos</strong></span> <span class='ocrx_word' id='word_1_302' title='bbox 2484 2143 2540 2200; x_wconf 90' lang='lat' dir='ltr'><strong>in</strong></span> <span class='ocrx_word' id='word_1_303' title='bbox 2571 2143 2843 2206; x_wconf 79' lang='lat' dir='ltr'><strong>sexcentis</strong></span> <span class='ocrx_word' id='word_1_304' title='bbox 2869 2146 3022 2211; x_wconf 88' lang='lat' dir='ltr'><strong>viris,</strong></span> <span class='ocrx_word' id='word_1_305' title='bbox 3051 2153 3179 2213; x_wconf 92' lang='lat' dir='ltr'><strong>etc.,</strong></span> <span class='ocrx_word' id='word_1_306' title='bbox 3215 2164 3377 2220; x_wconf 82' lang='lat' dir='ltr'><strong>usque</strong></span> <span class='ocrx_word' id='word_1_307' title='bbox 3400 2150 3471 2206; x_wconf 89' lang='lat' dir='ltr'><strong>ad</strong></span> <span class='ocrx_word' id='word_1_308' title='bbox 3507 2159 3569 2208; x_wconf 86' lang='lat' dir='ltr'><strong>ut</strong></span> <span class='ocrx_word' id='word_1_309' title='bbox 3594 2168 3728 2210; x_wconf 88' lang='lat' dir='ltr'><strong>con-</strong></span> 
     </span>
    </p>
   </div>
   <div class='ocr_carea' id='block_1_22' title="bbox 445 2231 3512 2312">
    <p class='ocr_par' dir='ltr' id='par_1_22' title="bbox 445 2231 3512 2312">
     <span class='ocr_line' id='line_1_22' title="bbox 445 2231 3512 2312; baseline 0.001 -24"><span class='ocrx_word' id='word_1_310' title='bbox 445 2233 584 2290; x_wconf 86' lang='lat' dir='ltr'><strong>liber</strong></span> <span class='ocrx_word' id='word_1_311' title='bbox 621 2234 726 2290; x_wconf 90' lang='lat' dir='ltr'><strong>iste</strong></span> <span class='ocrx_word' id='word_1_312' title='bbox 771 2231 1023 2289; x_wconf 85' lang='lat' dir='ltr'><strong>Judicum</strong></span> <span class='ocrx_word' id='word_1_313' title='bbox 1061 2233 1279 2297; x_wconf 91' lang='lat' dir='ltr'><strong>dicitur,</strong></span> <span class='ocrx_word' id='word_1_314' title='bbox 1311 2231 1432 2303; x_wconf 92' lang='lat' dir='ltr'><strong>qui,</strong></span> <span class='ocrx_word' id='word_1_315' title='bbox 1476 2231 1702 2298; x_wconf 89' lang='lat' dir='ltr'><strong>scilicet,</strong></span> <span class='ocrx_word' id='word_1_316' title='bbox 1745 2231 2032 2302; x_wconf 87' lang='lat' dir='ltr'><strong>judicave-</strong></span> <span class='ocrx_word' id='word_1_317' title='bbox 2131 2234 2363 2298; x_wconf 75' lang='lat' dir='ltr'><strong>ﬁdenter</strong></span> <span class='ocrx_word' id='word_1_318' title='bbox 2389 2237 2539 2296; x_wconf 74' lang='lat' dir='ltr'><strong>dicas</strong></span> <span class='ocrx_word' id='word_1_319' title='bbox 2573 2255 2584 2290; x_wconf 87' lang='lat'><strong>:</strong></span> <span class='ocrx_word' id='word_1_320' title='bbox 2613 2235 2748 2294; x_wconf 76' lang='lat' dir='ltr'><strong>Mihi</strong></span> <span class='ocrx_word' id='word_1_321' title='bbox 2775 2247 2950 2296; x_wconf 80' lang='lat' dir='ltr'><strong>autem</strong></span> <span class='ocrx_word' id='word_1_322' title='bbox 2981 2239 3114 2296; x_wconf 65' lang='lat' dir='ltr'><strong>absit</strong></span> <span class='ocrx_word' id='word_1_323' title='bbox 3138 2240 3380 2312; x_wconf 73' lang='lat' dir='ltr'><strong>gloriari,</strong></span> <span class='ocrx_word' id='word_1_324' title='bbox 3401 2253 3512 2302; x_wconf 69' lang='lat' dir='ltr'><strong>em,</strong></span> 
     </span>
    </p>
   </div>
   <div class='ocr_carea' id='block_1_23' title="bbox 444 2325 3082 2436">
    <p class='ocr_par' dir='ltr' id='par_1_23' title="bbox 444 2325 3082 2436">
     <span class='ocr_line' id='line_1_23' title="bbox 444 2325 3082 2436; baseline 0.011 -55"><span class='ocrx_word' id='word_1_325' title='bbox 444 2336 572 2436; x_wconf 68' lang='lat' dir='ltr'><strong>runt</strong></span> <span class='ocrx_word' id='word_1_326' title='bbox 597 2326 1074 2436; x_wconf 57' lang='lat' dir='ltr'><strong>populunllsrael,</strong></span> <span class='ocrx_word' id='word_1_327' title='bbox 1103 2325 1268 2436; x_wconf 55' lang='lat' dir='ltr'><strong>viros,</strong></span> <span class='ocrx_word' id='word_1_328' title='bbox 1290 2325 1524 2436; x_wconf 54' lang='lat' dir='ltr'><strong>scilicet,</strong></span> <span class='ocrx_word' id='word_1_329' title='bbox 1556 2325 2030 2436; x_wconf 47' lang='lat' dir='ltr'><strong>mirabileslsicul</strong></span> <span class='ocrx_word' id='word_1_330' title='bbox 2748 2377 2977 2436; x_wconf 65' lang='lat' dir='ltr'><strong>CAPUT</strong></span> <span class='ocrx_word' id='word_1_331' title='bbox 3011 2377 3082 2434; x_wconf 66' lang='lat' dir='ltr'><strong>Iv</strong></span> 
     </span>
    </p>
   </div>
   <div class='ocr_carea' id='block_1_24' title="bbox 441 2416 3103 2488">
    <p class='ocr_par' dir='ltr' id='par_1_24' title="bbox 441 2416 3103 2488">
     <span class='ocr_line' id='line_1_24' title="bbox 441 2416 3103 2488; baseline -0.009 -14"><span class='ocrx_word' id='word_1_332' title='bbox 441 2419 604 2476; x_wconf 86' lang='lat' dir='ltr'><strong>Josue</strong></span> <span class='ocrx_word' id='word_1_333' title='bbox 643 2418 765 2473; x_wconf 85' lang='lat' dir='ltr'><strong>fuit.</strong></span> <span class='ocrx_word' id='word_1_334' title='bbox 827 2417 981 2474; x_wconf 87' lang='lat' dir='ltr'><strong>Sicut</strong></span> <span class='ocrx_word' id='word_1_335' title='bbox 1023 2425 1078 2474; x_wconf 87' lang='lat' dir='ltr'><strong>et</strong></span> <span class='ocrx_word' id='word_1_336' title='bbox 1121 2419 1264 2474; x_wconf 84' lang='lat' dir='ltr'><strong>liber</strong></span> <span class='ocrx_word' id='word_1_337' title='bbox 1290 2418 1522 2488; x_wconf 77' lang='lat' dir='ltr'><strong>Regum,</strong></span> <span class='ocrx_word' id='word_1_338' title='bbox 1569 2418 1622 2471; x_wconf 91' lang='lat' dir='ltr'><strong>in</strong></span> <span class='ocrx_word' id='word_1_339' title='bbox 1676 2432 1782 2487; x_wconf 87' lang='lat' dir='ltr'><strong>quo</strong></span> <span class='ocrx_word' id='word_1_340' title='bbox 1832 2416 2032 2472; x_wconf 88' lang='lat' dir='ltr'><strong>dicitur</strong></span> <span class='ocrx_word' id='word_1_341' title='bbox 2750 2416 2862 2434; x_wconf 76' lang='grc' dir='ltr'><strong>νιη</strong></span> <span class='ocrx_word' id='word_1_342' title='bbox 2890 2416 2969 2436; x_wconf 80' lang='grc' dir='ltr'><strong>υι</strong></span> <span class='ocrx_word' id='word_1_343' title='bbox 3012 2416 3103 2434; x_wconf 70' lang='lat' dir='ltr'><strong>n-</strong></span> 
     </span>
    </p>
   </div>
   <div class='ocr_carea' id='block_1_25' title="bbox 441 2505 3734 2586">
    <p class='ocr_par' dir='ltr' id='par_1_25' title="bbox 441 2505 3734 2586">
     <span class='ocr_line' id='line_1_25' title="bbox 441 2505 3734 2586; baseline 0.002 -21"><span class='ocrx_word' id='word_1_344' title='bbox 441 2509 711 2582; x_wconf 91' lang='lat' dir='ltr'><strong>quomodo</strong></span> <span class='ocrx_word' id='word_1_345' title='bbox 739 2509 968 2580; x_wconf 90' lang='lat' dir='ltr'><strong>quisque</strong></span> <span class='ocrx_word' id='word_1_346' title='bbox 997 2524 1185 2580; x_wconf 82' lang='lat' dir='ltr'><strong>regum</strong></span> <span class='ocrx_word' id='word_1_347' title='bbox 1217 2509 1560 2580; x_wconf 86' lang='lat' dir='ltr'><strong>regnaverit,</strong></span> <span class='ocrx_word' id='word_1_348' title='bbox 1602 2517 1656 2562; x_wconf 88' lang='lat' dir='ltr'><strong>et</strong></span> <span class='ocrx_word' id='word_1_349' title='bbox 1693 2507 1823 2576; x_wconf 87' lang='lat' dir='ltr'><strong>quid</strong></span> <span class='ocrx_word' id='word_1_350' title='bbox 1855 2505 2032 2578; x_wconf 78' lang='lat' dir='ltr'><strong>egerit</strong></span> <span class='ocrx_word' id='word_1_351' title='bbox 2203 2511 2366 2568; x_wconf 81' lang='lat' dir='ltr'><strong>Vens.</strong></span> <span class='ocrx_word' id='word_1_352' title='bbox 2398 2515 2448 2568; x_wconf 85' lang='lat' dir='ltr'><strong>l.</strong></span> <span class='ocrx_word' id='word_1_353' title='bbox 2481 2545 2550 2553; x_wconf 97' lang='lat'><strong><em>—</em></strong></span> <span class='ocrx_word' id='word_1_354' title='bbox 2582 2514 3007 2586; x_wconf 74' lang='lat' dir='ltr'><strong>Addideruntque</strong></span> <span class='ocrx_word' id='word_1_355' title='bbox 3041 2515 3142 2585; x_wconf 77' lang='lat' dir='ltr'><strong>ﬁlii</strong></span> <span class='ocrx_word' id='word_1_356' title='bbox 3175 2515 3379 2586; x_wconf 52' lang='lat' dir='ltr'><strong>(Orum,</strong></span> <span class='ocrx_word' id='word_1_357' title='bbox 3417 2517 3564 2576; x_wconf 77' lang='grc' dir='ltr'><strong>Ιιοιιι.</strong></span> <span class='ocrx_word' id='word_1_358' title='bbox 3613 2518 3646 2573; x_wconf 70' lang='grc' dir='ltr'><strong>ι</strong></span> <span class='ocrx_word' id='word_1_359' title='bbox 3675 2521 3734 2573; x_wconf 83' lang='lat' dir='ltr'><strong>in</strong></span> 
     </span>
    </p>
   </div>
   <div class='ocr_carea' id='block_1_26' title="bbox 443 2600 3734 2678">
    <p class='ocr_par' dir='ltr' id='par_1_26' title="bbox 443 2600 3734 2678">
     <span class='ocr_line' id='line_1_26' title="bbox 443 2600 3734 2678; baseline 0.002 -19"><span class='ocrx_word' id='word_1_360' title='bbox 443 2604 610 2659; x_wconf 88' lang='lat' dir='ltr'><strong>etiam</strong></span> <span class='ocrx_word' id='word_1_361' title='bbox 640 2601 845 2658; x_wconf 89' lang='lat' dir='ltr'><strong>malum</strong></span> <span class='ocrx_word' id='word_1_362' title='bbox 869 2620 883 2655; x_wconf 89' lang='lat'><strong>:</strong></span> <span class='ocrx_word' id='word_1_363' title='bbox 906 2610 968 2656; x_wconf 91' lang='lat' dir='ltr'><strong>ut</strong></span> <span class='ocrx_word' id='word_1_364' title='bbox 994 2602 1251 2658; x_wconf 70' lang='lat' dir='ltr'><strong>Ecclesia:</strong></span> <span class='ocrx_word' id='word_1_365' title='bbox 1280 2601 1486 2657; x_wconf 89' lang='lat' dir='ltr'><strong>scilicet</strong></span> <span class='ocrx_word' id='word_1_366' title='bbox 1511 2601 1804 2672; x_wconf 86' lang='lat' dir='ltr'><strong>principes,</strong></span> <span class='ocrx_word' id='word_1_367' title='bbox 1831 2600 1918 2656; x_wconf 87' lang='lat' dir='ltr'><strong>vel</strong></span> <span class='ocrx_word' id='word_1_368' title='bbox 1941 2600 2028 2671; x_wconf 87' lang='lat' dir='ltr'><strong>ju—</strong></span> <span class='ocrx_word' id='word_1_369' title='bbox 2130 2601 2285 2675; x_wconf 71' lang='lat' dir='ltr'><strong>Iud.)</strong></span> <span class='ocrx_word' id='word_1_370' title='bbox 2309 2601 2470 2670; x_wconf 84' lang='lat' dir='ltr'><strong>Quasi</strong></span> <span class='ocrx_word' id='word_1_371' title='bbox 2493 2619 2594 2676; x_wconf 89' lang='lat' dir='ltr'><strong>pro</strong></span> <span class='ocrx_word' id='word_1_372' title='bbox 2614 2606 2850 2675; x_wconf 83' lang='lat' dir='ltr'><strong>peccatis</strong></span> <span class='ocrx_word' id='word_1_373' title='bbox 2869 2606 3054 2678; x_wconf 86' lang='lat' dir='ltr'><strong>p0puli</strong></span> <span class='ocrx_word' id='word_1_374' title='bbox 3079 2607 3188 2664; x_wconf 76' lang='lat' dir='ltr'><strong>dux</strong></span> <span class='ocrx_word' id='word_1_375' title='bbox 3211 2608 3387 2670; x_wconf 85' lang='lat' dir='ltr'><strong>bonus</strong></span> <span class='ocrx_word' id='word_1_376' title='bbox 3410 2609 3569 2674; x_wconf 89' lang='lat' dir='ltr'><strong>obiit,</strong></span> <span class='ocrx_word' id='word_1_377' title='bbox 3600 2619 3734 2677; x_wconf 80' lang='lat' dir='ltr'><strong>etc.,</strong></span> 
     </span>
    </p>
   </div>
   <div class='ocr_carea' id='block_1_27' title="bbox 438 2679 3416 2772">
    <p class='ocr_par' dir='ltr' id='par_1_27' title="bbox 438 2679 3416 2772">
     <span class='ocr_line' id='line_1_27' title="bbox 438 2679 3416 2772; baseline 0 -14"><span class='ocrx_word' id='word_1_378' title='bbox 438 2699 588 2758; x_wconf 85' lang='lat' dir='ltr'><strong>dices</strong></span> <span class='ocrx_word' id='word_1_379' title='bbox 617 2700 756 2755; x_wconf 89' lang='lat' dir='ltr'><strong>bona</strong></span> <span class='ocrx_word' id='word_1_380' title='bbox 786 2714 973 2754; x_wconf 89' lang='lat' dir='ltr'><strong>eorum</strong></span> <span class='ocrx_word' id='word_1_381' title='bbox 1007 2679 1308 2764; x_wconf 74' lang='lat' dir='ltr'><strong>imitentur,</strong></span> <span class='ocrx_word' id='word_1_382' title='bbox 1343 2698 1483 2754; x_wconf 90' lang='lat' dir='ltr'><strong>mala</strong></span> <span class='ocrx_word' id='word_1_383' title='bbox 1515 2708 1770 2755; x_wconf 86' lang='lat' dir='ltr'><strong>caveant.</strong></span> <span class='ocrx_word' id='word_1_384' title='bbox 2130 2710 2296 2764; x_wconf 87' lang='lat' dir='ltr'><strong>usque</strong></span> <span class='ocrx_word' id='word_1_385' title='bbox 2323 2695 2395 2750; x_wconf 84' lang='lat' dir='ltr'><strong>ad</strong></span> <span class='ocrx_word' id='word_1_386' title='bbox 2424 2704 2478 2751; x_wconf 88' lang='lat' dir='ltr'><strong>et</strong></span> <span class='ocrx_word' id='word_1_387' title='bbox 2500 2695 2659 2754; x_wconf 79' lang='lat' dir='ltr'><strong>Jabin</strong></span> <span class='ocrx_word' id='word_1_388' title='bbox 2685 2697 2916 2772; x_wconf 77' lang='lat' dir='ltr'><strong>principi</strong></span> <span class='ocrx_word' id='word_1_389' title='bbox 2964 2697 3416 2762; x_wconf 76' lang='lat' dir='ltr'><strong>Cbammeornm.</strong></span> 
     </span>
    </p>
   </div>
   <div class='ocr_carea' id='block_1_28' title="bbox 517 2786 3733 2864">
    <p class='ocr_par' dir='ltr' id='par_1_28' title="bbox 517 2786 3733 2864">
     <span class='ocr_line' id='line_1_28' title="bbox 517 2786 3733 2864; baseline 0 -17"><span class='ocrx_word' id='word_1_390' title='bbox 517 2790 925 2862; x_wconf 80' lang='lat' dir='ltr'><strong>Servieruntque</strong></span> <span class='ocrx_word' id='word_1_391' title='bbox 954 2789 1144 2844; x_wconf 79' lang='lat' dir='ltr'><strong>Israel.</strong></span> <span class='ocrx_word' id='word_1_392' title='bbox 1181 2789 1407 2860; x_wconf 63' lang='lat' dir='ltr'><strong>(Amm,</strong></span> <span class='ocrx_word' id='word_1_393' title='bbox 1431 2791 1518 2845; x_wconf 85' lang='lat' dir='ltr'><strong>ubi</strong></span> <span class='ocrx_word' id='word_1_394' title='bbox 1546 2790 1752 2863; x_wconf 80' lang='lat' dir='ltr'><strong>supra.)</strong></span> <span class='ocrx_word' id='word_1_395' title='bbox 1779 2789 1909 2847; x_wconf 85' lang='lat' dir='ltr'><strong>Post</strong></span> <span class='ocrx_word' id='word_1_396' title='bbox 1934 2790 2026 2846; x_wconf 78' lang='lat' dir='ltr'><strong>de~</strong></span> <span class='ocrx_word' id='word_1_397' title='bbox 2199 2786 2364 2842; x_wconf 80' lang='lat' dir='ltr'><strong>Vens.</strong></span> <span class='ocrx_word' id='word_1_398' title='bbox 2395 2787 2448 2848; x_wconf 75' lang='grc'><strong>2-</strong></span> <span class='ocrx_word' id='word_1_399' title='bbox 2475 2819 2543 2828; x_wconf 89' lang='grc'><strong>-</strong></span> <span class='ocrx_word' id='word_1_400' title='bbox 2569 2788 2636 2850; x_wconf 81' lang='lat' dir='ltr'><strong>In</strong></span> <span class='ocrx_word' id='word_1_401' title='bbox 2663 2806 2852 2846; x_wconf 85' lang='lat' dir='ltr'><strong>manus</strong></span> <span class='ocrx_word' id='word_1_402' title='bbox 2870 2790 3032 2845; x_wconf 82' lang='lat' dir='ltr'><strong>Jabiu</strong></span> <span class='ocrx_word' id='word_1_403' title='bbox 3056 2793 3189 2863; x_wconf 88' lang='lat' dir='ltr'><strong>regis</strong></span> <span class='ocrx_word' id='word_1_404' title='bbox 3209 2793 3733 2864; x_wconf 66' lang='lat' dir='ltr'><strong>Chanaan.(An_sl..</strong></span> 
     </span>
    </p>
   </div>
   <div class='ocr_carea' id='block_1_29' title="bbox 439 2873 3734 2956">
    <p class='ocr_par' dir='ltr' id='par_1_29' title="bbox 439 2873 3734 2956">
     <span class='ocr_line' id='line_1_29' title="bbox 439 2873 3734 2956; baseline -0.001 -15"><span class='ocrx_word' id='word_1_405' title='bbox 439 2898 556 2941; x_wconf 83' lang='lat' dir='ltr'><strong>cem</strong></span> <span class='ocrx_word' id='word_1_406' title='bbox 591 2892 648 2939; x_wconf 90' lang='lat' dir='ltr'><strong>et</strong></span> <span class='ocrx_word' id='word_1_407' title='bbox 683 2892 808 2941; x_wconf 90' lang='lat' dir='ltr'><strong>octo</strong></span> <span class='ocrx_word' id='word_1_408' title='bbox 844 2899 1036 2950; x_wconf 88' lang='lat' dir='ltr'><strong>annos,</strong></span> <span class='ocrx_word' id='word_1_409' title='bbox 1083 2891 1212 2951; x_wconf 88' lang='lat' dir='ltr'><strong>etc.,</strong></span> <span class='ocrx_word' id='word_1_410' title='bbox 1253 2900 1414 2950; x_wconf 86' lang='lat' dir='ltr'><strong>usque</strong></span> <span class='ocrx_word' id='word_1_411' title='bbox 1457 2885 1524 2939; x_wconf 90' lang='lat' dir='ltr'><strong>ad</strong></span> <span class='ocrx_word' id='word_1_412' title='bbox 1555 2885 1749 2956; x_wconf 86' lang='lat' dir='ltr'><strong>quibus</strong></span> <span class='ocrx_word' id='word_1_413' title='bbox 1782 2885 2019 2942; x_wconf 88' lang='lat' dir='ltr'><strong>dicetur:</strong></span> <span class='ocrx_word' id='word_1_414' title='bbox 2124 2873 2264 2930; x_wconf 80' lang='lat' dir='ltr'><strong>hom.</strong></span> <span class='ocrx_word' id='word_1_415' title='bbox 2293 2874 2327 2928; x_wconf 74' lang='grc'><strong>4</strong></span> <span class='ocrx_word' id='word_1_416' title='bbox 2351 2876 2407 2936; x_wconf 84' lang='lat' dir='ltr'><strong>in</strong></span> <span class='ocrx_word' id='word_1_417' title='bbox 2425 2875 2582 2949; x_wconf 71' lang='lat' dir='ltr'><strong>Iud.)</strong></span> <span class='ocrx_word' id='word_1_418' title='bbox 2604 2877 2863 2950; x_wconf 86' lang='lat' dir='ltr'><strong>Princeps</strong></span> <span class='ocrx_word' id='word_1_419' title='bbox 2889 2881 3094 2936; x_wconf 74' lang='lat' dir='ltr'><strong>militiae</strong></span> <span class='ocrx_word' id='word_1_420' title='bbox 3115 2881 3297 2948; x_wconf 87' lang='lat' dir='ltr'><strong>Jabin.</strong></span> <span class='ocrx_word' id='word_1_421' title='bbox 3321 2891 3454 2948; x_wconf 91' lang='lat' dir='ltr'><strong>etc.,</strong></span> <span class='ocrx_word' id='word_1_422' title='bbox 3476 2885 3734 2955; x_wconf 81' lang='lat' dir='ltr'><strong>usquead</strong></span> 
     </span>
    </p>
   </div>
   <div class='ocr_carea' id='block_1_30' title="bbox 442 2968 2024 3052">
    <p class='ocr_par' dir='ltr' id='par_1_30' title="bbox 442 2977 2024 3052">
     <span class='ocr_line' id='line_1_30' title="bbox 442 2977 2024 3052; baseline 0.002 -18"><span class='ocrx_word' id='word_1_423' title='bbox 442 2977 708 3034; x_wconf 71' lang='lat' dir='ltr'><strong>Discedite</strong></span> <span class='ocrx_word' id='word_1_424' title='bbox 743 2996 776 3033; x_wconf 94' lang='lat' dir='ltr'><strong>a</strong></span> <span class='ocrx_word' id='word_1_425' title='bbox 805 2996 905 3046; x_wconf 88' lang='lat' dir='ltr'><strong>me,</strong></span> <span class='ocrx_word' id='word_1_426' title='bbox 930 2980 1158 3050; x_wconf 85' lang='lat' dir='ltr'><strong>operarii</strong></span> <span class='ocrx_word' id='word_1_427' title='bbox 1186 2979 1501 3052; x_wconf 85' lang='lat' dir='ltr'><strong>iniquitatis.</strong></span> <span class='ocrx_word' id='word_1_428' title='bbox 1529 2981 1702 3036; x_wconf 85' lang='lat' dir='ltr'><strong>nescio</strong></span> <span class='ocrx_word' id='word_1_429' title='bbox 1725 2999 1811 3037; x_wconf 79' lang='lat' dir='ltr'><strong>vos</strong></span> <span class='ocrx_word' id='word_1_430' title='bbox 1833 2996 1852 3035; x_wconf 90' lang='lat'><strong><em>:</em></strong></span> <span class='ocrx_word' id='word_1_431' title='bbox 1875 2983 1945 3037; x_wconf 87' lang='lat' dir='ltr'><strong>ite</strong></span> <span class='ocrx_word' id='word_1_432' title='bbox 1968 2983 2024 3037; x_wconf 87' lang='lat' dir='ltr'><strong>in</strong></span> 
     </span>
    </p>
   </div>
   <div class='ocr_carea' id='block_1_31' title="bbox 2151 2968 3733 3052">
    <p class='ocr_par' dir='ltr' id='par_1_31' title="bbox 2151 2968 3733 3048">
     <span class='ocr_line' id='line_1_31' title="bbox 2151 2968 3733 3048; baseline 0.007 -24"><span class='ocrx_word' id='word_1_433' title='bbox 2151 2968 2205 3028; x_wconf 70' lang='grc' dir='ltr'>ἐι</span> <span class='ocrx_word' id='word_1_434' title='bbox 2231 2969 2474 3034; x_wconf 72' lang='lat' dir='ltr'><strong>ecclesia:</strong></span> <span class='ocrx_word' id='word_1_435' title='bbox 2493 2972 2724 3042; x_wconf 89' lang='lat' dir='ltr'><strong>populus</strong></span> <span class='ocrx_word' id='word_1_436' title='bbox 2747 2974 3100 3044; x_wconf 77' lang='lat' dir='ltr'><strong>gubernetur,</strong></span> <span class='ocrx_word' id='word_1_437' title='bbox 3129 2976 3212 3032; x_wconf 90' lang='lat' dir='ltr'><strong>vel</strong></span> <span class='ocrx_word' id='word_1_438' title='bbox 3243 2976 3508 3048; x_wconf 84' lang='lat' dir='ltr'><strong>cujusque</strong></span> <span class='ocrx_word' id='word_1_439' title='bbox 3527 2978 3733 3034; x_wconf 63' lang='lat' dir='ltr'><strong>anima</strong></span> 
     </span>
    </p>
   </div>
   <div class='ocr_carea' id='block_1_32' title="bbox 434 3068 2335 3142">
    <p class='ocr_par' dir='ltr' id='par_1_32' title="bbox 434 3068 2335 3142">
     <span class='ocr_line' id='line_1_32' title="bbox 434 3068 2335 3142; baseline -0.005 -19"><span class='ocrx_word' id='word_1_440' title='bbox 434 3070 606 3141; x_wconf 81' lang='lat' dir='ltr'><strong>ignem</strong></span> <span class='ocrx_word' id='word_1_441' title='bbox 633 3079 906 3137; x_wconf 66' lang='lat' dir='ltr'><strong>aeternum,</strong></span> <span class='ocrx_word' id='word_1_442' title='bbox 929 3078 1032 3126; x_wconf 91' lang='lat' dir='ltr'><strong>etc.</strong></span> <span class='ocrx_word' id='word_1_443' title='bbox 1063 3068 1213 3142; x_wconf 89' lang='lat' dir='ltr'><strong>(Luc.</strong></span> <span class='ocrx_word' id='word_1_444' title='bbox 1241 3069 1384 3142; x_wconf 83' lang='lat' dir='ltr'><strong>xm).</strong></span> <span class='ocrx_word' id='word_1_445' title='bbox 2058 3137 2090 3142; x_wconf 80' lang='lat'>_</span> <span class='ocrx_word' id='word_1_446' title='bbox 2125 3073 2335 3114; x_wconf 89' lang='lat' dir='ltr'><strong>sensus.</strong></span> 
     </span>
    </p>
   </div>
   <div class='ocr_carea' id='block_1_33' title="bbox 501 3137 3732 3234">
    <p class='ocr_par' dir='ltr' id='par_1_33' title="bbox 501 3137 3732 3234">
     <span class='ocr_line' id='line_1_33' title="bbox 501 3137 3732 3234; baseline 0.003 -20"><span class='ocrx_word' id='word_1_447' title='bbox 501 3160 626 3234; x_wconf 75' lang='grc' dir='ltr'><strong>(Ιιι.)</strong></span> <span class='ocrx_word' id='word_1_448' title='bbox 658 3159 832 3215; x_wconf 86' lang='lat' dir='ltr'><strong>Etiam</strong></span> <span class='ocrx_word' id='word_1_449' title='bbox 876 3137 1157 3216; x_wconf 82' lang='lat' dir='ltr'><strong>mensuras</strong></span> <span class='ocrx_word' id='word_1_450' title='bbox 1181 3137 1355 3231; x_wconf 68' lang='lat' dir='ltr'><strong>paenae</strong></span> <span class='ocrx_word' id='word_1_451' title='bbox 1397 3161 1605 3222; x_wconf 85' lang='lat' dir='ltr'><strong>indicat</strong></span> <span class='ocrx_word' id='word_1_452' title='bbox 1651 3163 1832 3220; x_wconf 90' lang='lat' dir='ltr'><strong>divina</strong></span> <span class='ocrx_word' id='word_1_453' title='bbox 1863 3163 2012 3221; x_wconf 89' lang='lat' dir='ltr'><strong>Scri-</strong></span> <span class='ocrx_word' id='word_1_454' title='bbox 2045 3137 2092 3202; x_wconf 66' lang='grc' dir='ltr'>ο</span> <span class='ocrx_word' id='word_1_455' title='bbox 2197 3150 2361 3216; x_wconf 69' lang='lat' dir='ltr'><strong>VERS-</strong></span> <span class='ocrx_word' id='word_1_456' title='bbox 2393 3154 2448 3207; x_wconf 78' lang='grc' dir='ltr'><strong>4ο</strong></span> <span class='ocrx_word' id='word_1_457' title='bbox 2488 3187 2559 3202; x_wconf 64' lang='grc' dir='ltr'><strong>-η-</strong></span> <span class='ocrx_word' id='word_1_458' title='bbox 2607 3156 2760 3214; x_wconf 80' lang='lat' dir='ltr'><strong>Erat.</strong></span> <span class='ocrx_word' id='word_1_459' title='bbox 2814 3157 3037 3230; x_wconf 66' lang='grc' dir='ltr'><strong>(Αυλιιη</strong></span> <span class='ocrx_word' id='word_1_460' title='bbox 3085 3160 3224 3215; x_wconf 81' lang='lat' dir='ltr'><strong>hom.</strong></span> <span class='ocrx_word' id='word_1_461' title='bbox 3284 3161 3364 3234; x_wconf 82' lang='lat'><strong>5.)</strong></span> <span class='ocrx_word' id='word_1_462' title='bbox 3406 3161 3732 3222; x_wconf 86' lang='lat' dir='ltr'><strong>Secundum</strong></span> 
     </span>
    </p>
   </div>
   <div class='ocr_carea' id='block_1_34' title="bbox 434 3240 3734 3329">
    <p class='ocr_par' dir='ltr' id='par_1_34' title="bbox 434 3240 3734 3329">
     <span class='ocr_line' id='line_1_34' title="bbox 434 3240 3734 3329; baseline 0.001 -22"><span class='ocrx_word' id='word_1_463' title='bbox 434 3260 595 3324; x_wconf 87' lang='lat' dir='ltr'><strong>ptura</strong></span> <span class='ocrx_word' id='word_1_464' title='bbox 643 3267 808 3324; x_wconf 89' lang='lat' dir='ltr'><strong>supra</strong></span> <span class='ocrx_word' id='word_1_465' title='bbox 852 3261 976 3308; x_wconf 86' lang='lat' dir='ltr'><strong>octo</strong></span> <span class='ocrx_word' id='word_1_466' title='bbox 1004 3253 1162 3307; x_wconf 89' lang='lat' dir='ltr'><strong>annis</strong></span> <span class='ocrx_word' id='word_1_467' title='bbox 1195 3271 1207 3306; x_wconf 92' lang='lat'>:</span> <span class='ocrx_word' id='word_1_468' title='bbox 1240 3253 1329 3307; x_wconf 90' lang='lat' dir='ltr'><strong>hic</strong></span> <span class='ocrx_word' id='word_1_469' title='bbox 1378 3253 1566 3309; x_wconf 93' lang='lat' dir='ltr'><strong>decem</strong></span> <span class='ocrx_word' id='word_1_470' title='bbox 1611 3262 1666 3312; x_wconf 90' lang='lat' dir='ltr'><strong>et</strong></span> <span class='ocrx_word' id='word_1_471' title='bbox 1709 3263 1835 3311; x_wconf 91' lang='lat' dir='ltr'><strong>octo</strong></span> <span class='ocrx_word' id='word_1_472' title='bbox 1864 3255 2012 3312; x_wconf 89' lang='lat' dir='ltr'><strong>dicit.</strong></span> <span class='ocrx_word' id='word_1_473' title='bbox 2119 3240 2459 3312; x_wconf 74' lang='grc' dir='ltr'><strong>Αροειοιυιη,</strong></span> <span class='ocrx_word' id='word_1_474' title='bbox 2503 3253 2634 3312; x_wconf 68' lang='grc' dir='ltr'><strong>θιοο,</strong></span> <span class='ocrx_word' id='word_1_475' title='bbox 2687 3263 2848 3319; x_wconf 79' lang='lat' dir='ltr'><strong>usque</strong></span> <span class='ocrx_word' id='word_1_476' title='bbox 2899 3249 2968 3303; x_wconf 83' lang='lat' dir='ltr'><strong>ad</strong></span> <span class='ocrx_word' id='word_1_477' title='bbox 3015 3250 3140 3329; x_wconf 81' lang='lat' dir='ltr'><strong>quia</strong></span> <span class='ocrx_word' id='word_1_478' title='bbox 3175 3250 3385 3312; x_wconf 76' lang='lat' dir='ltr'><strong>confert</strong></span> <span class='ocrx_word' id='word_1_479' title='bbox 3422 3251 3570 3310; x_wconf 85' lang='lat' dir='ltr'><strong>hanc</strong></span> <span class='ocrx_word' id='word_1_480' title='bbox 3599 3271 3734 3328; x_wconf 77' lang='lat' dir='ltr'><strong>gra-</strong></span> 
     </span>
    </p>
   </div>
   <div class='ocr_carea' id='block_1_35' title="bbox 435 3333 2017 3424">
    <p class='ocr_par' dir='ltr' id='par_1_35' title="bbox 435 3348 2012 3424">
     <span class='ocr_line' id='line_1_35' title="bbox 435 3348 2012 3424; baseline -0.001 -18"><span class='ocrx_word' id='word_1_481' title='bbox 435 3348 656 3406; x_wconf 86' lang='lat' dir='ltr'><strong>Certum</strong></span> <span class='ocrx_word' id='word_1_482' title='bbox 685 3359 772 3407; x_wconf 90' lang='lat' dir='ltr'><strong>est</strong></span> <span class='ocrx_word' id='word_1_483' title='bbox 798 3360 998 3415; x_wconf 87' lang='lat' dir='ltr'><strong>autem,</strong></span> <span class='ocrx_word' id='word_1_484' title='bbox 1031 3351 1158 3420; x_wconf 90' lang='lat' dir='ltr'><strong>quia</strong></span> <span class='ocrx_word' id='word_1_485' title='bbox 1201 3349 1495 3406; x_wconf 87' lang='lat' dir='ltr'><strong>secundum</strong></span> <span class='ocrx_word' id='word_1_486' title='bbox 1537 3351 1754 3407; x_wconf 91' lang='lat' dir='ltr'><strong>modum</strong></span> <span class='ocrx_word' id='word_1_487' title='bbox 1782 3351 2012 3424; x_wconf 86' lang='lat' dir='ltr'><strong>peccati,</strong></span> 
     </span>
    </p>
   </div>
   <div class='ocr_carea' id='block_1_36' title="bbox 1819 3333 3401 3424">
    <p class='ocr_par' dir='ltr' id='par_1_36' title="bbox 1819 3333 3401 3416">
     <span class='ocr_line' id='line_1_36' title="bbox 1819 3333 3401 3416; baseline 0.004 -27"><span class='ocrx_word' id='word_1_488' title='bbox 1819 3351 2012 3416; x_wconf 51' lang='lat' dir='ltr'><strong>eccam</strong></span> <span class='ocrx_word' id='word_1_489' title='bbox 2120 3333 2250 3388; x_wconf 89' lang='lat' dir='ltr'><strong>tiam</strong></span> <span class='ocrx_word' id='word_1_490' title='bbox 2275 3335 2472 3390; x_wconf 90' lang='lat' dir='ltr'><strong>mentis</strong></span> <span class='ocrx_word' id='word_1_491' title='bbox 2495 3336 2722 3407; x_wconf 90' lang='lat' dir='ltr'><strong>puritas,</strong></span> <span class='ocrx_word' id='word_1_492' title='bbox 2756 3355 2862 3393; x_wconf 90' lang='lat' dir='ltr'><strong>non</strong></span> <span class='ocrx_word' id='word_1_493' title='bbox 2889 3355 3051 3400; x_wconf 86' lang='lat' dir='ltr'><strong>sexus</strong></span> <span class='ocrx_word' id='word_1_494' title='bbox 3100 3341 3401 3408; x_wconf 73' lang='lat' dir='ltr'><strong>diversitas.</strong></span> 
     </span>
    </p>
   </div>
   <div class='ocr_carea' id='block_1_37' title="bbox 429 3423 2011 3518">
    <p class='ocr_par' dir='ltr' id='par_1_37' title="bbox 429 3423 2011 3518">
     <span class='ocr_line' id='line_1_37' title="bbox 429 3423 2011 3518; baseline 0 -18"><span class='ocrx_word' id='word_1_495' title='bbox 429 3452 487 3500; x_wconf 88' lang='lat' dir='ltr'><strong>et</strong></span> <span class='ocrx_word' id='word_1_496' title='bbox 511 3444 883 3500; x_wconf 87' lang='lat' dir='ltr'><strong>conversionis</strong></span> <span class='ocrx_word' id='word_1_497' title='bbox 913 3459 1143 3510; x_wconf 87' lang='lat' dir='ltr'><strong>moram,</strong></span> <span class='ocrx_word' id='word_1_498' title='bbox 1167 3444 1331 3500; x_wconf 90' lang='lat' dir='ltr'><strong>etiam</strong></span> <span class='ocrx_word' id='word_1_499' title='bbox 1367 3443 1740 3514; x_wconf 79' lang='lat' dir='ltr'><strong>castigationis</strong></span> <span class='ocrx_word' id='word_1_500' title='bbox 1771 3423 2011 3518; x_wconf 86' lang='lat' dir='ltr'><strong>tempora</strong></span> 
     </span>
    </p>
   </div>
   <div class='ocr_carea' id='block_1_38' title="bbox 2150 3423 3732 3518">
    <p class='ocr_par' dir='ltr' id='par_1_38' title="bbox 2187 3423 3732 3508">
     <span class='ocr_line' id='line_1_38' title="bbox 2187 3423 3732 3508; baseline 0.01 -28"><span class='ocrx_word' id='word_1_501' title='bbox 2187 3423 2450 3482; x_wconf 84' lang='lat' dir='ltr'><strong>Debbora.</strong></span> <span class='ocrx_word' id='word_1_502' title='bbox 2479 3427 2611 3500; x_wconf 85' lang='lat' dir='ltr'><strong>Apis</strong></span> <span class='ocrx_word' id='word_1_503' title='bbox 2633 3430 2714 3488; x_wconf 87' lang='lat' dir='ltr'><strong>vel</strong></span> <span class='ocrx_word' id='word_1_504' title='bbox 2747 3431 2980 3500; x_wconf 80' lang='lat' dir='ltr'><strong>loquela,</strong></span> <span class='ocrx_word' id='word_1_505' title='bbox 3011 3448 3132 3502; x_wconf 74' lang='lat' dir='ltr'><strong>qua:</strong></span> <span class='ocrx_word' id='word_1_506' title='bbox 3153 3435 3475 3506; x_wconf 74' lang='lat' dir='ltr'><strong>prophetam</strong></span> <span class='ocrx_word' id='word_1_507' title='bbox 3506 3437 3732 3508; x_wconf 77' lang='lat' dir='ltr'><strong>signiﬁ-</strong></span> 
     </span>
    </p>
   </div>
   <div class='ocr_carea' id='block_1_39' title="bbox 430 3523 3729 3598">
    <p class='ocr_par' dir='ltr' id='par_1_39' title="bbox 430 3523 3729 3598">
     <span class='ocr_line' id='line_1_39' title="bbox 430 3523 3729 3598; baseline -0 -8"><span class='ocrx_word' id='word_1_508' title='bbox 430 3535 806 3590; x_wconf 90' lang='lat' dir='ltr'><strong>terminantur.</strong></span> <span class='ocrx_word' id='word_1_509' title='bbox 841 3533 1198 3590; x_wconf 91' lang='lat' dir='ltr'><strong>Transierunt</strong></span> <span class='ocrx_word' id='word_1_510' title='bbox 1226 3536 1368 3590; x_wconf 91' lang='lat' dir='ltr'><strong>enim</strong></span> <span class='ocrx_word' id='word_1_511' title='bbox 1397 3543 1452 3591; x_wconf 90' lang='lat' dir='ltr'><strong>et</strong></span> <span class='ocrx_word' id='word_1_512' title='bbox 1478 3535 1566 3590; x_wconf 90' lang='lat' dir='ltr'><strong>isti</strong></span> <span class='ocrx_word' id='word_1_513' title='bbox 1598 3535 1784 3591; x_wconf 91' lang='lat' dir='ltr'><strong>decem</strong></span> <span class='ocrx_word' id='word_1_514' title='bbox 1811 3544 1866 3592; x_wconf 90' lang='lat' dir='ltr'><strong>et</strong></span> <span class='ocrx_word' id='word_1_515' title='bbox 1889 3545 2014 3598; x_wconf 92' lang='lat' dir='ltr'><strong>octo</strong></span> <span class='ocrx_word' id='word_1_516' title='bbox 2117 3525 2235 3584; x_wconf 63' lang='lat' dir='ltr'><strong>cati</strong></span> <span class='ocrx_word' id='word_1_517' title='bbox 2279 3534 2401 3588; x_wconf 68' lang='grc' dir='ltr'><strong>(μιτὲ</strong></span> <span class='ocrx_word' id='word_1_518' title='bbox 2427 3535 2622 3578; x_wconf 69' lang='lat' dir='ltr'><strong>suaves</strong></span> <span class='ocrx_word' id='word_1_519' title='bbox 2673 3523 2912 3584; x_wconf 70' lang='lat' dir='ltr'><strong>CODlesliS</strong></span> <span class='ocrx_word' id='word_1_520' title='bbox 2958 3525 3220 3586; x_wconf 76' lang='lat' dir='ltr'><strong>doctrinae</strong></span> <span class='ocrx_word' id='word_1_521' title='bbox 3245 3527 3420 3592; x_wconf 73' lang='lat' dir='ltr'><strong>favos,</strong></span> <span class='ocrx_word' id='word_1_522' title='bbox 3449 3536 3504 3584; x_wconf 81' lang='lat' dir='ltr'><strong>el</strong></span> <span class='ocrx_word' id='word_1_523' title='bbox 3531 3529 3729 3586; x_wconf 85' lang='lat' dir='ltr'><strong>dulcia</strong></span> 
     </span>
    </p>
   </div>
   <div class='ocr_carea' id='block_1_40' title="bbox 428 3609 2010 3697">
    <p class='ocr_par' dir='ltr' id='par_1_40' title="bbox 428 3625 2010 3697">
     <span class='ocr_line' id='line_1_40' title="bbox 428 3625 2010 3697; baseline 0.001 -17"><span class='ocrx_word' id='word_1_524' title='bbox 428 3625 557 3680; x_wconf 89' lang='lat' dir='ltr'><strong>anni</strong></span> <span class='ocrx_word' id='word_1_525' title='bbox 610 3626 906 3692; x_wconf 89' lang='lat' dir='ltr'><strong>servitutis,</strong></span> <span class='ocrx_word' id='word_1_526' title='bbox 956 3637 1012 3682; x_wconf 86' lang='lat' dir='ltr'><strong>et</strong></span> <span class='ocrx_word' id='word_1_527' title='bbox 1065 3641 1172 3681; x_wconf 90' lang='lat' dir='ltr'><strong>non</strong></span> <span class='ocrx_word' id='word_1_528' title='bbox 1212 3626 1411 3682; x_wconf 90' lang='lat' dir='ltr'><strong>dicitur</strong></span> <span class='ocrx_word' id='word_1_529' title='bbox 1468 3627 1593 3697; x_wconf 88' lang='lat' dir='ltr'><strong>quia</strong></span> <span class='ocrx_word' id='word_1_530' title='bbox 1643 3625 2010 3684; x_wconf 87' lang='lat' dir='ltr'><strong>clamaverunt</strong></span> 
     </span>
    </p>
   </div>
   <div class='ocr_carea' id='block_1_41' title="bbox 2146 3609 3728 3697">
    <p class='ocr_par' dir='ltr' id='par_1_41' title="bbox 2146 3611 3728 3692">
     <span class='ocr_line' id='line_1_41' title="bbox 2146 3611 3728 3692; baseline 0.009 -28"><span class='ocrx_word' id='word_1_531' title='bbox 2146 3611 2281 3666; x_wconf 67' lang='lat' dir='ltr'><strong>iivini</strong></span> <span class='ocrx_word' id='word_1_532' title='bbox 2328 3611 2528 3683; x_wconf 89' lang='lat' dir='ltr'><strong>eloquii</strong></span> <span class='ocrx_word' id='word_1_533' title='bbox 2561 3614 2720 3670; x_wconf 83' lang='lat' dir='ltr'><strong>mella</strong></span> <span class='ocrx_word' id='word_1_534' title='bbox 2739 3617 3036 3692; x_wconf 87' lang='lat' dir='ltr'><strong>componit.</strong></span> <span class='ocrx_word' id='word_1_535' title='bbox 3084 3618 3238 3676; x_wconf 88' lang='lat' dir='ltr'><strong>Unde</strong></span> <span class='ocrx_word' id='word_1_536' title='bbox 3275 3637 3289 3675; x_wconf 75' lang='lat'><strong>.&#39;</strong></span> <span class='ocrx_word' id='word_1_537' title='bbox 3322 3619 3494 3686; x_wconf 84' lang='lat' dir='ltr'><strong>Quam</strong></span> <span class='ocrx_word' id='word_1_538' title='bbox 3535 3623 3728 3679; x_wconf 73' lang='lat' dir='ltr'><strong>dulcia</strong></span> 
     </span>
    </p>
   </div>
   <div class='ocr_carea' id='block_1_42' title="bbox 427 3701 2009 3802">
    <p class='ocr_par' dir='ltr' id='par_1_42' title="bbox 427 3715 2009 3772">
     <span class='ocr_line' id='line_1_42' title="bbox 427 3715 2009 3772; baseline 0.001 -2"><span class='ocrx_word' id='word_1_539' title='bbox 427 3715 498 3771; x_wconf 90' lang='lat' dir='ltr'><strong>ad</strong></span> <span class='ocrx_word' id='word_1_540' title='bbox 523 3715 813 3770; x_wconf 90' lang='lat' dir='ltr'><strong>Dominum</strong></span> <span class='ocrx_word' id='word_1_541' title='bbox 863 3715 952 3772; x_wconf 84' lang='lat' dir='ltr'><strong>vel</strong></span> <span class='ocrx_word' id='word_1_542' title='bbox 991 3717 1242 3772; x_wconf 89' lang='lat' dir='ltr'><strong>conversi</strong></span> <span class='ocrx_word' id='word_1_543' title='bbox 1272 3723 1400 3772; x_wconf 86' lang='lat' dir='ltr'><strong>sunt</strong></span> <span class='ocrx_word' id='word_1_544' title='bbox 1435 3731 1467 3770; x_wconf 87' lang='lat' dir='ltr'><strong>a</strong></span> <span class='ocrx_word' id='word_1_545' title='bbox 1502 3716 1707 3771; x_wconf 88' lang='lat' dir='ltr'><strong>malitia</strong></span> <span class='ocrx_word' id='word_1_546' title='bbox 1741 3729 1836 3772; x_wconf 88' lang='lat' dir='ltr'><strong>sua</strong></span> <span class='ocrx_word' id='word_1_547' title='bbox 1871 3733 1884 3769; x_wconf 84' lang='lat'><strong>:</strong></span> <span class='ocrx_word' id='word_1_548' title='bbox 1914 3715 2009 3771; x_wconf 91' lang='lat' dir='ltr'><strong>sed</strong></span> 
     </span>
    </p>
   </div>
   <div class='ocr_carea' id='block_1_43' title="bbox 2146 3701 3728 3802">
    <p class='ocr_par' dir='ltr' id='par_1_43' title="bbox 2146 3703 3728 3802">
     <span class='ocr_line' id='line_1_43' title="bbox 2146 3703 3728 3802; baseline 0.009 -47"><span class='ocrx_word' id='word_1_549' title='bbox 2146 3703 2356 3759; x_wconf 84' lang='lat' dir='ltr'><strong>aucibus</strong></span> <span class='ocrx_word' id='word_1_550' title='bbox 2402 3707 2528 3762; x_wconf 85' lang='lat' dir='ltr'><strong>meis</strong></span> <span class='ocrx_word' id='word_1_551' title='bbox 2584 3706 2790 3778; x_wconf 82' lang='lat' dir='ltr'><strong>eloquia</strong></span> <span class='ocrx_word' id='word_1_552' title='bbox 2838 3720 2930 3768; x_wconf 87' lang='lat' dir='ltr'><strong>tua</strong></span> <span class='ocrx_word' id='word_1_553' title='bbox 2967 3727 3124 3781; x_wconf 79' lang='lat' dir='ltr'><strong>super</strong></span> <span class='ocrx_word' id='word_1_554' title='bbox 3177 3713 3294 3802; x_wconf 54' lang='lat' dir='ltr'><strong>mel.</strong></span> <span class='ocrx_word' id='word_1_555' title='bbox 3325 3722 3372 3768; x_wconf 85' lang='lat' dir='ltr'><strong>et</strong></span> <span class='ocrx_word' id='word_1_556' title='bbox 3409 3713 3594 3784; x_wconf 76' lang='lat' dir='ltr'><strong>favum</strong></span> <span class='ocrx_word' id='word_1_557' title='bbox 3641 3715 3728 3769; x_wconf 85' lang='lat' dir='ltr'><strong>ori</strong></span> 
     </span>
    </p>
   </div>
   <div class='ocr_carea' id='block_1_44' title="bbox 427 3794 3726 3886">
    <p class='ocr_par' dir='ltr' id='par_1_44' title="bbox 427 3794 3726 3886">
     <span class='ocr_line' id='line_1_44' title="bbox 427 3794 3726 3886; baseline 0.012 -59"><span class='ocrx_word' id='word_1_558' title='bbox 427 3813 568 3886; x_wconf 48' lang='lat' dir='ltr'><strong>post.</strong></span> <span class='ocrx_word' id='word_1_559' title='bbox 1383 3827 1394 3834; x_wconf 88' lang='lat'><strong>.</strong></span> <span class='ocrx_word' id='word_1_560' title='bbox 2111 3811 2226 3850; x_wconf 87' lang='lat' dir='ltr'><strong>meo</strong></span> <span class='ocrx_word' id='word_1_561' title='bbox 2249 3797 2268 3849; x_wconf 86' lang='lat'><strong>.&#39;</strong></span> <span class='ocrx_word' id='word_1_562' title='bbox 2293 3794 2464 3868; x_wconf 87' lang='lat' dir='ltr'><strong>(Psal.</strong></span> <span class='ocrx_word' id='word_1_563' title='bbox 2517 3801 2729 3872; x_wconf 65' lang='grc' dir='ltr'><strong>ειη-ιιι.)</strong></span> <span class='ocrx_word' id='word_1_564' title='bbox 2761 3802 2828 3856; x_wconf 84' lang='grc' dir='ltr'><strong>Ει</strong></span> <span class='ocrx_word' id='word_1_565' title='bbox 2853 3801 2982 3862; x_wconf 77' lang='lat' dir='ltr'><strong>alibi</strong></span> <span class='ocrx_word' id='word_1_566' title='bbox 3017 3820 3030 3857; x_wconf 86' lang='lat'><strong>:</strong></span> <span class='ocrx_word' id='word_1_567' title='bbox 3063 3794 3294 3860; x_wconf 54' lang='lat' dir='ltr'><strong>Iudicia&#39;</strong></span> <span class='ocrx_word' id='word_1_568' title='bbox 3311 3805 3543 3871; x_wconf 84' lang='lat' dir='ltr'><strong>Domini,</strong></span> <span class='ocrx_word' id='word_1_569' title='bbox 3579 3807 3726 3864; x_wconf 79' lang='lat' dir='ltr'><strong>dicit</strong></span> 
     </span>
    </p>
   </div>
   <div class='ocr_carea' id='block_1_45' title="bbox 497 3890 3723 3970">
    <p class='ocr_par' dir='ltr' id='par_1_45' title="bbox 497 3890 3723 3970">
     <span class='ocr_line' id='line_1_45' title="bbox 497 3890 3723 3970; baseline 0.002 -18"><span class='ocrx_word' id='word_1_570' title='bbox 497 3899 662 3953; x_wconf 76' lang='lat' dir='ltr'><strong>Vens.</strong></span> <span class='ocrx_word' id='word_1_571' title='bbox 689 3898 785 3953; x_wconf 74' lang='grc'><strong>15.</strong></span> <span class='ocrx_word' id='word_1_572' title='bbox 807 3925 878 3939; x_wconf 89' lang='lat'><strong>—-</strong></span> <span class='ocrx_word' id='word_1_573' title='bbox 899 3896 1247 3954; x_wconf 84' lang='lat' dir='ltr'><strong>Satvatorem.</strong></span> <span class='ocrx_word' id='word_1_574' title='bbox 1275 3897 1398 3969; x_wconf 68' lang='lat' dir='ltr'><strong>(Im,</strong></span> <span class='ocrx_word' id='word_1_575' title='bbox 1427 3899 1567 3952; x_wconf 79' lang='lat' dir='ltr'><strong>hom.</strong></span> <span class='ocrx_word' id='word_1_576' title='bbox 1595 3898 1675 3969; x_wconf 78' lang='grc'><strong>5.)</strong></span> <span class='ocrx_word' id='word_1_577' title='bbox 1699 3896 2010 3953; x_wconf 86' lang='lat' dir='ltr'><strong>Salvatores</strong></span> <span class='ocrx_word' id='word_1_578' title='bbox 2109 3890 2397 3958; x_wconf 58' lang='lat' dir='ltr'><strong>Propheta,</strong></span> <span class='ocrx_word' id='word_1_579' title='bbox 2425 3893 2652 3961; x_wconf 70' lang='grc' dir='ltr'><strong>Ρνεῑὶοεα</strong></span> <span class='ocrx_word' id='word_1_580' title='bbox 2683 3910 2793 3947; x_wconf 70' lang='grc' dir='ltr'><strong>ϐεδε</strong></span> <span class='ocrx_word' id='word_1_581' title='bbox 2834 3911 2992 3964; x_wconf 70' lang='lat' dir='ltr'><strong>super</strong></span> <span class='ocrx_word' id='word_1_582' title='bbox 3019 3913 3205 3950; x_wconf 79' lang='lat' dir='ltr'><strong>aurum</strong></span> <span class='ocrx_word' id='word_1_583' title='bbox 3253 3907 3300 3952; x_wconf 79' lang='grc' dir='ltr'><strong>ει</strong></span> <span class='ocrx_word' id='word_1_584' title='bbox 3339 3897 3568 3968; x_wconf 79' lang='lat' dir='ltr'><strong>lapidem</strong></span> <span class='ocrx_word' id='word_1_585' title='bbox 3595 3917 3723 3970; x_wconf 80' lang='lat' dir='ltr'><strong>pre-</strong></span> 
     </span>
    </p>
   </div>
   <div class='ocr_carea' id='block_1_46' title="bbox 425 3980 3723 4066">
    <p class='ocr_par' dir='ltr' id='par_1_46' title="bbox 425 3980 3723 4066">
     <span class='ocr_line' id='line_1_46' title="bbox 425 3980 3723 4066; baseline 0.001 -23"><span class='ocrx_word' id='word_1_586' title='bbox 425 3989 510 4046; x_wconf 82' lang='lat' dir='ltr'><strong>vel</strong></span> <span class='ocrx_word' id='word_1_587' title='bbox 526 3987 762 4058; x_wconf 86' lang='lat' dir='ltr'><strong>judioes,</strong></span> <span class='ocrx_word' id='word_1_588' title='bbox 787 3996 922 4054; x_wconf 81' lang='lat' dir='ltr'><strong>etc.,</strong></span> <span class='ocrx_word' id='word_1_589' title='bbox 958 4003 1122 4058; x_wconf 82' lang='lat' dir='ltr'><strong>usque</strong></span> <span class='ocrx_word' id='word_1_590' title='bbox 1151 3987 1221 4041; x_wconf 87' lang='lat' dir='ltr'><strong>ad</strong></span> <span class='ocrx_word' id='word_1_591' title='bbox 1244 4002 1363 4057; x_wconf 65' lang='lat' dir='ltr'><strong>qum</strong></span> <span class='ocrx_word' id='word_1_592' title='bbox 1403 3987 1535 4043; x_wconf 88' lang='lat' dir='ltr'><strong>dicit</strong></span> <span class='ocrx_word' id='word_1_593' title='bbox 1563 4005 1576 4041; x_wconf 93' lang='lat'>:</span> <span class='ocrx_word' id='word_1_594' title='bbox 1604 3986 1720 4058; x_wconf 82' lang='lat' dir='ltr'><strong>Ego</strong></span> <span class='ocrx_word' id='word_1_595' title='bbox 1749 4003 1867 4041; x_wconf 79' lang='lat' dir='ltr'><strong>sum</strong></span> <span class='ocrx_word' id='word_1_596' title='bbox 1899 3987 2004 4050; x_wconf 75' lang='grc' dir='ltr'><em>υἱα,</em></span> <span class='ocrx_word' id='word_1_597' title='bbox 2111 3980 2492 4048; x_wconf 83' lang='lat' dir='ltr'><strong>tiosumuimis,</strong></span> <span class='ocrx_word' id='word_1_598' title='bbox 2514 3993 2560 4037; x_wconf 87' lang='lat' dir='ltr'><strong>et</strong></span> <span class='ocrx_word' id='word_1_599' title='bbox 2583 3983 2995 4058; x_wconf 84' lang='lat' dir='ltr'><strong>dulciorusuper</strong></span> <span class='ocrx_word' id='word_1_600' title='bbox 3020 3988 3121 4050; x_wconf 85' lang='lat' dir='ltr'><strong>mel</strong></span> <span class='ocrx_word' id='word_1_601' title='bbox 3145 3999 3191 4047; x_wconf 84' lang='lat' dir='ltr'><strong>et</strong></span> <span class='ocrx_word' id='word_1_602' title='bbox 3213 3988 3411 4058; x_wconf 81' lang='lat' dir='ltr'><strong>favum.</strong></span> <span class='ocrx_word' id='word_1_603' title='bbox 3437 3989 3607 4062; x_wconf 84' lang='lat' dir='ltr'><strong>(Ibid.</strong></span> <span class='ocrx_word' id='word_1_604' title='bbox 3629 3994 3723 4066; x_wconf 66' lang='grc' dir='ltr'><strong>χ.)</strong></span> 
     </span>
    </p>
   </div>
   <div class='ocr_carea' id='block_1_47' title="bbox 422 4067 3719 4154">
    <p class='ocr_par' dir='ltr' id='par_1_47' title="bbox 422 4067 3719 4154">
     <span class='ocr_line' id='line_1_47' title="bbox 422 4067 3719 4154; baseline 0.001 -18"><span class='ocrx_word' id='word_1_605' title='bbox 422 4081 615 4136; x_wconf 80' lang='lat' dir='ltr'><strong>ueritas</strong></span> <span class='ocrx_word' id='word_1_606' title='bbox 654 4089 703 4134; x_wconf 90' lang='lat' dir='ltr'><strong>et</strong></span> <span class='ocrx_word' id='word_1_607' title='bbox 728 4079 834 4134; x_wconf 85' lang='lat' dir='ltr'><strong>vita</strong></span> <span class='ocrx_word' id='word_1_608' title='bbox 863 4078 1048 4150; x_wconf 81' lang='lat' dir='ltr'><strong>(Joan.</strong></span> <span class='ocrx_word' id='word_1_609' title='bbox 1078 4079 1212 4149; x_wconf 78' lang='lat' dir='ltr'><strong>Juv).</strong></span> <span class='ocrx_word' id='word_1_610' title='bbox 2180 4067 2345 4124; x_wconf 87' lang='lat' dir='ltr'><strong>Vens.</strong></span> <span class='ocrx_word' id='word_1_611' title='bbox 2373 4070 2426 4124; x_wconf 93' lang='grc'><strong>5.</strong></span> <span class='ocrx_word' id='word_1_612' title='bbox 2475 4101 2543 4111; x_wconf 92' lang='lat'><strong>—</strong></span> <span class='ocrx_word' id='word_1_613' title='bbox 2591 4071 2660 4126; x_wconf 86' lang='lat' dir='ltr'><strong>Et</strong></span> <span class='ocrx_word' id='word_1_614' title='bbox 2701 4075 2906 4130; x_wconf 82' lang='lat' dir='ltr'><strong>sedebat</strong></span> <span class='ocrx_word' id='word_1_615' title='bbox 2955 4078 3050 4130; x_wconf 90' lang='lat' dir='ltr'><strong>sub</strong></span> <span class='ocrx_word' id='word_1_616' title='bbox 3091 4078 3289 4148; x_wconf 82' lang='lat' dir='ltr'><strong>palma,</strong></span> <span class='ocrx_word' id='word_1_617' title='bbox 3317 4089 3421 4137; x_wconf 91' lang='lat' dir='ltr'><strong>etc.</strong></span> <span class='ocrx_word' id='word_1_618' title='bbox 3476 4081 3719 4154; x_wconf 58' lang='lat' dir='ltr'><strong>(Anam)</strong></span> 
     </span>
    </p>
   </div>
   <div class='ocr_carea' id='block_1_48' title="bbox 493 4157 2075 4242">
    <p class='ocr_par' dir='ltr' id='par_1_48' title="bbox 493 4168 2005 4242">
     <span class='ocr_line' id='line_1_48' title="bbox 493 4168 2005 4242; baseline -0.001 -17"><span class='ocrx_word' id='word_1_619' title='bbox 493 4171 598 4238; x_wconf 78' lang='lat' dir='ltr'><strong>Qui</strong></span> <span class='ocrx_word' id='word_1_620' title='bbox 615 4181 841 4242; x_wconf 70' lang='lat' dir='ltr'><strong>atraque</strong></span> <span class='ocrx_word' id='word_1_621' title='bbox 873 4187 1034 4225; x_wconf 76' lang='lat' dir='ltr'><strong>manu</strong></span> <span class='ocrx_word' id='word_1_622' title='bbox 1055 4187 1148 4242; x_wconf 83' lang='lat' dir='ltr'><strong>pro</strong></span> <span class='ocrx_word' id='word_1_623' title='bbox 1171 4171 1386 4225; x_wconf 63' lang='lat' dir='ltr'><strong>dextera</strong></span> <span class='ocrx_word' id='word_1_624' title='bbox 1405 4170 1670 4224; x_wconf 78' lang='lat' dir='ltr'><strong>utebatur.</strong></span> <span class='ocrx_word' id='word_1_625' title='bbox 1691 4168 2005 4225; x_wconf 86' lang='lat' dir='ltr'><strong>Secundum</strong></span> 
     </span>
    </p>
   </div>
   <div class='ocr_carea' id='block_1_49' title="bbox 2131 4157 3713 4242">
    <p class='ocr_par' dir='ltr' id='par_1_49' title="bbox 2131 4157 3713 4240">
     <span class='ocr_line' id='line_1_49' title="bbox 2131 4157 3713 4240; baseline 0.012 -28"><span class='ocrx_word' id='word_1_626' title='bbox 2131 4157 2244 4214; x_wconf 66' lang='lat' dir='ltr'><strong>Vide</strong></span> <span class='ocrx_word' id='word_1_627' title='bbox 2273 4159 2326 4214; x_wconf 85' lang='lat' dir='ltr'><strong>in</strong></span> <span class='ocrx_word' id='word_1_628' title='bbox 2361 4162 2560 4230; x_wconf 77' lang='lat' dir='ltr'><strong>quibus</strong></span> <span class='ocrx_word' id='word_1_629' title='bbox 2585 4162 2720 4219; x_wconf 87' lang='lat' dir='ltr'><strong>locis</strong></span> <span class='ocrx_word' id='word_1_630' title='bbox 2765 4167 2919 4221; x_wconf 76' lang='lat' dir='ltr'><strong>sedet</strong></span> <span class='ocrx_word' id='word_1_631' title='bbox 2941 4169 3248 4239; x_wconf 84' lang='lat' dir='ltr'><strong>prophetia,</strong></span> <span class='ocrx_word' id='word_1_632' title='bbox 3281 4171 3425 4227; x_wconf 86' lang='lat' dir='ltr'><strong>inter</strong></span> <span class='ocrx_word' id='word_1_633' title='bbox 3461 4175 3713 4240; x_wconf 82' lang='lat' dir='ltr'><strong>excelsa,</strong></span> 
     </span>
    </p>
   </div>
   <div class='ocr_carea' id='block_1_50' title="bbox 418 4249 3716 4341">
    <p class='ocr_par' dir='ltr' id='par_1_50' title="bbox 418 4249 3716 4341">
     <span class='ocr_line' id='line_1_50' title="bbox 418 4249 3716 4341; baseline -0.001 -23"><span class='ocrx_word' id='word_1_634' title='bbox 418 4263 758 4335; x_wconf 86' lang='lat' dir='ltr'><strong>spiritualem</strong></span> <span class='ocrx_word' id='word_1_635' title='bbox 781 4262 1226 4333; x_wconf 78' lang='lat' dir='ltr'><strong>intelligentiam,</strong></span> <span class='ocrx_word' id='word_1_636' title='bbox 1255 4277 1446 4318; x_wconf 87' lang='lat' dir='ltr'><strong>omnes</strong></span> <span class='ocrx_word' id='word_1_637' title='bbox 1475 4262 1650 4318; x_wconf 86' lang='lat' dir='ltr'><strong>sancti</strong></span> <span class='ocrx_word' id='word_1_638' title='bbox 1680 4260 2006 4317; x_wconf 78' lang='lat' dir='ltr'><strong>ambidextri</strong></span> <span class='ocrx_word' id='word_1_639' title='bbox 2107 4249 2328 4315; x_wconf 73' lang='grc' dir='ltr'><strong>εθίιὶοθῐ,</strong></span> <span class='ocrx_word' id='word_1_640' title='bbox 2367 4261 2426 4307; x_wconf 66' lang='lat' dir='ltr'><strong>et</strong></span> <span class='ocrx_word' id='word_1_641' title='bbox 2439 4252 2663 4310; x_wconf 76' lang='lat' dir='ltr'><strong>domum</strong></span> <span class='ocrx_word' id='word_1_642' title='bbox 2693 4255 2810 4311; x_wconf 73' lang='grc' dir='ltr'><strong>Βθί.</strong></span> <span class='ocrx_word' id='word_1_643' title='bbox 2839 4257 2984 4313; x_wconf 82' lang='lat' dir='ltr'><strong>Nihil</strong></span> <span class='ocrx_word' id='word_1_644' title='bbox 3011 4260 3236 4328; x_wconf 85' lang='lat' dir='ltr'><strong>humile,</strong></span> <span class='ocrx_word' id='word_1_645' title='bbox 3270 4263 3407 4319; x_wconf 83' lang='lat' dir='ltr'><strong>nihil</strong></span> <span class='ocrx_word' id='word_1_646' title='bbox 3441 4267 3550 4321; x_wconf 78' lang='lat' dir='ltr'><strong>vile</strong></span> <span class='ocrx_word' id='word_1_647' title='bbox 3571 4283 3716 4341; x_wconf 73' lang='lat' dir='ltr'><strong>erga</strong></span> 
     </span>
    </p>
   </div>
   <div class='ocr_carea' id='block_1_51' title="bbox 417 4341 1999 4424">
    <p class='ocr_par' dir='ltr' id='par_1_51' title="bbox 417 4353 1999 4424">
     <span class='ocr_line' id='line_1_51' title="bbox 417 4353 1999 4424; baseline -0.003 -14"><span class='ocrx_word' id='word_1_648' title='bbox 417 4355 695 4422; x_wconf 90' lang='lat' dir='ltr'><strong>dicuntur,</strong></span> <span class='ocrx_word' id='word_1_649' title='bbox 739 4355 986 4411; x_wconf 87' lang='lat' dir='ltr'><strong>diabolus</strong></span> <span class='ocrx_word' id='word_1_650' title='bbox 1030 4365 1086 4410; x_wconf 90' lang='lat' dir='ltr'><strong>et</strong></span> <span class='ocrx_word' id='word_1_651' title='bbox 1127 4354 1398 4424; x_wconf 88' lang='lat' dir='ltr'><strong>principes</strong></span> <span class='ocrx_word' id='word_1_652' title='bbox 1443 4353 1581 4423; x_wconf 89' lang='lat' dir='ltr'><strong>ejus,</strong></span> <span class='ocrx_word' id='word_1_653' title='bbox 1626 4353 1999 4409; x_wconf 84' lang='lat' dir='ltr'><strong>ambisinistri.</strong></span> 
     </span>
    </p>
   </div>
   <div class='ocr_carea' id='block_1_52' title="bbox 2131 4341 3713 4424">
    <p class='ocr_par' dir='ltr' id='par_1_52' title="bbox 2131 4341 3713 4421">
     <span class='ocr_line' id='line_1_52' title="bbox 2131 4341 3713 4421; baseline 0.016 -29"><span class='ocrx_word' id='word_1_654' title='bbox 2131 4341 2401 4412; x_wconf 55' lang='lat' dir='ltr'><strong>trephetise</strong></span> <span class='ocrx_word' id='word_1_655' title='bbox 2461 4345 2646 4400; x_wconf 87' lang='lat' dir='ltr'><strong>sedem</strong></span> <span class='ocrx_word' id='word_1_656' title='bbox 2704 4349 2932 4419; x_wconf 69' lang='lat' dir='ltr'><strong>reperiri</strong></span> <span class='ocrx_word' id='word_1_657' title='bbox 2981 4359 3178 4421; x_wconf 84' lang='lat' dir='ltr'><strong>potest.</strong></span> <span class='ocrx_word' id='word_1_658' title='bbox 3231 4352 3389 4410; x_wconf 89' lang='lat' dir='ltr'><strong>Sicut</strong></span> <span class='ocrx_word' id='word_1_659' title='bbox 3442 4356 3713 4417; x_wconf 87' lang='lat' dir='ltr'><strong>Salomon</strong></span> 
     </span>
    </p>
   </div>
   <div class='ocr_carea' id='block_1_53' title="bbox 416 4431 3710 4522">
    <p class='ocr_par' dir='ltr' id='par_1_53' title="bbox 416 4431 3710 4522">
     <span class='ocr_line' id='line_1_53' title="bbox 416 4431 3710 4522; baseline 0.008 -38"><span class='ocrx_word' id='word_1_660' title='bbox 416 4444 615 4500; x_wconf 50' lang='lat' dir='ltr'><strong>Torum</strong></span> <span class='ocrx_word' id='word_1_661' title='bbox 659 4446 806 4506; x_wconf 61' lang='lat' dir='ltr'><strong>enim</strong></span> <span class='ocrx_word' id='word_1_662' title='bbox 841 4445 986 4516; x_wconf 68' lang='lat' dir='ltr'><strong>quod</strong></span> <span class='ocrx_word' id='word_1_663' title='bbox 1025 4454 1208 4515; x_wconf 55' lang='lat' dir='ltr'><strong>“um,</strong></span> <span class='ocrx_word' id='word_1_664' title='bbox 1253 4443 1534 4502; x_wconf 54' lang='lat' dir='ltr'><strong>sinistrum</strong></span> <span class='ocrx_word' id='word_1_665' title='bbox 1574 4454 1659 4501; x_wconf 67' lang='grc' dir='ltr'><strong>εει</strong></span> <span class='ocrx_word' id='word_1_666' title='bbox 1693 4452 1750 4502; x_wconf 62' lang='grc' dir='ltr'>ει</span> <span class='ocrx_word' id='word_1_667' title='bbox 1786 4458 2003 4515; x_wconf 67' lang='grc' dir='ltr'><strong>ρειςνειι.</strong></span> <span class='ocrx_word' id='word_1_668' title='bbox 2029 4498 2080 4522; x_wconf 65' lang='grc'>“</span> <span class='ocrx_word' id='word_1_669' title='bbox 2105 4431 2268 4488; x_wconf 88' lang='lat' dir='ltr'><strong>dicit:</strong></span> <span class='ocrx_word' id='word_1_670' title='bbox 2293 4437 2507 4504; x_wconf 87' lang='lat' dir='ltr'><strong>quodin</strong></span> <span class='ocrx_word' id='word_1_671' title='bbox 2532 4439 2900 4506; x_wconf 87' lang='lat' dir='ltr'><strong>altis,scilicet</strong></span> <span class='ocrx_word' id='word_1_672' title='bbox 2923 4445 3094 4514; x_wconf 91' lang='lat' dir='ltr'><strong>portis</strong></span> <span class='ocrx_word' id='word_1_673' title='bbox 3115 4447 3421 4516; x_wconf 81' lang='lat' dir='ltr'><strong>civitatum,</strong></span> <span class='ocrx_word' id='word_1_674' title='bbox 3453 4455 3710 4522; x_wconf 85' lang='lat' dir='ltr'><strong>assistat,</strong></span> 
     </span>
    </p>
   </div>
   <div class='ocr_carea' id='block_1_54' title="bbox 413 4498 3713 4610">
    <p class='ocr_par' dir='ltr' id='par_1_54' title="bbox 413 4498 3713 4610">
     <span class='ocr_line' id='line_1_54' title="bbox 413 4498 3713 4610; baseline 0.003 -18"><span class='ocrx_word' id='word_1_675' title='bbox 413 4537 560 4601; x_wconf 63' lang='lat' dir='ltr'><strong>eum“,</strong></span> <span class='ocrx_word' id='word_1_676' title='bbox 591 4541 798 4592; x_wconf 63' lang='lat' dir='ltr'><strong>aeterno</strong></span> <span class='ocrx_word' id='word_1_677' title='bbox 831 4535 944 4608; x_wconf 72' lang='lat' dir='ltr'><strong>igni</strong></span> <span class='ocrx_word' id='word_1_678' title='bbox 969 4551 1097 4591; x_wconf 83' lang='lat' dir='ltr'><strong>cum</strong></span> <span class='ocrx_word' id='word_1_679' title='bbox 1127 4535 1232 4602; x_wconf 90' lang='lat' dir='ltr'><strong>his,</strong></span> <span class='ocrx_word' id='word_1_680' title='bbox 1261 4535 1358 4606; x_wconf 86' lang='lat' dir='ltr'><strong>qui</strong></span> <span class='ocrx_word' id='word_1_681' title='bbox 1399 4552 1430 4591; x_wconf 91' lang='lat' dir='ltr'><strong>a</strong></span> <span class='ocrx_word' id='word_1_682' title='bbox 1462 4535 1697 4592; x_wconf 88' lang='lat' dir='ltr'><strong>sinistris</strong></span> <span class='ocrx_word' id='word_1_683' title='bbox 1727 4544 1870 4602; x_wconf 84' lang='lat' dir='ltr'><strong>sunt,</strong></span> <span class='ocrx_word' id='word_1_684' title='bbox 1903 4536 1996 4592; x_wconf 77' lang='lat' dir='ltr'><strong>de.</strong></span> <span class='ocrx_word' id='word_1_685' title='bbox 2028 4498 2081 4559; x_wconf 79' lang='lat' dir='ltr'>D</span> <span class='ocrx_word' id='word_1_686' title='bbox 2107 4524 2191 4580; x_wconf 88' lang='lat' dir='ltr'><strong>vel</strong></span> <span class='ocrx_word' id='word_1_687' title='bbox 2218 4526 2271 4581; x_wconf 93' lang='lat' dir='ltr'><strong>in</strong></span> <span class='ocrx_word' id='word_1_688' title='bbox 2300 4543 2579 4585; x_wconf 89' lang='lat' dir='ltr'><strong>murorum</strong></span> <span class='ocrx_word' id='word_1_689' title='bbox 2608 4534 2880 4590; x_wconf 70' lang='lat' dir='ltr'><strong>moenibus</strong></span> <span class='ocrx_word' id='word_1_690' title='bbox 2917 4535 3140 4602; x_wconf 85' lang='lat' dir='ltr'><strong>habitet,</strong></span> <span class='ocrx_word' id='word_1_691' title='bbox 3171 4540 3332 4610; x_wconf 77' lang='lat' dir='ltr'><strong>velin</strong></span> <span class='ocrx_word' id='word_1_692' title='bbox 3378 4543 3505 4600; x_wconf 86' lang='lat' dir='ltr'><strong>altis</strong></span> <span class='ocrx_word' id='word_1_693' title='bbox 3538 4499 3713 4603; x_wconf 69' lang='lat' dir='ltr'><strong>turri:</strong></span> 
     </span>
    </p>
   </div>
   <div class='ocr_carea' id='block_1_55' title="bbox 411 4620 3710 4705">
    <p class='ocr_par' dir='ltr' id='par_1_55' title="bbox 411 4620 3710 4705">
     <span class='ocr_line' id='line_1_55' title="bbox 411 4620 3710 4705; baseline 0.004 -25"><span class='ocrx_word' id='word_1_694' title='bbox 411 4633 682 4698; x_wconf 88' lang='lat' dir='ltr'><strong>putatum.</strong></span> <span class='ocrx_word' id='word_1_695' title='bbox 2107 4620 2208 4676; x_wconf 89' lang='lat' dir='ltr'><strong>bus</strong></span> <span class='ocrx_word' id='word_1_696' title='bbox 2243 4620 2414 4678; x_wconf 88' lang='lat' dir='ltr'><strong>libere</strong></span> <span class='ocrx_word' id='word_1_697' title='bbox 2446 4633 2592 4694; x_wconf 82' lang='lat' dir='ltr'><strong>agat.</strong></span> <span class='ocrx_word' id='word_1_698' title='bbox 2629 4624 2777 4680; x_wconf 86' lang='lat' dir='ltr'><strong>Inter</strong></span> <span class='ocrx_word' id='word_1_699' title='bbox 2817 4627 3034 4682; x_wconf 90' lang='lat' dir='ltr'><strong>domum</strong></span> <span class='ocrx_word' id='word_1_700' title='bbox 3086 4630 3182 4687; x_wconf 90' lang='lat' dir='ltr'><strong>Dei</strong></span> <span class='ocrx_word' id='word_1_701' title='bbox 3225 4648 3355 4705; x_wconf 80' lang='lat' dir='ltr'><strong>ergo</strong></span> <span class='ocrx_word' id='word_1_702' title='bbox 3399 4645 3455 4691; x_wconf 89' lang='lat' dir='ltr'><strong>et</strong></span> <span class='ocrx_word' id='word_1_703' title='bbox 3485 4639 3710 4695; x_wconf 69' lang='lat' dir='ltr'><strong>excelsa</strong></span> 
     </span>
    </p>
   </div>
   <div class='ocr_carea' id='block_1_56' title="bbox 483 4713 3708 4799">
    <p class='ocr_par' dir='ltr' id='par_1_56' title="bbox 483 4713 3708 4799">
     <span class='ocr_line' id='line_1_56' title="bbox 483 4713 3708 4799; baseline 0.005 -27"><span class='ocrx_word' id='word_1_704' title='bbox 483 4716 648 4772; x_wconf 83' lang='lat' dir='ltr'><strong>Vens.</strong></span> <span class='ocrx_word' id='word_1_705' title='bbox 677 4715 766 4772; x_wconf 84' lang='grc'><strong>20.</strong></span> <span class='ocrx_word' id='word_1_706' title='bbox 791 4747 860 4756; x_wconf 93' lang='grc'><strong>-</strong></span> <span class='ocrx_word' id='word_1_707' title='bbox 887 4715 1159 4788; x_wconf 81' lang='lat' dir='ltr'><strong>Ingressus</strong></span> <span class='ocrx_word' id='word_1_708' title='bbox 1181 4729 1258 4774; x_wconf 88' lang='lat' dir='ltr'><strong>est</strong></span> <span class='ocrx_word' id='word_1_709' title='bbox 1287 4719 1424 4786; x_wconf 82' lang='lat' dir='ltr'><strong>Aod,</strong></span> <span class='ocrx_word' id='word_1_710' title='bbox 1451 4727 1559 4776; x_wconf 83' lang='lat' dir='ltr'><strong>etc.</strong></span> <span class='ocrx_word' id='word_1_711' title='bbox 1597 4719 1824 4791; x_wconf 57' lang='lat' dir='ltr'><strong>(Annae,</strong></span> <span class='ocrx_word' id='word_1_712' title='bbox 1849 4720 1994 4773; x_wconf 79' lang='lat' dir='ltr'><strong>ham.</strong></span> <span class='ocrx_word' id='word_1_713' title='bbox 2104 4713 2304 4768; x_wconf 85' lang='lat' dir='ltr'><strong>dicitur</strong></span> <span class='ocrx_word' id='word_1_714' title='bbox 2331 4715 2594 4771; x_wconf 84' lang='lat' dir='ltr'><strong>habitare.</strong></span> <span class='ocrx_word' id='word_1_715' title='bbox 2637 4717 2752 4774; x_wconf 84' lang='lat' dir='ltr'><strong>Non</strong></span> <span class='ocrx_word' id='word_1_716' title='bbox 2801 4722 2948 4776; x_wconf 90' lang='lat' dir='ltr'><strong>enim</strong></span> <span class='ocrx_word' id='word_1_717' title='bbox 2975 4723 3135 4780; x_wconf 89' lang='lat' dir='ltr'><strong>docet</strong></span> <span class='ocrx_word' id='word_1_718' title='bbox 3163 4742 3282 4796; x_wconf 65' lang='lat' dir='ltr'><strong>quae</strong></span> <span class='ocrx_word' id='word_1_719' title='bbox 3311 4741 3473 4799; x_wconf 89' lang='lat' dir='ltr'><strong>super</strong></span> <span class='ocrx_word' id='word_1_720' title='bbox 3497 4740 3708 4789; x_wconf 88' lang='lat' dir='ltr'><strong>terram</strong></span> 
     </span>
    </p>
   </div>
   <div class='ocr_carea' id='block_1_57' title="bbox 409 4807 3700 4882">
    <p class='ocr_par' dir='ltr' id='par_1_57' title="bbox 409 4807 3700 4882">
     <span class='ocr_line' id='line_1_57' title="bbox 409 4807 3700 4882; baseline 0.005 -17"><span class='ocrx_word' id='word_1_721' title='bbox 409 4808 490 4880; x_wconf 70' lang='lat' dir='ltr'><strong>4t.)</strong></span> <span class='ocrx_word' id='word_1_722' title='bbox 531 4808 654 4864; x_wconf 84' lang='lat' dir='ltr'><strong>Aod</strong></span> <span class='ocrx_word' id='word_1_723' title='bbox 692 4807 1081 4878; x_wconf 80' lang='lat' dir='ltr'><strong>interpretatur</strong></span> <span class='ocrx_word' id='word_1_724' title='bbox 1123 4809 1263 4867; x_wconf 85' lang='lat' dir='ltr'><strong>laus.</strong></span> <span class='ocrx_word' id='word_1_725' title='bbox 1313 4811 1448 4866; x_wconf 78' lang='lat' dir='ltr'><strong>Arte</strong></span> <span class='ocrx_word' id='word_1_726' title='bbox 1490 4810 1635 4866; x_wconf 87' lang='lat' dir='ltr'><strong>enim</strong></span> <span class='ocrx_word' id='word_1_727' title='bbox 1673 4810 1888 4874; x_wconf 89' lang='lat' dir='ltr'><strong>callida,</strong></span> <span class='ocrx_word' id='word_1_728' title='bbox 1938 4817 1995 4864; x_wconf 90' lang='lat' dir='ltr'><strong>et</strong></span> <span class='ocrx_word' id='word_1_729' title='bbox 2103 4813 2229 4860; x_wconf 88' lang='lat' dir='ltr'><strong>sunt</strong></span> <span class='ocrx_word' id='word_1_730' title='bbox 2255 4822 2520 4877; x_wconf 84' lang='lat' dir='ltr'><strong>quaerere,</strong></span> <span class='ocrx_word' id='word_1_731' title='bbox 2547 4809 2784 4881; x_wconf 78' lang='lat' dir='ltr'><strong>sedquae</strong></span> <span class='ocrx_word' id='word_1_732' title='bbox 2811 4813 2864 4866; x_wconf 82' lang='lat' dir='ltr'><strong>in</strong></span> <span class='ocrx_word' id='word_1_733' title='bbox 2889 4814 3062 4882; x_wconf 67' lang='lat' dir='ltr'><strong>caelis,</strong></span> <span class='ocrx_word' id='word_1_734' title='bbox 3099 4816 3190 4871; x_wconf 88' lang='lat' dir='ltr'><strong>ubi</strong></span> <span class='ocrx_word' id='word_1_735' title='bbox 3237 4818 3491 4877; x_wconf 87' lang='lat' dir='ltr'><strong>Christus</strong></span> <span class='ocrx_word' id='word_1_736' title='bbox 3521 4833 3608 4878; x_wconf 90' lang='lat' dir='ltr'><strong>est</strong></span> <span class='ocrx_word' id='word_1_737' title='bbox 3643 4827 3700 4880; x_wconf 91' lang='lat' dir='ltr'><strong>in</strong></span> 
     </span>
    </p>
   </div>
   <div class='ocr_carea' id='block_1_58' title="bbox 407 4893 3695 4972">
    <p class='ocr_par' dir='ltr' id='par_1_58' title="bbox 407 4893 3695 4972">
     <span class='ocr_line' id='line_1_58' title="bbox 407 4893 3695 4972; baseline 0.007 -22"><span class='ocrx_word' id='word_1_738' title='bbox 407 4893 662 4951; x_wconf 87' lang='lat' dir='ltr'><strong>laudabili</strong></span> <span class='ocrx_word' id='word_1_739' title='bbox 694 4909 823 4952; x_wconf 85' lang='lat' dir='ltr'><strong>usus</strong></span> <span class='ocrx_word' id='word_1_740' title='bbox 853 4895 1184 4966; x_wconf 88' lang='lat' dir='ltr'><strong>deceptione,</strong></span> <span class='ocrx_word' id='word_1_741' title='bbox 1214 4906 1346 4963; x_wconf 91' lang='lat' dir='ltr'><strong>etc.,</strong></span> <span class='ocrx_word' id='word_1_742' title='bbox 1377 4913 1541 4968; x_wconf 85' lang='lat' dir='ltr'><strong>usque</strong></span> <span class='ocrx_word' id='word_1_743' title='bbox 1575 4896 1644 4950; x_wconf 89' lang='lat' dir='ltr'><strong>ad</strong></span> <span class='ocrx_word' id='word_1_744' title='bbox 1675 4897 1762 4954; x_wconf 91' lang='lat' dir='ltr'><strong>cui</strong></span> <span class='ocrx_word' id='word_1_745' title='bbox 1795 4897 1992 4954; x_wconf 86' lang='lat' dir='ltr'><strong>dicitur</strong></span> <span class='ocrx_word' id='word_1_746' title='bbox 2101 4896 2322 4951; x_wconf 79' lang='lat' dir='ltr'><strong>dextera</strong></span> <span class='ocrx_word' id='word_1_747' title='bbox 2351 4897 2444 4954; x_wconf 88' lang='lat' dir='ltr'><strong>Dei</strong></span> <span class='ocrx_word' id='word_1_748' title='bbox 2474 4900 2690 4956; x_wconf 89' lang='lat' dir='ltr'><strong>sedens.</strong></span> <span class='ocrx_word' id='word_1_749' title='bbox 2738 4901 2870 4958; x_wconf 84' lang='lat' dir='ltr'><strong>Illuc</strong></span> <span class='ocrx_word' id='word_1_750' title='bbox 2899 4919 2999 4960; x_wconf 89' lang='lat' dir='ltr'><strong>nos</strong></span> <span class='ocrx_word' id='word_1_751' title='bbox 3042 4906 3294 4964; x_wconf 86' lang='lat' dir='ltr'><strong>hortatur</strong></span> <span class='ocrx_word' id='word_1_752' title='bbox 3343 4914 3646 4970; x_wconf 87' lang='lat' dir='ltr'><strong>ascendere</strong></span> <span class='ocrx_word' id='word_1_753' title='bbox 3680 4935 3695 4972; x_wconf 94' lang='lat'>:</span> 
     </span>
    </p>
   </div>
   <div class='ocr_carea' id='block_1_59' title="bbox 407 4985 3545 5074">
    <p class='ocr_par' dir='ltr' id='par_1_59' title="bbox 407 4985 3545 5074">
     <span class='ocr_line' id='line_1_59' title="bbox 407 4985 3545 5074; baseline 0.006 -34"><span class='ocrx_word' id='word_1_754' title='bbox 407 5001 438 5040; x_wconf 90' lang='lat' dir='ltr'><strong>a</strong></span> <span class='ocrx_word' id='word_1_755' title='bbox 461 4986 691 5046; x_wconf 90' lang='lat' dir='ltr'><strong>Domino</strong></span> <span class='ocrx_word' id='word_1_756' title='bbox 717 5003 730 5040; x_wconf 94' lang='lat'><strong>:</strong></span> <span class='ocrx_word' id='word_1_757' title='bbox 765 4985 936 5059; x_wconf 77' lang='lat' dir='ltr'><strong>Euge,</strong></span> <span class='ocrx_word' id='word_1_758' title='bbox 965 5003 1105 5044; x_wconf 76' lang='lat' dir='ltr'><strong>serue</strong></span> <span class='ocrx_word' id='word_1_759' title='bbox 1135 4988 1287 5053; x_wconf 78' lang='lat' dir='ltr'><strong>bone,</strong></span> <span class='ocrx_word' id='word_1_760' title='bbox 1316 4997 1423 5043; x_wconf 91' lang='lat' dir='ltr'><strong>etc.</strong></span> <span class='ocrx_word' id='word_1_761' title='bbox 1685 5053 1696 5066; x_wconf 46' lang='lat'><strong><em>.</em></strong></span> <span class='ocrx_word' id='word_1_762' title='bbox 2093 4986 2224 5043; x_wconf 91' lang='lat' dir='ltr'><strong>illuc</strong></span> <span class='ocrx_word' id='word_1_763' title='bbox 2241 4989 2536 5058; x_wconf 86' lang='lat' dir='ltr'><strong>discipulos</strong></span> <span class='ocrx_word' id='word_1_764' title='bbox 2563 5007 2692 5048; x_wconf 90' lang='lat' dir='ltr'><strong>suos</strong></span> <span class='ocrx_word' id='word_1_765' title='bbox 2718 4995 2940 5050; x_wconf 87' lang='lat' dir='ltr'><strong>molitur</strong></span> <span class='ocrx_word' id='word_1_766' title='bbox 2969 5014 3188 5056; x_wconf 88' lang='lat' dir='ltr'><strong>movere</strong></span> <span class='ocrx_word' id='word_1_767' title='bbox 3233 5003 3545 5074; x_wconf 88' lang='lat' dir='ltr'><strong>prophetia.</strong></span> 
     </span>
    </p>
   </div>
   <div class='ocr_carea' id='block_1_60' title="bbox 481 5077 3698 5161">
    <p class='ocr_par' dir='ltr' id='par_1_60' title="bbox 481 5077 3698 5161">
     <span class='ocr_line' id='line_1_60' title="bbox 481 5077 3698 5161; baseline 0.007 -29"><span class='ocrx_word' id='word_1_768' title='bbox 481 5077 645 5136; x_wconf 80' lang='lat' dir='ltr'><strong>Vens.</strong></span> <span class='ocrx_word' id='word_1_769' title='bbox 683 5079 773 5140; x_wconf 87' lang='grc'><strong>22.</strong></span> <span class='ocrx_word' id='word_1_770' title='bbox 797 5079 1265 5154; x_wconf 81' lang='lat' dir='ltr'><strong>—Pinguissimo.</strong></span> <span class='ocrx_word' id='word_1_771' title='bbox 1297 5079 1481 5152; x_wconf 76' lang='lat' dir='ltr'><strong>(AUG.,</strong></span> <span class='ocrx_word' id='word_1_772' title='bbox 1505 5089 1697 5152; x_wconf 71' lang='lat' dir='ltr'><strong>qunzst.</strong></span> <span class='ocrx_word' id='word_1_773' title='bbox 1725 5079 1838 5152; x_wconf 81' lang='grc'><strong>21.)</strong></span> <span class='ocrx_word' id='word_1_774' title='bbox 1871 5079 1987 5135; x_wconf 87' lang='lat' dir='ltr'><strong>Mc-</strong></span> <span class='ocrx_word' id='word_1_775' title='bbox 2163 5078 2326 5136; x_wconf 83' lang='lat' dir='ltr'><strong>Vens.</strong></span> <span class='ocrx_word' id='word_1_776' title='bbox 2380 5083 2433 5138; x_wconf 93' lang='lat'><strong>8.</strong></span> <span class='ocrx_word' id='word_1_777' title='bbox 2465 5115 2534 5124; x_wconf 91' lang='lat'><strong>-—</strong></span> <span class='ocrx_word' id='word_1_778' title='bbox 2565 5084 2627 5140; x_wconf 93' lang='lat' dir='ltr'><strong>Si</strong></span> <span class='ocrx_word' id='word_1_779' title='bbox 2667 5087 2810 5142; x_wconf 81' lang='lat' dir='ltr'><strong>venis</strong></span> <span class='ocrx_word' id='word_1_780' title='bbox 2853 5088 3037 5160; x_wconf 80' lang='lat' dir='ltr'><strong>(Aoc.,</strong></span> <span class='ocrx_word' id='word_1_781' title='bbox 3060 5104 3249 5159; x_wconf 74' lang='lat' dir='ltr'><strong>qumst.</strong></span> <span class='ocrx_word' id='word_1_782' title='bbox 3305 5095 3376 5152; x_wconf 75' lang='lat'><strong>29</strong></span> <span class='ocrx_word' id='word_1_783' title='bbox 3422 5099 3479 5152; x_wconf 87' lang='lat' dir='ltr'><strong>in</strong></span> <span class='ocrx_word' id='word_1_784' title='bbox 3531 5099 3698 5161; x_wconf 72' lang='lat' dir='ltr'><strong>Iud.)</strong></span> 
     </span>
    </p>
   </div>
   <div class='ocr_carea' id='block_1_61' title="bbox 405 5166 3692 5259">
    <p class='ocr_par' dir='ltr' id='par_1_61' title="bbox 405 5166 3692 5259">
     <span class='ocr_line' id='line_1_61' title="bbox 405 5166 3692 5259; baseline 0.007 -35"><span class='ocrx_word' id='word_1_785' title='bbox 405 5171 513 5226; x_wconf 91' lang='lat' dir='ltr'><strong>rito</strong></span> <span class='ocrx_word' id='word_1_786' title='bbox 539 5172 817 5240; x_wconf 60' lang='lat' dir='ltr'><strong>quaeritur,</strong></span> <span class='ocrx_word' id='word_1_787' title='bbox 860 5182 989 5238; x_wconf 90' lang='lat' dir='ltr'><strong>etc.,</strong></span> <span class='ocrx_word' id='word_1_788' title='bbox 1024 5190 1189 5243; x_wconf 87' lang='lat' dir='ltr'><strong>usque</strong></span> <span class='ocrx_word' id='word_1_789' title='bbox 1239 5173 1307 5225; x_wconf 90' lang='lat' dir='ltr'><strong>ad</strong></span> <span class='ocrx_word' id='word_1_790' title='bbox 1355 5171 1430 5225; x_wconf 87' lang='lat' dir='ltr'><strong>ita</strong></span> <span class='ocrx_word' id='word_1_791' title='bbox 1477 5171 1799 5227; x_wconf 89' lang='lat' dir='ltr'><strong>invenimus.</strong></span> <span class='ocrx_word' id='word_1_792' title='bbox 1853 5171 1986 5228; x_wconf 86' lang='lat' dir='ltr'><strong>Erat</strong></span> <span class='ocrx_word' id='word_1_793' title='bbox 2091 5170 2230 5238; x_wconf 84' lang='lat' dir='ltr'><strong>Quid</strong></span> <span class='ocrx_word' id='word_1_794' title='bbox 2252 5181 2335 5228; x_wconf 89' lang='lat' dir='ltr'><strong>est</strong></span> <span class='ocrx_word' id='word_1_795' title='bbox 2358 5175 2503 5244; x_wconf 81' lang='lat' dir='ltr'><strong>quod</strong></span> <span class='ocrx_word' id='word_1_796' title='bbox 2527 5178 2861 5247; x_wconf 81' lang='lat' dir='ltr'><strong>respondens</strong></span> <span class='ocrx_word' id='word_1_797' title='bbox 2892 5180 3064 5239; x_wconf 84' lang='lat' dir='ltr'><strong>Barac</strong></span> <span class='ocrx_word' id='word_1_798' title='bbox 3090 5184 3354 5246; x_wconf 65' lang='lat' dir='ltr'><strong>Debborae</strong></span> <span class='ocrx_word' id='word_1_799' title='bbox 3391 5191 3493 5258; x_wconf 88' lang='lat' dir='ltr'><strong>ait,</strong></span> <span class='ocrx_word' id='word_1_800' title='bbox 3535 5166 3692 5259; x_wconf 62' lang='lat' dir='ltr'><strong>etc.,</strong></span> 
     </span>
    </p>
   </div>
   <div class='ocr_carea' id='block_1_62' title="bbox 404 5263 3692 5358">
    <p class='ocr_par' dir='ltr' id='par_1_62' title="bbox 404 5263 3692 5358">
     <span class='ocr_line' id='line_1_62' title="bbox 404 5263 3692 5358; baseline 0.007 -42"><span class='ocrx_word' id='word_1_801' title='bbox 404 5273 580 5358; x_wconf 70' lang='lat' dir='ltr'><strong>autem</strong></span> <span class='ocrx_word' id='word_1_802' title='bbox 605 5263 776 5335; x_wconf 82' lang='lat' dir='ltr'><strong>Eglon</strong></span> <span class='ocrx_word' id='word_1_803' title='bbox 797 5282 1004 5320; x_wconf 87' lang='lat' dir='ltr'><strong>crassus</strong></span> <span class='ocrx_word' id='word_1_804' title='bbox 1027 5267 1202 5320; x_wconf 81' lang='lat' dir='ltr'><strong>nimis.</strong></span> <span class='ocrx_word' id='word_1_805' title='bbox 2092 5281 2255 5358; x_wconf 78' lang='lat' dir='ltr'><strong>usque</strong></span> <span class='ocrx_word' id='word_1_806' title='bbox 2297 5266 2406 5320; x_wconf 78' lang='lat' dir='ltr'><strong>ad:</strong></span> <span class='ocrx_word' id='word_1_807' title='bbox 2445 5267 2498 5323; x_wconf 88' lang='lat' dir='ltr'><strong>id</strong></span> <span class='ocrx_word' id='word_1_808' title='bbox 2526 5277 2628 5334; x_wconf 89' lang='lat' dir='ltr'><strong>est,</strong></span> <span class='ocrx_word' id='word_1_809' title='bbox 2665 5269 2795 5326; x_wconf 78' lang='lat' dir='ltr'><strong>facit</strong></span> <span class='ocrx_word' id='word_1_810' title='bbox 2835 5287 3047 5329; x_wconf 87' lang='lat' dir='ltr'><strong>mecum</strong></span> <span class='ocrx_word' id='word_1_811' title='bbox 3084 5291 3345 5348; x_wconf 86' lang='lat' dir='ltr'><strong>prospera</strong></span> <span class='ocrx_word' id='word_1_812' title='bbox 3386 5295 3484 5351; x_wconf 83' lang='lat' dir='ltr'><strong>per</strong></span> <span class='ocrx_word' id='word_1_813' title='bbox 3522 5297 3692 5358; x_wconf 78' lang='lat' dir='ltr'><strong>ange-</strong></span> 
     </span>
    </p>
   </div>
   <div class='ocr_carea' id='block_1_63' title="bbox 475 5353 2245 5430">
    <p class='ocr_par' dir='ltr' id='par_1_63' title="bbox 475 5353 2245 5430">
     <span class='ocr_line' id='line_1_63' title="bbox 475 5353 2245 5430; baseline -0.001 -20"><span class='ocrx_word' id='word_1_814' title='bbox 475 5354 636 5412; x_wconf 80' lang='lat' dir='ltr'><strong>Vens.</strong></span> <span class='ocrx_word' id='word_1_815' title='bbox 678 5356 768 5410; x_wconf 82' lang='grc'><strong>25.</strong></span> <span class='ocrx_word' id='word_1_816' title='bbox 793 5387 857 5397; x_wconf 91' lang='lat'><em>--</em></span> <span class='ocrx_word' id='word_1_817' title='bbox 886 5357 1160 5411; x_wconf 84' lang='lat' dir='ltr'><strong>Tulerunt.</strong></span> <span class='ocrx_word' id='word_1_818' title='bbox 1197 5356 1320 5428; x_wconf 88' lang='lat' dir='ltr'><strong>(lo.,</strong></span> <span class='ocrx_word' id='word_1_819' title='bbox 1344 5367 1528 5430; x_wconf 57' lang='grc' dir='ltr'><strong>(μαίνει.</strong></span> <span class='ocrx_word' id='word_1_820' title='bbox 1556 5357 1669 5427; x_wconf 80' lang='grc'><strong>25.)</strong></span> <span class='ocrx_word' id='word_1_821' title='bbox 1706 5356 1988 5423; x_wconf 80' lang='lat' dir='ltr'><strong>Quomodo</strong></span> <span class='ocrx_word' id='word_1_822' title='bbox 2095 5353 2245 5409; x_wconf 76' lang='lat' dir='ltr'><strong>lum?</strong></span> 
     </span>
    </p>
   </div>
   <div class='ocr_carea' id='block_1_64' title="bbox 396 5443 3684 5521">
    <p class='ocr_par' dir='ltr' id='par_1_64' title="bbox 396 5443 3684 5521">
     <span class='ocr_line' id='line_1_64' title="bbox 396 5443 3684 5521; baseline 0.005 -20"><span class='ocrx_word' id='word_1_823' title='bbox 396 5446 553 5517; x_wconf 87' lang='lat' dir='ltr'><strong>pueri</strong></span> <span class='ocrx_word' id='word_1_824' title='bbox 579 5448 724 5519; x_wconf 79' lang='lat' dir='ltr'><strong>regis</strong></span> <span class='ocrx_word' id='word_1_825' title='bbox 753 5447 923 5520; x_wconf 74' lang='lat' dir='ltr'><strong>Eglon</strong></span> <span class='ocrx_word' id='word_1_826' title='bbox 952 5447 1092 5502; x_wconf 75' lang='lat' dir='ltr'><strong>clavi</strong></span> <span class='ocrx_word' id='word_1_827' title='bbox 1123 5455 1480 5517; x_wconf 78' lang='lat' dir='ltr'><strong>aperuerunt,</strong></span> <span class='ocrx_word' id='word_1_828' title='bbox 1513 5448 1654 5518; x_wconf 87' lang='lat' dir='ltr'><strong>quod</strong></span> <span class='ocrx_word' id='word_1_829' title='bbox 1682 5446 1796 5501; x_wconf 75' lang='lat' dir='ltr'><strong>Aod</strong></span> <span class='ocrx_word' id='word_1_830' title='bbox 1843 5445 1983 5503; x_wconf 87' lang='lat' dir='ltr'><strong>clavi</strong></span> <span class='ocrx_word' id='word_1_831' title='bbox 2167 5443 2186 5518; x_wconf 94' lang='lat'><strong>(</strong></span> <span class='ocrx_word' id='word_1_832' title='bbox 2202 5446 2402 5516; x_wconf 61' lang='lat' dir='ltr'><strong>Anam,</strong></span> <span class='ocrx_word' id='word_1_833' title='bbox 2429 5450 2570 5504; x_wconf 84' lang='lat' dir='ltr'><strong>hom.</strong></span> <span class='ocrx_word' id='word_1_834' title='bbox 2591 5451 2670 5521; x_wconf 83' lang='lat'><strong>5.)</strong></span> <span class='ocrx_word' id='word_1_835' title='bbox 2704 5452 2825 5508; x_wconf 88' lang='lat' dir='ltr'><strong>Non</strong></span> <span class='ocrx_word' id='word_1_836' title='bbox 2861 5457 3165 5521; x_wconf 85' lang='lat' dir='ltr'><strong>ascendam,</strong></span> <span class='ocrx_word' id='word_1_837' title='bbox 3200 5460 3304 5514; x_wconf 86' lang='lat' dir='ltr'><strong>nisi</strong></span> <span class='ocrx_word' id='word_1_838' title='bbox 3339 5470 3396 5514; x_wconf 88' lang='lat' dir='ltr'><strong>tu</strong></span> <span class='ocrx_word' id='word_1_839' title='bbox 3424 5464 3684 5518; x_wconf 76' lang='lat' dir='ltr'><strong>ascende-</strong></span> 
     </span>
    </p>
   </div>
   <div class='ocr_carea' id='block_1_65' title="bbox 398 5538 3680 5624">
    <p class='ocr_par' dir='ltr' id='par_1_65' title="bbox 398 5538 3680 5624">
     <span class='ocr_line' id='line_1_65' title="bbox 398 5538 3680 5624; baseline 0.004 -30"><span class='ocrx_word' id='word_1_840' title='bbox 398 5555 505 5595; x_wconf 91' lang='lat' dir='ltr'><strong>non</strong></span> <span class='ocrx_word' id='word_1_841' title='bbox 537 5539 842 5596; x_wconf 68' lang='lat' dir='ltr'><strong>clauserat?</strong></span> <span class='ocrx_word' id='word_1_842' title='bbox 873 5541 978 5593; x_wconf 75' lang='lat' dir='ltr'><strong>Aut</strong></span> <span class='ocrx_word' id='word_1_843' title='bbox 1007 5541 1052 5594; x_wconf 92' lang='lat' dir='ltr'><strong>si</strong></span> <span class='ocrx_word' id='word_1_844' title='bbox 1093 5541 1182 5595; x_wconf 88' lang='lat' dir='ltr'><strong>ille</strong></span> <span class='ocrx_word' id='word_1_845' title='bbox 1220 5540 1356 5596; x_wconf 84' lang='lat' dir='ltr'><strong>clavi</strong></span> <span class='ocrx_word' id='word_1_846' title='bbox 1398 5540 1683 5606; x_wconf 86' lang='lat' dir='ltr'><strong>clauserat,</strong></span> <span class='ocrx_word' id='word_1_847' title='bbox 1714 5542 1982 5611; x_wconf 84' lang='lat' dir='ltr'><strong>quomodo</strong></span> <span class='ocrx_word' id='word_1_848' title='bbox 2093 5538 2164 5590; x_wconf 84' lang='lat' dir='ltr'><strong>ris</strong></span> <span class='ocrx_word' id='word_1_849' title='bbox 2183 5553 2406 5592; x_wconf 80' lang='lat' dir='ltr'><strong>mecum.</strong></span> <span class='ocrx_word' id='word_1_850' title='bbox 2445 5538 2608 5595; x_wconf 87' lang='lat' dir='ltr'><strong>Vides</strong></span> <span class='ocrx_word' id='word_1_851' title='bbox 2649 5545 2921 5611; x_wconf 81' lang='lat' dir='ltr'><strong>quomodo</strong></span> <span class='ocrx_word' id='word_1_852' title='bbox 2947 5545 3057 5602; x_wconf 83' lang='lat' dir='ltr'><strong>illis</strong></span> <span class='ocrx_word' id='word_1_853' title='bbox 3089 5548 3366 5616; x_wconf 90' lang='lat' dir='ltr'><strong>prioribus</strong></span> <span class='ocrx_word' id='word_1_854' title='bbox 3387 5551 3680 5624; x_wconf 71' lang='lat' dir='ltr'><strong>prophetia</strong></span> 
     </span>
    </p>
   </div>
   <div class='ocr_carea' id='block_1_66' title="bbox 396 5630 3680 5710">
    <p class='ocr_par' dir='ltr' id='par_1_66' title="bbox 396 5630 3680 5710">
     <span class='ocr_line' id='line_1_66' title="bbox 396 5630 3680 5710; baseline 0.004 -27"><span class='ocrx_word' id='word_1_855' title='bbox 396 5647 514 5684; x_wconf 84' lang='lat' dir='ltr'><strong>eam</strong></span> <span class='ocrx_word' id='word_1_856' title='bbox 557 5645 738 5687; x_wconf 88' lang='lat' dir='ltr'><strong>secum</strong></span> <span class='ocrx_word' id='word_1_857' title='bbox 785 5648 888 5685; x_wconf 85' lang='lat' dir='ltr'><strong>non</strong></span> <span class='ocrx_word' id='word_1_858' title='bbox 933 5633 1150 5696; x_wconf 82' lang='lat' dir='ltr'><strong>tulerat,</strong></span> <span class='ocrx_word' id='word_1_859' title='bbox 1191 5643 1252 5686; x_wconf 87' lang='lat' dir='ltr'><strong>ut</strong></span> <span class='ocrx_word' id='word_1_860' title='bbox 1299 5649 1397 5687; x_wconf 87' lang='lat' dir='ltr'><strong>nec</strong></span> <span class='ocrx_word' id='word_1_861' title='bbox 1439 5633 1524 5687; x_wconf 84' lang='lat' dir='ltr'><strong>isti</strong></span> <span class='ocrx_word' id='word_1_862' title='bbox 1579 5632 1713 5686; x_wconf 81' lang='lat' dir='ltr'><strong>clavi</strong></span> <span class='ocrx_word' id='word_1_863' title='bbox 1767 5633 1979 5702; x_wconf 77' lang='lat' dir='ltr'><strong>aperire</strong></span> <span class='ocrx_word' id='word_1_864' title='bbox 2088 5630 2276 5684; x_wconf 80' lang='lat' dir='ltr'><strong>detulit</strong></span> <span class='ocrx_word' id='word_1_865' title='bbox 2301 5632 2518 5703; x_wconf 76' lang='lat' dir='ltr'><strong>eloquia</strong></span> <span class='ocrx_word' id='word_1_866' title='bbox 2539 5633 2658 5699; x_wconf 84' lang='lat' dir='ltr'><strong>Dei,</strong></span> <span class='ocrx_word' id='word_1_867' title='bbox 2684 5646 2809 5700; x_wconf 86' lang='lat' dir='ltr'><strong>etc.,</strong></span> <span class='ocrx_word' id='word_1_868' title='bbox 2844 5655 3005 5709; x_wconf 82' lang='lat' dir='ltr'><strong>usque</strong></span> <span class='ocrx_word' id='word_1_869' title='bbox 3040 5641 3129 5706; x_wconf 89' lang='lat' dir='ltr'><strong>ad,</strong></span> <span class='ocrx_word' id='word_1_870' title='bbox 3169 5641 3252 5696; x_wconf 77' lang='grc' dir='ltr'><strong>ριιὶ</strong></span> <span class='ocrx_word' id='word_1_871' title='bbox 3277 5658 3472 5698; x_wconf 83' lang='lat' dir='ltr'><strong>nomen</strong></span> <span class='ocrx_word' id='word_1_872' title='bbox 3497 5639 3680 5710; x_wconf 70' lang='lat' dir='ltr'><strong>lalrel,</strong></span> 
     </span>
    </p>
   </div>
   <div class='ocr_carea' id='block_1_67' title="bbox 393 5723 2550 5796">
    <p class='ocr_par' dir='ltr' id='par_1_67' title="bbox 393 5723 2550 5796">
     <span class='ocr_line' id='line_1_67' title="bbox 393 5723 2550 5796; baseline 0.001 -19"><span class='ocrx_word' id='word_1_873' title='bbox 393 5727 648 5796; x_wconf 68' lang='lat' dir='ltr'><strong>possent?</strong></span> <span class='ocrx_word' id='word_1_874' title='bbox 682 5723 912 5780; x_wconf 76' lang='lat' dir='ltr'><strong>Proinde</strong></span> <span class='ocrx_word' id='word_1_875' title='bbox 965 5736 1054 5781; x_wconf 76' lang='lat' dir='ltr'><strong>aut</strong></span> <span class='ocrx_word' id='word_1_876' title='bbox 1089 5727 1187 5781; x_wconf 46' lang='lat' dir='ltr'><strong>alia</strong></span> <span class='ocrx_word' id='word_1_877' title='bbox 1223 5728 1388 5782; x_wconf 75' lang='lat' dir='ltr'><strong>clavis</strong></span> <span class='ocrx_word' id='word_1_878' title='bbox 1427 5728 1585 5782; x_wconf 79' lang='lat' dir='ltr'><strong>allata</strong></span> <span class='ocrx_word' id='word_1_879' title='bbox 1615 5739 1712 5792; x_wconf 77' lang='lat' dir='ltr'><strong>cst,</strong></span> <span class='ocrx_word' id='word_1_880' title='bbox 1750 5737 1840 5782; x_wconf 77' lang='lat' dir='ltr'><strong>aut</strong></span> <span class='ocrx_word' id='word_1_881' title='bbox 1875 5728 1975 5783; x_wconf 81' lang='lat' dir='ltr'><strong>talc</strong></span> <span class='ocrx_word' id='word_1_882' title='bbox 2089 5725 2321 5780; x_wconf 81' lang='lat' dir='ltr'><strong>traditur</strong></span> <span class='ocrx_word' id='word_1_883' title='bbox 2345 5723 2550 5780; x_wconf 79' lang='lat' dir='ltr'><strong>Sisara.</strong></span> 
     </span>
    </p>
   </div>
  </div>
