4006 6352
281 329 388 385 525
1011 367 1013 370 ‹
1296 335 1562 394 GLOSSA
1597 337 1828 394 ORDth

1940 340 1988 394 ι.
2030 373 2094 381 -
2135 343 2259 398 LIB.
2297 342 2506 416 JUDIC.
3420 357 3523 424 526

349 437 516 493 Vsus.
543 436 629 493 18.
654 468 719 478 -
745 436 968 509 Egressa
995 442 1154 512 igitur
1176 442 1400 511 (Amm,
1429 446 1567 500 hom.
1595 446 1672 519 5.)
1696 447 1849 503 Jahel
1875 452 1928 514 Α
1953 448 2078 506 fecti
2107 451 2249 530 enim
2277 453 2526 512 doctores
2555 457 2850 514 Debboram
2879 476 3192 532 provocant,
3225 476 3284 523 ut
3327 483 3523 541 etper-

274 529 472 585 mulier
491 530 788 599 alienigena
815 532 1110 589 Ecclesiam
1133 535 1422 608 signiﬁcat,
1446 548 1578 605 etc.,
1603 557 1763 612 usque
1783 541 1852 596 ad

273 630 480 677 aeterno
510 621 736 676 tradidit
762 639 972 680 somno.

349 715 513 769 Vens.
557 714 642 771 19.
664 746 736 756 —
765 715 896 782 Quae
941 720 1144 787 aperuit
1188 721 1409 791 (Amm,
1435 723 1574 778 hom.
1603 724 1849 796 5.)'Una-

273 819 503 875 quaeque
541 806 720 870 anima
771 807 874 862 hoc
919 805 1059 862 lacte
1090 811 1402 882 evangelico
1448 821 1505 867 et
1557 815 1851 884 apostolico

270 893 518 958 Sisaram
543 897 599 952 in
621 912 680 952 se
697 897 871 966 sopiat
889 904 945 954 et
966 899 1293 970 exstinguat,
1315 911 1443 970 etc.,
1476 921 1634 974 usque
1667 907 1736 959 ad
1756 907 1850 962 sed

270 1004 442 1048 unum
453 991 646 1062 primis
666 999 720 1048 et
742 991 1050 1050 novissimis
1064 993 1301 1050 victoriae
1318 997 1596 1068 przemium
1611 998 1846 1058 dabitur.

343 1079 512 1140 Vens.
559 1082 648 1142 22.
671 1113 743 1124 —
767 1081 1113 1164 Egressaque,
1161 1095 1266 1148 etc.
1314 1086 1538 1157 (Anam,
1562 1089 1704 1144 hom.
1731 1089 1766 1148 5
1793 1090 1848 1144 in

266 1170 426 1244 Iud.)
447 1171 695 1234 Occurrit
711 1171 885 1242 Jahel,
915 1184 1042 1244 etc.,
1067 1193 1235 1250 usque
1261 1177 1332 1242 ad
1352 1177 1497 1240 ﬁdeli
1519 1189 1670 1240 tactu
1696 1182 1848 1254 prior

266 1265 622 1336 consequitur
643 1266 959 1332 sanitatem.

887 1400 1116 1460 CAPUT
1159 1403 1217 1459 ν.

245 1620 256 1628 ο
340 1546 505 1604 Vsus.
530 1549 580 1606 l.
604 1579 676 1590 —-
701 1547 1112 1626 Cecineruntque
1138 1555 1380 1618 Debbora
1418 1567 1468 1614 et
1506 1556 1702 1630 Barac,
1733 1569 1840 1616 etc.

261 1639 490 1712 (Anam,
521 1643 661 1700 hom.
701 1644 812 1702 6in
836 1643 996 1720 Iud.)
1057 1648 1114 1704 Si
1163 1651 1575 1708 meminerimus
1619 1670 1742 1723 quze
1783 1655 1842 1714 in

260 1734 633 1804 superioribus
677 1736 820 1794 dicta
865 1748 1014 1803 sunt,
1070 1750 1202 1807 etc.,
1241 1761 1403 1815 usque
1440 1745 1510 1800 ad
1549 1745 1632 1804 vel
1682 1745 1842 1817 culpa

258 1837 383 1892 qua:
411 1839 506 1892 per
537 1835 778 1882 nostram
817 1830 964 1884 venit
990 1831 1285 1902 ignaviam.

334 1914 546 1980 Audite,
591 1925 698 1980 etc,
751 1917 956 1976 Montes
1017 1923 1284 1992 ﬂuxerunt
1337 1943 1370 1980 a
1418 1925 1555 2000 facie
1603 1927 1835 1990 Domini.

259 2003 489 2078 (Anam)
536 2007 772 2068 Auribus
809 2013 1098 2084 percipite,
1137 2030 1330 2072 omnes
1387 2027 1638 2089 satrapae.
1690 2020 1842 2078 Sicut

259 2096 550 2154 inferiores
569 2109 696 2158 sunt
715 2101 930 2174 regibus
953 2112 1198 2178 satrapae,
1227 2115 1357 2172 etc.,
1385 2125 1546 2181 usque
1591 2111 1659 2166 ad
1682 2111 1842 2185 digne

261 2199 324 2248 ut
347 2206 446 2250 res.
479 2193 546 2248 ad
569 2195 834 2258 audienda
865 2197 1027 2269 verba
1053 2197 1231 2260 divina
1269 2201 1570 2258 vocaberis.

333 2282 498 2340 Vens.
541 2285 594 2344 6.
611 2285 771 2348 —In.
794 2286 1076 2356 Quievisse
1098 2291 1350 2348 dicuntur
1378 2293 1606 2360 semine,
1637 2310 1756 2365 quae
1785 2296 1838 2352 in

257 2379 451 2438 diebus
481 2379 710 2454 Samgar
741 2383 894 2440 ducis
938 2384 1102 2444 Israel
1136 2395 1524 2460 praeoccupatas
1577 2398 1733 2446 erant
1771 2391 1840 2446 ab

253 2469 504 2532 hostibus
535 2482 589 2528 et
615 2487 720 2532 non
747 2473 1021 2532 audebant
1046 2476 1100 2532 in
1130 2478 1355 2538 domum
1387 2480 1600 2536 Domini
1623 2481 1690 2536 ad
1715 2496 1840 2536 ora-

254 2561 460 2618 tionem
485 2565 813 2632 ascendere;
845 2581 876 2626 a
904 2567 1104 2636 quibus
1130 2583 1240 2626 non
1293 2569 1556 2628 scribitur
1607 2568 1839 2643 Samgar

250 2652 410 2724 plene
437 2653 718 2714 liberasse.

324 2744 491 2802 Vsus.
516 2746 752 2803 9.—Cor
773 2765 943 2806 meum
968 2749 1156 2821 diligit.
1196 2749 1416 2823 (Ana...
1453 2752 1592 2808 hom.
1621 2751 1700 2822 6.)
1731 2751 1838 2810 Cor

248 2851 433 2896 meum
463 2838 527 2894 ad
549 2855 612 2898 ea
644 2854 762 2910 quin
800 2839 1057 2909 disposita
1107 2849 1230 2898 sunt
1267 2843 1393 2898 huic
1442 2841 1632 2904 Israel.
1667 2841 1834 2909 Quasi

248 2945 346 2988 cor
385 2947 584 3000 meum,
608 2933 821 2994 animus
845 2933 1019 2998 incus,
1041 2948 1234 2990 sensus
1257 2947 1430 2998 meus,
1455 2941 1509 2988 et
1541 2940 1656 2996 tota
1679 2949 1834 2990 mens

248 3038 373 3080 mea
400 3024 468 3080 ad
494 3021 625 3080 illud
647 3025 838 3089 tendit,
861 3022 991 3082 illud
1017 3023 1280 3094 prospicit
1323 3023 1471 3096 quod
1514 3021 1832 3093 dispositum

246 3122 335 3170 est
380 3122 436 3170 et
475 3123 837 3192 praeparatum
892 3115 1076 3172 lsra’el.
1135 3114 1323 3172 Unde:
1365 3113 1558 3174 Omnia
1610 3130 1727 3182 qua:
1777 3115 1834 3170 in

247 3206 445 3262 mundo
493 3214 612 3268 sunt
639 3216 820 3275 reputo
851 3215 904 3260 ut
933 3215 1186 3270 stercora,
1219 3214 1274 3260 ut
1305 3202 1573 3260 Christum
1613 3203 1832 3262 lucrifa-

246 3297 405 3364 ciam,
445 3306 550 3362 etc.
591 3294 759 3366 (Phil.
791 3295 893 3366 ιιι).

319 3387 486 3456 Vsus.
529 3389 612 3444 10.
635 3419 705 3427 —
738 3388 840 3454 Qui
863 3389 1078 3460 propria
1102 3385 1389 3454 uoluntate.
1425 3385 1501 3448 De
1527 3387 1724 3460 quibus
1755 3388 1835 3446 di-

246 3479 414 3542 citur,
439 3479 528 3550 qui
560 3488 740 3549 sponte
773 3479 1032 3532 obtulistis
1061 3479 1266 3532 animas
1302 3488 1496 3534 vestras
1535 3480 1604 3533 ad
1633 3481 1835 3550 pericu-

244 3569 376 3636 lum,
403 3580 536 3636 etc.,
564 3571 690 3639 quia
717 3570 819 3640 legi
846 3569 944 3626 Dei
970 3578 1026 3624 ct
1053 3571 1297 3625 servituti
1339 3570 1456 3640 ejus
1499 3585 1557 3627 se
1584 3573 1834 3627 subdide-

243 3676 395 3727 runt,
425 3664 513 3718 die
533 3677 596 3718 ac
621 3671 780 3718 nocte
801 3664 855 3717 in
880 3663 993 3734 lege
1017 3663 1137 3734 ejus
1155 3663 1508 3718 meditantes.

317 3756 424 3821 Qui
451 3757 732 3811 ascenditis
761 3772 920 3825 super
957 3757 1178 3810 nitentes
1226 3757 1424 3811 asinos.
1467 3754 1694 3829 (Aman)
1725 3752 1831 3810 Po-

247 3856 414 3901 tentes
469 3845 669 3916 populi,
707 3846 994 3901 benedicite
1039 3846 1347 3909 Dominum,
1403 3848 1530 3918 quia
1585 3848 1827 3902 ascendi-

239 3940 308 3994 tis
362 3955 518 4010 super
565 3941 830 4010 jumenta,
885 3948 990 3996 etc.
1042 3940 1252 4012 Corpus
1311 3952 1555 3996 nostrum
1607 3941 1824 4010 jumen-

239 4038 360 4087 tum
393 4039 515 4088 est:
547 4033 616 4088 ad
663 4031 1036 4102 adjumentum
1079 4033 1224 4086 enim
1259 4039 1314 4085 et
1350 4031 1417 4086 ad
1461 4031 1823 4106 ministerium

238 4122 440 4176 animai
509 4125 695 4177 datum
729 4132 833 4180 est.
892 4121 1139 4178 lnteriori
1185 4121 1393 4176 homini
1445 4121 1680 4176 dicitur:
1713 4120 1824 4186 Qui

235 4212 474 4266 ascendit
510 4229 665 4284 super
703 4213 1026 4283 jumentum,
1064 4213 1117 4267 id
1145 4223 1249 4277 est,
1293 4227 1491 4284 corpus
1538 4225 1718 4276 suum,
1765 4218 1824 4265 et

235 4305 487 4375 superior
523 4306 697 4361 factus
739 4315 826 4362 est
855 4307 1229 4377 corporalibus
1277 4306 1586 4371 desideriis,
1609 4317 1669 4361 et
1706 4320 1819 4360 mo-

233 4404 327 4452 tus
353 4398 598 4467 corporis
621 4398 934 4454 moderatur
961 4398 1117 4454 freno
1146 4399 1395 4466 rationis,
1427 4409 1488 4453 ut
1513 4399 1808 4454 benedicat

232 4487 546 4544 Dominum.

308 4578 475 4633 Vsus.
509 4580 595 4634 11.
622 4609 695 4624 --
728 4579 913 4635 Cottisi
956 4590 1099 4636 sunt.
1151 4579 1316 4648 Quasi
1368 4581 1532 4646 dicat,
1561 4579 1816 4651 quamvis

229 4689 454 4745 scmper
478 4684 531 4730 et
561 4676 760 4746 ubique
785 4676 1085 4732 laudandus
1111 4678 1181 4733 sit
1203 4679 1367 4743 Deus,
1394 4693 1573 4733 nonne
1603 4678 1691 4732 hic
1718 4693 1814 4746 po—

233 4767 344 4821 tius
372 4765 671 4824 laudandus
691 4776 745 4821 et
763 4767 1163 4824 benedicendus
1185 4779 1285 4832 est,
1311 4771 1402 4838 qui
1426 4770 1689 4825 subvertit
1707 4769 1814 4822 ini-

228 4860 406 4914 micos
423 4861 1075 4924 nostros,sicutsubvertit
1091 4861 1376 4932 Egyptios
1390 4864 1441 4916 in
1457 4863 1593 4916 mari
1609 4862 1817 4916 Rubro?

302 4949 390 5004 Ibi
435 4962 738 5006 narrentur.
805 4954 1032 5026 (Anam)
1081 4953 1269 5007 LXX:
1317 4954 1454 5008 Justi
1523 4953 1814 5008 confortati

228 5049 361 5095 sunt
388 5041 444 5094 in
471 5039 654 5096 Israel.
692 5041 749 5097 ln
778 5043 898 5098 aliis
918 5045 1192 5114 gentibus,
1216 5044 1306 5114 qui
1333 5044 1578 5114 corporis
1624 5046 1818 5099 robore

227 5127 486 5184 fortiores
515 5141 662 5196 sunt,
695 5140 946 5202 potentes
961 5134 1222 5188 dicuntur
1239 5134 1296 5187 in
1320 5133 1508 5203 praelia
1529 5153 1542 5188 :
1567 5135 1620 5187 in
1655 5134 1816 5188 lsrael

227 5234 384 5284 vero,
419 5221 512 5290 qui
533 5220 824 5290 justiores;
855 5224 979 5294 quia
1002 5224 1231 5294 justitia,
1267 5225 1431 5282 etiam
1485 5225 1686 5281 viribus
1736 5227 1816 5280 in-

227 5311 413 5373 ﬁrma.
467 5314 652 5369 vincit.
699 5313 966 5384 lnjustitia
1016 5331 1146 5371 vero
1173 5357 1188 5382 ,
1237 5317 1341 5371 etsi
1391 5317 1590 5372 multos
1651 5318 1814 5373 habet

223 5403 522 5460 bellatores
549 5406 774 5471 validos,
813 5416 1121 5477 snperatur.
1156 5407 1298 5478 Ergo
1327 5409 1381 5462 in
1424 5417 1608 5463 nostra
1652 5417 1810 5479 gente

225 5503 322 5552 aut
342 5511 441 5565 per
457 5496 721 5566 justitiam
745 5513 1094 5568 superamus,
1127 5500 1674 5570 autperiinjustitiam
1697 5502 1808 5556 vin-

224 5586 424 5642 cimnr.

297 5678 462 5732 Vsus.
493 5679 577 5734 l2.
612 5711 680 5721 —-
723 5681 910 5751 Surge,
935 5698 1108 5752 surge.
1139 5683 1194 5737 in
1220 5683 1448 5738 liehraao
1499 5701 1605 5739 nou
1635 5686 1800 5739 habe-

219 5778 312 5826 tur
348 5790 357 5823 :
384 5773 475 5826 sed
497 5775 848 5844 expergiscere
869 5776 1076 5847 spiritu,
1101 5777 1306 5832 scilicet
1337 5779 1650 5847 prophetia,
1677 5795 1796 5845 por-

1848 4529 1900 4591 D

1952 543 2191 612 giscatur
2217 545 2408 616 Spiritu
2444 549 2736 620 prophetiae
2780 560 2834 606 et
2864 552 3056 610 laudis.

2022 633 2184 690 Vens.
2217 637 2592 695 i5.—Diviso.
2629 643 2743 698 Vox
2769 645 3028 702 Debborze
3058 649 3382 721 increpantis
3407 651 3517 714 Ru-

1949 726 2052 780 ben
2083 729 2174 798 qui
2207 730 2430 800 imperio
2457 734 2667 787 Domini
2707 751 2812 790 non
2838 736 3232 810 obtemperavit
3263 759 3384 799 cum
3411 744 3508 808 fra-

1950 817 2122 873 tribus
2151 821 2281 886 suis,
2311 832 2369 877 ut
2393 823 2683 880 debellaret
2727 827 2994 895 inimicos,
3051 831 3146 886 sed
3177 837 3516 903 perterritus,

1949 915 2005 961 et
2027 909 2205 964 verbis
2229 911 2439 966 Domini
2475 915 2801 982 incredulus,
2828 919 3008 975 divisit
3025 936 3082 976 se
3108 922 3176 976 ab
3195 923 3302 990 eis;
3323 935 3379 980 et
3396 925 3517 981 ideo

1948 1001 2342 1068 magnanimus,
2372 1007 2632 1074 superbus
2662 1017 2906 1078 repertus
2932 1019 3032 1066 est.
3064 1011 3216 1069 Unde
3242 1015 3295 1069 in
3325 1017 3516 1086 spiritu

1947 1093 2244 1164 prophetia:
2265 1094 2574 1166 increpatur
2611 1099 2692 1154 sic
2723 1118 2734 1153 :
2787 1099 2960 1165 Quare
2997 1102 3200 1160 habitas
3229 1107 3364 1160 inter
3385 1108 3516 1164 duos

1948 1183 2240 1238 terminos?
2266 1194 2372 1241 etc.
2402 1185 2458 1240 lu
2491 1186 2714 1243 Hebrzeo
2753 1199 2932 1246 autem
2966 1209 3074 1248 non
3104 1195 3335 1252 habetur
3360 1197 3514 1254 duos.

2019 1276 2182 1332 Vens.
2232 1277 2317 1333 2L
2379 1311 2447 1319 —
2505 1279 2689 1336 Traxit
2741 1284 2996 1340 cadavera
3037 1305 3241 1357 eorum,
3303 1301 3408 1348 etc.
3459 1293 3515 1348 ln

1943 1381 2096 1423 mare
2139 1366 2405 1436 Rubrum,
2438 1372 2580 1456 quod
2607 1379 2689 1427 est
2724 1373 3025 1445 Cadumim,
3064 1381 3205 1451 quod
3248 1383 3516 1456 interpre—

1945 1466 2092 1514 tatur
2134 1449 2515 1531 antiquorum:
2567 1479 2631 1519 eo
2675 1468 2816 1536 quod
2865 1449 3094 1541 antiqua
3136 1449 3407 1530 miracula-
3443 1477 3516 1532 ibi

1946 1562 2073 1608 sunt
2122 1553 2265 1610 facta
2291 1558 2694 1613 transeuntibus
2723 1557 2844 1614 ﬁliis
2873 1561 3054 1629 Israel,
3083 1573 3138 1620 et
3168 1567 3518 1631 pereuntibus

1939 1637 2214 1714 'Egyptiis
2235 1663 2247 1698 :
2271 1655 2331 1700 ut
2355 1661 2456 1716 pro
2483 1647 2836 1704 cadaveribus
2850 1649 3249 1724 Egyptiorum,
3281 1657 3517 1712 habeant

1943 1735 2120 1806 pisces
2134 1745 2189 1792 et
2202 1737 2388 1794 bestiae
2403 1739 2566 1794 maris
2580 1740 2767 1807 Rubri,
2791 1743 3050 1798 cadavera
3067 1744 3513 1802 Chananteoruui.

2016 1828 2239 1901 (Anam,
2266 1831 2405 1884 hom.
2454 1831 2486 1886 7
2511 1832 2566 1886 in
2602 1832 2757 1906 Iud.)
2782 1833 2895 1889 Non
2937 1835 3191 1892 dicuntur
3228 1838 3518 1897 invaluisse

1945 1935 2104 1990 super
2131 1922 2384 1992 populum
2411 1922 2508 1979 Dei
2532 1923 2660 1979 dum
2705 1936 2972 1996 praecepta
3003 1929 3332 1996 custodiunt,
3381 1939 3512 1998 etc.,

1941 2026 2104 2082 usque
2126 2013 2195 2066 ad
2221 2029 2343 2069 cum
2385 2030 2417 2069 a
2442 2016 2614 2088 gratia
2636 2017 2730 2072 Dei
2757 2017 3080 2090 deserimur.

2537 2167 2765 2228 CAPUT
2795 2169 2881 2228 Vl.

2014 2275 2177 2332 Vsus.
2209 2277 2262 2332 5.
2289 2308 2357 2318 —
2383 2279 2613 2352 Cumque
2639 2285 2864 2337 sevisset.
2893 2284 3024 2356 (ln.,
3073 2287 3213 2341 hom.
3255 2288 3345 2363 7.)
3387 2289 3516 2347 Hac

1939 2367 2242 2435 patiebatur
2259 2367 2590 2436 lsrael,etc.,
2617 2389 2779 2443 usque
2821 2374 2892 2428 ad
2925 2384 3102 2431 morte
3121 2393 3217 2434 sua
3245 2379 3511 2438 clariﬁca-

1940 2466 2070 2523 tam,
2097 2461 2359 2531 sanguine
2389 2461 2573 2516 lotam.

2011 2549 2176 2604 Vens.
2207 2549 2258 2604 8.
2296 2581 2365 2590 —
2392 2551 2496 2616 Qui
2521 2554 2663 2607 misit
2698 2555 2770 2608 ad
2813 2572 2899 2610 eos
2933 2558 3268 2628 prophetam,
3307 2561 3511 2619 locutus

1939 2647 2012 2692 est
2031 2654 2049 2692 :
2068 2637 2196 2692 Haec
2219 2640 2487 2705 dicit,etc.
2508 2643 2686 2713 (Anc.,
2716 2656 2900 2718 quiest.
2931 2647 2992 2702 51
3020 2650 3074 2702 in
3093 2650 3248 2722 Jud.)
3267 2651 3377 2708 Cur
3404 2669 3510 2710 non

1939 2728 2150 2783 dicatur
2178 2745 2371 2785 nomen
2398 2732 2556 2801 hujus
2583 2735 2858 2805 propheta:
2877 2779 2892 2803 ,
2927 2749 3058 2805 etc.,
3086 2757 3250 2813 usque
3277 2744 3345 2796 ad
3373 2760 3511 2800 :cur

1939 2830 2045 2874 nan
2079 2821 2249 2890 possit
2277 2823 2499 2894 angelus
2526 2827 2785 2894 propheta
2817 2827 2960 2883 dici?
3357 2871 3369 2879 .

2009 2912 2184 2986 (1810.,
2213 2915 2270 2968 in
2293 2914 2447 2982 Jud.,
2477 2925 2608 2971 tom.
2643 2916 2731 2990 ν.)
2757 2917 2972 2975 Gedeon
3001 2921 3280 2978 Christum
3305 2925 3516 2997 signiﬁ-

1937 3013 2026 3061 cat
2055 3025 2068 3061 :
2106 3008 2200 3077 qui
2227 3009 2326 3063 sub
2350 3011 2541 3065 umbra
2569 3026 2736 3066 sacrae
2761 3015 2942 3069 erucis
3000 3017 3386 3086 praedestinato
3431 3021 3510 3077 iu-

1936 3099 2266 3154 carnationis
2291 3098 2484 3155 futurae
2508 3103 2766 3171 mysterio
2812 3105 3156 3174 constitutus,
3188 3110 3510 3168 rectitudine

1861 3171 1905 3236 C
1932 3187 2118 3258 judicii
2142 3190 2297 3258 quasi
2346 3190 2498 3261 virga
2543 3192 2862 3250 electionem
2906 3171 3221 3254 sanctorum
3267 3217 3297 3256 a
3351 3203 3509 3260 vitio-

1935 3296 2055 3336 rum
2079 3281 2246 3352 paleis
2275 3285 2668 3354 sequestrabat.

2005 3374 2150 3430 Vsus
2179 3375 2265 3430 i7.
2291 3404 2362 3422 -υ
2381 3376 2465 3432 Da
2493 3379 2621 3432 mihi
2644 3380 2869 3450 signum.
2895 3382 3118 3455 (Amm,
3140 3385 3281 3440 hom.
3307 3387 3388 3460 8.)
3408 3389 3506 3445 Vir

1933 3471 2193 3535 eruditus,
2223 3479 2278 3525 et
2305 3472 2509 3527 habens
2541 3472 2666 3529 Iesu
2707 3477 3123 3544 prmdecessoris
3165 3481 3496 3551 exemplum,

1932 3563 2146 3617 cautius
2179 3563 2310 3632 agit.
2338 3562 2558 3619 Sciebat
2585 3567 2728 3620 enim
2788 3583 2948 3637 posse
2990 3570 3212 3640 angelos
3254 3575 3506 3630 tenebra-

1931 3667 2050 3707 rum
2077 3653 2467 3723 transfigurare
2489 3671 2551 3710 se
2573 3656 2627 3709 in
2653 3657 2874 3727 angelos
2902 3658 3038 3714 lucis
3069 3679 3080 3713 :
3135 3661 3256 3716 ideo
3295 3663 3502 3719 exami-

1929 3751 2026 3798 nat
2049 3743 2317 3813 spiritum,
2345 3745 2448 3799 sia
2473 3745 2583 3801 Deo
2619 3746 2708 3801 sit.
2769 3747 3078 3818 Spiritualis
3127 3752 3272 3806 enim
3311 3753 3494 3808 omnia

1929 3835 2219 3889 examinat.
2247 3834 2339 3890 Sic
2357 3838 2723 3907 praedecessor
2739 3837 2858 3906 ejus
2879 3837 3006 3895 Jesu
3041 3840 3187 3898 Nave
3209 3855 3332 3900 cum
3353 3846 3501 3916 prin-

1927 3927 2100 3997 cipem
2131 3927 2368 3984 caelestis
2388 3929 2596 3984 militiae
2629 3931 2872 3998 vidisset,
2926 3933 3150 4002 utquirit
3189 3953 3202 3988 :
3230 3937 3278 3990 si
3329 3945 3506 3992 noster

1926 4037 1998 4085 es,
2024 4037 2092 4074 an
2115 4020 2531 4076 adversariorum
2545 4024 2570 4076 7
2584 4022 2708 4078 ldeo
2724 4022 3182 4100 GedeonAdiscutit
3202 4028 3500 4100 angelicam

1924 4112 2208 4178 visionem,
2236 4113 2547 4170 diversitate
2583 4124 2639 4170 et
2682 4095 2982 4172 mutatione
3033 4095 3332 4190 signorum.

1995 4203 2156 4260 Vsus.
2191 4205 2278 4260 18.
2308 4238 2380 4248 -
2407 4205 2654 4263 Portans.
2707 4209 2891 4281 (Ane.,
2919 4221 3104 4282 quast.
3133 4212 3202 4268 55
3242 4215 3300 4268 in
3335 4215 3494 4286 Iud.)

1921 4294 2321 4352 Advertendum
2357 4307 2460 4364 est,
2492 4307 2622 4365 etc.,
2655 4315 2817 4370 usque
2847 4301 2915 4353 ad
2964 4301 3111 4356 velut
3158 4305 3498 4374 adjuvandus

1920 4390 2206 4456 praesentia
2233 4392 2536 4446 sanctitatis
2561 4392 2698 4462 ejus.
2881 4407 2888 4414 '
3476 4461 3482 4468 _

1993 4480 2155 4536 Vens.
2175 4482 2262 4536 l9.
2289 4512 2359 4522 —
2381 4481 2674 4552 Ingressus.
2702 4481 2916 4552 (GN-16.,
2943 4483 3038 4538 lib.
3062 4499 3120 4540 m
3141 4483 3495 4561 Horal.,cap.

1925 4571 2038 4643 17.)
2077 4572 2294 4627 Gedeon
2325 4587 2451 4626 cum
2481 4573 2700 4642 apaleis
2721 4572 2990 4628 frumenta
3009 4585 3324 4643 excuteret,
3353 4587 3461 4635 etc.
3481 4621 3496 4645 ,

1917 4681 2080 4735 usque
2106 4665 2174 4718 ad
2197 4665 2291 4719 sed
2317 4679 2480 4718 omne
2501 4665 2668 4719 etiam
2687 4665 2834 4733 quod
2859 4665 2914 4720 in
2935 4679 2995 4721 se
3019 4683 3118 4736 per
3139 4667 3494 4740 cogitationes

1919 4756 2149 4826 turpiter
2175 4756 2393 4826 ligatur,
2425 4764 2617 4826 tergat.

1989 4851 2163 4923 (1510.)
2192 4850 2361 4918 Quem
2403 4860 2557 4921 pater
2591 4851 2728 4907 dolis
2755 4854 3052 4924 deputavit,
3087 4856 3227 4913 hunc
3269 4857 3490 4917 Gedeon

1919 4947 2136 5010 occidit,
2176 4952 2233 5000 et
2265 4945 2428 4999 alium
2460 4953 2770 5014 septennem
2801 4946 3098 5002 immolavit
3125 4947 3265 5015 Deo;
3299 4951 3352 5004 in
3381 4965 3492 5022 quo

1924 5039 2178 5102 ostendit,
2209 5046 2332 5107 post
2371 5038 2658 5092 adventum
2694 5037 2912 5104 Christi,
2941 5042 3124 5095 omnia
3163 5039 3490 5101 Gentilitatis

1923 5131 2190 5184 sacriﬁcia
2217 5129 2499 5193 abolenda,
2539 5130 2816 5200 solumque
2839 5132 2950 5202 jam
2989 5133 3314 5188 sacriﬁcium
3359 5151 3488 5207 pas-

1921 5224 2088 5279 sionis
2117 5224 2315 5280 Christi
2345 5239 2444 5294 pro
2484 5225 2852 5296 redemptione
2887 5227 3066 5297 populi
3107 5227 3217 5281 Deo
3256 5227 3488 5288 offeren-

1919 5317 2064 5371 dum.
2109 5314 2226 5384 ipse
2269 5316 2412 5370 enim
2451 5325 2535 5370 est
2572 5317 2772 5372 vitulus
2813 5319 3121 5387 septennia,
3162 5321 3353 5390 plenus
3385 5326 3488 5378 sci-

1918 5407 2042 5462 licet
2065 5407 2257 5474 spiritu
2287 5406 2608 5476 septilormi.

1986 5497 2150 5552 Vens.
2187 5498 2274 5554 55.
2309 5529 2377 5538 -
2404 5497 2596 5568 Igitur.
2637 5498 2858 5571 (Αωιι.)
2885 5499 3267 5558 Convenerunt
3293 5506 3491 5566 adver-

1913 5605 2029 5645 sum
2057 5589 2220 5645 Israel
2251 5590 2571 5654 Madianim,
2609 5599 2736 5657 etc.,
2769 5605 2929 5663 usque
2956 5595 3024 5647 ad
3051 5611 3361 5674 expugnant
3397 5621 3479 5676 po.

1908 5684 2087 5754 pulum
2117 5686 2230 5750 Dei,
2263 5702 2385 5742 cum
2415 5687 2639 5757 paganis
2669 5686 2874 5742 scilicet
2897 5699 2950 5743 et
2982 5690 3201 5752 .Iudzeis.

1983 5776 2043 5828 In
2087 5777 2215 5830 valle
2255 5776 2478 5831 Jezt'acl.
2534 5779 2655 5846 (Ιυο)
2689 5779 2817 5844 QUID
2865 5783 3254 5858 interpretatur
3297 5805 3484 5846 semen
