4006 6352
470 388 576 448 527

994 380 1386 440 WALAFRIDI
1422 378 1671 441 STRABI
1707 376 1911 438 FULD.
1949 374 2116 436 MON.
2154 376 2307 435 OPP.
2344 377 2525 436 PARS
2564 377 2606 433 l.
2649 405 2716 417 -
2751 374 3214 451 THEOLOGICA.

3645 373 3755 434 528

471 503 592 563 Dei.
640 501 760 558 Non
793 514 938 557 enim
982 499 1185 554 audent
1235 495 1534 554 adversarii
1585 494 1715 550 illuc
1766 493 1870 559 ire,
1917 501 2054 559 etc.,
2088 492 2304 555 Altam.
2333 489 2412 563 9.)
2442 489 2941 562 Hydriasportant,
2982 496 3113 554 etc.,
3153 502 3314 558 usque
3342 493 3494 540 aaut
3534 486 3604 542 ab
3632 486 3758 557 ipso

474 609 640 666 usque
662 592 732 646 ad
757 591 883 662 quia
905 591 1233 648 constitutus
1255 596 1341 646 est
1365 589 1423 644 in
1447 586 1654 642 vertice
1690 583 2062 655 intelligentia:
2164 582 2448 639 victoriam
2472 583 2732 652 consequi
2771 595 3096 636 mereamur.

475 686 800 761 spiritualis.

546 779 713 836 Vens.
763 777 854 834 56.
881 808 953 818 —
982 775 1042 832 Si
1071 775 1273 832 salvum
1300 773 1453 844 facis.
1485 771 1711 844 (Anam,
1737 770 1922 826 homil.
1949 771 1983 826 8
2009 770 2066 824 in

475 872 634 947 Iud.)
687 872 823 928 Cum
879 871 1050 928 multa
1094 870 1204 925 sint
1246 875 1301 922 et
1354 868 1637 922 innumera
1689 867 1876 938 signa,
1931 873 2062 930 etc.,

477 985 642 1044 usque
665 967 734 1022 ad
758 982 896 1038 quas
924 965 1099 1021 nullus
1127 964 1320 1018 humor
1351 961 1519 1018 divini
1547 959 1697 1016 verbi
1729 958 2062 1014 infundebat.

549 1062 714 1116 Vens.
747 1059 835 1115 57.
857 1089 928 1098 ——
949 1057 1021 1111 In
1045 1073 1190 1111 area.
1223 1054 1428 1126 (01110.,
1456 1051 1638 1107 ltomil.
1677 1050 1756 1120 8.)
1791 1050 1907 1106 Non
1939 1049 2067 1104 ubi-

478 1166 716 1222 cunque,
735 1163 844 1204 non
869 1148 926 1203 in
953 1161 1167 1217 campo,
1195 1162 1298 1202 nec
1325 1146 1381 1200 in
1415 1143 1576 1210 saltu,
1613 1142 1788 1200 sed;in
1819 1155 1946 1196 area
1975 1140 2066 1196 ubi

479 1243 674 1298 messis
709 1249 814 1306 est,
843 1247 976 1303 etc.,
1001 1256 1162 1310 usque
1185 1238 1253 1292 ad
1277 1238 1478 1292 mundo
1500 1235 1663 1293 corde
1689 1234 2069 1290 recumbamus

478 1335 534 1390 in
567 1333 814 1391 convivio
835 1333 1020 1404 sponsi
1042 1331 1168 1388 Jesu
1200 1330 1426 1386 Christi.

552 1425 615 1482 Si
639 1444 724 1482 ros
759 1427 814 1481 in
841 1425 953 1480 solo
993 1424 1200 1491 vellere,
1221 1433 1325 1480 etc.
1353 1423 1534 1495 (Auc.)
1558 1423 1617 1478 In
1645 1423 1944 1479 tentatione
1965 1421 2071 1477 Ge-

479 1521 670 1577 deonis
695 1522 839 1592 quod
872 1520 1241 1591 praznuntiare
1281 1518 1540 1573 Dominus
1566 1517 1802 1580 volebat,
1837 1513 2072 1570 ostendit

479 1613 534 1667 in
561 1613 836 1684 compluto
864 1612 1073 1668 scilicet
1099 1611 1298 1668 vellere
1335 1619 1392 1666 et
1417 1625 1544 1665 area
1582 1617 1695 1664 tota
1726 1609 2073 1676 circumqua-

479 1720 586 1774 que
609 1705 755 1759 sicca
789 1703 1026 1774 figurare
1050 1702 1287 1773 primum
1307 1699 1567 1772 populum
1586 1697 1772 1765 Israel,
1796 1696 1890 1752 ubi
1917 1703 2075 1750 erant

481 1795 656 1850 sancti
683 1810 807 1850 cum
837 1795 1013 1866 gratia
1037 1793 1247 1849 caelesti
1269 1797 1531 1863 tanquam
1558 1791 1740 1862 pluvia
1767 1788 2068 1859 spirituali,

481 1894 540 1940 et
573 1895 762 1955 postea
805 1885 1079 1955 compluta
1127 1898 1284 1950 area,
1343 1883 1550 1939 siccato
1593 1882 1797 1938 vellere
1837 1882 2073 1952 figurare
2102 1872 2150 1932 B

484 1977 782 2042 Ecclesiam
836 1975 932 2031 Dei
973 1984 1086 2032 toto
1113 1977 1247 2032 orbe
1276 1973 1543 2041 diffusam,
1575 1975 1861 2031 habentem
1885 1989 1991 2028 non
2017 1973 2072 2026 in

483 2069 686 2126 vellere
717 2078 976 2140 tanquam
1019 2071 1077 2124 in
1116 2069 1406 2135 velamine,
1450 2070 1546 2125 sed
1583 2069 1639 2124 in
1682 2075 1872 2140 aperto
1911 2067 2073 2124 cccle—

484 2172 622 2218 stem
651 2163 906 2235 gratiam,
931 2162 1114 2234 priore
1135 2162 1332 2233 populo
1360 2161 1509 2218 velut
1536 2163 1604 2218 ab
1623 2161 1868 2234 ejusdem
1888 2160 2076 2231 gratiae

484 2270 610 2309 rore
638 2254 870 2310 alienato
901 2261 1062 2322 atque
1090 2251 1315 2308 siccato.

553 2345 718 2400 Vens.
746 2344 835 2399 59.
868 2373 940 2383 ——
976 2342 1106 2411 Oro,
1145 2351 1253 2400 etc.
1301 2341 1526 2416 (Anam,
1563 2343 1746 2398 homil.
1785 2345 1862 2416 8.)
1894 2345 1952 2400 in
1992 2359 2076 2400 se-

484 2437 647 2494 cundi
674 2451 891 2508 quoque
923 2436 1062 2508 signi
1095 2436 1328 2502 ratione,
1369 2447 1500 2502 etc.,
1534 2454 1696 2509 usque
1723 2438 1791 2492 ad
1823 2438 2077 2493 universa

485 2538 632 2586 terra
665 2528 831 2584 divini
859 2528 1001 2584 roris
1024 2527 1198 2599 gratia
1225 2526 1549 2584 infunditur.

1099 2659 1328 2716 CAPUT
1368 2659 1478 2716 VII.

557 2792 724 2848 Vnus.
747 2792 800 2846 '5.
817 2822 888 2832 —
911 2789 1014 2857 Qui
1039 2791 1434 2860 formidolosus,
1457 2800 1561 2848 etc.
1590 2791 1812 2865 (Anam,
1842 2794 1982 2847 hom.
1999 2793 2073 2864 9).

488 2886 636 2942 idem
682 2884 842 2940 hodie
873 2883 1077 2938 clamat
1120 2884 1299 2951 Jesus,
1333 2892 1464 2951 etc.,
1501 2901 1662 2955 usque
1693 2885 1761 2938 ad
1802 2885 1882 2939 sic
1932 2885 2074 2939 inter

488 2977 726 3050 ingentia
776 2985 832 3032 et
867 2976 1102 3031 nefanda
1143 2977 1396 3044 crimina,
1427 2975 1640 3031 timoris
1667 2983 1724 3031 et
1771 2974 2080 3032 formidinis

488 3073 696 3127 crimen
717 3069 959 3139 ponitur.

561 3162 704 3218 LXX
748 3181 762 3217 :
808 3161 1214 3218 Formidolosus
1254 3170 1358 3229 est,
1406 3162 1499 3232 qui
1538 3161 1695 3233 quasi
1735 3161 2078 3219 adolescente

488 3258 620 3313 vitio
652 3265 944 3326 antequam
973 3256 1153 3311 videat
1193 3255 1356 3321 mala,
1395 3255 1509 3312 sola
1541 3255 1871 3327 cogitatione
1901 3264 2077 3312 terre-

491 3361 600 3418 tur,
647 3350 881 3421 gelidam
928 3363 1028 3418 per
1073 3348 1317 3403 membra
1346 3346 1694 3403 formidinem
1742 3346 1982 3413 volvens,
2023 3363 2057 3402 u

490 3459 601 3500 non
625 3451 738 3497 tam
773 3448 1068 3511 conspectu
1095 3439 1364 3495 malorum
1394 3455 1558 3510 quam
1597 3439 1783 3495 auditu
1813 3447 1869 3494 et
1894 3455 2084 3510 exspe-

489 3542 728 3599 ctatione
773 3540 1032 3596 solvatur.
1083 3536 1241 3603 Ideo,
1278 3535 1432 3605 juxta
1477 3534 1653 3602 LXX,
1706 3533 2086 3590 formidolosus

491 3633 655 3689 corde
681 3631 900 3697 dicitur,
935 3631 988 3686 in
1014 3629 1178 3684 corde
1203 3628 1347 3682 enim
1378 3637 1433 3683 et
1452 3627 1508 3682 in
1537 3625 1888 3683 interioribus
1917 3625 2084 3681 animi

489 3723 728 3779 defixum
760 3730 944 3777 manet
986 3722 1093 3776 hoc
1120 3720 1339 3775 vitium.
1385 3717 1629 3774 Timidus
1661 3725 1843 3772 autem
1882 3725 1966 3774 est
1993 3718 2086 3789 qui

489 3814 670 3886 primo
701 3820 921 3882 aspectu
969 3813 1038 3867 ad
1065 3813 1428 3882 congressum
1473 3808 1734 3878 trepidat,
1763 3822 1870 3862 non
1902 3816 2084 3864 tamen

493 3912 610 3960 toto
637 3904 803 3960 corde
834 3911 1092 3971 terretur,
1133 3903 1228 3959 sed
1259 3901 1501 3973 reparari
1543 3909 1599 3956 et
1637 3899 1872 3956 animari
1905 3901 2083 3956 denuo

491 4004 692 4065 potest.

566 4086 731 4140 Vens.
762 4085 817 4139 4.
856 4115 929 4127 -
965 4083 1151 4138 Adhuc
1179 4083 1422 4155 populus.
1469 4083 1694 4149 (Amm,
1738 4081 1878 4136 hom.
1907 4080 1987 4152 9.)
2015 4081 2087 4138 Ut

495 4177 674 4240 video,
708 4176 798 4246 qui
840 4175 1078 4246 primum
1121 4175 1393 4246 reprobati
1439 4182 1585 4241 sunt,
1634 4182 1764 4239 etc.,
1813 4189 1975 4244 usque
2016 4174 2085 4228 ad

495 4285 598 4325 nec
622 4277 844 4339 propter
865 4267 1072 4337 peccati
1107 4267 1255 4322 sitim
1275 4267 1536 4322 sternitur
1557 4282 1779 4338 pronus.

569 4363 734 4418 Vnns.
767 4361 910 4416 5.—
940 4359 1045 4427 Qui
1074 4368 1300 4430 manuet
1321 4359 1522 4430 lingua.
1550 4359 1774 4429 (Anam,
1802 4357 1982 4413 Itomil.
2005 4357 2084 4429 9.)

497 4454 659 4510 Manu
707 4462 763 4509 et
811 4453 998 4524 lingua
1052 4451 1183 4508 dicit
1227 4467 1322 4508 eos
1368 4467 1566 4522 aquam
1617 4450 1895 4515 lambere,
1943 4457 2082 4518 etc.,

498 4561 661 4616 usque
689 4543 757 4598 ad
789 4553 842 4600 et
875 4542 1116 4614 perfecte
1145 4543 1407 4599 trinitatis
1428 4557 1716 4598 numerum
1747 4541 1951 4598 ferunt.

2773 695 2999 752 CAPUT
3026 693 3156 749 Vill.

2182 829 2190 838 '
2239 815 2401 872 Vens.
2427 813 2518 868 27.
2541 843 2611 853 —
2655 810 2905 882 Fecitque
2946 827 3011 866 ea:
3043 826 3102 864 eo
3145 804 3359 863 Gedeon
3398 807 3592 879 ephod,
3621 815 3759 872 etc.,

2170 908 2350 981 (AUG.,
2377 901 2562 978 quaest.
2594 905 2660 959 41
2699 906 2754 959 in
2789 901 2944 974 Jud.)
2989 901 3260 970 Quaeritur
3296 899 3423 970 quid
3467 899 3538 954 sit
3569 899 3762 968 prod

2168 1002 2252 1058 vel
2275 1001 2472 1073 Ephot,
2497 1009 2626 1066 etc.,
2673 1015 2836 1070 usque
2881 998 2951 1050 ad
2985 1003 3046 1051 ut
3093 995 3172 1051 sic
3225 995 3476 1051 interiret
3526 992 3764 1048 ﬁliorum

2169 1091 2347 1164 proles
2375 1106 2686 1156 numerosa,
2717 1089 2859 1144 sicut
2885 1097 3077 1158 postea
3105 1095 3342 1142 testatur
3367 1085 3682 1156 Scriptura.

2242 1183 2424 1256 (AUG.)
2471 1181 2880 1254 Intelligendum
2929 1190 3012 1236 est
3059 1195 3158 1250 per
3212 1179 3504 1251 prolepsim
3559 1179 3763 1234 dictum

2171 1292 2293 1334 esse
2313 1279 2457 1348 quod
2484 1277 2678 1333 fecerit
2701 1275 2928 1334 Gedeon
2953 1275 3139 1346 Ephod
3163 1285 3356 1330 contra
3379 1274 3554 1344 legem
3581 1273 3679 1328 Dei
3705 1288 3765 1327 ex

2171 1384 2306 1424 auro
2333 1369 2479 1440 quod
2507 1369 2735 1426 devictis
2775 1368 3027 1424 hostibus
3073 1377 3191 1422 erat
3220 1366 3485 1431 ablatum,
3515 1373 3578 1419 ut
3607 1364 3764 1419 simul

2174 1462 2443 1518 diceretur
2460 1461 2602 1518 unde
2624 1471 2741 1518 erat
2774 1477 2966 1516 aurum
2989 1467 3045 1514 et
3083 1458 3212 1529 quid
3235 1458 3302 1513 de
3326 1457 3415 1512 illo
3441 1457 3513 1512 sit
3539 1455 3765 1512 factum.

2173 1552 2402 1610 Factum
2430 1561 2514 1610 est
2543 1554 2690 1609 enim
2736 1555 2843 1609 hoc
2871 1560 3152 1624 peccatum
3183 1550 3241 1604 in
3283 1549 3390 1604 fine
3420 1548 3640 1604 dierum
3678 1547 3772 1602 Ge-

2177 1645 2359 1700 deon:
2405 1645 2621 1715 quando
2669 1653 2962 1701 consecuta
3017 1649 3146 1698 sunt
3171 1639 3313 1696 mala
3357 1657 3476 1712 qua?
3527 1640 3771 1695 annectit

2179 1735 2477 1806 Scriptura,
2509 1744 2796 1807 postquam
2822 1735 2960 1790 dixit
2991 1741 3127 1806 quot
3159 1732 3318 1788 annis
3349 1732 3406 1787 in
3433 1733 3637 1788 diebus
3665 1733 3766 1789 Ge-

2177 1830 2318 1886 deon
2353 1837 2501 1884 terra
2526 1829 2754 1900 quievit.
3793 1881 3800 1886 .

2249 1921 2558 1993 Postquam.
2601 1920 2723 1994 (10.,
2773 1930 2961 1992 quwst.
3003 1918 3118 1992 45.)
3169 1918 3238 1973 Et
3281 1919 3482 1989 factum
3527 1927 3606 1973 est
3660 1932 3771 1970 cura

2179 2026 2415 2070 mortuus
2436 2026 2563 2070 esset
2596 2012 2824 2077 Gedeon,
2852 2022 2900 2068 et
2923 2015 3091 2068 aversi
3114 2021 3237 2067 sunt
3259 2013 3360 2082 ﬁlii
3380 2010 3573 2079 Israel,
3605 2011 3773 2081 forni-

2185 2111 2289 2166 cati
2313 2117 2435 2164 sunt
2479 2118 2592 2180 post
2625 2107 2857 2174 Baalim,
2901 2117 2948 2161 et
2976 2115 3264 2178 posuerunt
3291 2106 3391 2175 ipsi
3419 2106 3518 2159 sibi
3555 2103 3776 2158 Baalbe-

2179 2201 2283 2255 rith
2305 2209 2671 2254 testamentum
2692 2209 2749 2253 ut
2777 2207 2909 2254 esset
2935 2199 3085 2253 eis‘in
3106 2197 3294 2265 Deum,
3323 2205 3430 2253 etc.
3455 2196 3526 2251 Et
3546 2196 3771 2261 Baalim,

2179 2302 2236 2348 et
2263 2291 2575 2348 Baalberith
2623 2291 2766 2347 idola
2819 2289 3164 2361 intelligenda
3215 2297 3362 2346 sunt.
3423 2288 3598 2360 Major
3654 2304 3776 2360 ergo

2183 2384 2544 2454 transgressio
2571 2392 2627 2440 et
2650 2383 2936 2440 fornicatio
2965 2390 3048 2437 est
3086 2397 3118 2436 a
3145 2381 3343 2451 populo
3372 2388 3494 2452 post
3527 2389 3768 2436 mortem

2180 2478 2421 2545 Gedeon,
2455 2493 2619 2548 quam
2649 2475 2742 2532 illo
2768 2475 2892 2531 vivo
2935 2481 3156 2545 propter
3196 2473 3408 2544 Ephod.
3441 2473 3599 2540 Quod
3653 2482 3710 2529 et
3735 2473 3775 2528 si

2181 2569 2368 2625 illicite
2396 2567 2602 2625 factum
2627 2578 2769 2634 erat,
2816 2576 2995 2623 tamen
3027 2568 3097 2622 de
3134 2567 3493 2624 sacramentis
3531 2568 3778 2623 taberna-

2183 2661 2287 2716 culi
2319 2671 2439 2716 erat
2482 2678 2496 2714 :
2541 2661 2660 2717 haec
2700 2675 2830 2716 vero
2860 2658 3170 2714 idololatria
3213 2675 3324 2715 non
3373 2659 3541 2714 habet
3587 2658 3776 2714 falsam

2180 2761 2424 2825 paterna:
2459 2753 2739 2824 religionis
2773 2751 3169 2808 defensionem.
3212 2749 3368 2807 Unde
3394 2751 3564 2806 etiam
3598 2752 3648 2807 si
3679 2767 3777 2806 non

2182 2845 2238 2899 in
2269 2844 2377 2900 ﬁne
2408 2845 2669 2915 temporis
2702 2843 2923 2900 Gedeon
2954 2843 3140 2913 Ephod
3172 2841 3376 2898 factum
3403 2851 3505 2908 est,
3533 2842 3634 2898 sed
3659 2851 3778 2897 ante

2183 2935 2388 2992 factum
2419 2945 2525 3002 est,
2554 2936 2630 2992 ita
2668 2937 2812 2993 Deus
2842 2936 3114 3008 patienter
3139 2935 3278 3001 tulit,
3311 2943 3373 2990 ut
3402 2951 3510 3006 pax
3545 2935 3602 2990 in
3639 2943 3778 2991 terra

2185 3033 2583 3097 perseveraret,
2628 3026 2754 3096 quia
2806 3025 2930 3081 licet
2977 3025 3180 3082 factum
3227 3034 3348 3080 erat
3399 3024 3546 3095 quod
3599 3026 3779 3097 probi-

2183 3115 2396 3182 buerat,
2440 3131 2549 3172 non
2581 3124 2763 3171 tamen
2791 3115 2950 3188 longe
2979 3130 3257 3172 recessum
3288 3123 3406 3170 erat
3445 3114 3515 3170 ab
3549 3114 3646 3172 illo
3693 3115 3778 3186 qui

2107 3244 2153 3308 α
2185 3210 2294 3265 tale
2309 3209 2510 3280 aliquid
2526 3211 2580 3265 in
2605 3209 2957 3267 tabernaculo
2983 3225 3082 3267 suo
3109 3212 3165 3266 in
3191 3211 3457 3266 honorem
3473 3225 3636 3266 suum
3667 3208 3778 3265 fieri

2063 3355 2082 3401 ι
2118 3302 2153 3308 ⁷
2185 3303 2450 3376 iusserat.
2481 3302 2636 3359 Nunc
2667 3319 2798 3358 vero
2826 3303 3078 3376 graviora
3105 3303 3415 3369 commissa,
3451 3309 3505 3359 et
3526 3311 3780 3373 apertam

2183 3404 2308 3470 post
2318 3395 2459 3454 idola
2475 3395 2888 3453 fornicationem
2901 3396 3088 3470 p0puli
3103 3397 3278 3456 noluit
3294 3413 3415 3454 esse
3431 3395 3778 3470 impunitam.

2801 3534 3030 3592 CAPUT
3065 3533 3133 3591 IX
3146 3574 3158 3590 ι

2257 3628 2424 3684 Vens.
2466 3627 2522 3684 5.
2554 3658 2626 3668 —
2667 3626 3036 3700 Remansitque
3067 3625 3340 3682 Joatham.
3391 3626 3566 3698 (lsm.)
3610 3626 3782 3683 Filius

2181 3721 2388 3793 junior,
2415 3721 2508 3792 qui
2541 3721 2821 3793 fugitando
2853 3720 3094 3791 gladium
3134 3720 3343 3776 inimici
3378 3721 3582 3785 evadit,
3607 3721 3779 3793 signi-

2188 3809 2316 3866 ﬁcat
2338 3809 2601 3880 reliquias
2629 3809 2794 3866 Israel
2821 3811 2876 3865 in
2902 3819 3149 3866 extremo
3177 3819 3422 3881 tempore
3449 3809 3777 3874 creditores,

2187 3909 2242 3957 et
2293 3901 2612 3958 Antichristi
2666 3901 2904 3974 gladium
2952 3917 3234 3968 evasuras,
3293 3902 3385 3959 hic
3433 3903 3681 3958 ascendit
3727 3904 3778 3958 in

2186 3993 2446 4048 verticem
2488 3993 2687 4048 montis
2721 3991 2961 4048 Garizim
2991 4011 3004 4048 :
3037 3994 3164 4064 quia
3187 4009 3292 4050 nec
3323 3995 3655 4066 prophetare
3681 4010 3778 4052 nec

2185 4073 2627 4156 persecutionem
2655 4083 2980 4140 Antichristi
3034 4093 3214 4154 potest
3263 4085 3494 4155 quilibet
3527 4088 3774 4151 evadere,

2187 4177 2293 4233 nisi
2313 4177 2462 4247 prius
2486 4176 2543 4230 in
2566 4184 2804 4230 montem
2832 4175 3250 4242 benedictionis,
3276 4176 3331 4232 id
3354 4185 3440 4232 est
3465 4177 3520 4232 in
3537 4177 3776 4234 sublimi-

2189 4276 2352 4326 tatem
2369 4268 2493 4324 ﬁdei
2513 4284 2579 4324 ac
2591 4269 2852 4324 virtutum
2867 4269 3177 4326 ascenderit
3207 4288 3220 4324 :
3249 4271 3340 4326 hic
3359 4279 3444 4327 est
3464 4271 3610 4327 enim
3630 4286 3777 4328 mons

2187 4358 2427 4416 Garizim
2459 4359 2554 4429 qui
2599 4375 2630 4414 a
2671 4358 2856 4432 Moyse
2894 4360 2950 4415 in
2989 4361 3429 4418 benedictionem
3469 4365 3772 4434 deputatur.

2261 4450 2434 4523 (lstn.,
2463 4450 2519 4505 in
2552 4449 2685 4505 Jud.
2729 4462 2860 4507 tom.
2901 4451 2994 4525 V.)
3021 4452 3077 4508 Si
3120 4453 3224 4510 hoc
3251 4452 3456 4510 factum
3487 4457 3774 4526 mysticum

2192 4557 2300 4598 non
2331 4550 2498 4608 esset,
2526 4551 2656 4610 etc.,
2688 4561 2849 4614 usque
2873 4544 2942 4598 ad
2988 4543 3209 4602 inducet
3241 4547 3680 4616 persecutionem
3720 4556 3774 4602 ut

568 4636 732 4691 Vnns.
786 4634 838 4690 6.
895 4665 966 4676 —
1012 4633 1142 4690 Fuit
1194 4637 1370 4708 itaque
1412 4653 1660 4691 numerus
1714 4652 1919 4702 eorum,
1975 4643 2080 4689 etc.
2109 4611 2164 4672 Ῑ)
2189 4647 2378 4689 omnes
2404 4642 2625 4690 sanctos
2653 4611 2966 4690 interficiat.

499 4729 680 4800 (AUG.,
727 4738 914 4800 qutest.
961 4729 1031 4782 47
1080 4730 1135 4784 in
1175 4729 1330 4801 Jud.)
1376 4729 1445 4783 Et
1495 4730 1666 4797 factus
1717 4739 1792 4784 est
1840 4745 2086 4784 numerus

499 4836 681 4875 eorum
706 4822 795 4891 qui
821 4819 1151 4875 lambuerunt
1179 4837 1339 4874 manu
1358 4838 1479 4888 sua,
1510 4820 1691 4892 lingua
1720 4839 1840 4888 sua,
1866 4823 2082 4876 trecenti

499 4915 616 4969 viri.
647 4913 899 4985 Plerique
925 4913 1102 4968 Latini
1127 4915 1340 4970 codices
1377 4931 1484 4970 non
1529 4916 1734 4970 habent
1766 4931 1925 4969 manu
1963 4932 2082 4982 sua,

500 5005 594 5060 sed
626 5013 834 5061 tantum
865 5005 1042 5077 lingua
1068 5024 1184 5072 sua,
1216 5014 1347 5073 etc.,
1369 5023 1538 5078 usque
1567 5006 1638 5059 ad
1665 5005 1838 5062 David
1865 5022 2084 5078 quoque

505 5105 761 5168 tanquam
783 5101 1237 5170 contemptibilem
1268 5117 1327 5156 se
1363 5115 1555 5155 canem
1578 5099 1830 5170 appellat.

579 5186 739 5246 Vnns.
769 5191 850 5246 1'5.
867 5222 937 5230 —
956 5191 1221 5246 Percussit
1251 5191 1384 5245 illud
1402 5202 1555 5262 atque
1581 5191 2082 5263 subvertit.(GnEG.,

502 5277 598 5334 lib.
634 5294 742 5333 xxx
771 5279 989 5346 Moral.,
1015 5297 1134 5351 cap.
1164 5281 1279 5352 25.)
1319 5281 1392 5335 De
1418 5281 1522 5336 hoc
1553 5282 1690 5336 bello
1717 5297 1814 5352 per
1851 5284 2084 5353 prophe-

503 5381 639 5439 tam,
694 5380 822 5437 etc.,
869 5391 1030 5445 usque
1075 5374 1144 5428 ad
1185 5375 1330 5443 quod
1377 5373 1581 5430 ferrum
1624 5375 1860 5432 hostium
1905 5377 2086 5433 crucis

505 5469 649 5536 ligno
678 5478 980 5537 superetur.

579 5559 740 5614 Vens.
772 5558 858 5612 16.
888 5589 959 5598 --
987 5558 1293 5631 Divisitque.
1327 5558 1448 5630 (10.,
1480 5560 1646 5633 Ibid.)
1676 5559 1830 5617 Ducti
1863 5570 1987 5617 sunt
2016 5561 2084 5618 ad

507 5649 743 5714 fluvium,
777 5659 904 5717 etc.,
935 5668 1094 5722 usque
1123 5651 1192 5704 ad
1218 5652 1274 5706 in
1297 5652 1519 5708 sinistra
1552 5653 1758 5720 tubam,
1781 5654 1834 5709 in
1859 5654 2082 5710 dextera

509 5751 656 5798 tenet
683 5743 947 5814 lagenam.

581 5833 740 5890 Vens.
785 5835 876 5889 20.
922 5869 989 5878 --
1037 5838 1105 5892 Et
1153 5839 1365 5911 Itydrias
1417 5841 1804 5913 confregisseut.
1858 5841 2082 5911 (Ausim,

2261 4723 2425 4779 Vens.
2453 4725 2538 4780 l0.
2575 4756 2646 4765 -—
2670 4725 3048 4799 Dixeruntque.
3078 4727 3176 4799 (In.
3197 4769 3212 4796 ,
3240 4730 3394 4802 ibid.)
3425 4730 3600 4802 Ligna
3632 4731 3770 4787 silva:

2189 4824 2315 4872 sunt
2345 4817 2592 4873 homines
2626 4819 2969 4886 infructuosi,
2999 4829 3131 4889 etc.,
3173 4839 3338 4894 usque
3367 4824 3437 4877 ad
3467 4833 3526 4880 et
3563 4825 3770 4880 suavis-

2189 4909 2383 4965 simam
2433 4910 2816 4982 pinguedinem
2856 4912 3059 4970 Christi
3109 4931 3233 4971 cum
3279 4916 3448 4987 gloria
3475 4927 3534 4974 et
3571 4918 3767 4974 honore

2188 5002 2460 5072 perduxit.

2263 5095 2384 5168 (ln.,
2408 5095 2562 5167 ibid.)
2589 5094 2730 5152 Vitis
2757 5105 2940 5154 autem
2953 5097 3201 5155 Christus
3216 5107 3301 5156 est
3327 5101 3420 5171 qui
3451 5101 3592 5156 dixit
3616 5117 3632 5156 :
3657 5100 3762 5172 Ego

2132 5246 2135 5248 _
2188 5204 2305 5241 sum
2345 5188 2458 5242 uitis
2501 5205 2620 5242 vera
2668 5188 2850 5261 (Joaa.
2905 5190 3018 5262 xv).
3068 5189 3206 5258 Quia
3251 5207 3380 5263 ergo
3426 5191 3656 5264 populus
3681 5190 3764 5261 qui

2188 5279 2520 5335 Antichristo
2549 5281 2719 5336 servit
2748 5281 2804 5336 in
2824 5283 3114 5353 reprobum
3137 5298 3358 5340 sensum
3389 5285 3546 5339 datur
3575 5293 3633 5338 ut
3657 5297 3765 5338 cre-

2189 5375 2280 5430 dat
2304 5375 2605 5441 mendacio,
2629 5375 2683 5430 id
2703 5383 2809 5438 est.
2823 5375 3182 5444 Antichristo,
3201 5379 3294 5449 qui
3324 5379 3564 5440 veritati,
3600 5378 3650 5432 id
3689 5383 3764 5431 est

2188 5466 2402 5522 Christo
2431 5468 2654 5522 credere
2683 5467 2879 5534 noluit,
2901 5483 2932 5522 a
2955 5483 3122 5540 regno
3148 5469 3294 5534 vitis,
3320 5470 3372 5525 id
3413 5478 3498 5524 est
3535 5467 3756 5529 Christi;

2188 5565 2242 5613 et
2275 5558 2343 5613 ab
2370 5558 2532 5624 oliva,
2565 5558 2620 5613 id
2671 5566 2754 5615 est
2785 5557 3019 5630 Spiritus
3055 5561 3229 5615 sancti
3268 5561 3468 5633 gratia'
3500 5569 3556 5617 et
3582 5577 3613 5616 a
3643 5559 3756 5620 ficu.

2188 5649 2241 5705 id
2268 5659 2350 5705 est
2377 5648 2572 5703 divinae
2592 5648 2728 5722 legis
2755 5649 3035 5706 dulcedine
3065 5651 3408 5721 reprobatur.

2259 5740 2636 5811 Dixeruntque.
2666 5740 2790 5814 (lo.)
2816 5741 3100 5797 Rhamnus
3119 5750 3202 5798 est
3229 5757 3398 5814 genus
3434 5742 3575 5808 rubi,
3609 5751 3754 5810 quem

2192 5833 2346 5904 vulgo
2389 5833 2649 5890 sentit-cm
2693 5834 2935 5890 ursinam
2977 5833 3269 5906 appellant,
3311 5847 3562 5905 asperum
3607 5831 3754 5890 nimis
