4006 6352
292 493 402 552 829
1327 491 1593 551 GLOSSA
1631 495 2025 554 ORDINARIA.
2065 527 2134 538 —-
2168 499 2292 553 LIB.
2330 497 2522 556 IUDIC
3454 501 3557 559 550

289 620 348 666 ει
376 610 674 680 spinosum,
700 623 796 678 per
829 609 972 678 quod
998 608 1366 663 Antichristus
1393 609 1729 681 signiﬁcatur
1750 628 1873 668 cum
1903 618 1956 680 Α
2051 613 2212 670 Vens.
2245 615 2498 670 29.—Et
2519 615 2826 670 circumiens
2844 613 3071 672 Galaad.
3089 617 3556 690 (Auc.,qutest.49

290 704 441 760 omni
471 701 762 773 asperitate
794 711 850 757 et
889 701 1104 757 feritate
1148 701 1446 757 humanum
1490 717 1660 773 genus
1693 713 1875 759 vasta-

297 803 458 850 turus
490 809 503 846 :
535 801 584 845 et
613 790 748 845 exiet
783 790 919 860 ignis
940 789 1006 845 de
1025 791 1268 857 rlramno,
1293 790 1344 846 id
1366 801 1470 857 est,
1508 793 1767 862 iniquitas
1803 793 1870 849 de

196 948 202 952 τ
293 882 658 948 Antichristo,
699 888 756 936 et
794 896 982 938 omnes
1021 881 1115 950 qui
1152 881 1209 938 in
1245 881 1337 937 illo
1362 882 1641 939 conﬁdunt
1666 884 1875 954 pariter

302 994 428 1034 cum
459 976 552 1031 illo
582 975 881 1030 devorabit.

366 1069 529 1127 Vens.
572 1067 662 1123 23.
705 1097 776 1108 —-
815 1067 1082 1139 Misitque.
1113 1067 1300 1139 (Aue.,
1336 1076 1520 1138 qutest.
1547 1067 1618 1122 45
1642 1069 1697 1122 in
1721 1067 1878 1141 Jud.)

293 1166 366 1222 Et
392 1167 536 1220 misit
562 1164 703 1220 Deus
739 1163 995 1234 Spiritum
1025 1162 1313 1234 malignum
1334 1163 1490 1216 inter
1516 1161 1811 1217 Abimelech
1829 1172 1880 1220 et

291 1261 432 1316 viros
458 1257 828 1314 Sichimorum.
859 1255 973 1311 Hoc
996 1256 1243 1322 verbum,
1271 1262 1404 1322 etc.,
1435 1271 1597 1326 usque
1621 1255 1688 1309 ad
1714 1256 1878 1311 etiam

292 1351 514 1405 immisit
544 1347 882 1419 interpretati
917 1355 1061 1402 sunt.

375 1441 538 1497 Vens.
577 1439 667 1495 52.
722 1469 790 1480 -—
839 1439 1027 1510 Surge.
1076 1437 1199 1509 (10.,
1240 1445 1424 1509 quwst.
1460 1435 1577 1508 46.)
1624 1435 1695 1490 Et
1743 1452 1879 1490 nunc

293 1551 457 1605 surge
494 1543 640 1588 nocte
688 1542 745 1588 tu
776 1542 826 1587 et
861 1532 1083 1603 populus
1125 1542 1244 1586 tuus
1281 1540 1470 1596 tecum,
1515 1537 1563 1585 et
1604 1530 1877 1584 insidiare.

295 1623 529 1690 Quidam
575 1623 750 1680 Latini
800 1624 1003 1678 habent
1049 1623 1379 1691 maturabis,
1429 1630 1559 1688 etc.,
1606 1640 1769 1696 usque
1810 1623 1880 1678 ad

289 1713 438 1773 Deus
465 1727 661 1787 quarto
686 1715 774 1772 die
801 1717 1059 1772 conderet
1087 1715 1278 1772 solem.

903 1831 1131 1888 CAPUT
1166 1832 1238 1887 Χ.

360 1917 527 1979 Vnus.
569 1921 624 1977 1.
652 1951 726 1963 -
756 1919 886 1977 Post
934 1921 1248 1977 Abimelech.
1297 1921 1480 1994 (Auc.,
1509 1931 1694 1994 quam.
1727 1921 1794 1976 47
1823 1923 1880 1977 in

1980 707 2036 760 in
2056 705 2214 779 Jud.)
2261 707 2462 764 Galaad
2509 709 2896 779 interpretatur
2925 707 3196 779 abjiciens,
3229 717 3362 776 etc.,
3389 727 3553 782 usque

1981 801 2050 854 ad
2091 799 2234 871 quod
2284 800 2558 870 signiﬁcat
2621 801 2847 856 dicendo
2896 809 2953 855 et
2998 819 3031 856 a
3079 800 3289 872 specula
3341 801 3550 857 Galaad

1981 893 2286 947 transeundi
2311 902 2360 947 et
2391 895 2652 948 transiens
2680 894 2748 947 ad
2775 892 2911 963 ﬁlios
2933 896 3176 948 Ammon.

2052 984 2213 1040 Vens.
2228 983 2318 1040 50.
2335 1015 2404 1024 —
2423 984 2481 1040 Si
2500 986 2777 1039 tradideris
2793 985 2930 1055 ﬁlios
2947 986 3189 1040 Ammon.
3215 987 3556 1062 (Auc.,ibid.)

1981 1076 2282 1146 Quemlibet
2301 1077 2843 1148 cogitaveritIephte,
2866 1094 2973 1132 non
3000 1079 3214 1133 videtur
3226 1078 3391 1135 ﬁliam
3413 1083 3557 1152 cogi-

1985 1181 2156 1238 tasse;
2189 1187 2298 1227 non
2328 1171 2474 1226 enim
2502 1173 2739 1227 diceret:
2774 1173 2874 1226 heu
2907 1172 3020 1227 me!
3040 1171 3152 1240 ﬁlia
3176 1174 3266 1236 mi,
3298 1174 3559 1244 impedisti

1981 1280 2084 1329 me,
2100 1271 2203 1319 etc.
2223 1263 2428 1320 lndicat
2443 1265 2587 1319 enim
2603 1281 2660 1319 se
2675 1265 3014 1334 impeditum,
3030 1281 3099 1320 ne
3114 1266 3243 1321 illud
3259 1267 3400 1338 quod
3415 1269 3562 1339 cogi-

1982 1363 2194 1411 taverat
2230 1355 2499 1426 impleret.
2541 1355 2713 1424 Quem
2751 1365 2929 1410 autem
2977 1358 3151 1428 potuit
3187 1358 3428 1430 cogitare
3467 1359 3562 1429 qui

1980 1449 2120 1504 ﬁlios
2148 1465 2253 1504 non
2281 1449 2548 1506 habebat?
2568 1450 2650 1505 An
2675 1451 2955 1522 conjugem
2975 1453 3269 1523 cogitavit:
3294 1461 3351 1507 ει
3379 1460 3440 1507 ut
3458 1453 3560 1507 hoc

1981 1540 2138 1595 ﬁeret
2165 1542 2305 1596 Deus
2331 1541 2507 1597 noluit
2543 1551 2598 1596 et
2634 1551 2692 1596 ut
2727 1543 2830 1598 hoc
2862 1558 2969 1598 non
3010 1543 3343 1614 relinqueret
3387 1545 3563 1613 impu-

1980 1635 2183 1699 nitum;
2227 1650 2296 1688 ne
2332 1634 2454 1704 quis
2492 1642 2679 1706 postea
2729 1634 2782 1689 id
2823 1636 3047 1691 auderet
3091 1651 3107 1690 :
3152 1645 3208 1691 et
3261 1646 3322 1691 ut
3366 1650 3563 1706 magna

1979 1725 2320 1798 providentia
2359 1741 2424 1780 ex
2472 1727 2576 1782 hoc
2626 1728 2769 1797 quod
2824 1726 3022 1782 accidit
3078 1742 3334 1795 magnum
3381 1741 3564 1782 sacra-

1983 1827 2321 1876 cramentum
2352 1818 2612 1874 Ecclesiae
2664 1818 3014 1890 ﬁguraretur.
3049 1819 3132 1874 Ex
3162 1826 3392 1888 utroque
3435 1834 3564 1889 ergo

1981 1912 2264 1982 prophetia
2306 1912 2556 1983 adaptata
2609 1911 2726 1967 est?
2786 1911 2930 1982 quod
2986 1911 3190 1967 scilicet
3232 1923 3431 1966 vovens
3474 1926 3564 1965 co-

284 2010 446 2082 Iud.)
473 2010 754 2080 Quomodo
788 2011 890 2068 fuit
931 2022 1160 2083 patruus
1185 2013 1500 2069 Abimelech
1527 2014 1613 2068 vir
1639 2015 1704 2070 de
1734 2014 1877 2070 tribu
1905 1995 1952 2056 Β
1981 2006 2192 2072 sitavit.
2223 2014 2278 2060 et
2307 2004 2451 2073 quod
2488 2004 2692 2060 nolenti
2739 2003 3023 2074 conﬁngit-
3074 2002 3132 2058 Si
3185 2003 3332 2057 enim
3377 2002 3564 2071 coniu-

285 2101 556 2171 lssacbar,
590 2112 724 2172 etc.,
758 2122 921 2177 usque
962 2105 1031 2160 ad
1065 2114 1126 2161 ut
1154 2106 1367 2161 Domini
1410 2122 1538 2162 caro
1563 2121 1671 2162 non
1699 2108 1874 2164 solum

284 2198 355 2254 de
401 2200 550 2270 regia
570 2241 588 2269 ,
626 2201 722 2258 sed
768 2200 934 2256 etiam
983 2200 1052 2257 de
1105 2200 1429 2257 sacerdotali
1470 2201 1640 2271 stirpe
1681 2217 1874 2272 propa-

283 2296 524 2360 garetur.

903 2381 1133 2439 CAPUT
1169 2382 1263 2437 XI.

356 2470 539 2542 (Aue.,
583 2481 768 2542 qumt.
822 2472 894 2529 49
945 2474 1000 2528 in
1047 2473 1203 2544 Jud.)
1246 2472 1438 2544 Iephte
1485 2473 1877 2545 interpretatur

279 2563 543 2634 aperiens,
573 2571 703 2630 etc.,
726 2581 888 2635 usque
910 2564 980 2617 ad
1010 2565 1136 2635 quia
1170 2565 1303 2636 legis
1324 2575 1594 2636 praecepta
1624 2580 1733 2621 non
1760 2580 1878 2620 ser-

281 2663 413 2709 vant
452 2665 509 2710 et
541 2664 797 2726 tanquam
827 2656 946 2710 viro
968 2672 1073 2711 non
1104 2657 1362 2712 exhibent
1389 2657 1570 2712 ﬁdem.

356 2747 520 2803 Vens.
544 2746 598 2802 5.
624 2779 693 2788 —
718 2747 988 2803 Habitavit
1018 2751 1070 2803 in
1115 2759 1254 2803 terra
1309 2748 1436 2804 Tob.
1469 2749 1593 2822 (10.,
1629 2749 1784 2820 ibid.)
1817 2750 1877 2804 In

281 2849 428 2896 terra
467 2839 677 2896 scilicet
722 2842 865 2898 bona
909 2842 992 2897 vel
1025 2844 1204 2913 potius
1249 2844 1473 2912 optima.
1526 2843 1680 2912 Quod
1726 2845 1874 2899 enim

278 2929 472 2988 Graece
500 2934 706 3007 ἁγάθον,
737 2933 842 2988 hoc
863 2932 1057 2988 Latine
1087 2934 1332 3003 optimum
1361 2934 1578 2988 dicitur.
1615 2934 1670 2989 ld
1695 2941 1878 2989 autem

279 3023 676 3094 interpretatur
719 3025 854 3091 Tob,
898 3025 989 3080 ubi
1033 3025 1250 3079 videtur
1294 3024 1646 3093 intelligenda
1690 3040 1878 3080 resur-

279 3114 470 3168 rectio.
511 3114 641 3182 Quae
683 3115 829 3170 enim
879 3116 1053 3187 magis
1086 3124 1230 3169 terra
1277 3116 1482 3185 Optima
1509 3131 1671 3185 quam
1702 3123 1874 3172 terre-

278 3219 411 3259 num
454 3221 650 3276 corpus
696 3207 1019 3264 excellentia
1072 3207 1497 3263 immortalitatis
1536 3215 1592 3262 et
1631 3207 1878 3263 incorru-

277 3297 481 3366 ptionis
510 3297 780 3353 indutum.

1982 2111 2103 2167 gem
2141 2094 2418 2166 cogitavit,
2448 2094 2644 2163 conjux
2666 2092 2870 2148 Christi
2894 2092 3140 2148 Ecclesia
3165 2099 3268 2147 est.
3303 2090 3411 2146 Sed
3437 2091 3564 2161 quia

1979 2187 2142 2258 hujus
2167 2186 2359 2256 Iephte
2384 2200 2579 2253 conjux
2600 2185 2754 2255 virgo
2777 2199 2900 2240 esse
2919 2200 3025 2239 non
3049 2185 3244 2255 potuit,
3275 2185 3410 2238 ineo
3425 2182 3565 2254 quod

1979 2278 2091 2334 ﬁlia
2111 2279 2292 2349 potius
2311 2278 2572 2342 occurrit,
2599 2277 2766 2333 inulta
2789 2293 2897 2332 non
2927 2279 3189 2332 remansit
3207 2277 3317 2332 voti
3347 2277 3566 2332 temeri-

1981 2379 2084 2435 tas,
2111 2377 2166 2424 et
2193 2369 2477 2440 virginitas
2507 2369 2764 2424 Ecclesia:
2793 2368 3021 2440 ﬁgurata
3067 2377 3174 2434 est,
3205 2369 3292 2424 cui
3325 2369 3524 2424 dicitur
3549 2387 3560 2422 :

1979 2461 2030 2516 F
2033 2464 2146 2528 ilia,
2172 2462 2304 2531 ﬁdes
2332 2472 2425 2515 tua
2443 2471 2492 2516 te
2513 2460 2711 2539 salvapt
2737 2460 2875 2531 fecit,
2891 2461 3020 2516 vade
3045 2462 3098 2516 in
3110 2478 3237 2532 pace
3259 2459 3412 2533 (Luc.
3439 2462 3570 2533 vn).

2053 2555 2234 2628 (Aue.,
2264 2563 2448 2627 quiest.
2487 2553 2604 2626 49.)
2645 2553 2720 2609 De
2742 2552 2933 2624 Iephte
2969 2553 3080 2609 ﬁlia
3117 2554 3257 2610 solet
3295 2569 3416 2611 esse
3443 2570 3558 2610 ma-

1979 2664 2084 2722 gna
2108 2647 2358 2719 quaestio,
2387 2655 2521 2713 etc.,
2549 2664 2712 2718 usque
2740 2647 2809 2700 ad
2837 2655 2899 2701 ut
2925 2647 3107 2702 omnia
3133 2663 3254 2718 qua:
3278 2655 3399 2718 post
3423 2645 3567 2702 facta

1980 2750 2106 2796 sunt
2139 2750 2398 2810 tanquam
2427 2755 2593 2810 opera
2627 2738 2863 2810 Spiritus
2889 2741 3104 2796 Domini
3135 2741 3227 2811 qui
3255 2756 3419 2810 super
3441 2755 3566 2796 cum

1979 2833 2156 2890 factus
2184 2841 2287 2898 est,
2319 2834 2667 2904 intelligenda
2691 2835 2998 2889 videantur.

2048 2924 2172 2996 (Ιυ.)
2203 2922 2310 2980 Sed
2353 2924 2496 2980 inter
2533 2925 2831 2980 laudabiles
2854 2925 3022 2990 viros,
3053 2933 3184 2993 etc.,
3217 2943 3380 2998 usque
3412 2927 3482 2982 ad
3510 2935 3570 2982 ut

1980 3013 2201 3070 omnino
2233 3015 2486 3080 evitetur,
2521 3016 2615 3070 sed
2647 3025 2858 3070 tantum
2887 3025 2946 3070 ut
2991 3015 3291 3083 differatur,
3332 3017 3562 3074 laborat.

2051 3105 2222 3178 (1510.,
2243 3107 2299 3161 in
2336 3106 2492 3171 Jud.,
2525 3115 2654 3161 tom.
2687 3105 2777 3176 V.)
2806 3105 3000 3177 Iephte
3045 3107 3324 3164 Christum
3355 3109 3564 3181 signiﬁ-

1980 3206 2088 3265 cat,
2123 3198 2249 3269 quia
2281 3215 2312 3253 a
2337 3199 2477 3255 facie
2512 3199 2746 3254 fratrum
2777 3214 3021 3266 suorum,
3053 3201 3108 3255 id
3136 3210 3221 3256 est
3254 3200 3563 3258 Iudaeorum

1981 3294 2303 3360 abscedens,
2336 3294 2388 3348 in
2431 3295 2682 3365 gentibus
2733 3295 3097 3365 principatum
3164 3299 3392 3368 accepit,
3439 3300 3564 3368 quia

354 3387 505 3463 (ln.,
559 3391 723 3464 ibid.)
775 3391 917 3447 Ante
952 3392 1258 3464 passionem
1304 3407 1428 3447 cum
1479 3390 1779 3463 publicanis
1818 3400 1874 3448 et
1899 3365 1946 3431 (ἶ
1977 3385 2157 3443 omnia
2189 3387 2437 3442 humana:
2464 3385 2654 3442 salutis
2683 3397 3024 3443 sacramenta
3051 3390 3206 3459 quasi
3225 3365 3566 3460 jui-atuscx-

285 3481 674 3551 peccatoribus
715 3482 1085 3548 manducavit,
1129 3491 1260 3550 etc.,
1294 3499 1455 3553 usque
1485 3483 1554 3536 ad
1584 3490 1642 3538 ut
1674 3483 1872 3539 iustiﬁ-

278 3582 478 3628 centur
503 3581 557 3628 et
587 3573 802 3628 discant
840 3574 956 3629 vias
983 3573 1122 3643 ejus.

351 3663 420 3718 In
468 3665 574 3720 illis
621 3665 823 3721 diebus.
854 3665 979 3738 (ln.,
1019 3665 1173 3738 ibid.)
1217 3666 1319 3734 Qui
1367 3666 1680 3739 abjccerant
1716 3666 1874 3724 Chri-

276 3764 444 3823 stum,
491 3767 619 3824 etc.,
660 3775 823 3828 usque
859 3758 929 3811 ad
959 3767 1016 3813 ut
1042 3774 1141 3828 per
1180 3766 1399 3816 aetatem
1438 3759 1662 3815 senilem
1690 3761 1872 3818 novis-

277 3847 420 3904 sima
452 3855 697 3920 tempora
725 3849 1122 3920 signiﬁcentur.

353 3936 517 3994 Vens.
546 3939 598 3994 8.
645 3969 716 3980 —
748 3940 1113 4012 Dixeruntque
1147 3941 1434 4014 principes.
1481 3943 1664 4016 (AUG.,
1718 3947 1873 4021 ibid.)

277 4029 412 4087 Tale
441 4030 570 4101 quid
607 4031 895 4103 ﬁguratum
941 4041 1025 4088 est
1062 4033 1118 4088 in
1160 4031 1381 4105 Ioseph,
1426 4043 1561 4104 etc.,
1603 4053 1765 4107 usque
1802 4040 1872 4094 ad

279 4124 340 4180 in
382 4141 488 4195 qua
529 4125 679 4197 regni
703 4127 820 4197 ejus
854 4142 964 4180 non
995 4128 1100 4182 erit
1134 4126 1278 4183 ﬁnis.

354 4215 424 4270 Et
443 4235 660 4289 pugnes.
692 4217 876 4289 (Αυε.)
918 4218 1071 4286 Quod
1101 4228 1296 4274 contra
1325 4218 1467 4276 ﬁlios
1497 4220 1731 4278 Ammon
1765 4225 1868 4280 dux

279 4311 545 4380 quaeritur
576 4308 789 4379 Iephte,
811 4311 1008 4380 quibus
1029 4311 1186 4367 victis
1207 4312 1507 4369 liberentur
1528 4314 1620 4384 qui
1642 4330 1708 4370 eo
1734 4315 1873 4370 duce

278 4401 483 4457 bellare
512 4401 800 4472 cupiebant
831 4421 843 4455 :
877 4403 1004 4472 quia
1041 4402 1273 4459 Ammon
1297 4404 1691 4476 interpretatur
1724 4406 1868 4463 ﬁlius

277 4492 463 4564 populi
486 4493 614 4559 mei,
652 4491 737 4548 vel
773 4493 1004 4564 populus
1026 4495 1317 4558 maeroris;
1348 4507 1439 4550 aut
1468 4495 1546 4549 illi
1572 4495 1873 4567 signiﬁcan-

280 4593 373 4639 tur
399 4583 602 4640 iuimici
634 4585 726 4654 qui
756 4600 822 4639 ev
851 4585 964 4655 ipsa
994 4592 1153 4655 gente
1182 4587 1236 4640 in
1266 4586 1586 4643 inﬁdelitate
1615 4601 1869 4657 perman-

279 4684 504 4740 serunt;
543 4685 640 4732 aut
669 4692 860 4733 omnes
899 4679 1160 4750 gehennae
1194 4679 1562 4749 praedestinati
1596 4699 1609 4734 ε
1646 4680 1735 4733 ubi
1773 4681 1872 4734 erit

279 4768 435 4838 ﬂetus
476 4777 525 4822 et
553 4768 751 4822 stridor
773 4768 1030 4834 dentium,
1066 4777 1325 4839 tanquam
1366 4769 1562 4840 populo
1592 4770 1865 4826 maeroris.

1971 3482 2176 3552 plevit:
2205 3489 2261 3536 et
2308 3497 2527 3536 carnem
2575 3481 2852 3552 propriam
2894 3483 3050 3551 quasi
3076 3482 3242 3537 ﬁliam
3269 3498 3368 3552 pro
3393 3484 3564 3540 salute

1972 3574 2138 3630 Israel
2158 3573 2371 3629 obtulit.
2401 3572 2615 3627 Iuravit
2640 3582 2821 3628 autem
2843 3572 2985 3643 patri
3009 3582 3064 3627 et
3094 3573 3240 3628 vovit
3262 3563 3560 3630 Secundum

1974 3666 2103 3722 illud
2129 3681 2144 3721 :
2178 3666 2328 3722 Sicut
2343 3667 2545 3736 juravit
2576 3665 2822 3733 Domino,
2865 3675 3042 3720 votum
3065 3667 3197 3721 vovit
3228 3665 3340 3722 Deo
3369 3667 3556 3734 Iacob,

1973 3754 2115 3826 quod
2147 3755 2353 3811 scilicet
2381 3763 2782 3811 sacramentum
2824 3755 3102 3826 religionis
3144 3757 3201 3811 ln
3244 3757 3427 3814 carnis
3451 3773 3562 3814 suae

1971 3848 2222 3919 passione
2260 3861 2359 3918 pro
2406 3847 2578 3902 salute
2615 3847 2840 3902 humani
2876 3848 3093 3918 generis
3129 3848 3390 3918 expleret.
3432 3848 3560 3905 Haec

1972 3952 2102 4008 ergo
2151 3938 2227 3992 ita
2271 3953 2369 4008 per
2412 3937 2688 3994 Christum
2739 3949 2862 3994 acta
2893 3947 3014 3994 sunt
3057 3946 3118 3994 ut
3157 3939 3439 3996 videantur
3463 3955 3564 4012 pro

1973 4030 2232 4100 religione
2257 4028 2553 4097 juramenti
2585 4046 2706 4086 esse
2736 4031 3029 4103 completa.

2045 4122 2211 4177 Vens.
2253 4121 2433 4177 '57-'59.
2464 4153 2532 4162 —~-
2569 4123 2639 4176 Et
2662 4121 2930 4194 plangam,
2968 4132 3073 4181 etc.
3108 4124 3178 4180 Et
3206 4125 3326 4195 fecit
3351 4127 3422 4192 ei,
3450 4135 3557 4183 etc.

1973 4215 2157 4288 (Αυε.)
2190 4215 2358 4287 Virgo
2386 4224 2558 4282 casta,
2591 4217 2645 4271 id
2687 4227 2789 4284 est,
2822 4217 3087 4284 Ecclesia,
3115 4227 3244 4283 etc.,
3277 4235 3440 4289 usque
3488 4219 3558 4272 ad

1971 4317 2195 4382 propter
2221 4324 2356 4379 quos
2383 4310 2547 4365 etiam
2579 4309 2683 4364 duo
2725 4317 3049 4365 testamenta
3077 4309 3351 4365 dicuntur.

2045 4399 2253 4455 Exinde
2278 4417 2390 4455 mos
2415 4400 2650 4454 increvit.
2677 4398 2856 4470 (Auc.,
2887 4407 3078 4470 quiest.
3107 4397 3222 4468 49.)
3251 4398 3406 4466 Quod
3427 4413 3557 4458 vero

1972 4491 2178 4548 factum
2207 4502 2291 4547 est
2331 4507 2398 4546 ex
2427 4500 2699 4562 praecepto
2743 4491 2796 4546 in
2825 4491 3013 4558 Israel,
3041 4505 3110 4547 ex
3139 4492 3330 4548 diebus
3360 4493 3416 4548 in
3445 4493 3562 4552 dies

1973 4580 2364 4638 conveniebant
2393 4581 2682 4638 lamentari
2699 4581 2861 4636 ﬁliam
2876 4580 3089 4652 Iephte,
3113 4591 3348 4654 quatuor
3363 4585 3480 4641 dies
3501 4586 3558 4641 in

1975 4688 2116 4728 anno
2142 4713 2158 4740 ,
2207 4689 2312 4728 non
2360 4681 2492 4744 puto
2527 4673 2833 4743 signiﬁcare
2887 4673 3087 4744 aliquid
3119 4683 3242 4745 post
3279 4675 3557 4748 impletum

1975 4763 2372 4829 holocaustum,
2415 4765 2558 4833 quod
2588 4764 2692 4820 erit
2719 4765 2775 4819 in
2799 4764 2911 4820 vita
2939 4774 3161 4834 aeterna,
3193 4768 3288 4823 sed
3338 4777 3561 4839 praster-

280 4860 601 4932 Quanquam
651 4862 878 4932 p0pulus
906 4863 1158 4917 mmroris
1179 4863 1426 4919 diabolus
1461 4872 1518 4918 et
1548 4864 1725 4936 angeli
1755 4865 1871 4936 ejus
1972 4859 2049 4914 ita
2072 4866 2316 4930 tempora
2340 4857 2614 4925 Ecclesiae,
2641 4858 2696 4913 in
2716 4859 2912 4930 quibus
2937 4868 3095 4916 erant
3118 4860 3264 4916 beati
3291 4861 3558 4934 lugentes.

280 4953 676 5010 convenienter
694 4953 1104 5024 intelliguntur:
1135 4954 1220 5009 vel
1256 4955 1385 5024 quia
1414 4963 1676 5009 aeternam
1711 4955 1873 5010 mise-
1974 4952 2275 5021 Quatriduo
2321 4952 2550 5024 ﬁgurata
2597 4961 2681 5008 est
2733 4953 2850 5024 ejus
2907 4954 3232 5010 universitas
3268 4972 3281 5008 :
3331 4963 3559 5025 propter

277 5044 423 5101 riam
463 5044 545 5100 eis
593 5061 728 5116 quos
781 5045 1073 5116 decipiunt,
1117 5046 1428 5116 acquirunt,
1466 5044 1554 5100 vel
1599 5046 1725 5116 quia
1770 5047 1872 5117 ipsi
1975 5053 2210 5116 quatuor
2234 5052 2417 5114 partes
2461 5044 2612 5100 orbis
2632 5059 2731 5116 per
2775 5059 2913 5115 quas
2941 5045 3101 5117 longe
3124 5045 3340 5116 lateque
3365 5046 3558 5103 diﬁ‘usa

279 5145 502 5193 eterna:
526 5137 759 5194 miseria:
788 5138 1029 5208 deputati
1063 5147 1208 5193 sunt.

357 5227 522 5283 Vens.
561 5228 614 5284 9.
638 5259 709 5269 —
743 5228 858 5300 Ego
887 5245 974 5284 ero
1001 5239 1187 5287 vester.
1220 5227 1342 5301 (ln.,
1380 5229 1534 5302 ibid.)
1555 5228 1615 5285 ld
1638 5237 1741 5298 est,
1775 5245 1869 5287 rex

284 5334 448 5390 quem
500 5319 739 5375 nondum
793 5319 1025 5375 habebat
1083 5335 1213 5391 gens
1265 5319 1354 5375 illa
1413 5327 1656 5392 tempore
1707 5321 1858 5392 judi-

285 5428 435 5480 cum,
465 5421 594 5480 etc.,
645 5429 808 5484 usque
842 5412 912 5467 ad
957 5415 1052 5470 sed
1096 5412 1288 5485 Iephte
1334 5412 1486 5469 illum
1531 5413 1871 5486 signiﬁcabat

286 5505 382 5577 qui
408 5520 572 5561 verus
603 5513 688 5562 est
713 5520 828 5560 rex.

362 5597 488 5671 (ιη.)
518 5597 634 5654 Rex
661 5598 871 5654 scilicet
916 5599 1054 5654 sicut
1087 5599 1143 5654 in
1193 5598 1350 5653 titulo
1379 5599 1556 5655 crucis
1605 5601 1868 5670 scriptum

289 5699 395 5755 est,
425 5699 558 5756 etc.,
579 5707 742 5761 usque
763 5691 831 5745 ad
856 5691 997 5746 sicut
1021 5690 1077 5746 hi
1117 5691 1291 5762 qui'in
1318 5689 1627 5762 Regnorum
1653 5692 1874 5748 volumi-

288 5785 453 5842 nibus
477 5785 844 5840 continentur.

1977 5145 2080 5192 est.
2111 5135 2194 5192 Ad
2217 5136 2459 5191 historia:
2485 5143 2665 5191 autem
2704 5137 3102 5208 proprietatem
3157 5152 3265 5192 non
3321 5137 3559 5194 arbitror

1975 5231 2081 5286 hoc
2105 5231 2411 5287 decrevisse
2442 5231 2738 5298 lsraelitas,
2785 5232 2891 5286 nisi
2931 5232 3057 5298 quia
3083 5229 3463 5302 intelligebant
3505 5232 3557 5285 in

1974 5337 2037 5376 ea
2055 5321 2318 5392 judicium
2339 5321 2436 5378 Dei
2462 5323 2633 5394 magis
2659 5323 2726 5378 ad
2751 5321 3155 5394 percutiendum
3181 5329 3392 5392 patrem
3421 5322 3556 5377 fuis-

1975 5428 2034 5469 se
2055 5421 2358 5481 ostensum,
2410 5430 2481 5471 ne
2538 5414 2659 5485 quis
2708 5414 2960 5484 deinceps
2993 5421 3214 5468 voveret
3262 5412 3370 5468 tale
3396 5412 3560 5467 sacri-

1980 5503 2178 5559 ﬁcium.
2210 5503 2389 5571 Quare
2416 5505 2560 5562 enim
2595 5505 2908 5561 lamentatio
2931 5504 3148 5560 decreta
3181 5511 3283 5571 est,
3311 5503 3357 5559 si
3373 5510 3556 5558 votum

1975 5595 2105 5652 illud
2133 5597 2330 5653 laetitiae
2350 5598 2474 5653 est?

2495 5678 2508 5690 ’
2601 5686 2973 5746 CAPUT-XII.

2049 5785 2213 5841 Vens.
2245 5785 2299 5839 7.
2329 5814 2400 5824 ——
2447 5782 2714 5837 Judicavit
2749 5782 2924 5853 itaque
2953 5780 3170 5851 Iephte,
3213 5785 3321 5834 etc.
3373 5775 3560 5849 (Au:.)

368 5875 559 5930 Nonne
597 5865 805 5948 ea'qua:
853 5877 1112 5947 possidet,
1152 5885 1259 5934 etc.
1298 5876 1493 5936 Nonne
1538 5891 1876 5950 quaecunque
1979 5877 2133 5935 Sicut
2175 5879 2253 5935 illi
2279 5878 2385 5934 duo
2423 5891 2637 5932 menses
2671 5884 2891 5948 propter
2943 5873 3284 5946 septuaginta
3329 5871 3448 5928 dies
3474 5886 3559 5927 se-

292 5969 639 6034 hzereditavit
661 5969 758 6028 tibi
785 5969 1054 6032 Chamos?

1979 5969 2192 6028 narium
2237 5982 2520 6025 numerum
2571 5983 2666 6026 sex
2710 5974 2928 6032 aetatum
2977 5964 3300 6040 signiﬁcant,
3347 5965 3420 6021 ita
3469 5964 3557 6020 hic
