4006 6352
275 507 382 562 555
1308 495 1575 556 GLOSSA
1613 487 2008 556 ORDlNARIA.
2049 530 2103 538 -
2155 497 2279 558 LIB.
2323 501 2536 560 RUTH.
3159 569 3162 572 ,
3431 501 3534 560 5M

270 615 609 686 intelligunt,
658 621 713 667 et
761 626 987 668 uxorem
1038 609 1154 683 ejus
1217 628 1561 686 synagogam,
1619 624 1673 670 et
1723 614 1856 670 duos
1882 616 2265 688 Aperceptam
2316 623 2542 691 gratiam
2591 631 3021 692 consequuntur,
3074 638 3210 692 quos
3263 621 3540 696 signiﬁca-

270 707 433 773 ﬁlios,
477 703 712 778 regalem
761 703 1025 758 honorem
1054 709 1109 759 et
1152 703 1574 760 sacerdotalem:
1621 705 1712 776 qui
1744 721 1851 762 non

271 799 448 857 solum
474 795 531 852 in
562 803 720 869 gente
744 791 1072 861 Iudaeorum,
1103 793 1197 852 sed
1231 795 1283 850 et
1328 795 1730 868 proselytorum
1761 813 1854 854 co-

271 889 457 962 pulam
483 887 585 944 sibi
617 886 989 957 acquirebant,
1030 887 1170 942 sicut
1201 887 1254 942 in
1293 893 1535 958 tempore
1567 886 1758 953 David,
1803 897 1860 944 et

273 977 582 1036 Salomonis
611 984 668 1032 et
693 975 922 1032 aliorum
961 973 1163 1032 factum
1193 986 1296 1033 est.

347 1090 523 1146 Vsns.‘
545 1087 972 1144 2.-Mahalon.
1009 1088 1112 1156 Qui
1144 1093 1210 1144 de
1241 1087 1482 1145 fenestra
1500 1089 1586 1144 vel
1606 1104 1636 1144 a
1659 1089 1862 1161 princi-

273 1181 386 1253 pio.
429 1181 528 1238 llic
561 1189 646 1237 est
684 1181 886 1238 chorus
929 1180 1320 1250 prophetarum
1365 1196 1464 1252 per
1493 1196 1629 1251 quos
1675 1182 1742 1237 de
1783 1181 1865 1236 fe-

275 1283 463 1330 nestra
504 1275 741 1344 primum
769 1273 895 1330 ﬁdei
919 1274 1100 1330 lumen
1129 1274 1184 1328 in
1212 1274 1399 1330 orbem
1444 1275 1735 1348 processit:
1773 1276 1866 1346 qui

276 1369 445 1425 etiam
483 1367 598 1422 veri
640 1366 882 1433 luminis,
925 1366 981 1422 id
1026 1375 1112 1423 est
1162 1365 1385 1433 Christi,
1445 1367 1608 1438 primi
1672 1365 1866 1439 pradi-

276 1469 492 1516 catores
530 1459 768 1516 fuerunt.

349 1571 585 1637 Chelion,
625 1571 1038 1628 consummatio.
1087 1571 1151 1626 Hi
1180 1582 1310 1628 sunt
1346 1571 1574 1642 apostoli
1606 1573 1698 1642 qui
1735 1572 1868 1627 reni-

276 1673 460 1734 gmata
500 1662 884 1732 pr0phetarum
924 1662 991 1716 ad
1030 1662 1548 1717 consummationem
1600 1662 1742 1733 pleni
1787 1663 1872 1718 in-

277 1752 526 1807 tellectus
561 1753 949 1823 perduxerunt.
1000 1751 1066 1808 ili
1109 1754 1304 1808 merito
1346 1753 1660 1824 Ephrathtei
1705 1763 1762 1810 et
1801 1755 1868 1812 de

277 1847 592 1901 Bethlehem
615 1845 752 1902 Juda
795 1847 900 1902 orti
928 1855 1084 1902 sunt:
1122 1847 1214 1917 qui
1248 1846 1460 1903 caelesti
1500 1862 1642 1919 pane
1685 1849 1866 1904 satiati

276 1953 378 2010 per
404 1941 846 2011 [medicationem
883 1941 1160 2012 Evangelii
1204 1940 1440 1997 fructum
1467 1945 1868 2014 praedicationis

279 2033 634 2104 collegerunt.
691 2032 1049 2105 Ephrathzcus
1079 2034 1230 2088 enim
1277 2031 1523 2105 frugifer,
1558 2036 1872 2092 Bethlehem

278 2127 481 2180 domus
519 2125 700 2195 panis,
738 2124 877 2180 Juda
923 2123 1193 2180 confessio
1246 2123 1653 2194 interpretatur,
1699 2126 1871 2182 unde:

290 2215 396 2270 Vos
423 2220 544 2270 date
570 2215 676 2270 illis
707 2233 943 2270 manum.
980 2207 1135 2281 item,
1166 2214 1364 2270 Euntes
1391 2217 1674 2286 prwdicate
1699 2216 1876 2273 Evan-

275 2307 474 2378 gelium
504 2309 647 2378 regni
703 2305 822 2362 Dei.
873 2307 940 2361 Et
971 2307 1131 2361 alibi:
1188 2307 1339 2376 Elegi
1367 2315 1454 2360 eos
1500 2309 1564 2363 de
1593 2309 1874 2364 mundo‘ut

275 2403 430 2466 eatis,
460 2411 508 2455 et
525 2401 754 2470 fraetum
769 2399 978 2469 faciatis
993 2399 1183 2470 (Marc.
1202 2415 1277 2464 vr,
1307 2415 1430 2464 1m;
1454 2399 1614 2455 Joan.
1633 2401 1773 2472 xvr).

350 2509 855 2568 Vsns.4.—Ruth.
910 2505 1111 2567 Videns
1142 2509 1224 2566 vel
1277 2507 1561 2578 festinans,
1616 2511 1701 2569 vel
1746 2511 1875 2569 defi-

277 2606 432 2662 ciens
469 2607 886 2676 interpretatur:
916 2603 967 2659 in
1008 2619 1113 2674 qua
1163 2601 1468 2659 obedientia
1497 2612 1550 2659 et
1589 2605 1876 2663 credulitas

277 2697 520 2769 gentium
546 2693 880 2768 designatur,
905 2693 969 2751 de
993 2695 1187 2766 quibus
1208 2695 1434 2751 dicitur:
1462 2693 1700 2767 Populus
1721 2713 1873 2767 quem

278 2805 386 2843 non
416 2789 652 2860 cognovi,
695 2789 904 2844 servivit
933 2789 1082 2855 mihi,
1132 2798 1235 2843 etc.
1295 2787 1363 2842 Et
1390 2785 1544 2843 alibi:
1599 2781 1880 2860 Ethiopia

277 2881 554 2949 praeveniet
581 2896 767 2934 manus
796 2881 910 2949 ejus
953 2878 1062 2933 Deo
1091 2875 1266 2949 (Psal.
1296 2877 1466 2950 LXVI).
1525 2875 1876 2935 Vocabantur

281 2983 414 3038 ergo
441 2966 546 3024 duo
581 2969 764 3040 populi
809 2983 908 3040 per
956 2977 1174 3024 Sanctos
1211 2969 1596 3040 przedicato'res
1627 2969 1694 3025 ad
1744 2985 1869 3026 con-

281 3061 516 3116 sortium
554 3059 679 3117 ﬁdei
708 3067 764 3115 et
787 3060 1085 3116 electorum
1114 3059 1227 3124 Dei,
1257 3069 1321 3116 ut
1345 3073 1411 3116 ex
1441 3059 1673 3117 diversis
1698 3061 1875 3134 gregi-

279 3151 384 3207 bus
426 3151 582 3208 fient
611 3169 776 3208 unum
803 3152 964 3208 ovile.

351 3264 518 3321 Vens.
545 3265 898 3321 5.—Mortui
936 3275 1077 3322 sunt.
1115 3265 1244 3324 Post
1272 3265 1660 3340 perfectionem
1689 3269 1763 3342 pii
1798 3271 1876 3326 la-

1897 1987 1945 2048 B

1959 706 2124 762 Ruth.

2030 818 2193 875 Vens.
2225 821 2311 876 16.
2335 852 2405 862 -
2433 821 2772 894 Quocunque.
2803 822 2895 880 Sic
2919 823 3160 880 Ecclesia
3186 824 3254 880 de
3285 825 3538 896 gentibus

1958 919 2170 976 vocata,
2199 911 2386 967 relicta
2410 915 2609 982 patria,
2635 913 2690 969 id
2720 922 2804 969 est
2833 914 3136 970 idololatria
3165 915 3386 982 omissa,
3421 931 3542 973 car-

1960 1004 2068 1059 nali
2117 1006 2526 1084 conversatione
2575 1016 2632 1061 et
2676 1005 2990 1072 desideriis,
3040 1006 3326 1078 profitetur
3373 1008 3544 1064 Deum

1962 1111 2122 1152 suum
2141 1113 2263 1154 esse
2283 1098 2338 1152 in
2361 1112 2518 1169 quem
2544 1097 2890 1154 crediderunt
2915 1100 3108 1164 sancti,
3131 1109 3187 1155 et
3211 1099 3408 1154 ituram
3429 1114 3539 1169 quo

1964 1204 2090 1244 caro
2113 1188 2315 1245 Christi
2360 1191 2636 1257 ascendit,
2679 1199 2734 1246 et
2774 1205 2874 1260 pro
2911 1190 3029 1260 ejus
3071 1191 3290 1248 nomine
3335 1192 3392 1245 in
3437 1191 3540 1246 hoc

1965 1279 2160 1334 saeculo
2187 1280 2297 1350 pati
2332 1296 2500 1350 usque
2528 1281 2595 1335 ad
2626 1291 2858 1336 mortem
2879 1320 2895 1346 ,
2943 1288 2998 1336 et
3035 1295 3160 1336 cum
3187 1280 3384 1352 populo
3413 1296 3541 1336 san-

1965 1378 2177 1426 ctorum
2222 1379 2277 1426 et
2318 1373 2704 1442 prophetarum
2746 1381 2798 1427 et
2837 1373 3304 1443 patriarcharum;
3360 1371 3542 1427 unde:

1967 1461 2244 1518 Laztamini
2270 1474 2442 1534 gentes
2469 1481 2588 1518 cum
2616 1461 2759 1536 plebe
2786 1465 2899 1535 ejus
2929 1463 3106 1537 (Rom.
3133 1463 3248 1536 xv).

2041 1575 2204 1630 Vsns.
2239 1575 2323 1630 18.
2363 1606 2435 1615 -
2481 1574 2690 1630 Videas.
2741 1574 2970 1632 Gentilis
3009 1575 3240 1647 populus
3276 1575 3552 1632 obstinato

1970 1667 2151 1721 animo
2180 1667 2562 1737 prtedicatores
2593 1668 2838 1738 sequitur
2865 1670 2920 1723 in
2949 1676 3152 1724 terram
3178 1681 3456 1735 sanctam,
3495 1676 3553 1723 et

1971 1755 2026 1810 in
2050 1756 2323 1811 civitatem
2346 1758 2441 1812 Dei
2461 1757 2798 1826 Bethlehem,
2818 1758 2910 1813 ubi
2933 1768 3270 1830 praeparatur
3289 1761 3358 1814 ad
3380 1761 3553 1816 susci-

1969 1848 2223 1918 piendum
2253 1864 2507 1920 sponsum
2552 1850 2620 1905 de
2657 1849 2824 1921 stirpe
2852 1851 3086 1907 Abrahae
3110 1861 3331 1920 natum,
3362 1852 3417 1908 in
3445 1865 3552 1922 quo

1975 1937 2362 1994 benedicentur
2385 1955 2574 1996 omnes
2601 1949 2792 2011 gentes
2815 1941 2901 1996 vel
2927 1943 3102 1998 tribus
3126 1950 3306 1999 teme.

2051 2053 2213 2109 Vens.
2244 2054 2334 2108 20.
2361 2086 2430 2095 -—
2458 2055 2541 2110 Ne
2569 2058 2779 2112 vocetis.
2820 2059 3080 2130 Agnoscit
3111 2074 3383 2132 synagoga
3410 2059 3556 2115 cala-

1979 2143 2221 2199 mitatem
2252 2161 2436 2212 suam,
2466 2163 2630 2217 quam
2659 2156 2783 2218 post
2807 2149 3096 2206 adventum
3126 2150 3331 2206 Christi
3361 2152 3557 2208 merito
3644 2175 3652 2180 λ

1976 2235 2219 2308 patitur:
2275 2246 2330 2292 et
2370 2237 2569 2310 refugit
2614 2238 2840 2309 pulchra
2871 2241 3092 2307 vocari,
3138 2241 3266 2311 quia
3313 2250 3558 2312 tempora

1978 2328 2353 2408 prosperitatis
2381 2344 2492 2384 suae
2517 2328 2663 2384 finiri
2691 2331 2975 2400 conspicit.

2049 2439 2272 2507 Quando
2305 2442 2554 2512 primum.
2590 2441 2758 2522 idvest
2785 2442 3003 2512 quando
3045 2442 3130 2499 lex
3171 2443 3560 2501 incarnationis

1979 2549 2092 2589 sua:
2131 2535 2378 2590 ordinem
2421 2537 2490 2590 ad
2533 2537 2854 2608 mysterium
2888 2537 3159 2607 passionis
3187 2535 3389 2594 Christi
3431 2553 3560 2594 con-

1977 2630 2158 2686 vertit.
2230 2630 2419 2686 Messis
2463 2630 2610 2686 enim
2654 2630 2956 2687 hordeacea
3007 2641 3219 2702 tempus
3266 2631 3566 2688 Dominicas

1976 2721 2244 2792 passionis
2272 2722 2561 2792 exprimit,
2609 2739 2729 2796 quae
2769 2739 2956 2780 mense
2993 2737 3294 2790 novorum,
3343 2723 3395 2779 id
3437 2733 3557 2790 est,

1976 2814 2155 2885 primo
2195 2829 2381 2870 mense
2419 2816 2664 2886 contigit.
2715 2815 2862 2872 Bene
2896 2831 3026 2887 ergo
3064 2824 3306 2886 tempore
3352 2815 3445 2870 illo
3489 2815 3558 2871 ad

1976 2906 2293 2963 Bethlehem
2322 2909 2578 2976 veniunt,
2609 2909 2829 2980 quando
2855 2909 2946 2964 lex
2975 2907 3246 2964 Christum
3274 2923 3435 2979 quem
3465 2908 3562 2963 do-

1977 3007 2064 3054 cet
2090 2999 2146 3053 in
2171 2998 2486 3056 Bethlehem
2516 3009 2728 3067 natum,
2761 3001 2817 3056 in
2847 3001 3071 3072 pascha,
3100 3000 3156 3056 id
3180 3008 3264 3056 est
3293 3001 3346 3056 in
3373 3015 3563 3057 mense

1976 3105 2262 3160 novorum,
2285 3095 2544 3165 praedicat
2567 3095 2828 3151 occisum.
2864 3093 3064 3150 Sancta
3087 3110 3303 3166 quoque
3321 3095 3562 3152 Ecclesia

1977 3190 2092 3238 toto
2121 3192 2316 3238 conatu
2347 3183 2578 3251 laborat,
2608 3193 2668 3240 ut
2695 3200 2832 3255 quas
2861 3186 2929 3240 ad
2957 3185 3116 3242 ﬁdem
3149 3195 3432 3252 convocat,
3476 3188 3560 3242 in-

1977 3275 2330 3342 carnationis,
2360 3277 2649 3347 passionis,
2674 3276 3089 3334 resurrectionis
3113 3277 3307 3333 merito
3330 3277 3556 3333 imbuat.

277 3361 450 3427 boris,
502 3359 710 3416 scilicet
755 3353 824 3418 de
867 3359 1058 3418 exsilio
1083 3362 1243 3433 hujus
1295 3363 1479 3421 mundi
1521 3368 1586 3422 ad
1631 3367 1874 3424 coelestia
1901 3361 1946 3426 C
1977 3370 2168 3428 Messis
2197 3372 2496 3428 hordeacea
2526 3370 2832 3428 Iudaeorum
2861 3371 3117 3443 exprimit
3144 3372 3554 3428 credulitatem:

280 3463 450 3522 regna
499 3445 889 3522 migraverunt,
938 3451 997 3508 ut
1035 3455 1248 3525 expleto
1311 3455 1566 3514 mandato
1621 3459 1874 3533 Decalogi

278 3544 593 3614 acciperent
621 3543 902 3601 denarium
929 3547 1296 3604 beatitudinis.

353 3635 518 3690 Vens.
556 3636 932 3708 7.—Egressa
960 3648 1055 3705 est,
1081 3647 1209 3706 etc.,
1235 3649 1476 3711 utraque.
1497 3637 1749 3700 Studiose
1769 3654 1876 3700 sat-

279 3726 394 3798 agit
432 3717 694 3795 Ecclesia,
747 3737 806 3783 ut
837 3727 1022 3800 plebes
1051 3745 1186 3801 quas
1229 3731 1469 3804 Apostoli
1508 3744 1563 3790 et
1601 3735 1876 3808 propheta:

289 3828 535 3890 tempore
587 3837 684 3877 suo
739 3821 1130 3888 instruxerunt,
1185 3825 1445 3896 perducat
1489 3819 1556 3882 ad
1610 3829 1875 3884 unitatem

282 3911 412 3969 ﬁdei
441 3911 498 3969 et
528 3903 840 3972 societatem
879 3913 1204 3973 Christiana:
1232 3919 1506 3992 religionis
1542 3941 1553 3975 :
1584 3935 1702 3992 quae
1729 3919 1878 3978 Scri-

283 4015 447 4077 ptura
494 4001 761 4064 referente
795 4003 1002 4077 didicit,
1035 4009 1159 4080 quia
1186 4009 1366 4081 justus
1401 4029 1510 4069 non
1539 4013 1877 4086 derelinque-

286 4109 397 4167 tur,
442 4115 544 4156 nec
579 4114 762 4157 semen
787 4099 903 4175 ejus
948 4119 1199 4176 quaerens
1243 4121 1461 4178 panem,
1503 4107 1596 4178 qui
1639 4107 1707 4164 de
1738 4105 1876 4165 coelo

283 4193 571 4250 descendit
595 4191 765 4267 (Psal.
792 4197 998 4269 xxxvr).

357 4307 524 4364 Vsus.
549 4309 604 4365 8.
627 4308 789 4364 —Ite
816 4310 873 4364 in
899 4308 1138 4366 domum.
1174 4310 1416 4368 Ecclesia
1437 4327 1548 4368 non
1587 4312 1878 4370 indiscrete

283 4401 420 4472 agit,
446 4416 548 4456 nec
569 4400 861 4457 indiscrete
882 4416 1209 4472 quemquam
1239 4403 1452 4474 recipit,
1487 4404 1662 4460 unde:
1701 4402 1880 4464 Nolite

284 4494 430 4547 omni
455 4493 667 4564 spiritui
693 4492 924 4557 credere,
955 4494 1046 4548 sed
1083 4495 1303 4564 probate
1332 4497 1570 4567 spiritus,
1597 4497 1727 4552 sica:
1768 4497 1880 4552 Deo

283 4595 406 4640 sunt
428 4583 481 4656 (l
508 4583 668 4640 Joan.
693 4585 792 4654 ιν).
841 4584 1076 4642 Possunt
1103 4586 1218 4641 hzec
1243 4602 1530 4659 synagoga;
1565 4589 1875 4654 convenire,

284 4693 409 4748 quae
443 4678 670 4732 retrahit
705 4678 774 4736 ad
799 4678 960 4735 ﬁdem
998 4679 1202 4736 Christi
1235 4679 1536 4747 venientes,
1557 4691 1612 4736 et
1641 4682 1880 4737 maxime

286 4769 446 4834 illud,
469 4777 530 4823 ut
554 4778 808 4848 superata
831 4786 862 4824 a
902 4772 1134 4827 veritate
1181 4772 1456 4829 infirmam
1497 4787 1556 4828 se
1600 4772 1876 4843 cognoscit

286 4860 562 4916 εσωωυίιί
589 4879 602 4916 :
627 4860 988 4928 Reuertimini,
1017 4863 1144 4932 ﬁlia:
1168 4881 1316 4919 mete.

363 4952 528 5008 Vens.
566 4935 652 5008 ll.
671 4951 901 5008 —Num
927 4954 1087 5010 ultra.
1114 4955 1298 5028 (ΗΑΒ.)
1337 4945 1454 5011 Vox
1482 4969 1766 5027 synagoga:
1789 4973 1878 5013 vc-

287 5044 508 5101 ritatem
553 5043 866 5100 confitentis
905 5055 961 5100 et
1007 5046 1474 5117 supervenientem
1520 5047 1880 5117 culpammon

287 5138 526 5197 tacentis
572 5154 696 5210 quae
742 5154 772 5193 ιι
807 5139 942 5206 viro,
974 5138 1029 5194 id
1069 5148 1170 5204 est,
1201 5137 1378 5216 .David
1417 5138 1644 5196 relicta:
1679 5149 1732 5195 et
1757 5157 1786 5196 a
1819 5141 1880 5196 ﬁ-

286 5228 400 5296 liis,
426 5231 478 5286 id
526 5240 630 5298 est,
659 5233 876 5304 regibus
905 5241 962 5288 et
995 5232 1330 5304 principibus
1365 5233 1597 5303 privata,
1637 5232 1876 5288 sterilem

292 5339 353 5380 se
395 5341 516 5400 esse
566 5333 622 5380 et
663 5326 935 5381 infirmam
999 5325 1066 5381 ad
1108 5322 1521 5396 concipiendum
1576 5324 1712 5382 ﬁlios
1770 5328 1878 5382 Deo

293 5415 586 5470 conﬁtetur
621 5425 745 5487 post
774 5416 1066 5471 adventum
1097 5414 1321 5473 Christi.

368 5513 535 5569 Vens.
567 5513 654 5568 14.
675 5543 744 5554 —
775 5513 1012 5568 Elevata.
1056 5512 1161 5567 Per
1187 5513 1290 5567 has
1322 5511 1607 5578 mulieres,
1653 5525 1880 5582 quarum

291 5624 403 5663 una
427 5608 616 5664 dolens
642 5618 698 5664 et
721 5607 910 5680 lugens
930 5625 960 5662 a
983 5623 1141 5663 socru
1167 5607 1397 5672 recedit,
1423 5605 1592 5661 altera
1613 5606 1885 5662 obstinato

291 5703 479 5758 animo
499 5702 758 5766 adhaeret,
781 5701 1062 5756 credentes
1089 5699 1468 5770 signiﬁcantur
1493 5717 1504 5753 :
1535 5713 1763 5768 quorum
1793 5697 1884 5751 alii

290 5803 550 5868 percepta
574 5796 746 5865 gratia
771 5793 1024 5864 baptismi
1055 5801 1110 5848 et
1131 5792 1390 5848 societate
1417 5792 1553 5857 ﬁeri,
1579 5793 1646 5847 ad
1667 5805 1884 5848 errores

291 5889 558 5958 pristinos
583 5887 920 5952 relabuntur,
953 5901 1089 5955 quos
1117 5885 1388 5956 signiﬁcat
1411 5884 1593 5954 Orpha
1621 5903 1632 5938 :
1666 5899 1786 5953 quae
1815 5883 1884 5938 ad

297 5980 442 6037 Deos
482 5995 608 6036 suos
651 5993 870 6036 reversa
911 5987 1028 6045 est;
1078 5978 1167 6032 alii
1196 5991 1328 6032 vero
1368 5977 1589 6032 definito
1630 5976 1880 6043 consilio,

1975 3461 2069 3531 qui
2119 3469 2342 3532 peracto
2390 3471 2731 3517 sacramento
2784 3460 3052 3532 passionis
3075 3501 3088 3526 ,
3142 3460 3560 3532 praedicantibus

1977 3553 2256 3623 apostolis,
2289 3554 2524 3623 primum
2553 3553 2622 3608 ad
2651 3553 2809 3609 fidem
2836 3554 3076 3610 veniunt.
3112 3552 3215 3620 Qui
3244 3551 3370 3608 alibi
3401 3553 3558 3624 quin-

1976 3659 2079 3714 que
2102 3645 2332 3716 panibus
2355 3645 2672 3702 hordeaceis
2697 3645 2838 3716 pasti
2862 3661 2894 3702 a
2919 3645 3150 3702 Domino
3171 3645 3445 3717 leguntur.

2601 3783 2828 3856 CAPUT
2873 3793 2935 3854 II.

2048 3913 2214 3969 Vens.
2245 3914 2297 3968 5.
2322 3944 2390 3953 -
2415 3914 2635 3968 Accidit.
2669 3912 2803 3982 Quia
2832 3923 3017 3969 sancta
3044 3912 3284 3971 Ecclesia
3313 3913 3381 3970 ad
3406 3913 3564 3970 Chri-

1979 4016 2121 4061 stum
2158 4005 2426 4075 pertinet,
2473 4005 2625 4074 cujus
2655 4021 2849 4076 sponsa
2881 4013 2936 4059 ct
2969 4019 3166 4075 corpus
3193 4011 3298 4060 est.
3351 4003 3428 4060 De
3454 4019 3562 4075 quo

1979 4093 2213 4150 dicitur:
2246 4089 2527 4149 Fortitudo
2559 4112 2673 4150 mea
2713 4101 2761 4150 et
2801 4091 2918 4150 laus
2958 4093 3072 4150 mea
3102 4091 3358 4150 Dominus
3388 4091 3561 4166 (Psal.

1979 4187 2167 4262 cxvn).
2220 4183 2287 4243 Et
2314 4187 2446 4245 alibi
2473 4208 2484 4220 ·
2515 4185 2774 4244 Dominus
2802 4187 2953 4260 fortis
2985 4199 3030 4244 et
3058 4198 3259 4261 potens.
3303 4185 3558 4242 Dominus

1978 4293 2155 4354 potens
2186 4284 2242 4337 in
2267 4282 2450 4354 praelia
2481 4280 2654 4354 (Psal.
2685 4279 2862 4354 χχιιι).
2911 4279 3027 4352 ipse
3052 4289 3136 4336 est
3160 4287 3422 4349 cognatus
3447 4277 3558 4335 Eli-

1982 4377 2212 4444 melech,
2245 4378 2338 4449 qui
2372 4379 2436 4434 de
2464 4375 2779 4432 Bethlehem
2805 4384 2860 4431 et
2885 4375 2952 4429 de
2979 4373 3148 4445 stirpe
3176 4371 3344 4428 David
3378 4371 3561 4440 natus,

1982 4469 2352 4528 testimonium
2393 4470 2554 4526 habet
2597 4486 2629 4524 a
2671 4469 2787 4540 lege
2825 4475 2877 4523 et
2919 4465 3215 4539 prophetis.
3268 4453 3368 4522 Hic
3396 4465 3559 4522 verba

1983 4563 2173 4620 salutis
2201 4573 2254 4620 et
2285 4565 2438 4635 pacis
2465 4563 2685 4619 familiae
2715 4578 2828 4619 sua:
2855 4561 3066 4628 attulit,
3099 4561 3153 4618 in
3184 4561 3336 4635 cujus
3366 4562 3563 4618 nativi-

1983 4666 2097 4711 tate
2125 4656 2443 4712 cecinerunt
2475 4656 2685 4727 angeli,
2717 4654 2900 4710 Gloria
2929 4656 2985 4710 in
3018 4656 3232 4711 excelsis
3261 4655 3394 4721 Deo,
3430 4665 3478 4710 et
3511 4657 3564 4708 in

1905 4721 1957 4781 Ῑ)
1984 4757 2145 4811 terra,
2173 4754 2280 4802 etc.
2311 4737 2463 4818 (Luc.
2492 4721 2576 4817 ll):
2605 4721 2701 4800 Cui
2730 4745 2966 4800 venienti
2996 4745 3048 4799 in
3079 4737 3376 4801 Jerusalem
3406 4746 3562 4801 obvia

1988 4839 2142 4894 turba
2162 4835 2437 4903 clamavit,
2457 4837 2674 4893 dicens:
2693 4835 3000 4891 Benedictus
3019 4835 3108 4908 qui
3130 4835 3259 4892 venit
3281 4835 3338 4890 in
3359 4837 3566 4890 nomine

1985 4925 2199 4988 Domini
2225 4931 2440 5003 (Matth.
2471 4932 2607 5002 xm).

2062 5049 2224 5104 Vens.
2255 5049 2307 5103 7.
2335 5078 2407 5088 —
2433 5047 2502 5102 Et
2530 5046 2751 5119 rogavit.
2797 5045 2934 5114 Quia
2961 5053 3148 5101 sancta
3176 5042 3417 5098 Ecclesia
3446 5056 3570 5111 per-

1989 5149 2204 5197 severat
2250 5141 2305 5194 in
2355 5153 2486 5212 agro
2533 5139 2728 5194 divinae
2765 5137 3012 5194 lectionis
3053 5143 3174 5206 post
3213 5147 3482 5188 messores
3511 5142 3568 5186 et

1987 5234 2399 5305 praedicatores,
2444 5233 2704 5304 mysteria
2736 5230 3136 5301 Scripturarum
3174 5225 3461 5296 colligens,
3503 5232 3565 5279 ut

1989 5330 2043 5384 in
2079 5329 2202 5384 sinu
2240 5333 2439 5384 mentis
2473 5343 2584 5383 suae
2611 5324 2920 5382 testimonia
2950 5331 3008 5377 et
3033 5318 3279 5391 exempla
3307 5319 3567 5372 virtutmn

1993 5421 2263 5477 recordat.
2299 5419 2396 5475 Vel
2425 5434 2555 5490 ager
2577 5417 2666 5474 ille
2689 5427 2772 5473 est
2792 5413 3031 5471 caelestis
3059 5411 3222 5468 studii
3249 5409 3529 5480 disciplina
3553 5427 3565 5439 ο

1990 5513 2186 5570 messis
2213 5512 2568 5583 intelligentia
2611 5507 2938 5581 spirituslis;
2981 5518 3277 5568 messores,
3303 5499 3567 5572 praedica-

1995 5615 2168 5668 tores;
2213 5602 2378 5674 spicae
2413 5608 2782 5664 remanentes,
2820 5595 3101 5653 sententiae
3131 5593 3572 5662 Scripturarum,

1987 5714 2108 5769 quae
2151 5697 2380 5752 multum
2425 5711 2523 5766 per
2552 5692 2872 5765 mysterium
2900 5689 3205 5753 occultatae,
3251 5684 3406 5756 quasi
3451 5683 3572 5759 ple-

1987 5795 2170 5850 niores
2208 5798 2492 5848 remanent
2540 5789 2606 5842 ad
2655 5785 2977 5842 exercitium
3027 5780 3364 5838 meditantis.
3419 5781 3578 5837 Plebs

1987 5902 2115 5957 ergo
2142 5885 2363 5957 gentilis
2383 5879 2807 5938 ecclesiasticam
2836 5875 3172 5948 disciplinam
3201 5874 3462 5934 ardenter
3483 5887 3578 5944 ap-

1986 5977 2140 6048 petit,
2165 5985 2224 6029 ut
2250 5975 2317 6029 ad
2347 5973 2751 6028 meditationem
2781 5969 2975 6046 divina:
3003 5967 3138 6040 legis
3171 5975 3226 6020 et
3257 5978 3572 6026 sanctorum

3995 3789 3999 3984 ἰ
