4006 6352
256 509 361 566 537
1087 597 1090 602 Ι

873 610 1098 668 CAPUT
1134 610 1222 666 IV.

330 739 336 748 ‘
374 745 488 786 nas.
522 732 574 784 1.
612 755 684 767 -
715 726 953 782 Declina.
1005 725 1140 793 Quia
1182 723 1429 781 Christus
1466 724 1662 780 Judaeis
1697 722 1832 779 vidit

251 829 430 898 legem
477 822 825 879 constitutam
855 819 1256 891 temporaliter:
1305 829 1360 875 et
1387 820 1454 874 ad
1480 833 1538 874 se
1565 818 1828 874 declinare

246 916 448 987 jussit:
504 913 630 984 quia
661 927 781 968 eam
833 913 901 967 ad
928 911 1342 982 dispensationis
1371 926 1481 967 sua:
1513 911 1830 981 mysterium

250 1006 652 1063 testiﬁcandum
684 1003 978 1059 inclinavit.
1023 1001 1195 1059 Aliter
1228 1020 1242 1057 :
1288 1002 1426 1057 vidit
1469 1003 1828 1073 propinquum

248 1101 532 1174 prmterire
556 1140 571 1166 ,
627 1114 750 1154 cum
794 1097 1144 1167 praecursoris
1196 1095 1279 1152 sui
1327 1096 1614 1150 adventum
1668 1111 1828 1164 quem

249 1208 405 1250 more
432 1193 682 1248 humana:
705 1190 829 1245 vitae
867 1203 1162 1270 properare
1190 1187 1492 1257 conspexit,
1535 1195 1589 1241 ct
1616 1186 1684 1242 ad
1711 1184 1827 1243 ofﬁ-

250 1289 393 1344 cium
419 1284 772 1376 pgecursoris
794 1282 1222 1339 misericorditer
1247 1280 1536 1337 convertit.
1795 1273 1800 1278 ’

320 1399 572 1455 Locutus.
625 1398 1018 1454 Convenienter
1068 1396 1390 1468 legisperitis
1447 1404 1657 1465 partem
1712 1396 1824 1466 agri

248 1492 442 1549 Noemi
470 1493 538 1547 ad
558 1491 842 1547 emendum
875 1489 1089 1555 obtulit,
1120 1505 1244 1545 cum
1271 1499 1479 1571 partem
1507 1489 1679 1558 plebis
1708 1504 1827 1559 quae

245 1593 542 1658 apparente
563 1583 677 1653 jam
721 1584 894 1654 gratia
920 1583 1198 1649 remansit,
1228 1583 1297 1637 ad
1334 1582 1671 1649 salvandum,
1705 1597 1822 1638 ma-

245 1680 434 1751 gistris
487 1677 781 1750 Synagogse
831 1676 1094 1740 ostendit,
1143 1682 1204 1729 ut
1254 1674 1622 1730 inﬁrmitatem
1670 1689 1824 1729 suam

245 1776 625 1842 agnoscerent,
677 1775 731 1824 et
775 1767 917 1837 quod
971 1767 1074 1838 ips:
1102 1767 1410 1838 nequirent,
1459 1782 1588 1821 vero
1615 1767 1822 1823 medico

245 1861 554 1917 faciendum
591 1858 1011 1923 committerent,
1038 1858 1181 1913 unde
1207 1857 1434 1928 leprosis
1453 1858 1686 1914 dicitur:
1721 1855 1820 1926 Ite,

243 1952 497 2007 ostendite
546 1966 634 2005 vos
663 1947 1016 2004 sacerdotibus
1051 1946 1202 2016 (Luc.
1251 1949 1409 2019 xvu),
1435 1956 1490 2006 et
1530 1941 1651 2004 cum
1679 1949 1824 2005 irent

241 2042 490 2101 mundati
513 2051 656 2100 sunt.

312 2156 477 2214 Vens.
505 2157 558 2212 5.
590 2187 659 2196 —
688 2154 754 2210 Ut
775 2157 1011 2211 suscites.
1067 2153 1348 2225 Signiﬁcat
1373 2171 1479 2211 non
1505 2155 1666 2210 aliam
1693 2172 1818 2228 pos-

240 2249 542 2306 sessionem
589 2247 762 2318 plebis
809 2262 972 2318 quam
1019 2246 1416 2316 copulationem
1470 2247 1722 2304 Ecclesia:
1767 2249 1822 2304 in

240 2341 552 2412 conjugium
582 2337 803 2405 Christi,
857 2337 949 2408 qui
995 2338 1274 2393 suscitavit
1303 2339 1584 2409 antiquum
1628 2356 1821 2396 nomen

242 2435 339 2489 ﬁlii
366 2433 462 2488 Dei
486 2433 628 2501 quod
657 2432 713 2486 in
743 2431 896 2486 initio
927 2431 1233 2486 habuerunt
1267 2432 1438 2487 sancti
1466 2449 1480 2499 ;
1512 2433 1652 2488 unde
1678 2452 1691 2488 :
1732 2433 1824 2489 Vi-

241 2527 420 2580 dentes
448 2523 546 2592 ﬁlii
587 2522 706 2588 Dei,
760 2531 890 2586 etc.,
939 2531 994 2576 et
1021 2521 1193 2578 Lucas
1241 2523 1408 2578 dicit:
1454 2524 1627 2579 Adam
1653 2524 1821 2580 ﬁlium

243 2619 359 2682 Dei,
393 2631 550 2686 quem
594 2617 756 2671 etiam
787 2616 841 2670 in
884 2616 1124 2671 Ecclesia
1171 2617 1410 2688 gentium
1465 2633 1560 2687 per
1593 2619 1820 2688 gratiam

242 2711 342 2766 Dei
372 2709 686 2774 suscitavit;
727 2709 869 2764 unde
898 2727 911 2764 :
945 2708 1101 2763 Dedit
1129 2711 1202 2764 eis
1231 2719 1532 2781 potestatem
1559 2711 1696 2780 ﬁlios
1724 2711 1822 2767 Dei

242 2803 380 2871 ﬁeri,
405 2810 508 2857 etc.
551 2800 665 2857 Hoc
703 2817 897 2858 nomen
925 2801 980 2856 in
1018 2802 1348 2869 nationibus,
1381 2803 1512 2874 legis
1534 2803 1820 2876 decalogus

244 2893 510 2949 suscitare
533 2907 640 2947 non
667 2892 861 2964 potuit.
902 2893 961 2947 Si
1001 2901 1182 2948 autem
1207 2895 1310 2948 hoc
1332 2894 1400 2948 ad
1425 2892 1687 2948 Joannem
1719 2893 1821 2948 Ba-

243 2987 464 3058 ptistam
510 2984 778 3051 retuleris,
823 2986 1063 3042 invenies
1089 3001 1214 3041 eum
1252 2987 1529 3042 cedentem
1565 2985 1673 3055 juri
1697 3002 1820 3056 pro-

241 3077 596 3148 pinquitatis,
628 3085 683 3134 et
710 3077 1006 3152 dicentem:
1044 3077 1158 3149 Ego
1188 3079 1392 3150 baptizo
1429 3081 1484 3132 in
1509 3091 1689 3150 aqua:
1714 3096 1822 3134 me-

243 3172 362 3227 dius
412 3181 587 3225 autem
617 3179 841 3225 vestrum
892 3171 1028 3225 stetit
1053 3187 1204 3242 quem
1232 3187 1318 3226 vos
1371 3171 1618 3225 nescitis:
1669 3172 1819 3240 cujus

243 3281 350 3319 non
393 3280 509 3318 sum
549 3263 736 3333 dignus
780 3261 975 3317 solvere
1026 3263 1250 3333 corrigia
1300 3262 1637 3317 calceamenti
1682 3263 1816 3332 ejus.

1291 497 1558 556 CLOSSA
1597 496 1992 556 OﬁDlNARlA.
2033 530 2103 545 -ρ-
2140 499 2268 556 LIB.
2309 499 2518 557 RU'I‘H.

1860 612 2032 676 Asia:
2070 613 2328 683 gentium,
2378 620 2440 668 ut
2501 613 2731 685 gratiam
2784 613 3165 682 fecunditatis,
3213 629 3375 685 quam
3414 617 3509 673 ha-

3407 503 3510 558 558

1931 704 2163 760 buerunt
2191 703 2558 759 Israelitarum
2585 703 2746 774 primi
2768 713 3039 774 parentes,
3069 704 3353 776 percipiat.

2001 795 2212 852 Rachel.
2245 796 2351 867 Spe
2376 797 2600 852 interna:
2624 795 3090 868 contemplationis
3117 797 3324 853 habens
3350 797 3512 855 inter-

1929 906 2056 946 nam
2103 891 2513 962 intelligentiam
2556 891 2820 948 veritatis.
2873 891 3063 959 Unde,
3119 891 3322 948 Rachel
3368 893 3508 951 bona

1929 983 2087 1050 facie,
2125 992 2178 1040 et
2213 983 2437 1056 pulchra
2477 983 2687 1056 specie,
2718 999 2878 1053 quam
2907 991 3057 1038 amat
3081 984 3260 1040 omnis
3287 984 3374 1055 pie
3399 993 3511 1042 stu-

1928 1076 2133 1144 diosus,
2161 1085 2214 1131 et
2241 1084 2462 1148 propter
2503 1077 2644 1132 hanc
2674 1077 2841 1132 servit
2865 1076 3050 1132 Laban
3075 1118 3089 1141 ,
3120 1077 3213 1146 qui
3240 1077 3508 1149 interpre-

1929 1174 2075 1223 tatur
2112 1167 2406 1236 dealbatio,
2454 1183 2617 1238 quam
2640 1175 2923 1238 comparat
2962 1167 3149 1238 gratia:
3177 1167 3273 1223 Dei
3297 1169 3389 1239 qui
3422 1168 3506 1223 di-

1927 1259 2037 1314 cit:
2077 1257 2230 1325 Quod
2251 1259 2297 1313 si
2323 1258 2533 1328 fuerunt
2557 1267 2773 1328 peccata
2794 1268 2963 1312 vestra
2993 1257 3129 1312 sicut
3157 1254 3504 1326 Phoenicium,

1927 1359 2174 1422 tanquam
2204 1351 2296 1404 nix
2323 1349 2705 1404 dealbabuntur
2743 1349 2878 1422 (Isa.
2914 1348 2979 1422 ι).

1996 1441 2166 1496 Liam.
2210 1441 2366 1497 Aetio
2407 1440 2565 1511 hujus
2593 1442 2720 1497 vitae
2751 1441 2807 1496 in
2843 1457 2948 1512 qua
2975 1441 3210 1498 vivimus
3237 1441 3508 1499 laboriosa

1924 1541 2096 1589 estex
2124 1533 2251 1602 ﬁde,
2302 1543 2356 1590 et
2388 1535 2618 1600 incerta,
2648 1548 2755 1604 quo
2793 1533 2940 1588 exitu
2961 1535 3242 1603 perveniat
3269 1536 3336 1590 ad
3359 1535 3510 1590 utili-

1925 1633 2093 1681 tatem
2114 1641 2303 1681 eorum
2338 1625 2534 1694 quibus
2562 1625 2842 1680 consulere
2863 1625 3128 1680 volumus.
3154 1625 3272 1696 Ipsa
3300 1635 3383 1681 est
3408 1626 3504 1681 Lia

1922 1717 2072 1787 prior
2110 1731 2250 1772 uxor
2286 1715 2476 1784 Iacob,
2527 1731 2647 1787 qua:
2693 1717 2925 1772 inﬁrmis
2958 1716 3130 1772 oculis
3179 1716 3347 1773 fuisse
3391 1732 3505 1773 me-

1921 1816 2185 1864 moratur.

1993 1900 2156 1956 Vsns.
2188 1901 2276 1956 12.
2301 1931 2372 1942 -
2396 1899 2620 1967 Phares,
2651 1908 2758 1956 etc.
2787 1897 2888 1966 Qui
2910 1899 3128 1971 gentilis
3164 1899 3346 1970 populi
3382 1914 3507 1970 gra-

1847 1983 1896 2044 B
1925 1993 2055 2048 tiam
2086 1991 2277 2055 tenuit,
2323 1998 2376 2046 et
2425 1991 2477 2044 in
2507 1998 2664 2061 partu
2712 1989 2939 2044 fratrem
2979 1991 3070 2060 qui
3111 1990 3262 2060 prior
3289 2005 3507 2046 manum

1925 2083 2178 2138 emiserat
2201 2081 2499 2153 praecessit,
2528 2080 2693 2136 Israel
2735 2082 2880 2136 enim
2907 2081 2961 2135 in
2989 2096 3152 2152 opere
3181 2081 3315 2150 legis
3355 2083 3508 2152 prius

1924 2192 2141 2231 manum
2171 2174 2374 2238 emisit,
2396 2183 2452 2228 et
2472 2189 2590 2229 eam
2615 2162 2998 2243 prophetarum
3031 2181 3086 2228 et
3113 2173 3279 2243 ipsius
3305 2172 3507 2229 Christi

1923 2281 2116 2322 cruore
2144 2265 2404 2336 pollutam
2435 2264 2683 2320 retraxit.
2728 2263 2921 2319 Postea
2965 2279 3094 2319 vero
3117 2263 3346 2334 populus
3375 2280 3507 2335 gen-

1923 2356 2059 2412 tium
2100 2355 2363 2426 prorupit,
2417 2365 2477 2408 ut
2503 2361 2686 2410 essent
2733 2355 2888 2424 primi
2920 2354 3205 2420 novissimi,
3261 2363 3309 2408 et
3337 2356 3508 2410 novis-

1921 2447 2042 2500 simi
2069 2446 2227 2516 primi
2260 2443 2476 2517 (Matth.
2503 2445 2623 2516 xx).
2667 2444 2904 2499 Thamar
2930 2461 3145 2516 quoque
3169 2454 3507 2502 commutans

1922 2537 2008 2593 vel
2031 2537 2332 2593 amaritudo
2363 2537 2775 2609 interpretatur.
2825 2537 3068 2594 Ecclesia
3092 2540 3238 2594 enim
3263 2540 3502 2610 gentium

1921 2637 1977 2687 et
2004 2631 2218 2686 nomine
2255 2639 2311 2686 et
2337 2631 2546 2696 habitu,
2576 2646 2695 2702 qua:
2717 2629 2821 2686 fuit
2860 2631 2917 2686 in
2943 2632 3252 2689 idololatria
3272 2634 3420 2690 foeda
3447 2643 3503 2691 et

1923 2737 2130 2791 amara,
2156 2723 2211 2778 in
2240 2723 2560 2793 paenitentia
2587 2723 2648 2778 ﬁt
2668 2724 2839 2780 dulcis
2867 2733 2921 2780 et
2948 2724 3177 2796 pulchra

1991 2816 2155 2871 Vsus.
2186 2815 2271 2870 15.
2300 2846 2369 2857 -
2400 2813 2469 2869 Ut
2499 2818 2786 2888 conciperet
2811 2827 2859 2872 et
2884 2827 3111 2888 pareret.
3145 2817 3372 2891 Semper
3397 2819 3503 2877 Ec-

1921 2909 2086 2968 clesia
2113 2908 2345 2980 Spiritus
2370 2910 2543 2965 sancti
2568 2925 2792 2965 munere
2825 2908 3166 2976 fecundatur,
3198 2919 3253 2966 et
3277 2911 3394 2968 aliis
3437 2913 3506 2969 ad

1920 3006 2095 3062 lucem
2153 3013 2464 3076 perpetuam
2515 3005 2895 3060 decedentibus
2926 3005 3018 3059 alii
3065 3007 3400 3072 succedent,
3447 3015 3506 3062 ut

1919 3097 2285 3154 Christianum
2322 3111 2520 3152 nomen
2565 3095 2622 3151 in
2668 3105 2929 3152 aeternum
2971 3105 3189 3152 maneat
3226 3105 3283 3152 et
3333 3105 3505 3152 mater

1919 3187 2261 3245 sanctissima
2285 3189 2351 3243 de
2377 3202 2517 3242 nova
2544 3187 2802 3258 progenie
2842 3187 2898 3241 in
2955 3196 3232 3243 senectute
3261 3204 3360 3244 sua
3384 3203 3508 3244 con-

1921 3281 2243 3338 solationem
2273 3281 2488 3336 habeat.
2520 3279 2912 3335 Decedentibus
2940 3295 3156 3351 quoque
3179 3280 3506 3350 patriarchis

241 3355 308 3410 Et
331 3354 460 3410 alibi
484 3371 496 3408 :
529 3353 643 3424 Ego
671 3370 774 3408 non
795 3369 910 3407 sum
935 3351 1170 3407 Christus
1197 3369 1215 3407 :
1241 3353 1332 3407 sed
1352 3353 1540 3407 missus
1563 3369 1677 3406 sum
1701 3362 1821 3408 ante
1848 3357 1892 3422 C
1924 3379 1979 3426 ει
2021 3370 2297 3441 prophetis
2347 3378 2724 3426 successerunt
2769 3369 3110 3439 evangelista,
3153 3379 3208 3425 ει
3251 3369 3501 3441 apostoli,

238 3462 380 3501 eum.
409 3443 513 3511 Qui
553 3445 703 3500 habet
745 3459 1008 3516 sponsam,
1039 3461 1260 3515 sponsus
1305 3453 1400 3500 est.
1433 3444 1586 3500 Cedit
1609 3460 1820 3514 quoque

1930 3462 2105 3518 unde:
2131 3461 2239 3516 Pro
2269 3463 2505 3532 patribus
2534 3463 2637 3515 tuis
2669 3461 2781 3516 nati
2811 3470 2933 3516 sunt
2955 3462 3047 3516 tibi
3077 3461 3197 3531 lilii.

239 3537 327 3592 lex
375 3537 700 3608 Evangelio:
752 3533 861 3590 Lex
900 3535 1037 3590 enim
1073 3536 1382 3627 subintravit
1426 3543 1481 3588 ut
1532 3535 1820 3627 abundaret
1994 3554 2435 3611 vEnng._De
2461 3553 2960 3611 numam-mlum“
2982 3569 3268 3626 synagoga,
3288 3557 3507 3627 gentilis

237 3628 507 3683 delictum.
543 3627 640 3682 Ubi
669 3637 842 3682 autem
871 3627 1152 3681 abundavit
1192 3626 1462 3692 delictum,
1490 3626 1818 3696 superabun-
1921 3646 2163 3703 Ecclesia
2188 3655 2272 3702 est
2298 3662 2417 3717 quae
2467 3647 2651 3718 nupsit
2686 3645 2900 3702 Christo
2928 3647 2994 3702 de
3035 3626 3307 3718 synagoga
3354 3655 3503 3703 nam.

238 3724 384 3779 davit
421 3732 471 3777 et
514 3723 704 3794 gratia.
749 3721 1075 3792 Reprobatio
1115 3721 1331 3791 quidem
1375 3718 1434 3775 ﬁt
1466 3719 1822 3790 praecedentis
1923 3737 2091 3806 Quem
2119 3737 2323 3793 scilicet
2351 3754 2448 3808 per
2487 3738 2659 3810 legem
2684 3739 2903 3811 gignere
2928 3754 3036 3795 non
3056 3740 3232 3810 ροωίι
3260 3755 3358 3811 per
3380 3756 3499 3812 pro.

237 3815 480 3870 mandati
544 3823 764 3886 propter
829 3813 1199 3869 inﬁrmitatem
1259 3812 1426 3882 ejus:
1491 3814 1818 3870 introductio

1930 3830 2116 3902 phetize
2158 3830 2473 3902 mysterium
2498 3841 2827 3903 susceptum,
2878 3831 2978 3888 sub
3016 3832 3283 3888 velamine
3313 3832 3508 3905 ﬁgura-

236 3924 371 3966 νετο
396 3908 635 3964 melioris
663 3908 776 3978 Spei
815 3923 912 3977 Per
941 3923 1103 3978 quam
1145 3905 1514 3977 Ρΐοιίωθωυε
1553 3906 1619 3961 ad
1648 3905 1817 3963 Deum
1919 3930 2035 3978 tum
2073 3924 2324 3994 portabat
2350 3923 2652 3990 occultum,
2699 3931 2754 3979 et
2779 3905 3009 3980 nutricis
3035 3922 3363 3995 fungebatur
3391 3923 3505 3980 ofIi-

239 4001 302 4056 ﬁt
327 4015 425 4072 per
453 3996 639 4055 Iesum
667 3997 963 4054 Christum.

312 4122 473 4179 Vsus.
525 4122 577 4176 8.
606 4152 676 4164 —
703 4120 932 4177 Solvere.
977 4120 1411 4177 Calceamentum
1456 4119 1699 4174 velamen
1735 4125 1818 4174 est

235 4216 642 4287 mysteriorum.
686 4213 798 4269 Lex
829 4228 960 4268 vero
990 4214 1055 4269 de
1098 4213 1232 4284 pede
1271 4228 1369 4268 suo
1393 4212 1815 4268 calceamentum

235 4307 418 4374 solvit,
447 4315 503 4362 et
530 4304 749 4361 Christo
774 4306 954 4372 dedit,
991 4305 1115 4374 quia
1162 4314 1499 4361 sacramenta
1529 4319 1627 4374 per
1649 4303 1816 4374 magi-

193 4405 205 4414 '
235 4407 382 4454 stros
401 4397 583 4468 populi
624 4396 969 4452 manifestare
993 4412 1100 4452 non
1125 4397 1320 4468 potuit,
1346 4398 1442 4453 sed
1471 4396 1688 4452 Christo
1712 4397 1815 4453 hoc

235 4490 542 4546 faciendum
592 4492 906 4546 reservavit.
955 4490 1190 4546 Joannes
1232 4507 1362 4563 ergo
1402 4507 1510 4547 non
1550 4491 1672 4558 sibi,
1721 4491 1815 4546 sed

236 4584 456 4640 Christo
479 4581 901 4642 calceamentum
932 4584 1243 4651 vindicavit,
1283 4583 1408 4654 quia
1457 4583 1556 4640 soli
1597 4583 1815 4640 Christo

237 4689 491 4745 sponsam
523 4684 830 4745 competere
876 4674 1177 4740 intellexit;
1207 4676 1348 4730 unde
1397 4675 1510 4729 ait:
1545 4674 1669 4730 Non
1697 4692 1814 4730 sum

235 4768 428 4838 dignus
457 4765 651 4822 solvere
679 4767 956 4838 corrigiam
982 4767 1318 4823 calceamenli
1342 4768 1457 4838 ejus

311 4883 476 4939 Vsus.
502 4883 551 4938 9.
581 4914 655 4924 —
678 4882 872 4937 Testes.
899 4882 989 4938 Sic
1011 4882 1256 4938 Christus
1285 4899 1352 4939 ex
1372 4892 1601 4954 utroque
1625 4883 1814 4940 Testa-

237 4982 422 5029 mento
455 4983 618 5030 testes
651 4974 815 5030 habet
841 4975 1188 5042 sullicientes,
1217 4976 1360 5046 quod
1405 4976 1656 5046 populum
1687 4993 1817 5047 gen-

238 5067 375 5120 tium
403 5081 562 5136 quem
589 5067 873 5139 decalogus
893 5065 1005 5136 jam
1034 5066 1217 5123 ﬁnitus
1248 5068 1600 5138 spiritualiter
1631 5069 1818 5126 fecun-

236 5159 368 5214 dare
392 5173 499 5214 non
533 5160 727 5230 potuit,
784 5160 899 5231 ipse
927 5161 1132 5215 semine
1172 5162 1321 5216 verbi
1371 5161 1464 5217 Dei
1513 5161 1818 5219 fecundavit

237 5251 422 5305 omnia
461 5251 782 5320 possidens,
840 5267 959 5322 quae
1007 5251 1217 5324 priores
1261 5261 1316 5308 et
1351 5255 1684 5325 posteriores
1717 5255 1816 5311 ha-

237 5342 475 5397 buerunt
502 5341 696 5398 sancti.

311 5450 478 5508 Vens.
509 5453 593 5507 11.
624 5484 693 5494 -
717 5450 789 5507 Et
816 5455 1062 5526 majores.
1091 5456 1264 5529 (1510.)
1311 5457 1507 5516 Decem
1554 5459 1818 5531 majorum

237 5552 373 5600 natu
421 5543 725 5600 benedictio
779 5545 1012 5602 ostendit
1074 5547 1130 5603 in
1197 5541 1422 5604 nomine
1456 5547 1583 5606 Jesu
1630 5565 1820 5607 omnes

236 5645 432 5712 gentes
470 5651 591 5692 esse
621 5638 1038 5696 benedicendas.
1081 5641 1196 5697 lota
1235 5643 1378 5698 etaim
1426 5645 1566 5712 apud
1603 5643 1820 5701 Grazcos

239 5731 433 5784 decem
480 5729 787 5802 signiﬁcat,
834 5748 956 5804 quae
1002 5734 1058 5790 in
1093 5734 1310 5791 nomine
1365 5734 1491 5792 Jesu
1522 5739 1695 5809 prima
1733 5737 1821 5793 lit-

240 5829 364 5877 tera
391 5827 496 5876 est.

317 5933 510 5998 Faciat
529 5938 785 5997 Dominus
811 5942 964 6002 hanc.
995 5940 1329 6017 lmprecalur
1357 5957 1614 6026 prospera
1637 5942 1821 6002 Eccle-

1918 4017 2025 4084 cio,
2055 4016 2182 4087 quia
2210 4016 2401 4072 matris
2428 4018 2648 4074 carebat
2673 4015 2973 4088 privilegio.

1988 4111 2156 4165 Multo
2186 4110 2279 4164 tibi
2301 4109 2501 4174 melior,
2532 4118 2636 4166 etc.
2667 4109 3064 4166 Multitudinem
3088 4109 3296 4167 scilicet
3313 4125 3503 4167 eorum

1915 4203 2009 4274 qui
2035 4203 2089 4258 in
2125 4203 2294 4258 veteri
2325 4211 2645 4258 testamento
2675 4201 2808 4273 legis
2837 4202 3136 4258 doctrinam
3164 4202 3498 4269 nutriebant,

1914 4293 2006 4363 qui
2031 4292 2236 4348 scilicet
2269 4307 2378 4347 non
2423 4291 2771 4348 crediderunt
2796 4292 2964 4348 verbo
2987 4292 3200 4348 Domini
3228 4301 3283 4347 et
3303 4292 3499 4348 immo-

1915 4383 2162 4437 laverunt
2186 4381 2326 4436 ﬁlios
2343 4397 2470 4436 suos
2498 4389 2554 4436 et
2576 4381 2714 4436 ﬁlias
2736 4396 2862 4436 suas
2888 4381 3186 4446 daemoniis,
3203 4389 3258 4436 et
3282 4382 3499 4438 tandem

1914 4471 2189 4528 Christum
2212 4472 2528 4528 occiderunt
2547 4480 2603 4526 et
2632 4470 2900 4541 apostolos
2924 4472 3195 4542 persecuti
3240 4482 3384 4528 sunt.

1984 4565 2148 4620 Vens.
2175 4564 2261 4618 16.
2285 4594 2356 4604 --
2381 4563 2450 4616 Et
2500 4563 2742 4617 nutricis.
2800 4561 3108 4632 Spiritualis
3133 4565 3385 4635 prosapia
3414 4581 3502 4638 ge-

1915 4656 2212 4712 nerationis
2234 4657 2652 4712 demonstratur.
2698 4653 2848 4711 Obed
2887 4655 3033 4711 enim
3062 4655 3285 4714 Servilis
3331 4658 3501 4714 inter-

1840 4733 1894 4793 D
1917 4757 2185 4821 pretatur.
2223 4748 2347 4814 Isai,
2379 4748 2432 4803 in
2459 4747 2572 4804 sole
2599 4746 2923 4802 sacriﬁcium
2957 4746 3042 4802 vel
3065 4747 3371 4816 incensum;
3403 4749 3504 4804 Da-

1922 4841 2032 4906 vid,
2073 4856 2234 4896 manu
2258 4839 2413 4896 fortis
2436 4838 2522 4895 vel
2550 4837 2941 4894 desiderabilis.
2973 4837 3078 4904 Qui
3108 4840 3252 4894 enim
3284 4849 3501 4896 strenue

1923 4931 2034 4988 Deo
2076 4931 2265 4997 servit,
2316 4930 2641 4986 sacriﬁcium
2670 4929 2742 4984 illi
2781 4937 2995 5000 gratum
3038 4938 3094 4984 et
3121 4931 3498 4987 suavissimum

1922 5024 2104 5082 odoris
2141 5025 2419 5079 incensum
2441 5039 2539 5094 per
2561 5037 2726 5094 opera
2751 5022 3011 5078 virtutum
3034 5029 3091 5078 et
3107 5023 3368 5078 orationis
3394 5032 3502 5078 stu-

1923 5115 2069 5171 dium
2105 5113 2382 5184 impendit.
2427 5112 2626 5184 Sicque
2652 5113 2936 5168 roboratus
2978 5110 3084 5168 ﬁde
3133 5120 3190 5166 et
3217 5111 3501 5170 devotione

1921 5204 2292 5263 desiderabilis
2319 5212 2422 5271 est,
2452 5214 2506 5259 et
2526 5203 2635 5259 Deo
2659 5203 2852 5274 placet.

1991 5297 2154 5352 Vens.
2205 5298 2289 5350 17.
2319 5327 2388 5336 -
2424 5295 2639 5351 Vicime.
2669 5295 2939 5350 Cazlorum
2971 5291 3219 5359 virtutes,
3252 5294 3346 5364 qui
3375 5309 3503 5364 gau-

1921 5388 2048 5444 dent
2075 5388 2130 5444 in
2155 5387 2484 5444 fecunditate
2509 5387 2784 5453 Ecclesiae,
2829 5395 2884 5442 et
2916 5392 3114 5440 vocant
3157 5400 3354 5441 nomen
3381 5386 3498 5456 ejus

1921 5477 2091 5545 Obed,
2135 5478 2190 5533 id
2239 5487 2343 5543 est,
2390 5478 2652 5544 serviens,
2703 5490 2863 5548 quem
2900 5489 3133 5546 superno
3174 5474 3288 5549 regi
3315 5489 3500 5531 secum

1923 5574 2127 5630 servire
2149 5574 2478 5630 desiderant.

1995 5666 2155 5724 Vens.
2192 5667 2371 5723 18.-
2405 5665 2507 5723 Ha:
2552 5675 2694 5722 sunt.
2739 5666 2936 5721 Decem
2980 5671 3106 5720 sunt
3127 5662 3504 5734 generationes
3599 5685 3611 5697 -
3680 5636 3694 5650 ’

1922 5759 2018 5816 ﬁlii
2047 5758 2198 5815 Judze
2223 5774 2392 5828 usque
2427 5757 2494 5813 ad
2524 5757 2711 5812 David.
2768 5754 2917 5811 Unde
2954 5755 3236 5824 cognoscis
3263 5754 3391 5825 quia
3419 5763 3499 5810 to-

1925 5853 2031 5908 tius
2055 5851 2248 5909 divinae
2280 5850 2414 5922 legis
2461 5848 2690 5905 intentio
2732 5848 2800 5902 ad
2827 5846 3101 5903 Christum
3153 5847 3360 5913 tendit,
3407 5846 3501 5916 qui

1922 5952 2078 6016 natus
2105 5952 2190 6003 est
2213 5944 2280 6001 de
2310 5942 2515 6010 semine
2552 5942 2739 6016 David,
2782 5948 2842 6007 ut
2871 5940 3012 5998 illius
3039 5941 3326 6016 adventum
3355 5953 3499 6014 prter
