4006 6352
126 529 347 586 “SM

244 733 374 806 quia
401 714 723 800 sacriﬁcium
748 718 854 785 Deo
886 728 1099 802 spiritus
1141 730 1541 801 contribulalus,
1565 749 1656 787 cor
1691 749 1811 788 con-

246 827 453 890 tritam,
486 830 592 880 etc.

314 915 484 973 Vens.
516 906 604 971 i7.
627 946 699 957 —-
722 904 845 970 Heli
872 908 967 984 ait,
1009 910 1156 972 Vade
1197 912 1252 972 in
1290 935 1435 989 pace,
1462 910 1567 973 etc.
1593 912 1661 973 Et
1692 918 1821 973 abiit

242 1008 456 1076 mulier,
479 1016 584 1065 etc.
613 1002 778 1065 Vides
802 994 1046 1064 mulieris
1073 1008 1232 1065 ﬁdem
1255 1009 1278 1064 ?
1305 1006 1628 1081 Priusquam
1674 1000 1819 1065 acci-

242 1110 401 1173 peret
431 1098 573 1172 quod
610 1094 998 1173 postulaverat,
1031 1098 1254 1172 perinde
1299 1100 1500 1156 conﬁsa
1529 1110 1633 1167 est,
1664 1101 1819 1173 quasi

235 1194 355 1267 jam
403 1190 725 1265 accepisset.
752 1180 812 1249 in
860 1208 1024 1248 causa
1051 1198 1189 1258 erat,
1217 1184 1365 1264 quod
1398 1200 1608 1248 orasset
1650 1191 1818 1248 multo

241 1301 369 1342 cum
396 1282 630 1352 fervore,
661 1280 797 1340 citra
814 1280 979 1340 ullam
999 1284 1406 1339 haesitationem.
1438 1283 1586 1339 Abiit
1625 1288 1819 1356 pacato

240 1376 448 1443 animo,
472 1375 627 1446 quasi
647 1382 818 1431 totum
841 1375 1199 1446 impetrasset.
1240 1370 1464 1446 insupei'
1482 1374 1624 1431 Deus
1647 1380 1817 1431 totam

242 1464 581 1524 anxietatem
603 1456 717 1538 jam
766 1464 844 1521 illi
899 1466 1137 1523 excussit
1180 1482 1246 1523 ex
1292 1466 1494 1533 animo,
1523 1465 1817 1538 largiturus

241 1561 391 1632 quod
424 1550 662 1630 petebat.
696 1550 846 1613 Hauc
885 1556 1137 1612 feminam
1161 1556 1454 1625 imitemur,
1482 1565 1536 1611 et
1561 1557 1615 1612 in
1640 1556 1815 1612 omni-

240 1653 346 1709 bus
371 1648 751 1708 aillictionibus'
799 1646 867 1706 ad
904 1644 1072 1706 Deum
1128 1649 1520 1722 confugiamus.
1557 1650 1615 1706 Si
1664 1651 1817 1707 nobis

240 1760 351 1800 non
378 1742 583 1800 fuerint
620 1742 797 1811 liberi,
821 1744 889 1801 ab
919 1740 1011 1799 illo
1047 1742 1398 1815 postulenius,
1423 1758 1557 1814 quos
1586 1742 1630 1799 si
1659 1757 1815 1799 acce-

239 1835 506 1907 perimus,
538 1830 706 1890 muita
736 1850 867 1891 cura
898 1830 1211 1899 educamus,
1240 1841 1345 1889 etc.

310 1925 477 1982 Vsus.
512 1926 597 1981 i8.
620 1956 688 1966 —
724 1918 1008 1996 Vultusque
1052 1920 1193 1979 illius
1228 1941 1332 1978 non
1365 1931 1485 1978 sunt
1512 1921 1733 1994 amplius
1760 1922 1813 1976 in

1306 526 1571 586 GLOSSA
1612 528 1817 587 ORDIN

1928 526 2004 590 [Α.
2043 566 2113 577 —
2154 534 2277 593 LIB.
2318 538 2339 595 Ι
2375 528 2535 594 REG.
3385 552 3488 609 542

245 642 431 701 ctione
489 639 671 698 cordis
724 648 781 695 et
834 632 1093 697 effusione
1140 636 1501 712 lacrymarum
1551 657 1809 698 oremus:
1840 640 1897 707 Α

2544 644 2773 707 CAPUT
2806 646 2868 708 ll.

2000 736 2154 796 Vsus.
2188 736 2238 795 Ι.
2264 771 2333 781 --
2358 740 2651 798 Dilatalum
2676 752 2769 799 est.
2813 744 2995 820 (ΒΑΕ.)
3037 744 3175 817 Quia
3196 764 3375 809 sermo
3396 752 3489 809 Dei

1920 824 2029 883 Iio'n
2053 834 2136 884 est
2156 828 2401 903 alligatus
2440 832 2493 888 in
2522 836 2809 905 pressuris,
2834 852 2939 893 non
2966 838 3022 892 in
3056 838 3393 911 praeconibus
3415 845 3492 900 ai-

1919 918 2136 993 ligatus.

1990 1008 2113 1086 (ῐὺ.)
2135 1010 2368 1081 Christo,
2395 1030 2553 1086 quem
2584 1018 2811 1088 puerum
2842 1012 3183 1091 amplectitur
3211 1040 3377 1082 senex
3407 1016 3495 1082 Si-

1919 1102 2075 1161 nieo'ii
2108 1115 2162 1162 et
2201 1108 2473 1179 cognoscit
2514 1125 2766 1181 magnum
2802 1110 3033 1169 dicensf
3061 1110 3218 1171 Nunc
3268 1118 3492 1176 dimittis

1917 1214 2118 1254 servum
2150 1210 2317 1266 tuum,
2362 1201 2600 1268 Domine,
2650 1196 2931 1258 secundum
2982 1206 3187 1262 verbum
3232 1216 3404 1277 tuum,
3435 1210 3499 1269 iu’

1916 1302 2061 1361 pace.
2098 1289 2234 1356 Quia
2284 1292 2520 1347 uiderunt
2561 1292 2697 1347 oculi
2739 1292 2837 1349 iiiei
2873 1290 3103 1352 salutare
3143 1304 3289 1354 tuum
3330 1298 3487 1373 (Luc.

1920 1378 2001 1452 tl).
2026 1374 2082 1437 Si
2110 1382 2321 1438 laetatus
2345 1382 2498 1439 fuero
2520 1384 2574 1438 iu
2615 1382 2835 1441 salutari
2868 1384 2993 1454 Dei,
3028 1396 3153 1444 tunc
3180 1390 3496 1449 dilatabitut‘

1917 1488 1979 1529 os
2008 1486 2206 1528 meum.
2241 1474 2346 1529 Per
2388 1472 2790 1531 meditationem
2827 1476 3033 1534 scilicet
3062 1478 3212 1535 verbi
3248 1476 3367 1549 Dei,
3397 1498 3495 1537 ve-

1918 1564 2063 1623 n'iiur
2090 1568 2157 1624 ad
2186 1568 2539 1624 elevationem
2566 1568 2769 1639 cordis,
2793 1568 2933 1627 unde
2957 1590 2969 1626 :
2996 1568 3069 1628 Os
3100 1582 3333 1631 nostrum
3352 1580 3494 1644 patet

1919 1656 1988 1714 (id
2010 1676 2162 1726 t'os,o
2181 1658 2459 1727 Corinthii,
2485 1678 2575 1715 cor
2603 1660 2835 1715 nostrum
2859 1658 3135 1718 dilataitim
3155 1670 3230 1719 est
3257 1660 3345 1736 (ΙΙ
3364 1665 3486 1721 Cor.

1917 1746 1992 1822 v).
2023 1746 2101 1805 Ex
2134 1749 2414 1805 latitudine
2449 1750 2628 1806 cordis
2652 1751 2998 1807 ministratur
3021 1750 3286 1825 sapientia
3307 1757 3409 1812 ori.

1987 1834 2151 1895 Vens.
2192 1838 2247 1893 2.
2277 1870 2348 1880 -
2372 1836 2509 1907 Non,
2540 1848 2617 1895 est
2657 1849 2895 1895 sanctus.
2935 1836 3143 1914 (Rem).
3179 1840 3385 1901 Praeter
3414 1852 3486 1912 te,

1919 1930 2166 2000 Domine,
2190 1933 2316 2003 quia
2346 1946 2506 1988 nemo
2544 1932 2604 1989 ﬁt
2629 1932 2733 1989 nisi
2776 1949 2806 1988 a
2845 1940 2916 2001 te,
2947 1938 2999 1990 et
3037 1930 3082 1991 si
3112 1936 3241 2002 Sint,
3267 1938 3359 2011 qui
3404 1938 3489 1995 di-

238 2018 446 2073 diversa
492 2014 699 2072 mutati.
744 2014 901 2090 (Ras.
930 2018 985 2070 in
1032 2015 1121 2071 lib.
1157 2014 1310 2090 Reg.)
1344 2014 1463 2071 Alia
1494 2016 1810 2072 translatio:
1841 2000 1893 2079 ι
1919 2028 2112 2077 cuntur
2164 2000 2236 2079 dii
2288 2022 2463 2090 multi,
2506 2033 2560 2079 et
2608 2020 2819 2080 Domini
2865 2000 3041 2092 multi,
3079 2000 3257 2083 nullus
3287 2000 3489 2083 ‘tam’en

243 2105 435 2162 Facies
457 2125 563 2162 non
588 2106 813 2162 concidit
838 2104 1082 2179 amplius,
1115 2106 1240 2177 quia
1263 2104 1562 2162 certissime
1605 2121 1662 2161 se
1703 2120 1817 2161 cre-

239 2197 379 2254 didit
400 2190 733 2254 exauditam.

310 2291 438 2366 (ln.)
485 2282 834 2363 Nequaquam
872 2284 1018 2348 enim
1065 2280 1304 2348 Ecclesia
1353 2298 1384 2347 a
1430 2286 1534 2346 lide
1582 2299 1639 2347 et
1683 2290 1813 2346 dile-

237 2385 425 2441 ctione
468 2372 851 2457 Redemptoris
890 2385 947 2441 in
992 2379 1208 2440 diversa
1250 2378 1568 2441 declinando
1608 2388 1812 2438 mutata

236 2483 343 2531 est.

308 2565 475 2625 Vna.
500 2566 588 2623 i9.
612 2596 687 2609 —
712 2566 782 2623 Et
810 2568 1111 2623 recordatus
1140 2576 1215 2623 est
1241 2567 1354 2638 ejus
1384 2566 1661 2621 Dominus.
1687 2562 1811 2638 (ln.)

1914 2128 2100 2170 eorum
2148 2108 2470 2169 naturaliter
2494 2113 2659 2170 estid
2684 2115 2826 2184 quod
2868 2114 3009 2170 Deus
3052 2108 3167 2183 esi;
3198 2118 3323 2189 quia
3376 2118 3489 2190 ipse

1913 2208 1998 2259 εει
2045 2196 2211 2269 scius,
2263 2203 2354 2273 qui
2407 2203 2524 2257 ait:
2558 2201 2672 2273 Ego
2714 2216 2830 2257 sum
2859 2202 2953 2273 qui
2992 2212 3107 2260 sum
3156 2202 3351 2278 (Exod.
3380 2208 3484 2279 ιιι).

1915 2294 2117 2352 Umbra
2139 2297 2284 2351 enim
2314 2295 2383 2350 ad
2403 2294 2863 2366 comparationem
2880 2296 3123 2367 corporis
3142 2300 3251 2355 non
3274 2302 3379 2367 est,
3402 2298 3486 2356 vel

1914 2386 2092 2442 fumus
2114 2386 2183 2443 ad
2208 2391 2669 2458 comparationem
2704 2390 2865 2461 ignis.

1985 2466 2057 2530 Ut
2080 2486 2155 2534 est
2177 2472 2455 2538 Daminus.
2485 2480 2610 2554 (ln.)
2646 2476 2762 2539 Non
2790 2480 2921 2539 dicit
2946 2481 3049 2538 nisi
3071 2476 3358 2538 D'oriiinits:
3385 2478 3489 2538 Sed

1915 2556 2093 2621 nullus
2131 2574 2209 2621 est
2249 2569 2385 2624 sicut
2430 2564 2710 2641 Dominus,
2754 2574 2974 2629 Sanctus
3020 2558 3076 2628 ei
3122 2570 3484 2639 sanetiﬁcaus,

237 2654 377 2725 Quia
419 2654 575 2713 Anna
606 2652 890 2714 Dominum
918 2648 1108 2715 (levate
1152 2650 1460 2730 postulavit,
1484 2652 1730 2728 concepit
1756 2665 1811 2712 et
1907 2654 2085 2725 justus
2107 2666 2163 2713 et
2181 2658 2508 2729 justlﬁcans.

236 2746 470 2818 peperit.
516 2740 607 2803 Sic
665 2744 909 2804 Ecclesia
974 2762 1071 2820 per
1130 2747 1429 2803 naturalem
1479 2747 1811 2804 intellectum

234 2854 424 2905 orans,
450 2834 769 2911 mysterium
802 2832 1191 2896 incarnationis
1237 2828 1398 2894 corde
1427 2839 1690 2910 concepit,
1716 2852 1811 2894 ore

237 2930 598 2988 confessionis
622 2926 824 3005 genuit.

309 3018 473 3080 Vens.
499 3020 589 3079 20.
615 3054 687 3065 —-
738 3016 1050 3096 Vocabitque
1093 3036 1281 3078 nomen
1329 3020 1441 3093 ejus
1491 3008 1727 3088 Satnuél,
1752 3018 1813 3076 id

234 3126 321 3172 est
345 3106 511 3172 Deus.
540 3108 709 3172 Annae
734 3108 1126 3188 primogenitus
1160 3112 1442 3189 propheta.
1460 3102 1589 3182 Quis
1618 3112 1701 3170 e'st
1723 3112 1810 3169 hic

236 3202 341 3263 nisi
373 3196 684 3265 Dominicus
707 3194 910 3264 homo?

310 3286 494 3373 titan.)
544 3298 759 3356 Samuel
809 3298 1096 3371 postulatio
1143 3294 1239 3354 Dei
1284 3292 1370 3353 vel
1413 3294 1608 3352 nomen
1642 3292 1806 3367 ‘ejus:

1984 2742 2149 2805 Vens.
2172 2748 2226 2806 3.
2256 2782 2323 2790 —
2352 2748 2550 2809 Nolite.
2576 2746 2874 2824 Redarguit
2909 2746 3125 2809 Iudaeos
3142 2748 3197 2809 et
3219 2754 3489 2825 sapientes

1913 2841 2119 2909 saeculi,
2146 2843 2468 2901 extollentes
2514 2859 2574 2902 se
2621 2854 2810 2902 contra
2855 2845 3136 2901 scientiam
3172 2838 3288 2901 Dei.
3327 2844 3488 2901 Salo-

1913 2936 2041 2991 iuoit
2072 2952 2085 2989 :
2114 2924 2317 2991 Altiora
2338 2940 2387 2992 te
2416 2950 2478 2992 ne
2503 2939 2792 3009 quaesieris,
2815 2940 2870 2992 et
2898 2928 3069 2992 alibi:
3098 2920 3240 2991 Deus
3262 2938 3321 2991 iit
3339 2935 3483 3001 ccelo,

1913 3022 1967 3082 el
1993 3028 2051 3081 tu
2077 3040 2234 3098 super
2262 3032 2453 3081 terram
2480 3042 2500 3083 :
2539 3028 2641 3083 sint
2672 3024 2829 3099 pauci
2854 3014 3115 3082 semiuiros
3139 3024 3238 3082 liti.

1993 3110 2203 3181 Vetera,
2235 3122 2340 3171 etc.
2373 3112 2502 3183 Qum
2546 3117 2615 3172 ad
2664 3120 2905 3173 veterem
2949 3116 3244 3183 hominem,
3280 3112 3341 3172 id
3380 3125 3486 3184 est,

1916 3206 2190 3262 carnalem
2238 3209 2701 3263 conversationem
2746 3206 3043 3280 pertinent,
3082 3200 3360 3263 scientiam
3398 3207 3484 3262 in-

1919 3302 2137 3371 quirite,
2162 3317 2280 3371 qua:
2306 3317 2414 3357 non
2442 3309 2526 3357 est
2552 3302 2657 3358 nisi
2688 3317 2719 3357 a
2745 3301 2855 3358 Deo
2880 3316 2895 3355 :
2927 3301 3053 3372 quia
3076 3300 3193 3370 ipse
3208 3298 3293 3355 est
3315 3300 3489 3355 scien-

236 3364 415 3462 act‘or,
472 3364 681 3452 scilicet
737 3364 1036 3450 naiivitatis
1089 3393 1207 3465 ejus
1257 3386 1434 3462 Deus,
1479 3390 1602 3465 quia
1644 3364 1891 3449 sterilia
1916 3364 2431 3459 tiarumDominus,
2477 3394 2532 3448 in
2575 3404 2683 3463 quo
2730 3398 2857 3449 sunt
2878 3364 3066 3447 omnes
3096 3364 3349 3445 thesauri
3393 3404 3485 3446 sa-

235 3487 421 3541 oranti
467 3484 736 3542 concessit
778 3486 970 3541 lilium.
1007 3486 1098 3543 aui
1135 3484 1347 3542 cunctis
1390 3468 1579 3541 diebus
1616 3478 1717 3541 sibi
1760 3484 1813 3540 in

238 3577 441 3649 templo
465 3576 778 3632 deserviret.

312 3664 440 3738 (io.)
471 3652 713 3723 Ecclesia
760 3658 826 3721 ei
870 3658 1198 3733 nationibus,
1232 3675 1364 3733 etc.,
1388 3662 1548 3739 usque
1576 3652 1645 3721 ad
1688 3680 1815 3722 cum

239 3758 483 3832 perfecta
516 3757 620 3813 ﬁde
646 3758 1035 3814 incarnationis
1066 3744 1243 3829 junxii
1294 3773 1352 3814 sc
1400 3750 1687 3830 primitivaa
1713 3752 1815 3815 Ec-

239 3846 422 3905 clesiie
450 3854 517 3904 ex
542 3842 758 3905 iudicis.

313 3932 483 3993 Vens.
504 3933 595 3993 25.
619 3968 678 3985 -η
711 3932 1006 4010 Precorque
1028 3946 1085 3992 ut
1116 3934 1329 4009 lmpteat
1355 3936 1633 3993 Dominus.
1661 3936 1819 4007 Quod

241 4032 461 4097 vovisti,
489 4024 573 4085 vel
613 4042 768 4087 suum
798 4030 941 4101 quod
970 4030 1218 4101 promisit
1242 4042 1341 4100 per
1369 4026 1503 4086 Heli.
1528 4042 1653 4085 cum
1696 4031 1772 4085 ait
1797 4047 1815 4085 :

242 4124 343 4178 Det
374 4112 468 4177 tibi
496 4122 634 4177 Deus
658 4122 980 4194 petitionem,
1005 4130 1107 4177 etc.

316 4202 517 4271 Hausit
539 4226 659 4285 ergo
698 4212 885 4269 mulier
922 4218 971 4269 et
997 4213 1206 4271 lactabit
1253 4210 1423 4284 ﬁlium
1464 4230 1617 4268 suum
1656 4212 1818 4270 donec

241 4315 503 4364 amoveret
543 4316 660 4362 eam
690 4314 722 4363 tt
765 4296 921 4365 lacte:
962 4307 1031 4363 Et
1081 4306 1322 4364 adduxit.
1353 4298 1469 4365 Non
1510 4306 1623 4365 vult
1659 4308 1817 4364 Anna

239 4414 472 4472 puerum
493 4400 689 4456 ducere
712 4396 780 4455 ad
807 4400 1025 4456 domum
1048 4398 1142 4455 Dei
1172 4396 1458 4472 antequam
1483 4400 1780 4457 ablactetur
1796 4412 1817 4455 :

240 4492 373 4562 quia
406 4491 647 4547 Ecclesia
682 4485 884 4546 nuiidifi
913 4490 980 4545 ad
1018 4486 1376 4547 sacerdotium
1418 4482 1665 4564 provehit
1690 4480 1818 4547 duul

238 4584 401 4640 lactis
447 4574 686 4639 inltintid‘a
728 4580 1003 4655 particeps
1050 4590 1156 4650 est,
1184 4598 1290 4639 non
1329 4583 1486 4640 solidi
1520 4584 1625 4640 cibi
1652 4590 1708 4640 et
1737 4585 1819 4639 in-

241 4674 554 4749 telligentiae
581 4664 841 4747 spiritalis
866 4684 1054 4747 capax.

314 4760 594 4834 (limosa,
624 4756 714 4816 lib.
745 4761 809 4816 de
850 4761 1010 4817 Trad.
1044 4756 1207 4817 Hebr.
1236 4763 1292 4817 in
1324 4758 1417 4818 lib.
1448 4754 1602 4835 Reg.)
1626 4761 1685 4817 lu
1708 4759 1814 4818 ﬂed-

236 4856 389 4911 brzeo
417 4868 432 4909 :
468 4850 647 4909 Mattio
682 4852 891 4925 furiare,
922 4852 1016 4912 sed
1040 4856 1170 4911 vitio
1212 4857 1536 4927 scriptorum
1559 4857 1817 4927 deprava-

237 4956 357 5004 tum
382 4956 483 5005 est.
511 4946 569 5004 Si
592 4948 734 5004 enim
780 4958 899 5005 cum
948 4948 1121 5005 tribus
1160 4949 1341 5005 vitulis
1368 4956 1478 5005 tres
1500 4950 1709 5005 modios
1738 4948 1818 5004 fa-

238 5042 376 5096 rina:
402 5030 599 5096 obtulit
624 5044 808 5096 contra
846 5041 1015 5112 legem
1044 5028 1191 5107 iecit,
1232 5042 1285 5096 in
1315 5054 1419 5112 qua
1445 5040 1643 5096 dicitur
1674 5058 1687 5095 :
1726 5028 1817 5097 Vl-

236 5132 414 5187 tulum
445 5132 510 5187 de
539 5130 785 5187 armeutu
812 5134 997 5198 unum,
1021 5124 1246 5187 arietem
1274 5146 1464 5199 unum,
1487 5144 1654 5203 agnos
1673 5128 1819 5203 agni-

237 5224 393 5279 cnlos
415 5222 788 5303 immaculatcm
807 5226 1028 5294 septeni,
1050 5223 1106 5278 in
1127 5222 1409 5279 sacriﬁciis
1424 5236 1609 5279 eorum
1626 5223 1816 5279 similae

237 5312 362 5369 oleo
410 5314 719 5383 conspersa?
770 5316 881 5369 tres
930 5310 1167 5369 decimas
1231 5326 1329 5385 per
1382 5312 1621 5383 singulos
1675 5314 1818 5369 vitu-

235 5406 354 5470 los,
408 5404 543 5461 duas
568 5402 805 5461 decimas
831 5420 928 5475 per
949 5406 1191 5470 arietem,
1224 5420 1386 5461 unam
1426 5406 1691 5462 decimam
1723 5420 1818 5479 per

238 5510 463 5566 agnum.
512 5484 639 5551 iicec
682 5510 810 5551 vero
852 5494 1239 5565 decitua,pars
1288 5496 1494 5552 decima
1522 5498 1647 5568 ephi
1676 5506 1813 5552 erat.

240 5586 398 5643 Unde
420 5584 911 5660 intelligitur,qnod
933 5586 1129 5642 Elcaha
1147 5596 1251 5644 non
1267 5588 1586 5645 obtulittre's
1610 5590 1818 5645 modios

238 5676 453 5743 mrinae,
486 5690 609 5733 cum
650 5679 825 5733 tribus
863 5679 1066 5743 vitulis,
1095 5670 1187 5734 sed
1238 5692 1427 5734 novem
1453 5678 1709 5737 decimas.

314 5770 482 5829 Vens.
518 5770 605 5828 19.
648 5800 717 5812 -
754 5768 822 5827 Et
859 5772 1224 5830 adoraverttnt.
1252 5772 1463 5843 (01:16.,
1496 5774 1584 5829 ubi
1610 5772 1816 5847 supra.)

287 5878 361 5921 on
395 5864 666 5920 invenitur
693 5876 847 5920 orare
877 5864 929 5919 in
970 5860 1074 5921 hoc
1117 5865 1346 5929 cantico,
1385 5872 1515 5930 etc.,
1543 5880 1704 5936 usque
1746 5866 1817 5921 ad

239 5960 287 6015 si
313 5960 497 6014 autem
521 5958 802 6023 dimiserit,
833 5954 999 6014 vincit
1023 5954 1243 6015 Amalec
1271 5956 1525 6016 inimicus
1551 5956 1648 6015 Dei

1838 4706 1890 4793 ii

1916 3484 2150 3558 pientite.
3053 3542 3065 3551 ,

1986 3575 2099 3647 Ipsi
2134 3582 2521 3648 preparautur.
2548 3570 2685 3642 Quia
2713 3572 2888 3629 aufert
2915 3578 2977 3629 se
2997 3589 3029 3629 a
3052 3571 3484 3645 cogitationibus,

1915 3683 2035 3738 quae
2065 3676 2193 3723 sum
2221 3667 2339 3723 sine
2370 3660 2667 3733 inteiiectu,
2699 3666 2785 3721 vel
2815 3666 2919 3737 ipsi
2938 3666 3313 3736 praeparantur
3337 3664 3487 3737 cogi-

1918 3759 2173 3823 tatioﬂes,
2201 3757 2255 3812 id
2276 3767 2361 3813 est
2390 3757 2826 3813 manifestantur.
2872 3756 3062 3815 Unde:
3091 3754 3349 3812 Dominus"
3397 3768 3488 3810 no-

1916 3849 1988 3904 ιιι
2017 3848 2358 3919 cogitationes
2393 3848 2688 3902 hominum.

1970 3939 2110 3994 Deus
2121 3938 2761 4010 scientiarum.(RAB.,ubi
2774 3937 2979 4010 supra.)
2991 3937 3113 4009 ipse
3122 3942 3217 3994 VOS
3228 3937 3489 4005 scil,etc.,

1916 4044 2083 4102 usque
2106 4030 2175 4084 ad
2200 4036 2258 4085 et
2282 4029 2350 4085 ab
2371 4028 2463 4084 illo
2486 4040 2597 4085 non
2621 4036 2747 4085 sunt
2772 4042 2805 4083 θ
2834 4043 2943 4099 quo
2967 4028 3214 4084 homines
3233 4034 3377 4081 sunt.

1991 4122 2153 4178 Vens.
2178 4120 2234 4177 4.
2258 4151 2329 4162 -
2357 4120 2543 4193 (ΗΑΒ.)
2568 4120 2629 4177 id
2649 4128 2754 4187 est,
2785 4118 3016 4175 intentio
3037 4132 3246 4182 eorum,
3265 4116 3359 4186 qui
3389 4115 3489 4171 sibi

1919 4222 2165 4286 potentes
2208 4227 2329 4268 esse
2378 4212 2651 4277 videntur,
2678 4218 2739 4266 ut
2775 4211 2893 4267 sine
2938 4208 3035 4265 Dei
3071 4206 3272 4263 auxilio
3310 4204 3493 4263 divina

1918 4306 2125 4379 possint
2160 4305 2383 4375 implere
2412 4304 2688 4359 mandata.

1990 4402 2059 4458 Et
2086 4402 2303 4471 inﬁrmi.
2338 4399 2520 4473 (ΚΑΒ.)
2550 4399 2652 4468 Qui
2706 4399 2760 4454 in
2811 4396 2908 4453 Dei
2954 4396 3154 4469 pietate
3191 4391 3493 4457 conﬁdunt,

1921 4495 2144 4550 dicunt:
2172 4492 2422 4548 Miserere
2450 4492 2575 4558 mei,
2606 4490 2767 4557 Deus,
2803 4488 3051 4561 quoniam
3096 4484 3337 4555 inﬁrmus
3377 4498 3495 4537 sum

1921 4584 2093 4659 (Psal.
2124 4586 2220 4656 vi).
2250 4576 2501 4639 inﬁrmus
2527 4590 2646 4636 erat
2684 4579 2897 4652 gentilis
2935 4577 3183 4650 populus,
3215 4574 3430 4645 quando
3463 4587 3494 4626 a

1922 4676 2246 4734 testamento
2273 4674 2369 4731 Dei
2398 4672 2626 4739 alienus,
2651 4688 2796 4728 nunc
2838 4664 3019 4726 autem
3055 4666 3378 4741 praecinctus
3408 4676 3496 4719 ro-

1915 4766 2046 4827 bore
2076 4812 2092 4837 ,
2134 4785 2256 4827 cum
2301 4766 2517 4823 indutus
2565 4774 2719 4824 scuto
2779 4762 2904 4821 ﬁdei
2949 4768 3003 4821 et
3051 4760 3201 4835 galea
3272 4759 3495 4827 salutis,

1913 4873 1968 4921 et
1995 4864 2169 4935 gladio
2214 4862 2454 4934 spiritus,
2492 4860 2690 4932 poterit
2722 4860 2881 4932 ignea
2912 4856 3017 4916 tela
3060 4852 3264 4913 diaboli
3289 4856 3496 4911 exstin-

1918 4964 2104 5028 gnere.

1990 5042 2155 5103 Vsus.
2198 5038 2252 5100 5.
2300 5076 2371 5086 —
2397 5036 2639 5101 Satura'ti
2690 5044 2837 5115 prius
2875 5048 2968 5115 pro
3011 5036 3251 5113 panibus.
3290 5036 3497 5107 Repteti

1920 5138 2070 5211 prius
2090 5136 2282 5203 Judaai,
2314 5132 2521 5192 scilicet
2550 5132 2823 5207 mysteriis
2845 5133 3183 5203 eloquiorum
3212 5142 3312 5199 pro
3339 5127 3500 5199 pani-

1920 5226 2021 5286 bus
2050 5245 2108 5285 se
2137 5226 2469 5295 locaVerunt,
2498 5226 2551 5282 id
2602 5234 2706 5292 ρει,
2722 5214 3123 5298 separaverunt
3159 5234 3190 5276 a
3232 5220 3343 5275 Deo
3368 5237 3382 5273 :
3413 5216 3499 5274 vel

1923 5332 1951 5377 a
1976 5312 2208 5392 propriis
2240 5319 2456 5375 sedibus
2477 5318 2809 5384 eVuiserunt,
2841 5331 2915 5371 ne
2933 5312 3236 5385 reciperent
3262 5312 3502 5381 Evange-

1920 5413 2052 5469 lium
2078 5408 2242 5484 agetis
2273 5400 2341 5465 de
2368 5416 2507 5482 pane
2555 5408 2647 5482 qui
2692 5409 2759 5465 de
2800 5406 2941 5463 coelo
2964 5402 3260 5461 descendit.
3293 5401 3500 5473 Repleti

1923 5505 2107 5569 iidem,
2138 5500 2227 5574 qui
2273 5502 2327 5559 ei
2369 5510 2637 5574 powntes,
2670 5498 2725 5556 id
2757 5508 2840 5555 est
2888 5494 3145 5553 lsraelllae
3168 5493 3363 5564 quibus
3387 5504 3503 5547 cre-

1926 5594 2034 5652 dita
2062 5602 2189 5651 sant
2211 5590 2422 5667 eloquia
2447 5592 2561 5660 Dei,
2586 5590 2681 5650 sed
2707 5584 2915 5648 anciilm
2942 5588 3057 5653 ﬁlii,
3078 5584 3337 5645 minorati
3356 5594 3501 5651 sunt,

1924 5688 2016 5759 qui
2045 5701 2103 5744 se
2126 5686 2651 5751 sithtraxeruntgncc
2677 5684 2733 5738 in
2764 5682 3100 5738 Salvatorem
3131 5676 3502 5744 crediderunt,

1923 5782 1978 5834 et
2020 5779 2072 5834 in
2119 5779 2250 5849 ipsis
2280 5779 2533 5850 panibus,
2562 5774 2615 5831 id
2656 5784 2739 5830 est
2792 5772 2987 5830 divinis
3026 5771 3256 5842 eloquiis
3284 5778 3499 5825 tantum

1922 5879 2137 5927 terrena
2168 5874 2474 5925 senserunt.
2499 5864 2701 5923 Gentes
2722 5874 2903 5920 autem
2924 5862 3121 5935 quibus
3139 5872 3245 5919 non
3269 5869 3351 5918 es!
3378 5863 3504 5918 data

1920 5964 2030 6031 lex,
2060 5970 2349 6037 postquam
2364 5966 2463 6033 ρει
2500 5956 2711 6016 Novum
2739 5956 3147 6016 Testamentum
3185 5955 3255 6014 ad
3274 5955 3367 6011 iﬁa
3394 5955 3509 6011 ele-
