4006 6352
349 473 468 531 ’ὅδε

849 470 1242 528 WALAFRIDI
1279 469 1528 528 STRABI
1563 468 1766 528 FULD.
1806 469 1970 529 MON.
2011 470 2160 528 OPP.
2202 469 2382 526 PARS
2418 470 2464 526 Ι.
2503 499 2573 510 -
2610 468 3065 527 THEOLOGICA.

3491 470 3596 528 5H

361 593 488 665 quia
501 589 1022 658 venerunt,multum
1043 590 1328 646 esuriendo
1353 598 1553 646 terram
1573 589 1922 656 transierunt,
1951 593 2005 654 Α
2029 587 2182 655 Quod
2229 603 2297 642 ne
2341 587 2593 644 omnibus
2640 587 2917 657 contingat
2963 585 3220 641 Dominus
3257 585 3498 656 quotidie
3545 589 3602 648 in

361 683 485 754 quia
514 682 569 737 in
595 682 675 737 eis
710 695 818 737 non
848 688 1082 746 terrena,
1107 680 1200 735 sed
1238 679 1479 736 caelestia
1529 687 1842 750 sapuerunt.
1868 679 1927 734 1n

359 773 546 830 Graeco
569 775 645 830 ita
669 791 684 830 :
713 771 865 828 Pleni
890 773 1109 845 panibus
1131 772 1379 828 minorati
1399 781 1542 838 sunt,
1565 781 1613 827 et
1643 773 1928 827 esurientes

357 867 681 922 transierunt
707 876 922 921 terram.

428 957 498 1012 Et
518 957 766 1028 famelici.
795 955 852 1012 Id
877 964 989 1024 est,
1020 956 1249 1028 gentiles
1276 957 1428 1028 prius
1456 965 1708 1028 egentes,
1734 972 1929 1028 panem

355 1051 506 1106 verbi
538 1050 634 1106 Dei
669 1049 782 1120 jam
811 1056 1058 1120 gustant,
1098 1047 1354 1119 quoniam
1383 1050 1563 1106 suavis
1590 1058 1691 1106 est.
1721 1050 1928 1106 Tandiu

354 1141 494 1213 pasti
523 1152 650 1196 sunt
673 1141 898 1196 scientia
929 1139 1046 1195 Dei.

425 1233 628 1289 Sterilis
653 1234 865 1305 peperit.
901 1232 960 1288 In
988 1235 1294 1306 septenario
1320 1235 1646 1292 universitas
1671 1237 1928 1295 Ecclesiae

352 1325 683 1397 designatur,
705 1323 849 1379 unde
873 1331 929 1379 et
948 1322 1181 1380 Joannes
1205 1324 1398 1380 scribit
1423 1335 1632 1396 septem
1660 1327 1922 1395 ecclesiis,

351 1415 417 1470 ad
445 1419 604 1470 unius
629 1414 1017 1485 plenitudinem
1040 1430 1100 1471 se
1129 1416 1369 1471 scribere
1391 1417 1710 1484 ostendens;
1744 1420 1882 1475 unde
1907 1437 1922 1475 :

349 1503 620 1576 Sapientia
645 1506 923 1576 wdiﬁcauit
948 1508 1046 1562 sibi
1071 1509 1307 1574 domum,
1327 1519 1375 1564 et
1398 1509 1629 1579 su/j‘ulsit
1654 1511 1924 1568 columnas

345 1608 539 1670 septem
561 1597 745 1672 (Prov.
775 1602 877 1672 ιι).
915 1599 1128 1656 Sterilis
1157 1610 1278 1657 erat
1301 1602 1355 1657 in
1383 1603 1635 1674 gentibus
1661 1604 1922 1672 Ecclesia,

349 1702 642 1764 antequam
685 1693 789 1750 iste
828 1694 968 1749 fetus
1007 1708 1165 1764 quem
1209 1696 1481 1750 cernimus
1509 1696 1760 1750 oriretur.
1795 1696 1925 1752 Cer-

346 1787 524 1840 nimus
565 1786 731 1841 etiam
765 1794 1037 1842 terrenam
1075 1785 1374 1842 Jerusalem
1414 1787 1698 1843 fecundam
1725 1828 1740 1854 ,
1781 1803 1924 1844 nunc

345 1873 675 1931 inﬁrmatam
723 1894 736 1930 :
777 1877 906 1947 quia
932 1877 1239 1949 quicunque
1273 1879 1330 1934 in
1359 1894 1422 1934 ea
1460 1878 1554 1934 ﬁlii
1588 1879 1741 1935 liberi
1767 1888 1924 1935 erant

2028 677 2204 743 caelis,
2237 677 2292 732 id
2316 685 2420 742 est,
2450 675 2746 747 Scripturis
2772 686 2827 732 et
2852 677 3181 742 doctoribus,
3208 683 3381 732 tonat.

2097 768 2165 822 In
2193 769 2352 824 cretis.
2385 769 2568 842 (ΗΑΒ.)
2595 769 2730 838 Quia
2749 770 2897 840 justa
2925 770 3207 826 retributio
3231 769 3414 826 futura
3438 781 3522 827 est
3547 773 3604 829 in

2027 863 2113 918 die
2135 861 2345 932 judieii,
2378 863 2472 918 sed
2500 865 2715 919 interim
2749 872 2899 919 tonat
2938 865 3004 920 de
3039 865 3271 920 nubibus
3295 864 3438 930 suis,
3469 881 3605 935 quas

2027 952 2234 1025 Spiritu
2255 963 2440 1009 sancto
2468 954 2708 1024 implevit
2739 951 3022 1026 postquam
3052 955 3218 1010 caelos
3245 957 3504 1010 ascendit.

2097 1047 2278 1102 Fines.
2314 1048 2570 1102 Extrema
2599 1049 2832 1104 hominis
2861 1066 2874 1102 :
2908 1049 3033 1118 quia
3063 1064 3172 1104 non
3197 1049 3600 1120 judicahuntur,

2025 1156 2145 1212 quae
2174 1141 2227 1195 in
2263 1141 2456 1196 melius
2482 1140 2567 1195 vel
2598 1141 2836 1196 deterius
2872 1141 3049 1195 medio
3081 1149 3322 1210 tempore
3361 1156 3601 1196 commu-

2026 1239 2227 1297 tantur,
2254 1233 2349 1286 sed
2377 1240 2620 1286 extrema
2647 1233 2699 1286 in
2728 1233 2921 1302 quibus
2945 1231 3110 1288 fuerit
3132 1233 3403 1288 inventus.
3430 1306 3434 1308 γ

2098 1320 2164 1375 Et
2200 1322 2365 1376 dabit.
2394 1321 2455 1376 Id
2491 1330 2594 1386 est,
2623 1321 2858 1377 Christo.

2095 1412 2398 1484 Imperium.
2425 1413 2482 1469 Id
2507 1422 2590 1470 est
2608 1414 2928 1480 Ecclesiam,
2952 1415 3094 1470 unde
3126 1430 3142 1468 :
3172 1413 3324 1470 Dabo
3363 1417 3454 1471 tibi
3481 1433 3604 1487 gen-

2024 1511 2098 1560 tes
2137 1505 2492 1558 [nereditatem
2533 1514 2698 1558 tuam.
2720 1503 2814 1560 Vel
2843 1505 3149 1575 imperium,
3179 1505 3232 1559 id
3261 1514 3342 1560 est
3370 1515 3605 1576 potesta-

2024 1604 2132 1652 tem
2151 1595 2446 1664 judicandi,
2477 1599 2602 1667 quia
2629 1614 2776 1651 autne
2798 1597 3061 1668 judicium
3097 1598 3237 1651 dedit
3271 1596 3432 1653 Filio.

2095 1689 2244 1759 Regi.
2288 1688 2467 1760 (ΗΑΒ.)
2505 1688 2814 1744 Christiano
2851 1689 3048 1758 populo
3087 1689 3176 1742 cui
3223 1687 3316 1743 dat
3349 1691 3604 1746 virtutem

2025 1781 2240 1851 regendi
2270 1795 2518 1846 carnem,
2550 1789 2609 1835 ut
2634 1781 2690 1835 in
2717 1797 2781 1836 eo
2821 1780 3004 1836 vincat
3029 1779 3290 1835 mundum
3311 1820 3326 1847 ,
3357 1782 3447 1853 qui
3478 1797 3604 1852 pro-

2023 1882 2142 1940 pter
2168 1886 2291 1925 eum
2321 1870 2461 1925 fudit
2485 1870 2802 1941 sanguinem
2831 1885 3010 1925 suum.

343 1966 561 2023 virtutis
584 1967 700 2037 ejus
728 1986 740 2022 :
773 1983 918 2024 nunc
940 1983 1071 2024 vero
1093 1969 1167 2026 ibi
1191 1970 1446 2040 quoniam
1467 1971 1647 2025 littera
1680 1979 1783 2036 est,
1812 1971 1918 2041 spi-

2094 1962 2287 2016 Christi
2318 1963 2422 2016 sui.
2462 1962 2643 2033 (Ihm,
2669 1963 2722 2016 in
2744 1961 2834 2016 lib.
2878 1961 3030 2054 Reg.)
3064 1961 3357 2017 Christiani
3398 1964 3602 2034 populi,

346 2057 485 2113 ritus
513 2074 620 2115 non
648 2069 734 2116 est
765 2077 779 2114 :
812 2061 1009 2117 amissa
1038 2063 1237 2117 virtute
1264 2063 1533 2118 inﬁrmata
1563 2072 1664 2119 est.

415 2147 596 2223 (ΗΑΒ.)
653 2148 922 2206 Plurimos
969 2154 1025 2206 in
1064 2152 1291 2209 Hebraeo
1329 2164 1384 2210 et
1417 2155 1474 2209 in
1512 2154 1655 2208 LXX
1695 2155 1926 2213 habetur

341 2249 552 2310 septem.
583 2239 752 2296 Judaei
781 2242 1002 2308 dicunt,
1030 2245 1174 2314 quod
1200 2253 1328 2300 nato
1364 2244 1644 2312 Samuele,
1682 2255 1926 2303 mortuus

339 2338 424 2386 est
450 2330 841 2402 primogenitus
869 2332 1012 2389 ﬁlius
1038 2333 1350 2391 Phenennae
1380 2354 1394 2390 :
1426 2346 1481 2392 et
1506 2338 1731 2409 singulis
1755 2340 1927 2397 Anna:

340 2420 686 2476 nascentibus
706 2420 852 2488 ﬁliis,
874 2422 1072 2494 singuli
1097 2423 1403 2481 Phenennae
1424 2436 1550 2483 sunt
1573 2430 1792 2484 mortui.
1817 2430 1926 2488 Sed

340 2509 632 2567 Phenenna
664 2513 854 2568 habuit
881 2522 1087 2584 septem
1117 2533 1130 2569 :
1168 2515 1323 2571 Anna
1353 2533 1483 2574 vero
1525 2520 1784 2590 quinque.
1817 2520 1926 2579 Sed

341 2601 552 2660 Hebraei
583 2605 716 2661 duos
755 2604 894 2661 ﬁlios
926 2606 1194 2664 Samuelis
1214 2611 1754 2667 annumerantAnnat
1775 2612 1920 2670 ﬁliis.

418 2696 542 2769 (10.)
569 2695 822 2754 Sterilem
839 2739 854 2766 ,
882 2708 1012 2766 etc.,
1040 2717 1201 2772 usque
1235 2704 1303 2757 ad
1333 2705 1435 2759 hac
1460 2704 1577 2775 ejus
1603 2712 1922 2776 paupertate

342 2787 498 2842 ditati
524 2804 729 2846 sumus.

410 2880 999 2956 Vsns.7.-Pauperem,
1015 2893 1120 2942 etc.
1134 2886 1446 2959 Jesuquui
1460 2897 1678 2960 propter
1690 2906 1788 2947 nos
1799 2907 1924 2962 pau-

335 2988 432 3045 per
447 2973 620 3030 factus
643 2983 746 3044 est,
774 2984 830 3032 et
857 2977 992 3032 ditat
1013 2980 1261 3034 eumdem
1291 2980 1460 3052 gloria
1489 2983 1919 3038 resurrectionis.

413 3065 575 3122 Vens.
605 3067 659 3122 8.
685 3098 756 3109 —
783 3068 862 3124 De
883 3071 1109 3141 pulvere.
1141 3073 1218 3127 De
1243 3076 1589 3145 corruptione
1623 3074 1918 3146 Christum,

339 3160 530 3302 ttgdel:
563 3158 678 3216 Nec
713 3162 864 3218 dabis
885 3173 1127 3220 sanctum
1151 3173 1300 3222 tuum
1333 3168 1505 3224 videre
1538 3171 1921 3241 corruptionem

339 3248 357 3302 l
411 3265 470 3302 sa
498 3287 512 3302 .
544 3250 658 3302 xvi.

339 3248 512 3320 (Psal.
544 3250 658 3322 xv).

2027 2054 2320 2109 chrismate
2361 2053 2509 2108 uncti
2550 2069 2564 2106 :
2602 2061 2774 2108 totum
2819 2053 3000 2108 tamen
3040 2069 3236 2124 corpus
3274 2070 3396 2109 cum
3432 2057 3605 2126 capite

2026 2161 2124 2201 suo
2149 2162 2288 2200 unus
2310 2153 2395 2200 est
2425 2143 2693 2200 Christus.
2725 2144 2852 2200 Haec
2875 2144 3028 2200 Anna
3042 2147 3399 2216 prophetavit
3433 2155 3607 2204 mater

2027 2235 2325 2302 Samuelis,
2367 2236 2424 2290 in
2451 2251 2559 2305 quo
2602 2245 2730 2290 tunc
2769 2235 2997 2307 ﬁgurata
3035 2245 3116 2291 est
3144 2238 3374 2293 mutatio
3404 2239 3605 2295 veteris

2026 2328 2346 2392 sacerdotii,
2386 2334 2442 2382 et
2478 2342 2620 2382 nunc
2663 2327 2915 2397 impleta,
2955 2327 3168 2396 quando
3208 2327 3478 2382 inﬁrmata
3522 2339 3606 2386 est

2024 2419 2273 2487 fecunda,
2303 2427 2363 2474 ut
2389 2433 2591 2475 novum
2615 2418 2840 2475 haberet
2867 2419 3064 2475 sterilis
3095 2419 3150 2474 in
3181 2419 3397 2477 Christo
3425 2437 3604 2478 sacer-

2024 2503 2253 2567 dotium.

2097 2603 2258 2659 Vens.
2301 2603 2390 2657 12.
2422 2632 2494 2644 -
2525 2601 2667 2658 Heli.
2703 2601 2826 2676 (11).)
2866 2604 3258 2676 Interpretatur
3291 2616 3601 2674 extraneus,

2023 2710 2055 2749 a
2095 2694 2207 2750 Deo
2253 2694 2399 2749 enim
2440 2693 2648 2749 alienus
2677 2702 2793 2761 est,
2828 2696 2919 2766 qui
2949 2697 3193 2752 subditos
3219 2712 3327 2751 non
3361 2699 3600 2769 corrigit.

2022 2784 2200 2856 Ophni
2231 2785 2453 2840 infamia
2481 2787 2880 2854 conversionis,
2912 2788 3106 2842 merito
3133 2797 3313 2844 autem
3341 2790 3421 2845 sic
3445 2805 3605 2846 voca-

2021 2886 2133 2947 tur,
2163 2879 2257 2950 qui
2283 2877 2466 2934 diﬁ‘ert
2499 2880 2740 2935 converti
2777 2881 2832 2936 in
2865 2881 3074 2936 melius.
3107 2882 3336 2938 Phinees
3364 2883 3474 2938 oris
3501 2885 3602 2937 ob-

2021 2969 2237 3025 duratio
2258 3009 2274 3036 ,
2310 2969 2396 3024 vel
2431 2969 2512 3024 ori
2554 2985 2804 3040 parcens.
2846 2970 2989 3025 Duos
3025 2969 3258 3026 Phinees
3297 2973 3604 3028 sacerdotes

2021 3062 2250 3134 legimus
2291 3081 2303 3117 :
2347 3063 2574 3117 alterum
2612 3064 2816 3132 justum
2855 3063 3101 3117 Eleazari
3139 3063 3338 3130 ﬁlium,
3371 3065 3602 3121 alterum

2023 3151 2303 3220 iniustum,
2331 3151 2503 3207 ﬁlium
2529 3152 2666 3207 Heli.
2705 3151 3047 3219 Sacerdotes,
3078 3153 3172 3222 qui
3196 3154 3504 3209 custodiunt
3539 3170 3602 3210 os

2023 3259 2200 3308 suum,
2223 3259 2293 3299 ne
2315 3252 2473 3299 exeat
2495 3244 2618 3298 inde
2641 3244 2856 3313 aliquod
2880 3260 3127 3313 pravum,
3152 3245 3206 3299 in
3230 3245 3339 3300 ﬁlio
3359 3245 3599 3300 Eleazari

404 3340 482 3394 De
509 3309 752 3399 stercore.
784 3343 968 3418 (tum,
997 3349 1086 3402 ubi
1126 3351 1331 3422 supra.)
1361 3351 1581 3408 Judaico
1609 3353 1827 3424 populo,
1856 3354 1914 3410 ίη
1944 3309 1989 3374 C
2021 3337 2322 3407 signantur.
2353 3335 2455 3403 Qui
2484 3344 2663 3390 autem
2693 3309 2754 3390 os
2790 3335 2990 3389 habent
3019 3337 3362 3404 obturatum,
3389 3337 3472 3392 vel
3498 3338 3600 3391 im-

335 3449 442 3504 quo
480 3450 602 3490 eum
653 3452 713 3492 se
747 3438 970 3495 dixisset
1010 3441 1296 3512 Apostolus
1331 3445 1629 3502 Ecclesiam
1655 3463 1912 3518 persecu-

337 3535 477 3594 tum,
507 3546 624 3599 qutc
645 3531 807 3599 mihi,
836 3533 1041 3602 inquit,
1074 3535 1286 3605 fuerunt
1315 3538 1461 3594 lucra
1481 3581 1496 3606 ,
1523 3551 1733 3612 propter
1762 3541 1916 3596 Chri-

332 3629 470 3674 stum
495 3623 748 3678 testimam'
783 3635 1014 3681 stercora
1035 3626 1391 3704 [detrimenta]
1420 3631 1640 3703 (Philip.
1663 3634 1768 3706 ut).

405 3709 756 3785 Principibus.
804 3715 927 3788 (ln.)
965 3718 1168 3785 Quibus
1225 3721 1422 3777 dicitur
1468 3739 1484 3778 :
1527 3723 1786 3779 Sedebitis
1819 3741 1912 3780 su-

330 3822 422 3875 per
446 3806 592 3864 sedes
613 3807 908 3876 duodecim,
932 3810 1232 3880 judicantes
1253 3813 1526 3870 duodecim
1552 3815 1717 3871 tribus
1742 3816 1913 3871 Israel

334 3896 552 3965 (Matth.
583 3899 733 3971 xxv).

405 4009 610 4065 Solium
638 4011 841 4082 gloriae.
870 4013 929 4069 ln
957 4017 1212 4086 aequitate
1231 4017 1410 4074 Patris
1429 4021 1683 4086 sedendo,
1709 4029 1764 4076 et
1784 4022 1911 4092 quia

333 4100 497 4155 Pater
537 4119 684 4158 omne
715 4104 975 4173 judicium
1005 4107 1146 4162 dedit
1174 4106 1348 4177 Filio,
1381 4119 1430 4165 et
1467 4113 1590 4180 quia
1621 4115 1764 4184 regni
1799 4114 1911 4182 ejus

335 4210 439 4248 non
459 4196 555 4249 erit
583 4196 702 4265 ﬁnis
731 4196 911 4278 (Joan.
949 4199 1026 4271 γ).

346 4309 350 4312 ’
405 4305 656 4362 Cardines
689 4317 862 4364 εει-ναί.
895 4308 1135 4378 Quatuor
1164 4312 1367 4369 scilicet
1395 4315 1565 4388 plaga:
1599 4320 1818 4387 mundi,
1855 4321 1910 4376 in

332 4397 527 4467 quibus
571 4398 818 4455 dilatavit
862 4402 1048 4458 orbem
1089 4403 1376 4472 Ecclesiae,
1407 4423 1526 4477 quae
1567 4427 1600 4463 a
1631 4409 1757 4465 solis
1791 4421 1911 4466 ortu

333 4503 493 4559 usque
513 4490 582 4543 ad
605 4507 846 4545 occasum
868 4492 1086 4550 laudant
1112 4514 1297 4552 nomen
1319 4498 1531 4555 Domini
1556 4500 1726 4574 (Psal.
1751 4506 1908 4578 cxu).

404 4600 658 4673 Mystice,
689 4605 1096 4676 praedicatores,
1133 4626 1292 4680 super
1329 4629 1466 4684 quos
1502 4617 1682 4682 orbis,
1721 4617 1774 4673 id
1803 4627 1906 4687 est,

332 4671 594 4758 Ecclesia,
627 4671 731 4750 ﬁd-e
759 4710 944 4752 eorum
972 4671 1319 4770 stabilitatur,
1344 4671 1409 4760 de
1439 4671 1907 4774 quibus
1937 4671 1991 4732 Β

333 4780 440 4836 Sub
466 4799 570 4852 quo
599 4797 902 4856 curvantur,
931 4791 1020 4859 qui
1045 4803 1250 4859 portant
1282 4796 1453 4850 orbem
1493 4796 1634 4866 (Job.
1666 4802 1763 4872 ιχ).

404 4896 568 4955 Vsus.
610 4899 698 4956 10.
752 4931 821 4942 -
856 4901 1139 4960 Dominum
1168 4907 1544 4976 formidabunt.
1594 4913 1731 4978 Quia
1765 4915 1912 4970 inﬁr-

332 5004 480 5044 mum
527 4989 689 5046 faciet
727 4991 1097 5049 adversarium
1141 4995 1276 5064 ejus.
1331 4996 1515 5054 Potest
1556 5015 1623 5054 ex
1657 5002 1908 5073 ambiguo

330 5078 522 5134 Graeco
542 5078 789 5152 intelligi,
810 5088 865 5135 et
887 5082 1256 5139 adversarium
1275 5100 1453 5141 suum.
1475 5086 1607 5142 Cum
1629 5088 1772 5145 enim
1803 5091 1910 5146 Do-

331 5167 511 5224 minus
532 5170 808 5240 possidere
827 5186 926 5228 nos
947 5173 1154 5244 incipit,
1176 5174 1517 5233 adversarius
1535 5188 1721 5234 noster
1741 5180 1908 5252 ipsius

331 5259 422 5326 ﬁt;
461 5271 515 5316 et
555 5263 789 5319 vincitur
828 5279 860 5319 a
899 5266 1088 5334 nobis,
1131 5283 1240 5323 non
1276 5269 1482 5326 viribus
1517 5273 1750 5340 nostris,
1780 5275 1906 5344 quia

331 5371 440 5411 non
467 5357 523 5411 in
552 5355 751 5414 virtute
775 5361 994 5431 propria
1024 5371 1218 5432 potens
1242 5372 1326 5419 est
1351 5364 1454 5420 vir.
1481 5365 1767 5422 Dominum
1797 5368 1909 5438 for-

332 5449 625 5505 midabant.
659 5451 968 5509 Adversarii
992 5454 1182 5523 Judaei,
1211 5472 1372 5529 super
1396 5473 1532 5528 quos
1559 5460 1615 5514 in
1645 5459 1819 5525 ctelis,
1851 5461 1907 5515 id

335 5546 419 5593 est
448 5540 701 5610 apostolis
735 5543 992 5601 Dominus
1034 5548 1274 5615 tonavit,
1306 5550 1522 5618 quando
1559 5565 1651 5605 eos
1688 5550 1903 5616 terruit,

332 5630 633 5702 gehennam
672 5635 961 5703 minando,
1002 5638 1178 5693 minas
1217 5639 1385 5708 signis
1423 5640 1690 5694 ﬁrmando
1723 5659 1736 5694 :
1768 5640 1910 5696 unde

335 5725 490 5782 multi
538 5728 783 5783 conversi
831 5738 974 5784 sunt.
1025 5730 1120 5785 Vel
1165 5729 1533 5785 formidabunt
1579 5732 1634 5786 in
1674 5730 1906 5801 judicio,

332 5834 495 5890 quem
532 5821 620 5876 hic
662 5820 1012 5878 adversantes
1047 5832 1517 5893 contempserunt,
1570 5841 1731 5894 super
1776 5841 1910 5895 quos

335 5911 562 5981 touabit,
593 5911 779 5980 dicens
808 5930 821 5968 :
861 5912 942 5970 Ite
963 5914 1016 5968 in
1045 5914 1213 5990 ignem
1235 5924 1484 5978 tetcrnum
1512 5913 1726 5987 (Matth.
1756 5917 1905 5987 xxv).

2017 3427 2243 3497 peritia,
2276 3426 2361 3482 vel
2387 3436 2736 3496 peccatorum
2767 3426 3134 3496 conscientia,
3177 3427 3286 3484 ﬁlio
3321 3427 3435 3483 Heli
3463 3427 3599 3501 ﬁgu-

2018 3523 2229 3570 rantur.

2088 3605 2270 3677 (ΚΑΒ.)
2297 3605 2485 3662 Refert
2505 3604 2793 3677 Iosephus,
2825 3614 2960 3677 etc.,
2988 3625 3150 3683 usque
3175 3611 3244 3666 ad
3272 3619 3330 3668 et
3349 3609 3595 3670 subdito-

2015 3712 2137 3752 rum
2167 3696 2324 3766 culpa
2347 3697 2455 3753 illis
2485 3698 2858 3768 imputabitur.

2084 3813 2248 3868 Vsus.
2272 3812 2358 3867 l9.
2373 3812 2730 3869 —-Tunicam.
2755 3814 2959 3872 Tunica
2981 3831 3142 3887 quam
3165 3815 3397 3870 faciebat
3412 3819 3593 3886 Anna,

2013 3903 2068 3960 id
2101 3913 2185 3959 est
2211 3905 2384 3976 gratia
2404 3946 2418 3971 ,
2460 3914 2516 3960 et
2545 3921 2714 3976 puero
2744 3908 3014 3984 tradebat;
3048 3907 3314 3978 inceptiva
3347 3909 3594 3966 doctrina

2013 4003 2127 4062 est,
2155 4012 2261 4066 qua
2306 3996 2492 4052 ﬁdeles
2525 3999 2700 4068 prima
2739 3999 3041 4053 rudimenta
3072 3999 3372 4070 accipiunt,
3402 4004 3543 4058 unde
3572 4017 3591 4058 :

2014 4085 2120 4141 Lac
2148 4088 2289 4141 vobis
2316 4096 2493 4157 potum
2519 4087 2659 4151 dedi,
2691 4105 2793 4141 non
2816 4105 2985 4142 escam
3017 4087 3064 4159 (Ι
3097 4087 3220 4143 Cor.
3254 4091 3356 4161 ut).
3391 4090 3594 4162 Super-

2013 4175 2287 4230 humerale
2325 4191 2455 4230 vero
2487 4175 2723 4242 lineum,
2768 4179 3070 4232 castitatem
3109 4187 3165 4234 et
3203 4181 3590 4236 continentiam

2011 4283 2133 4323 cum
2174 4267 2332 4322 bonis
2370 4269 2623 4338 operibus
2661 4269 2855 4338 signat.
2898 4269 3000 4337 Qui
3036 4270 3180 4325 enim
3226 4271 3452 4326 Domino
3490 4274 3593 4328 mi-

2011 4360 2245 4414 nistrare
2271 4359 2574 4424 desiderat,
2609 4375 2829 4416 necesse
2857 4369 2938 4416 est
2963 4369 3024 4416 ut
3051 4369 3200 4416 caste
3227 4370 3283 4416 et
3312 4363 3589 4416 continen-

2012 4458 2094 4508 ter
2122 4450 2304 4516 vivat,
2329 4458 2384 4505 et
2409 4450 2567 4507 bonis
2592 4452 2846 4522 operibus
2875 4467 2933 4507 se
2957 4460 3229 4509 exerceat.

2083 4541 2246 4598 Vens.
2286 4541 2377 4604 25.
2417 4573 2486 4583 —
2525 4541 2587 4598 Si
2617 4545 2924 4614 peccaverit.
2965 4543 3236 4616 (Ηιειιοκη
3267 4545 3356 4598 ubi
3387 4545 3590 4619 supra.)

2011 4634 2130 4690 Non
2156 4650 2222 4691 eo
2261 4635 2422 4690 modo
2460 4644 2718 4704 peccatur
2750 4635 2806 4690 in
2841 4635 3052 4702 virum,
3097 4651 3202 4706 quo
3237 4645 3494 4706 peccatur
3533 4638 3589 4694 in

2013 4727 2214 4791 Deum,
2247 4727 2374 4796 quia
2415 4741 2640 4796 peccare
2666 4725 2720 4780 in
2753 4726 2959 4790 virum,
2999 4725 3052 4779 id
3076 4734 3162 4782 est
3184 4735 3374 4781 contra
3401 4727 3586 4798 proxi-

2013 4837 2182 4884 mum,
2207 4819 2379 4874 levius
2405 4827 2490 4875 est
2518 4827 2574 4873 et
2608 4819 2892 4874 venialius.
2916 4819 2974 4873 ln
2997 4818 3165 4873 Deum
3187 4834 3318 4874 vero
3339 4835 3587 4889 peccare,

2010 4911 2064 4966 id
2105 4918 2188 4965 est
2225 4925 2256 4964 a
2299 4910 2449 4965 cultu
2489 4908 2605 4978 ejus
2644 4909 2900 4965 recedere
2932 4928 2944 4964 :
2984 4909 3278 4979 impietatis
3314 4917 3590 4980 peccatum

2010 5009 2114 5067 est,
2145 5001 2287 5072 quod
2315 4999 2580 5056 diﬁicilius
2605 5002 2846 5071 punitur,
2874 5011 2931 5057 et
2952 5003 3157 5058 tardius
3183 5003 3498 5058 remittitur.
3525 5003 3592 5058 Et

2012 5110 2134 5149 cum
2173 5096 2296 5164 quis
2337 5096 2392 5149 in
2434 5097 2608 5148 virum
2643 5105 2860 5164 peccat,
2903 5095 3116 5166 placato
3161 5097 3278 5151 viro
3322 5095 3453 5151 facit
3488 5095 3590 5151 sibi

2013 5183 2179 5239 Deum
2219 5185 2554 5256 placabilem.
2599 5183 2705 5240 Sed
2751 5200 2874 5240 cum
2913 5187 3032 5256 quis
3075 5186 3129 5241 in
3170 5187 3340 5241 Deum
3379 5195 3589 5256 peccat,

2011 5277 2133 5344 quis
2151 5277 2327 5331 orabit
2348 5291 2447 5345 pro
2467 5277 2566 5330 eo?
2594 5275 2646 5329 id
2669 5286 2772 5340 est,
2793 5293 2892 5347 per
2915 5293 3075 5348 quem
3102 5279 3204 5334 sibi
3230 5279 3398 5333 Deum
3430 5277 3591 5333 faciet

2011 5365 2334 5435 propitium?
2373 5363 2490 5419 Non
2527 5367 2671 5436 quod
2709 5367 2854 5422 nulla
2897 5370 3163 5438 speranda
3213 5370 3284 5425 sit
3316 5370 3474 5425 venia
3506 5371 3588 5426 eis

2011 5458 2102 5526 qui
2131 5458 2184 5511 in
2208 5457 2390 5512 divino
2415 5467 2641 5528 peccant
2665 5458 2843 5514 ofﬁcio
2869 5477 2885 5515 :
2913 5463 3009 5516 sed
3033 5460 3204 5530 major
3223 5470 3306 5517 est
3329 5476 3512 5532 poena,
3536 5469 3590 5515 et

2013 5549 2216 5604 tardior
2238 5550 2394 5604 venia
2415 5550 2499 5605 bis
2519 5551 2610 5619 qui
2635 5551 2688 5605 in
2717 5551 2880 5608 rebus
2904 5553 3014 5607 Deo
3039 5553 3269 5608 sacratis
3288 5553 3582 5617 ollendunt,

2011 5655 2174 5710 quam
2216 5640 2261 5694 si
2303 5641 2469 5696 verbo
2510 5641 2592 5694 vel
2636 5640 2780 5698 facto
2817 5643 3054 5698 laeserint
3091 5644 3430 5715 prox-imum,
3459 5643 3587 5712 quia

2012 5740 2214 5804 quanto
2249 5731 2420 5800 major
2445 5733 2636 5804 gloria,
2670 5742 2822 5791 tanto
2850 5736 3065 5806 gravior
3085 5734 3288 5791 offensa

2083 5823 2247 5878 Vens.
2276 5822 2366 5876 27.
2397 5853 2463 5863 —-
2493 5821 2672 5878 Patris
2700 5825 2796 5889 tui,
2827 5832 2932 5880 etc.
2962 5825 3169 5891 Aaron,
3200 5825 3423 5881 scilicet.
3455 5823 3587 5891 Quis

2011 5915 2156 5974 enim
2181 5915 2318 5976 alius
2359 5915 2459 5974 fuit
2487 5917 2540 5974 in
2569 5916 2886 5992 Egyptiaca
2911 5918 3199 5984 servitute,
3235 5917 3327 5989 qui
3363 5923 3482 5990 post
3516 5914 3550 5972 li
3584 5942 3590 5948 -
