4006 6352
235 407 345 466 545
1273 396 1554 454 ῦιΟΞΞΑ.
1579 393 1979 454 0RDINARIA.
2021 423 2090 440 -η
2123 394 2256 452 LIB.
2297 393 2318 450 Ι
2358 395 2514 452 REG.
3398 399 3503 455 546

234 516 573 573 berationem
616 511 822 568 electus
863 511 936 567 sit
984 509 1041 565 in
1083 509 1457 566 sacerdotem?
1506 508 1822 578 Quicunque
1847 511 1902 572 Α
1997 507 2160 563 Vens.
2207 508 2297 563 9.0.
2322 539 2394 548 —
2433 509 2480 562 Α
2526 506 2668 563 Dan.
2707 507 2831 580 (ln.)
2878 506 2984 563 Per
3019 507 3278 566 terminos
3303 508 3502 569 Iudaee

234 612 386 667 enim
427 625 493 666 ex
540 606 656 678 ejus
697 620 895 678 genere
943 611 1056 671 est,
1096 619 1222 659 cum
1265 602 1414 657 videt
1457 600 1822 658 sacerdotium

235 701 674 756 Christianorum
700 696 904 768 pollere
923 711 1022 766 per
1049 695 1332 760 mundum,
1366 693 1470 748 sibi
1497 699 1676 747 autem
1703 705 1824 746 esse

235 792 600 857 subtractum,
628 789 813 845 dolore
841 795 896 843 et
923 799 1158 841 maerore
1185 784 1432 840 tabescit.

309 882 476 940 Vens.
523 880 612 935 32.
653 910 724 920 -—
770 875 1070 932 AEmulum.
1113 875 1295 947 (ΗΑΒ.)
1337 873 1589 930 ᾸΕωιιιιιε
1630 871 1822 928 domus

235 974 361 1031 Heli
398 973 524 1038 fuit,
555 970 770 1027 Sadoch
799 969 1076 1034 sacerdos,
1114 968 1228 1038 qui,
1257 965 1468 1036 abiecto
1494 965 1757 1020 Ahiathar
1789 979 1822 1019 a

237 1067 532 1124 Salomone
557 1063 936 1128 sacerdotium,
954 1063 1212 1132 suscepit.
1236 1059 1390 1116 Unde
1415 1078 1428 1114 :
1459 1057 1692 1130 Projecit
1719 1059 1821 1116 Sa-

234 1160 414 1216 lomon
439 1159 694 1212 Abiatltar
718 1173 781 1210 ne
811 1165 941 1210 esset
968 1154 1211 1209 sacerdos
1241 1153 1475 1218 Domini,
1503 1162 1559 1205 ut
1582 1151 1822 1222 implere-

233 1260 328 1305 tur
361 1249 568 1304 verbum
602 1247 846 1311 Domini,
885 1245 1025 1317 quod
1064 1244 1268 1300 locutus
1303 1252 1380 1298 est
1416 1260 1572 1314 super
1606 1243 1818 1296 domum

235 1343 370 1414 Heli
392 1341 514 1414 (III
541 1341 667 1412 Reg.
694 1339 778 1412 ιι).

307 1434 472 1490 Vens.
514 1433 602 1488 35.
637 1463 709 1472 —
745 1428 812 1485 Ut
848 1431 1113 1501 deﬁciant.
1147 1429 1332 1503 (ΒΑΕ.)
1372 1430 1444 1487 Ut
1473 1445 1684 1501 semper
1719 1428 1820 1485 sci-

231 1525 364 1582 licet
393 1526 465 1581 sil.
492 1525 558 1580 de
583 1525 743 1580 domo
767 1524 886 1579 Heli
911 1525 966 1578 in
997 1525 1155 1580 domo
1181 1521 1414 1588 Domini,
1443 1522 1534 1593 qui
1563 1522 1614 1576 in
1642 1521 1820 1593 digni-

233 1622 348 1672 tate
373 1615 662 1672 sacerdotii
688 1614 879 1670 videns
903 1613 1068 1670 alium
1096 1614 1466 1678 substitutum,
1495 1621 1550 1667 et
1571 1627 1630 1666 se
1656 1609 1819 1665 desti-

235 1716 416 1764 tutum
436 1749 451 1774 ,
488 1706 703 1764 deﬁciat
737 1707 922 1762 animo
957 1713 1014 1760 et
1043 1704 1302 1760 tabescat.
1336 1703 1462 1758 Haec
1489 1710 1668 1757 autem
1699 1715 1818 1755 mu-

1923 601 2329 656 universitatem
2356 599 2529 672 plebis
2571 600 3002 671 comprehendit.
3046 599 3165 656 Dan
3184 600 3394 658 viculus
3419 611 3503 659 est

1922 691 1980 748 in
2011 701 2209 764 quarto
2234 709 2264 748 a
2289 693 2540 748 Paneade
2570 692 2846 758 milliario,
2877 691 2971 763 qui
3022 707 3192 763 usque
3217 693 3378 750 hodie
3422 694 3503 750 sic

1920 793 2144 840 vocatur
2173 803 2186 838 :
2218 785 2480 841 terminus
2502 783 2702 840 Iudaeae
2726 785 3020 856 provinciae
3050 793 3240 841 contra
3278 785 3503 856 Septen-

1921 877 2172 944 trionem,
2205 879 2272 933 de
2315 893 2422 948 quo
2459 878 2711 935 Iordanis
2738 894 3029 950 erumpens
3056 895 3088 934 a
3127 879 3248 936 loco
3275 881 3500 937 sortitus

1921 976 2007 1025 est
2030 986 2246 1026 nomen.
2273 970 2372 1027 Jor
2388 972 2588 1044 quippe
2616 971 2836 1028 ﬂuvium
2858 974 2943 1030 vel
2973 975 3147 1030 rivum
3171 973 3386 1030 Hebraei
3407 991 3503 1032 vo-

1922 1069 2068 1116 cant.
2098 1062 2214 1116 Dan
2237 1062 2626 1134 interpretatur
2650 1063 2922 1119 Iudicium
2953 1065 3038 1121 vel
3059 1065 3326 1136 judicans.

1989 1151 2266 1211 Bersabee.
2295 1153 2353 1208 1n
2393 1153 2537 1210 tribu
2585 1153 2720 1210 Juda
2769 1156 2855 1212 vel
2905 1156 3176 1214 Simeonis
3221 1166 3306 1214 est
3349 1157 3503 1214 vicus

1920 1245 2138 1316 grandis
2173 1261 2227 1300 ιιι
2253 1245 2512 1302 vicesimo
2539 1247 2606 1301 ab
2629 1245 2846 1303 Hebron
2871 1248 3147 1317 milliario,
3172 1265 3402 1322 vergens
3432 1249 3502 1305 ad

1919 1336 2219 1393 Austrum:
2263 1339 2318 1394 in
2359 1355 2467 1410 quo
2496 1339 2867 1397 Romanorum
2909 1345 3145 1414 positum
3185 1353 3270 1400 est
3316 1345 3505 1414 praesi-

1921 1429 2070 1485 dium
2101 1449 2114 1484 :
2148 1445 2179 1485 a
2224 1447 2330 1501 quo
2363 1431 2680 1501 insipientes
2711 1434 2929 1489 termini
2973 1434 3172 1491 Iudaeae
3214 1436 3507 1492 tenduntur

1918 1537 2092 1592 usque
2118 1523 2186 1577 ad
2216 1523 2348 1578 Dan.
2376 1521 2486 1579 Nec
2510 1525 2699 1580 mirari
2733 1524 2892 1581 debet
2915 1527 3202 1598 quispiam,
3235 1528 3278 1582 si
3309 1527 3502 1583 civita-

1921 1620 2002 1668 tes
2030 1613 2181 1668 Judae
2205 1613 2260 1668 in
2291 1614 2436 1668 tribu
2479 1614 2748 1672 Simeonis
2791 1616 2876 1671 vel
2918 1615 3199 1686 Benjamin
3244 1617 3500 1688 reperiat.

1920 1703 2116 1759 Tribus
2143 1705 2286 1759 enim
2327 1703 2464 1761 Juda
2506 1705 2664 1762 fortis
2695 1715 2752 1763 et
2778 1707 3032 1764 bellicosa
3062 1725 3204 1780 sape
3242 1710 3500 1764 adversa-

233 1802 370 1856 tatio
397 1799 722 1865 sacerdotii,
747 1798 802 1854 in
835 1797 1051 1854 Christo
1076 1797 1232 1868 plene
1260 1795 1524 1866 completa
1552 1803 1668 1860 est,
1697 1809 1816 1863 quae
1921 1796 2034 1852 rios
2061 1812 2342 1867 superans,
2370 1798 2424 1852 in
2460 1799 2711 1854 omnibus
2739 1799 2985 1855 tribubus
3033 1800 3204 1854 tenuit
3223 1799 3500 1870 principa-

231 1909 264 1949 a
293 1893 547 1950 Samuele
584 1893 815 1966 ﬁgurata
847 1910 860 1946 :
898 1901 1022 1963 post
1053 1889 1360 1946 Samuelem
1392 1889 1536 1944 enim
1562 1887 1816 1943 sacerdo-
1845 1878 1894 1939 B
1921 1893 2056 1956 tum,
2090 1890 2212 1946 ideo
2255 1890 2487 1947 aliarum
2521 1893 2759 1948 tribuum
2795 1900 2974 1949 sortes
3000 1893 3056 1948 in
3102 1891 3219 1962 ejus
3265 1892 3504 1948 funiculo

231 1997 320 2043 tes
353 1987 573 2044 fuerunt
602 1986 671 2042 de
699 2000 898 2058 genere
923 1984 1138 2048 Aaron,
1172 1981 1385 2038 Sodoch
1405 2021 1420 2048 ,
1451 1991 1506 2037 et
1531 1979 1818 2046 Abiathar,
1921 1989 2326 2051 computantur,
2359 1981 2596 2054 alioquin
2625 1984 2682 2040 in
2724 1985 2904 2040 medio
2948 1985 3122 2041 tribus
3147 1983 3299 2042 Judte
3343 1985 3503 2042 habi-

230 2085 288 2134 et
314 2078 404 2131 alii
443 2092 617 2147 usque
653 2077 722 2131 ad
752 2084 965 2146 tempus
991 2073 1213 2130 Christi.

304 2169 469 2225 Vens.
511 2167 602 2222 55.
640 2198 711 2208 —
754 2167 826 2222 Et
867 2167 1118 2222 animum.
1158 2163 1282 2237 (11).)
1325 2162 1441 2221 Non
1477 2163 1642 2218 habet
1674 2162 1820 2218 Deus

232 2262 504 2328 animam,
538 2259 633 2316 sed
672 2259 892 2330 tropice.
917 2259 1113 2314 dicitur
1151 2258 1389 2310 animam
1419 2254 1654 2320 habere,
1685 2263 1816 2320 etc.,

229 2369 396 2423 usque
447 2332 516 2406 ad
553 2351 696 2407 unde
727 2369 741 2405 :
774 2350 842 2404 Et
873 2349 1117 2420 requievit
1152 2348 1338 2402 domus
1374 2345 1544 2401 Israel
1565 2355 1680 2417 post
1707 2345 1817 2399 Do-

230 2445 438 2497 minum
465 2441 514 2514 (1
547 2441 676 2513 Reg.
708 2440 827 2513 vn).

305 2531 470 2588 Vens.
511 2532 599 2586 56.
636 2561 705 2571 —
738 2529 1006 2584 Futurum
1043 2537 1137 2584 est.
1175 2526 1300 2601 (ln.)
1341 2527 1460 2583 Non
1497 2527 1716 2598 proprie
1754 2525 1820 2582 de

232 2622 398 2678 domo
429 2622 548 2677 Heli
573 2622 676 2678 hoc
700 2621 919 2687 dicitur,
945 2621 1040 2677 sed
1067 2620 1134 2674 de
1164 2619 1323 2674 domo
1351 2618 1551 2682 Aaron,
1577 2619 1642 2672 de
1667 2617 1821 2687 cujus

231 2730 435 2786 genere
465 2730 638 2786 usque
668 2714 829 2770 hodie
853 2714 1077 2769 veniunt
1103 2720 1158 2766 et
1184 2718 1591 2768 convertuntur.

305 2806 628 2862 Buccellam.
663 2805 846 2879 (ΗΑΒ.)
870 2803 1035 2859 Panis
1067 2821 1218 2876 quem
1252 2819 1344 2875 ego
1387 2804 1522 2858 dabo
1548 2820 1670 2858 caro
1703 2819 1820 2858 mea

233 2909 306 2953 est
335 2915 431 2968 pro
458 2898 641 2952 mundi
669 2897 773 2952 vita
799 2897 980 2968 (Joan.
1009 2895 1107 2969 v1).
1134 2895 1272 2963 Quia
1294 2896 1505 2950 dixerat
1525 2911 1584 2951 se
1607 2896 1820 2952 dedisse

235 2991 390 3046 cibos
427 2990 609 3046 domui
641 2990 824 3045 Aaron
861 2989 928 3045 de
970 2989 1205 3044 victimis
1243 2989 1442 3044 veteris
1487 2988 1816 3056 testamenti,

235 3097 361 3156 quae
396 3084 615 3143 fuerunt
641 3083 908 3140 sacriﬁcia
938 3080 1269 3150 Judazorum,
1323 3082 1453 3137 dicit
1479 3097 1601 3139 esse
1628 3089 1816 3152 postu-

235 3178 457 3234 landam
496 3177 792 3235 buccellam
832 3177 986 3249 panis
1017 3177 1085 3231 ad
1111 3175 1500 3231 comedendum
1520 3217 1535 3241 ,
1566 3174 1709 3246 quod
1737 3181 1820 3231 est

237 3272 571 3328 sacriﬁcium
597 3272 1032 3330 Christianorum
1060 3281 1114 3327 et
1139 3269 1397 3343 pabulum
1422 3269 1746 3325 animarum.

851 3427 1077 3486 CAPUT
1111 3429 1198 3485 Ill.

313 3543 498 3615 (RAB.,
525 3559 583 3598 in
621 3541 712 3597 lib.
749 3541 902 3614 Reg.)
933 3542 1084 3599 Unde
1121 3543 1179 3598 in
1211 3543 1400 3600 diebus
1428 3543 1535 3600 illis
1569 3559 1677 3601 non
1705 3555 1825 3600 erat

236 3636 380 3691 visio
401 3634 704 3690 manifesta.
733 3633 963 3705 Propter
985 3643 1208 3705 peccata
1229 3635 1374 3690 enim
1402 3634 1583 3706 populi
1607 3643 1664 3690 et
1687 3651 1826 3707 prae-

239 3731 479 3786 latorum
505 3747 612 3785 non
632 3730 928 3801 apparebat
952 3729 1208 3784 Dominus
1235 3745 1332 3799 per
1353 3730 1588 3786 visiones
1615 3730 1701 3786 vel
1728 3745 1828 3801 per

239 3823 513 3894 angelicas
541 3822 920 3893 responsiones
936 3861 950 3887 ,
975 3821 1116 3876 sicut
1143 3820 1386 3891 patribus
1409 3821 1677 3892 apparuit.

314 3915 480 3970 Vens.
513 3916 567 3971 '5.
603 3946 675 3954 —
709 3914 968 3969 Lucerna.
997 3913 1118 3987 (11).)
1149 3912 1280 3980 Quae
1309 3914 1530 3968 ardebat
1556 3914 1610 3969 in
1639 3914 1824 3969 taber-

239 4007 439 4064 naculo
468 4015 592 4062 ante
625 4007 802 4062 lucem
836 4007 961 4061 diei.
991 4005 1103 4061 Sub
1143 4004 1263 4061 luce
1305 4005 1449 4060 enim
1483 4005 1588 4060 diei
1619 4005 1826 4061 exstin-

241 4101 532 4170 guebatur,
555 4099 768 4156 lucebat
793 4106 974 4153 autem
999 4093 1169 4167 usque
1199 4097 1254 4152 in
1283 4111 1474 4163 mane;
1507 4096 1592 4152 vel
1620 4097 1722 4152 hoc
1750 4095 1827 4151 si-

243 4193 502 4267 gniﬁcat,
543 4193 687 4264 quod
726 4191 845 4248 Heli
890 4192 945 4246 in
977 4192 1223 4247 caicitate
1251 4197 1626 4262 permaneret,
1657 4191 1828 4246 donec

246 4285 493 4341 funditus
520 4301 642 4340 cum
674 4282 827 4355 prole
863 4298 957 4339 sua
983 4282 1437 4353 exstingueretur,
1465 4283 1520 4338 id
1544 4289 1628 4338 est
1651 4295 1829 4337 more-

245 4384 423 4432 retur.
736 4385 744 4390 ‘

323 4470 547 4542 Mystice
583 4478 763 4526 autem
819 4467 1034 4524 ctecitas
1072 4465 1190 4523 Heli
1229 4466 1500 4539 signiﬁcat
1531 4467 1826 4523 caecitatem

247 4559 560 4616 Judaeorum
578 4601 595 4626 ,
620 4559 713 4630 qui
742 4567 1065 4629 praesentem
1097 4556 1435 4614 Salvatorem
1460 4573 1582 4612 non.
1598 4573 1830 4628 agnove-

1920 2079 2066 2127 tasse
2093 2071 2408 2130 Simeonem
2433 2073 2717 2147 Scriptura
2743 2075 3073 2132 manifestat.

2532 2228 2761 2288 CAPUT
2807 2230 2900 2289 IV.

1992 2344 2158 2401 Vens.
2192 2345 2338 2399 1.-
2364 2343 2434 2399 Ει
2470 2345 2691 2415 factum.
2735 2344 2928 2412 Israel,
2966 2345 3062 2401 Vir
3086 2345 3274 2402 videns
3310 2346 3497 2411 Deum,

1920 2437 2006 2494 vel
2047 2437 2204 2493 fortis
2250 2453 2374 2494 cum
2423 2437 2558 2506 Deo,
2603 2437 2661 2494 hi
2706 2446 2833 2494 sunt
2880 2439 3179 2495 credentes.
3213 2437 3502 2500 Philistiim

1919 2532 2176 2588 cadentes
2225 2529 2418 2603 poculo
2447 2574 2462 2600 ,
2511 2532 2720 2590 scilicet
2777 2533 3085 2600 daemones,
3148 2535 3240 2604 qui
3292 2537 3487 2607 poculo

1921 2623 2188 2693 superbiae
2235 2623 2488 2679 inebriati
2531 2633 2586 2679 et
2626 2623 2728 2694 ipsi
2785 2625 3116 2693 ceciderunt,
3165 2635 3220 2682 et
3256 2627 3504 2686 homines

1919 2721 2230 2784 pervertere
2264 2711 2545 2770 festinant.
2575 2713 2777 2770 Contra
2808 2729 2944 2786 quos
2968 2715 3156 2783 Israel,
3179 2717 3236 2773 id
3263 2725 3348 2774 est
3373 2719 3508 2774 ﬁde-

1921 2804 2001 2861 les
2029 2821 2098 2862 ne
2123 2807 2338 2872 cedant,
2380 2806 2474 2862 sed
2525 2815 2800 2878 superent,
2857 2816 3312 2865 castrametantur
3348 2809 3507 2880 juxta

1920 2892 2156 2965 lapidem
2183 2894 2459 2964 adjutorii,
2483 2895 2538 2951 id
2563 2905 2648 2952 est
2672 2897 2848 2969 legem
2876 2897 3101 2966 Christi,
3131 2900 3224 2956 ubi
3252 2899 3412 2976 lapis,
3444 2902 3500 2957 id

1922 2997 2006 3044 est
2033 2989 2303 3056 Christus,
2333 2990 2626 3058 invenitur,
2654 2991 2721 3046 de
2755 3007 2863 3062 quo
2894 3011 2906 3045 :
2950 2990 3202 3063 Lapidem
3238 3009 3390 3064 quem
3429 3010 3510 3048 re-

1919 3078 2266 3150 probaverunt
2296 3080 2636 3149 aediﬁcantes.
2686 3081 2794 3137 Sed
2843 3082 2971 3138 dum
3028 3082 3215 3139 ﬁdeles
3268 3083 3322 3138 in
3376 3082 3494 3155 lege

1924 3168 2141 3224 Domini
2169 3170 2524 3238 meditantur,
2565 3180 2626 3227 ut
2668 3171 2838 3228 Deum
2879 3173 3159 3228 inveniant
3177 3171 3505 3242 adiutorem,

1848 3243 1896 3309 (ἶ
1926 3262 2247 3320 ΡΙιὶιίειΙιίἱηι
2284 3275 2530 3322 venerunt
2557 3267 2614 3321 in
2651 3266 2845 3338 Aphec,
2891 3267 2946 3322 id
2994 3275 3079 3323 est
3124 3266 3365 3323 furorem
3411 3283 3508 3322 no-

1923 3373 2072 3426 vum,
2124 3365 2253 3414 tunc
2299 3359 2428 3428 quia
2484 3357 2669 3414 ﬁdeles
2716 3357 2979 3414 immundi
3029 3357 3263 3429 Spiritus
3314 3357 3510 3412 divinis

1921 3451 2130 3529 legibus
2149 3451 2380 3523 amplius
2399 3451 2647 3508 insistere
2661 3451 3022 3522 conspiciunt,
3043 3449 3272 3522 ideoque
3292 3450 3508 3506 acriora

1923 3558 1989 3599 ac
2012 3561 2150 3600 nova
2174 3544 2475 3600 certamina
2511 3553 2853 3610 construunt,
2884 3541 3028 3598 unde
3066 3543 3120 3598 in
3158 3543 3272 3600 suis
3298 3542 3506 3598 viribus

1925 3635 2258 3692 conﬁdentes
2282 3645 2337 3692 et
2355 3637 2408 3691 in
2431 3637 2668 3692 humana
2691 3635 2958 3706 sapientia
2983 3635 3300 3706 gloriantes,
3324 3649 3388 3690 ac
3407 3651 3508 3706 per

1922 3729 2028 3785 hoc
2052 3729 2281 3802 gratiam
2305 3728 2582 3801 Evangelii
2611 3736 3040 3796 contemnentes,
3085 3729 3241 3800 quasi
3271 3736 3508 3800 quatuor

1931 3825 2115 3891 millia,
2147 3825 2408 3880 immundi
2439 3825 2664 3895 spiritus
2683 3823 2842 3880 facile
2865 3833 3237 3896 prosternunt.

1996 3914 2160 3969 Juxta
2192 3914 2438 3984 lapidem.
2471 3914 2635 3986 Lapis
2671 3915 2926 3986 adjutorii
2970 3931 3130 3987 quem
3179 3924 3368 3988 postea
3397 3917 3506 3975 Sa-

1928 4009 2073 4065 muel
2100 4009 2279 4080 posuit
2325 4009 2382 4064 in
2411 4010 2650 4082 signum,
2697 4009 2911 4081 quando
2952 4009 3190 4082 primum
3219 4010 3512 4068 auxiliatus

1929 4111 2013 4158 est
2039 4101 2090 4158 ei
2123 4102 2401 4157 Dominus.

1999 4195 2194 4265 Aphec.
2244 4193 2426 4268 (ΚΑΒ.)
2455 4193 2633 4251 Locus
2667 4202 2752 4251 est
2786 4194 2944 4267 juxta
2967 4194 3146 4252 vicum
3174 4195 3348 4251 Esron
3375 4194 3512 4250 civi-

1930 4287 2060 4342 tatis
2111 4284 2296 4352 lsrael,
2346 4285 2436 4341 ubi
2478 4285 2756 4342 dimicavit
2805 4284 2936 4340 Saul
2973 4287 3029 4340 in
3081 4293 3229 4341 sorte
3256 4285 3412 4352 Aser,
3456 4292 3511 4338 ct

1937 4374 2319 4447 interpretatur
2363 4374 2514 4430 furor
2556 4391 2726 4430 novus
2778 4374 2861 4429 vel
2923 4373 3363 4446 apprehendens;
3413 4375 3503 4444 qui

1932 4469 2076 4524 enim
2103 4468 2238 4522 iram
2261 4467 2473 4524 Domini
2499 4475 2833 4534 meruerunt,
2858 4467 2926 4523 ab
2968 4466 3216 4522 hostibus
3261 4483 3514 4541 compre-

1933 4559 2089 4614 hensi
2111 4569 2254 4615 sunt.

250 4663 402 4721 runt,
417 4669 520 4710 nec
546 4611 807 4723 fulgorem
828 4651 1212 4707 miraculorum
1231 4649 1369 4719 ejus,
1385 4665 1486 4707 nec
1503 4611 1826 4716 doctrinam,
1853 4611 1908 4674 Β
2005 4653 2170 4707 Vens.
2193 4651 2248 4705 4.
2275 4680 2349 4691 —-
2368 4650 2439 4705 Et
2457 4649 2706 4706 tulerunt.
2729 4649 2853 4706 Filii
2878 4649 3046 4708 Israel
3069 4651 3306 4710 tulerunt
3327 4668 3510 4710 arcam

251 4749 426 4804 donec
447 4745 806 4801 sacerdotium
826 4760 947 4800 cum
967 4744 1163 4815 populo
1183 4752 1238 4798 et
1261 4743 1458 4815 templo
1477 4753 1826 4800 everteretur.

325 4840 494 4895 Vens.
545 4839 633 4893 ll.
682 4869 752 4878 -—
796 4836 1059 4892 Tinnient.
1107 4836 1288 4909 (ΗΑΒ.)
1342 4836 1699 4892 Comminatio
1736 4836 1833 4891 Dei

254 4939 340 4988 est
367 4945 528 5001 super
552 4928 668 4984 Heli
689 4937 744 4985 et
767 4943 928 4987 super
951 4929 1169 4984 domum
1196 4925 1332 4996 ejus,
1359 4929 1484 4998 quia
1505 4929 1712 4984 scilicet
1735 4945 1835 5000 pro

253 5033 486 5095 peccato
515 5021 746 5078 ﬁliorum
785 5021 902 5077 Heli
947 5021 1262 5092 privabatur
1293 5021 1598 5077 sacerdotio
1645 5023 1836 5078 domus

257 5114 497 5180 Domini,
549 5115 692 5171 unde
741 5128 900 5169 aures
950 5111 1281 5168 audientium
1348 5112 1576 5168 tinnient
1621 5121 1840 5184 stupore

257 5209 589 5266 vehementi.

335 5302 499 5356 Vens.
517 5299 605 5353 17.
621 5329 694 5342 -
714 5297 865 5354 Ηιεο.
895 5297 1246 5356 Proverbium
1261 5304 1379 5352 erat
1400 5296 1541 5367 apud
1560 5295 1834 5353 Hebraeos.

260 5395 332 5451 Et
375 5402 463 5448 est
489 5407 719 5448 sensus:
761 5389 821 5445 Si
863 5390 1213 5447 absconderis
1259 5388 1392 5444 mihi
1439 5390 1641 5445 malum
1695 5391 1838 5461 quod

261 5485 480 5541 locutus
504 5492 588 5540 est
615 5483 715 5538 tibi
743 5482 1002 5538 Dominus
1029 5482 1096 5537 de
1132 5495 1242 5548 me,
1274 5482 1455 5537 veniat
1492 5496 1654 5552 super
1677 5492 1842 5554 caput

264 5585 442 5632 tuum.

339 5667 508 5724 Vens.
532 5666 764 5724 i8.-——Et
791 5684 914 5722 non.
946 5665 1128 5738 (ﬁam,
1154 5666 1211 5720 in
1235 5665 1327 5720 lib.-
1359 5663 1514 5738 Reg.)
1541 5664 1678 5733 Quia
1707 5667 1842 5723 nihil

265 5776 338 5817 ex
358 5759 446 5815 his
470 5775 588 5830 quae
601 5759 812 5814 locutus
840 5765 924 5813 est
950 5757 1226 5821 Dominus,
1255 5768 1387 5824 etc.,
1411 5774 1571 5828 usque
1595 5759 1664 5813 ad
1695 5768 1841 5815 certa

268 5867 441 5910 causa
469 5851 714 5909 utilitatis
740 5865 927 5911 eorum
966 5850 1070 5906 hoc
1097 5850 1344 5906 faciebat.

1932 4743 2026 4800 ubi
2051 4751 2206 4814 capta
2233 4751 2334 4798 est.
2374 4741 2443 4796 Et
2467 4740 2652 4798 ﬁdeles
2695 4756 2763 4797 ex
2808 4741 3008 4799 Iudaeis
3037 4743 3142 4800 duo
3187 4751 3510 4801 testamenta

1937 4837 2005 4894 ad
2029 4845 2215 4908 gentes
2247 4835 2663 4892 transtulerunt.

2010 4927 2246 4984 Sedentis
2297 4945 2470 4997 super.
2523 4925 2728 4982 Tabula
2773 4926 2918 4983 enim
2962 4936 3081 4984 erat
3127 4944 3290 5001 super
3331 4943 3515 4983 arcam

1940 5034 2103 5090 quam
2166 5019 2520 5090 protegebant
2566 5016 2846 5073 Cherubin
2911 5017 3034 5085 alis,
3083 5019 3175 5074 ubi
3224 5017 3519 5088 apparebat

1947 5111 2206 5166 Dominus
2232 5126 2328 5182 per
2352 5108 2599 5179 angelum
2626 5117 2680 5164 et
2727 5109 3068 5178 loquebatur.
3099 5110 3369 5166 Cherubin
3401 5109 3514 5180 ple-

1944 5205 2132 5260 nitudo
2167 5204 2428 5268 scientiaz,
2463 5218 2582 5274 quae
2616 5201 2671 5257 in
2694 5201 2910 5259 Christo
2937 5210 2993 5259 et
3023 5201 3077 5257 in
3105 5202 3310 5258 duobus
3353 5211 3520 5258 tcSta-

1943 5295 2144 5352 mentis
2170 5295 2459 5349 invenitur.

2016 5387 2178 5444 Vens.
2211 5388 2264 5442 5.
2295 5418 2363 5428 -—
2385 5383 2644 5441 Clamore.
2678 5383 2894 5441 Clamor
2927 5384 3148 5456 grandis
3185 5398 3289 5440 vox
3325 5381 3520 5454 praedi-

1948 5491 2192 5539 catorum
2237 5482 2492 5538 roborata
2521 5479 2798 5537 miraculis
2827 5494 2894 5536 ex
2931 5479 3139 5535 duobus
3181 5478 3389 5550 prolata
3437 5485 3518 5532 te-

1946 5575 2247 5633 stamentis.

2019 5667 2086 5721 Et
2126 5664 2409 5737 personuit.
2439 5663 2486 5717 A
2513 5678 2642 5719 voce
2669 5660 3068 5734 praedicationis
3107 5643 3376 5731 sapientes
3415 5673 3515 5712 ste-

1949 5761 2076 5826 culi,
2127 5761 2398 5815 daemones
2440 5771 2654 5828 quoque
2685 5755 3088 5827 ingemuerunt,
3135 5755 3413 5811 credentes
3457 5766 3518 5808 se

1951 5851 2212 5922 superari.
