4006 6352
379 358 489 416 54⁵1

876 360 1266 450 WALAFRIDI
1307 365 1550 422 STRABI
1589 367 1792 424 FULD.
1836 367 2005 425 MON.
2046 368 2201 426 OPP.
2244 369 2426 428 PARS
2464 372 2506 426 Ι.
2544 401 2615 414 -—--
2654 373 3106 432 THEOLOGICA.

3527 381 3636 438 548

451 482 613 539 Vens.
637 489 690 543 8.
721 514 792 526 —
817 486 895 539 De
923 502 1103 540 manu.
1144 485 1312 542 Judaei
1339 503 1505 542 unum
1547 487 1717 543 Deum
1743 487 1946 552 colunt,
1977 491 2028 550 Α
2051 486 2158 543 illis
2197 489 2362 545 etiam
2398 491 2703 547 nolentibus
2745 494 2968 559 cadunt,
3019 493 3145 563 quia
3175 495 3350 549 omnis
3389 511 3517 550 caro
3556 497 3638 566 fe—

377 575 470 629 sed
497 581 682 644 gentes
704 588 802 628 suo
829 590 981 630 more
1004 575 1316 646 loquuntur.

2053 595 2196 634 num.
2228 580 2368 635 Area
2413 591 2595 638 autem
2639 593 2826 640 manet
2849 586 2905 640 in
2931 593 3214 652 aeternum,
3246 590 3500 643 secur'um
3526 589 3635 647 sei-

448 667 611 722 vns.
648 667 735 720 11.
761 697 833 706 -
859 667 928 721 Et
963 685 1108 726 arca.
1161 669 1303 724 Ama
1334 671 1402 726 ab
1433 671 1748 744 alienigenis
1793 680 1951 744 capta
2049 667 2177 723 licet
2223 679 2602 728 testamentum
2653 677 2804 746 regni
2856 677 3138 745 ctelorum,
3181 679 3271 733 ubi
3300 688 3386 735 est
3405 682 3633 740 verbum

371 764 758 814 testamentum
787 759 853 814 ad
874 770 1060 830 gentes
1085 764 1438 818 transiturum
1466 763 1756 835 signiﬁcat.

446 847 612 904 Vens.
667 847 754 904 15.
801 879 869 890 -
913 849 1163 922 Cumque.
1198 851 1378 925 (11111.)
1411 853 1536 909 Haec
1566 854 1833 924 Josephus
1876 855 1948 910 ita

372 937 556 1005 refert,
587 947 717 1006 etc.,
745 957 908 1012 usque
926 942 994 996 ad
1014 957 1081 996 ex
1119 943 1280 998 domo
1321 943 1566 1004 Eleazari
1589 946 1772 1003 denuo
1801 961 1948 1004 recev

370 1040 585 1100 perunt.

441 1119 605 1178 Vens.
635 1121 722 1178 18.
747 1152 821 1168 .-—
838 1121 1052 1178 Cecidit.
1076 1123 1148 1179 Et
1174 1134 1363 1182 ruente
1383 1125 1500 1183 Heli
1523 1127 1591 1182 de
1609 1127 1741 1182 sella
1765 1129 1944 1198 ponti-

367 1211 486 1267 ncis
517 1213 674 1269 sedes
700 1223 942 1271 remanet
976 1231 1168 1284 vacua,
1194 1225 1250 1273 et
1281 1218 1454 1290 gloria
1479 1221 1825 1276 sacerdotum
1857 1229 1944 1278 est

365 1305 654 1360 exstincta.

437 1395 700 1453 Mortuus.
744 1398 968 1456 Moritur
1007 1401 1146 1469 Heli,
1195 1404 1505 1466 moriuntur
1549 1414 1604 1462 et
1651 1406 1769 1475 ﬁlii,
1813 1407 1940 1479 quia

363 1487 544 1544 deﬁcit
561 1491 907 1560 pontiﬁcatus
931 1508 1054 1550 cum
1075 1497 1378 1553 sacerdotio
1397 1499 1587 1554 veteri.

433 1581 594 1637 Vens.
624 1583 710 1638 19.
742 1614 812 1626 --
841 1583 1008 1640 Uxor.
1055 1587 1202 1643 Uxor
1229 1589 1528 1652 sacerdotis
1557 1606 1663 1646 non
1692 1598 1820 1646 ante
1860 1593 1940 1646 in-

361 1672 524 1736 teriit,
557 1689 720 1745 quam
760 1677 937 1732 virum
980 1681 1230 1750 peperit;
1265 1695 1365 1735 nec
1405 1697 1678 1755 synagoga
1707 1699 1774 1739 ex
1823 1693 1939 1741 toto

357 1761 565 1820 interiit
613 1773 900 1838 antequam
942 1771 1221 1840 primitivo
1265 1772 1500 1830 ecclesia
1543 1789 1665 1846 quae.
1701 1791 1769 1832 ex
1818 1776 1936 1848 ipsa

357 1863 476 1910 erat
509 1857 760 1914 credidit.

430 1947 593 2004 Vens.
625 1947 715 2004 20.
751 1977 824 1992 -—
875 1947 944 2004 In
985 1966 1118 2020 ipso.
1167 1951 1413 2008 Evidenti
1459 1953 1614 2026 signo
1651 1953 1934 2027 ﬁguratur,

357 2040 486 2110 quia
509 2041 778 2097 exstincto
801 2041 1006 2098 carnali
1029 2045 1337 2102 sacerdotio
1372 2045 1702 2114 Iudaeorum,
1732 2051 1937 2105 exstin-

353 2133 535 2202 guitur
555 2133 788 2189 carnalis
817 2150 1088 2208 synagoga
1113 2151 1234 2210 quae
1281 2139 1331 2194 ei
1367 2140 1666 2197 carnaliter
1691 2143 1936 2200 adhaere-

351 2226 464 2280 bat.

422 2313 506 2370 Ne
555 2315 761 2372 timeas.
817 2316 1120 2376 Credentes
1167 2337 1496 2395 synagogam
1551 2327 1930 2397 consolantur,

350 2405 448 2462 sed
482 2407 777 2478 desperans
821 2411 1047 2468 minime
1091 2415 1497 2482 animadvertit,
1548 2433 1649 2475 nec
1693 2422 1932 2478 sobolem

347 2512 542 2556 novam
577 2501 797 2572 deputat
813 2503 1022 2576 gloriae,
1047 2506 1145 2562 sed
1186 2508 1526 2580 ignominiaa.
1563 2513 1718 2571 Unde
1752 2517 1932 2586 sequi-

348 2596 438 2644 tur
462 2607 477 2644 :

409 2605 477 2644 r:

373 2605 581 2738 tlVens.
606 2683 695 2739 21.
721 2715 795 2732 -ο
817 2685 889 2742 Et
919 2691 1138 2744 vocavit.
1170 2688 1412 2758 Cabbod,
1449 2695 1642 2764 gloria;
1676 2697 1922 2764 lcabhod,

346 2773 542 2830 cecidit
565 2775 759 2860 gloria.
792 2779 1076 2836 Translata
1102 2791 1187 2838 est
1206 2783 1352 2838 enim
1398 2785 1569 2856 gloria
1595 2799 1753 2860 capta
1775 2808 1924 2861 arca,

343 2866 486 2922 unde
517 2885 530 2922 :
563 2869 847 2939 Auferetur
861 2890 899 2927 α
919 2874 1063 2928 vobis
1091 2890 1307 2944 regnum
1328 2874 1448 2942 Dei,
1473 2886 1522 2932 et
1547 2879 1764 2936 dabitur
1785 2886 1927 2954 genti

343 2956 557 3026 facienti
579 2959 783 3030 fructus
803 2964 939 3034 ejus.

955 3101 1186 3168 CAPUT
1237 3107 1302 3164 V.

415 3231 576 3288 Vens.
607 3234 659 3288 1.
687 3264 761 3280 --
779 3235 968 3310 (nam,
993 3240 1082 3294 ubi
1118 3243 1326 3318 supra.)
1351 3246 1480 3314 Quae
1501 3256 1557 3303 et
1580 3247 1775 3315 Asdor,
1807 3265 1916 3305 una

338 3322 406 3412 de
431 3323 672 3395 quinque
703 3327 928 3384 urbibus
961 3329 1394 3405 Palaestinorum,
1443 3341 1661 3396 decreta
1697 3343 1917 3412 quidem

334 3411 498 3468 tribui
523 3412 693 3481 Judm,
721 3419 816 3473 sed
837 3433 945 3474 non
981 3429 1212 3490 retenta,
1245 3428 1372 3496 quia
1419 3445 1526 3483 non
1567 3411 1743 3500 potuit
1782 3432 1922 3488 indi-

333 3517 500 3573 genas
551 3507 837 3576 expellere.
895 3509 1316 3588 lnterpretatur_
1335 3528 1519 3575 autem
1575 3522 1711 3592 ignis
1746 3523 1917 3592 patris

332 3594 416 3648 vel
462 3596 786 3654 incendium.
827 3599 973 3658 Bene
1023 3613 1202 3661 autem
1255 3608 1334 3664 sic
1363 3621 1588 3666 vocatur
1639 3613 1789 3668 locus
1825 3615 1915 3669 ubi

332 3695 450 3742 erat
477 3687 680 3744 idolum
711 3690 921 3762 Dagon,
963 3696 1092 3765 quia
1135 3701 1401 3760 adventus
1433 3718 1576 3758 arae
1601 3705 1656 3757 in
1681 3704 1913 3762 Azotum

331 3787 452 3833 erat
486 3779 791 3842 incendium
819 3784 1040 3854 diaboli,
1069 3792 1241 3859 patris
1278 3795 1522 3849 omnium
1565 3796 1913 3852 inimicorum

333 3873 416 3927 vel
446 3873 775 3943 iniquorum.
803 3880 1007 3950 Dagon,
1037 3885 1132 3952 qui
1154 3886 1542 3955 interpretatur
1565 3889 1721 3958 piscis
1752 3893 1916 3944 tristi-

331 3963 438 4028 tiw,
471 3964 740 4035 signiﬁcat
785 3971 1059 4030 diabolum
1101 3977 1194 4045 qui
1237 3977 1296 4032 in
1347 3981 1482 4034 mari
1531 3981 1688 4049 hujus
1729 3984 1912 4042 SiBClllli

329 4055 552 4110 devorat
581 4069 908 4128 peccatores,
939 4066 1029 4133 qui
1061 4075 1115 4120 et
1156 4067 1210 4121 in
1240 4067 1340 4124 Job
1367 4069 1664 4127 Leviathan
1688 4084 1746 4128 et
1775 4075 1914 4130 Bee-

328 4148 480 4202 moth
511 4162 858 4221 nuncupatur
889 4153 1032 4226 (Job.
1060 4156 1173 4228 111).

397 4241 641 4298 Acetum.
679 4243 854 4300 Locus
884 4255 966 4302 est
991 4248 1045 4302 in
1073 4265 1179 4319 quo
1207 4251 1385 4319 posuit
1425 4252 1643 4309 Samuel
1675 4256 1909 4327 lapidem

327 4327 380 4398 (Ι
417 4328 542 4400 Reg.
578 4329 697 4403 vn),
725 4333 867 4388 sicut
896 4335 949 4390 in
996 4341 1350 4407 sequentibus
1375 4343 1800 4402 demonstratur.

396 4419 558 4474 Vens.
583 4421 640 4474 4.
669 4451 741 4462 --
765 4422 954 4495 Caput.
997 4426 1258 4498 Superbia
1295 4432 1514 4500 diaboli,
1564 4437 1655 4505 qui
1687 4449 1772 4492 est
1801 4439 1910 4494 ini-

328 4509 462 4563 tium
491 4513 669 4568 omnis
697 4517 901 4584 peccati
927 4516 1125 4587 (Eccle.
1161 4519 1239 4592 x).

2049 760 2146 816 Dei
2171 762 2225 816 in
2249 773 2533 819 aeternum.

2121 855 2281 908 Vens.
2311 856 2366 910 8.
2399 887 2470 899 --
2493 857 2951 916 Circmducatur.
2987 862 3058 918 Ut
3085 865 3130 919 si
3166 880 3494 938 quocunque
3518 878 3628 935 eat,

2045 948 2321 1014 percussio
2369 950 2677 1016 comitetur,
2734 953 2972 1010 sciamus
3010 971 3132 1012 esse
3181 957 3391 1028 plagam
3442 976 3473 1015 a
3518 959 3630 1018 Deo

2044 1039 2188 1105 quod
2237 1039 2513 1097 voluntate
2561 1043 2654 1097 Dei
2705 1045 2934 1101 consilio
2969 1062 3160 1102 eorum
3205 1059 3385 1106 actum
3411 1061 3516 1120 est,
3567 1061 3630 1108 ut

2043 1125 2199 1199 plaga
2251 1133 2552 1188 communis
2593 1142 2759 1200 esset,
2823 1136 3082 1206 quoniam
3123 1139 3281 1211 culpa
3323 1144 3627 1200 communis

2042 1229 2183 1275 erat.

2660 1318 2889 1377 CAPUT
2921 1320 3010 1378 VI.

2111 1446 2275 1505 Vens.
2304 1451 2695 1526 5.—Quinque
2718 1472 2846 1511 anas
2870 1473 3078 1524 aureos,
3106 1465 3211 1513 etc.
3241 1457 3424 1530 (BAL)
3449 1458 3617 1528 Quin-

2040 1555 2144 1610 que
2182 1542 2268 1595 ani
2297 1544 2469 1612 aurei,
2521 1553 2650 1613 etc.,
2702 1564 2862 1618 usque
2901 1548 2971 1602 ad
2997 1557 3082 1612 est
3135 1549 3357 1626 tristitia
3413 1567 3536 1607 vera
3567 1561 3621 1608 et

2041 1632 2298 1690 sterilitas
2330 1646 2614 1706 perpetua.

2107 1722 2271 1778 Vens.
2296 1725 2348 1778 '7.
2379 1755 2450 1766 —
2476 1723 2803 1782 Plaustrum.
2859 1726 3004 1785 Crux
3029 1727 3259 1802 Christi,
3311 1745 3439 1787 arca
3464 1748 3616 1788 sacra

1965 1853 2012 1914 Β
2041 1813 2346 1886 Scriptura.

2113 1905 2260 1961 Duas
2304 1923 2504 1964 vaccas.
2545 1908 2693 1981 (lsm.
2729 1909 2962 1982 )Vaccae
2987 1928 3170 1968 arcam
3192 1924 3465 1992 gestantes
3494 1931 3618 1973 san-

2041 2005 2157 2054 ctos
2185 2000 2507 2071 signiﬁcant,
2562 2001 2652 2072 qui
2685 2003 2882 2062 saeculo
2912 2007 3243 2074 renuntiant,
3287 2010 3380 2084 qui
3411 2009 3614 2065 nullum

2039 2091 2218 2147 delicti
2262 2102 2546 2149 traxerunt
2579 2096 2788 2172 jugum.
2841 2096 2992 2153 Sicut
3023 2099 3165 2156 enim
3215 2117 3396 2157 vacca:
3425 2102 3614 2157 vitulo-

2036 2201 2159 2240 rum
2208 2185 2399 2242 aﬁ‘ectu
2447 2204 2478 2242 a
2508 2199 2658 2245 recto
2689 2189 2886 2246 itinere
2914 2207 3020 2246 non
3044 2192 3281 2262 deviant,
3335 2195 3413 2250 sic
3441 2198 3616 2253 sancti

2034 2285 2219 2349 patres
2258 2279 2352 2334 tali
2384 2277 2577 2338 aﬂ'ectu
2605 2297 2636 2336 a
2661 2282 2802 2338 bono
2827 2285 3104 2356 proposito
3133 2301 3240 2342 non
3269 2287 3598 2343 exorbitant.

2106 2369 2270 2426 Vens.
2304 2370 2488 2425 12.—
2533 2371 2666 2438 Qua:
2688 2373 2854 2440 ducit,
2905 2384 3011 2430 etc.
3049 2364 3229 2450 (1⁷1111.)
3269 2378 3364 2434 Via
3409 2379 3612 2434 scilicet

2032 2461 2180 2530 regia
2202 2470 2392 2520 euntes
2409 2461 2740 2528 Bethsames,
2774 2463 2826 2518 id
2852 2472 2953 2530 est,
2986 2465 3042 2520 in
3074 2466 3292 2522 domum
3318 2467 3471 2535 solis,
3501 2483 3616 2524 cte-

2029 2550 2218 2608 lestem
2286 2554 2492 2611 scilicet
2551 2553 2886 2625 Jerusalem,
2934 2556 3027 2611 ubi
3073 2571 3291 2628 semper
3344 2557 3492 2620 lucet
3533 2559 3611 2616 sol

2024 2642 2271 2712 justitiae.

2107 2735 2428 2795 Bethsames.
2478 2739 2601 2813 (11).)
2651 2739 2856 2798 Civitas
2881 2748 2964 2798 est
2991 2741 3342 2802 sacerdotalis
3384 2744 3437 2800 in
3468 2745 3610 2802 tribu

2027 2833 2330 2903 Beniamin,
2360 2849 2480 2904 quae
2510 2848 2679 2904 usque
2703 2833 2864 2890 hodie
2902 2843 3236 2894 monstratur
3262 2837 3328 2892 de
3359 2837 3613 2894 Eleuthe-

2025 2927 2196 3000 ropoli
2223 2927 2570 3000 pergentibus
2597 2925 2915 2996 Nicopolim,
2968 2929 3022 2986 in
3051 2929 3118 2984 10
3145 2929 3394 2992 milliaria
3420 2941 3609 2990 contra

2025 3019 2299 3076 Orientem
2329 3037 2340 3075 :
2373 3020 2541 3074 altera
2574 3018 2893 3076 Bethsames
2934 3032 3017 3078 est
3043 3023 3100 3080 in
3129 3023 3273 3082 tribu
3299 3023 3606 3096 Nephthali,

2024 3111 2080 3170 in
2111 3127 2214 3181 qua
2243 3126 2591 3184 permansere
2619 3111 2856 3168 cultores
2881 3113 3108 3186 antiqui.

1943 3217 1991 3282 ρ
2095 3202 2256 3259 Vens.
2284 3204 2370 3258 15.
2428 3233 2498 3243 -
2545 3202 2614 3257 Et
2656 3219 2759 3258 non
2791 3202 2935 3277 (10.).
2982 3203 3038 3258 ld
3072 3212 3176 3272 est,
3225 3220 3326 3262 nec
3378 3205 3606 3262 extolle-

2023 3295 2221 3351 bantur
2247 3296 2543 3364 prosperis,
2569 3303 2697 3360 etc.,
2732 3312 2894 3366 usque
2917 3296 2986 3350 ad
3012 3297 3083 3351 sit
3113 3297 3166 3351 in
3190 3295 3314 3353 ﬁetu
3357 3300 3604 3354 remissa.

2092 3383 2413 3437 Betltsames.
2465 3383 2666 3438 Domus
2684 3384 2835 3444 solis.
2895 3385 3023 3442 111Βο
3051 3397 3134 3442 est
3168 3387 3406 3443 Ecclesia
3436 3404 3468 3442 a
3493 3388 3608 3444 sole

2014 3478 2238 3549 iustitia:
2281 3477 2563 3532 illustrata.
2639 3477 3000 3534 Bcthsamitas
3047 3479 3100 3536 in
3141 3480 3280 3538 valle
3332 3481 3605 3538 frumenta

2018 3581 2246 3637 metere,
2299 3581 2382 3630 est
2431 3573 2678 3629 doctores
2713 3572 2970 3628 Ecclesiae
3016 3589 3286 3630 annonam
3315 3576 3464 3630 verbi
3508 3576 3602 3631 Dei

2019 3663 2072 3718 in
2107 3663 2409 3718 humilitate
2440 3672 2692 3718 tractare.
2746 3663 2908 3734 Lapis
2937 3663 2992 3718 in
3038 3680 3166 3734 agro
3214 3663 3396 3730 Josue,
3450 3664 3605 3720 Chri-

2019 3766 2133 3813 stus
2158 3757 2211 3812 in
2235 3757 2475 3812 Ecclesia
2519 3773 2634 3810 sua.
2687 3755 2854 3827 Ligna
2903 3755 3148 3825 plaustri,
3205 3774 3338 3813 crux
3376 3756 3598 3813 Christi.

2018 3850 2224 3904 Vaccas
2271 3864 2433 3917 super
2479 3847 2709 3917 lapidem
2766 3848 3066 3912 immolare,
3117 3858 3200 3904 est
3248 3863 3539 3906 conversos
3570 3865 3600 3904 a

2017 3937 2213 3993 51001110
2239 3938 2292 3992 in
2329 3937 2529 3992 Christi
2559 3936 2858 3992 imitatione
2886 3938 3237 3994 mortiﬁcarc.

2086 4032 2251 4088 Vens.
2287 4031 2370 4086 l7.
2403 4031 2687 4085 —Azotus
2725 4048 2904 4084 unum.
2966 4030 3241 4103 (HIERON.,
3279 4032 3369 4086 ubi
3393 4033 3596 4106 supra.)

2017 4125 2270 4194 Quinque
2296 4139 2428 4178 auos
2470 4132 2524 4176 et
2560 4122 2798 4192 quinque
2825 4137 3027 4186 mures,
3083 4123 3323 4194 quinque
3351 4125 3598 4179 civitates

2018 4217 2300 4272 dederunt.
2369 4213 2612 4281 Reliquae
2660 4225 2841 4267 autem
2901 4214 3146 4268 civitates
3199 4217 3596 4284 provinciarum

2015 4315 2070 4360 et
2107 4305 2246 4360 villae
2295 4320 2414 4375 quae
2459 4313 2616 4359 erant
2661 4305 2865 4373 absque
2919 4320 3093 4370 muro,
3140 4321 3320 4360 mures
3364 4316 3596 4378 tantum,

2015 4397 2197 4450 unde:
2253 4395 2329 4447 Ab
2374 4393 2499 4447 urbe
2541 4403 2748 4448 murata
2802 4409 2964 4464 usque
3007 4394 3076 4446 ad
3107 4393 3282 4447 villam
3327 4411 3443 4464 qua?
3484 4405 3596 4450 crat

2015 4487 2206 4557 absque
2227 4502 2396 4550 muro,
2437 4493 2543 4539 etc.
3466 4479 3476 4496 ⁸

397 4600 585 4672 Super.
647 4582 836 4680 (11111.)
887 4582 1075 4670 Finem
1126 4582 1449 4683 pratﬁnitum
1515 4619 1804 4690 signiﬁcat,
1853 4624 1907 4678 in

2083 4595 2248 4650 Vens.
2281 4596 2366 4650 18.
2402 4625 2471 4634 -
2509 4594 2656 4650 Abel.
2709 4593 2908 4650 Civitas
2933 4604 3016 4650 est
3057 4597 3112 4650 in
3145 4597 3378 4652 termino
3407 4597 3594 4666 Israel,

325 4710 432 4764 quo
461 4708 700 4754 cessaret
729 4701 1055 4758 idololatria.
1081 4703 1267 4762 Limen
1293 4707 1440 4762 enim
1487 4709 1611 4766 ﬁnis
1639 4721 1724 4768 est
1749 4713 1909 4769 itine-

325 4790 423 4846 ris.
463 4815 470 4820 -

393 4883 558 4938 Vens.
589 4884 644 4940 5.
668 4915 738 4926 ——
766 4885 1021 4944 Truncus.
1069 4891 1302 4948 Dareum
1347 4903 1553 4950 tantum
1587 4897 1908 4953 invenerunt

322 4974 510 5028 fractis
543 4976 796 5032 omnibus
840 4980 1117 5048 membris,
1165 4985 1310 5051 quod
1357 4985 1673 5041 idololatria:
1724 4988 1906 5056 fugam

322 5066 597 5135 exprimit.
629 5067 732 5133 Qui
755 5069 896 5124 enim
923 5069 1078 5141 fugit,
1103 5074 1324 5130 dorsum
1351 5077 1446 5132 dat
1468 5078 1696 5149 fuganti,
1719 5080 1862 5135 unde
1885 5097 1900 5134 :

323 5157 586 5224 Quoniam
609 5177 768 5231 pones
789 5178 875 5218 eos
905 5165 1120 5220 dorsum
1145 5167 1318 5238 (Psat.
1359 5168 1474 5241 xx).

397 5245 555 5303 Vens.
607 5250 734 5304 7.—
761 5250 824 5306 Et
867 5271 979 5321 per.
1013 5257 1114 5320 Qui
1162 5266 1546 5315 testamentum
1590 5262 1684 5319 Dei
1733 5268 1904 5323 susci-

317 5337 474 5407 piunt
489 5348 550 5398 et
573 5343 873 5410 posteriora
899 5345 1060 5414 hujus
1082 5347 1207 5403 vitae
1235 5349 1484 5421 diligunt,
1511 5369 1579 5408 ex
1605 5356 1738 5425 ipsis
1756 5356 1902 5425 juste

319 5431 376 5486 in
415 5433 716 5501 posteriora
749 5435 1159 5502 cruciabuntur,
1210 5455 1333 5508 quae
1379 5441 1577 5500 debent
1627 5448 1899 5506 aestimare

317 5522 461 5578 sicut
509 5533 772 5580 stercora.
827 5526 929 5592 Qui
972 5527 1115 5582 enim
1171 5538 1552 5595 testamentum
1603 5537 1702 5592 Dei
1745 5556 1901 5596 assu-

318 5624 492 5681 munt,
531 5625 587 5671 et
620 5617 675 5670 in
716 5616 1020 5686 posteriora
1065 5620 1434 5692 respicientes,
1461 5629 1630 5682 veteri
1671 5645 1729 5686 se
1755 5633 1900 5687 vani~

319 5714 430 5762 tate
455 5723 560 5762 non
589 5707 814 5772 exuunt,
847 5709 1048 5766 similes
1087 5723 1212 5768 sunt
1252 5715 1331 5770 eis
1372 5717 1464 5786 qui
1511 5735 1692 5775 arcam
1726 5730 1896 5777 testa-

318 5799 481 5853 menti
516 5800 668 5868 juxta
719 5803 857 5856 idola
884 5819 977 5857 sua
1018 5820 1328 5874 posuerunt.
1372 5811 1433 5865 Et
1463 5823 1647 5868 vetera
1672 5816 1892 5885 quidem

2012 4704 2132 4758 qua:
2179 4696 2306 4742 ante
2346 4687 2662 4743 Bcthsames
2688 4694 2896 4750 vocata,
2951 4703 3092 4742 nunc
3143 4697 3369 4744 vocatur
3415 4689 3592 4746 Abel:

2012 4783 2097 4838 vel
2139 4790 2361 4852 propter
2405 4781 2604 4836 luctum
2662 4795 2824 4849 super
2872 4763 3004 4839 viris
3046 4780 3467 4838 Belbsamitibus
3518 4783 3594 4840 ibi

2011 4875 2240 4940 factum,
2295 4873 2377 4928 vel
2413 4882 2634 4943 propter
2657 4873 3051 4928 distinctionem
3089 4874 3392 4948 civitatis‘a
3425 4875 3594 4934 Beth-

2010 4982 2185 5032 maca,
2245 4965 2310 5020 de
2341 4979 2443 5035 qua
2468 4963 2786 5022 exclamavit
2828 4963 3012 5018 mulier
3064 4964 3282 5034 sapiens
3317 4968 3384 5020 ad
3413 4966 3589 5022 Joab:

2012 5059 2116 5125 Qui
2149 5059 2494 5128 interrogant,
2546 5051 2861 5126 interrogent
2893 5057 2949 5110 in
2980 5056 3140 5112 Abela
3179 5057 3268 5128 (II
3301 5057 3430 5130 Reg.
3469 5059 3585 5132 xx).

2099 5174 2258 5229 Vens.
2292 5174 2378 5228 19.
2409 5203 2480 5213 -
2508 5170 2794 5239 Percussit,
2836 5183 2942 5229 etc.
2976 5175 3076 5242 Qui
3123 5193 3246 5231 cum
3277 5195 3383 5235 non
3407 5193 3591 5238 essent

2005 5268 2230 5333 Levita,
2264 5269 2382 5322 ausi
2412 5276 2536 5322 sunt
2560 5267 2744 5324 videre
2779 5283 2986 5325 arcam.
3025 5270 3144 5326 Hoc
3181 5289 3253 5328 ne
3277 5283 3588 5343 pateretur,

2006 5359 2060 5414 in
2085 5359 2274 5414 Exodo
2305 5358 2533 5428 populus
2559 5357 2718 5430 longe
2745 5361 2948 5423 stabat.
3002 5360 3148 5418 solus
3171 5362 3380 5435 Moyses
3401 5380 3592 5421 ascen-

2009 5451 2089 5506 dit
2109 5451 2176 5505 ad
2195 5449 2504 5508 Dominum.
2531 5448 2818 5518 Percussit,
2843 5460 2946 5508 etc.
2979 5453 3257 5528 (1111111011.)
3273 5456 3332 5510 111
3358 5455 3592 5514 Hebraeo

2007 5545 2271 5600 habetur:
2308 5544 2374 5597 Et
2395 5546 2647 5615 percussit
2679 5546 2742 5599 de
2768 5546 2959 5616 papula
2982 5549 3310 5619 septuaginta
3337 5551 3474 5605 viros
3497 5561 3588 5605 ad

2006 5634 2380 5705 quinquaginta
2393 5635 2558 5688 millia
2579 5637 2740 5700 uiros,
2755 5637 3097 5708 septuaginta
3122 5640 3288 5701 viros,
3312 5640 3542 5710 jutﬁces.

2077 5727 2394 5798 (8119111110.)
2425 5727 2633 5784 Hebraei
2655 5727 2864 5794 dicunt,
2919 5730 3046 5784 nulli
3081 5731 3274 5788 licebat
3317 5732 3588 5790 detectam

2004 5819 2188 5874 videre
2224 5834 2404 5874 arcam
2433 5820 2536 5874 nisi
2561 5820 2806 5887 pontiﬁci
2836 5837 2849 5876 :
2897 5825 3137 5887 percussi
3165 5839 3294 5894 ergo
3329 5833 3478 5890 sunt,
3515 5840 3585 5879 eo
