4006 6352
413 329 520 389 διο

1242 310 1251 315 ’
1354 371 1387 403 ,
1439 330 1708 389 οιοεδΑ
1745 332 2143 395 OBDINARIA.
2186 364 2256 374 -
2292 332 2425 395 me
2460 335 2483 391 I
2520 335 2682 395 nec.

410 438 554 514 quod
590 428 796 512 indigni
838 447 1048 507 essent,
1106 439 1193 497 vel
1234 440 1450 514 indigne
1493 444 1869 512 accessissent,
1907 443 1991 503 vel
2015 444 2075 507 Δ
2164 443 2325 500 Vens.
2375 445 2461 500 ll.
2502 476 2574 487 —
2607 446 2853 513 Betcbar.
2907 449 3031 525 (In.)
3078 451 3284 517 Domus
3327 457 3620 530 agnitionis
3649 503 3666 531 ,

408 548 519 593 non
554 530 922 591 custodissent
961 547 1164 589 arcam.

478 622 645 681 Vsus.
703 622 794 678 2i.
842 654 914 664 —
960 621 1336 697 Miseruntque.
1399 625 1582 701 (ΚΑΒ.)
1638 626 1987 703 Signiﬁcatur

410 716 694 783 translatio
741 718 1055 775 testamenti
1106 718 1317 777 Domini
1359 736 1390 775 a
1416 719 1616 787 Judaeis
1669 719 1735 777 ad
1775 730 1983 794 gentes,

407 808 534 884 quia
556 825 682 881 cum
712 809 789 871 illi
806 809 1014 871 carnali
1038 810 1379 871 observantia
1400 820 1562 885 atque
1587 812 1984 871 Pharismorum

407 904 881 978 superstitionibus
908 903 1080 977 legem
1108 902 1401 973 ίωιιθτθιιι,
1439 902 1641 963 Christi
1666 911 1722 967 et
1748 904 1986 973 discipu-

405 996 580 1053 lorum
604 995 720 1066 ejus
751 995 1053 1055 doctrinam
1105 1006 1495 1052 recusaverunt
1527 1014 1544 1063 ;
1578 995 1762 1053 unde:
1830 994 1983 1050 Vobis

405 1083 687 1160 Oportebat
703 1088 931 1159 primum
952 1086 1095 1159 loqui
1112 1087 1322 1147 verbum
1341 1088 1458 1161 Dei,
1490 1089 1580 1147 sed
1600 1089 1723 1163 quia
1743 1088 1984 1161 indignos

403 1193 491 1235 vos
507 1177 813 1248 judicastis,
834 1194 952 1237 ecce
971 1179 1314 1235 convertimur
1336 1180 1406 1236 ad
1419 1188 1594 1252 gentes
1612 1180 1751 1252 (Act.
1776 1180 1890 1252 xv).

475 1268 873 1325 Cariathiarim.
946 1269 1070 1344 (In.)
1120 1271 1510 1343 Interpretatur
1542 1272 1669 1328 villa
1701 1273 1978 1340 silvarum,

401 1361 468 1419 de
507 1377 613 1437 qua
638 1361 836 1437 dicitur
863 1379 876 1416 :
917 1361 1092 1418 Donec
1120 1362 1377 1418 inveniam
1407 1364 1581 1419 locum
1612 1364 1862 1437 Domino,
1899 1374 1983 1419 ta-

401 1450 741 1508 bernaculum
790 1452 904 1515 Deo
961 1453 1145 1511 Iacob.
1219 1452 1352 1510 Ecce
1408 1455 1703 1511 audivimus
1763 1474 1880 1513 eam
1925 1457 1981 1512 in

398 1543 660 1615 Ephrata,
730 1545 1015 1609 invenimus
1069 1562 1186 1600 eam
1237 1546 1305 1629 in‘
1336 1546 1532 1619 campis
1589 1546 1731 1604 silvae
1803 1545 1979 1621 (Psal.

398 1641 603 1714 cum).
657 1637 836 1698 Locus
857 1642 1004 1698 enim
1050 1641 1267 1699 Domini
1299 1652 1384 1701 est
1424 1645 1830 1703 tabernaculum
1876 1663 1977 1721 pe-

401 1733 899 1821 ctoris‘Christiani
942 1735 1143 1806 populi.
1174 1734 1377 1792 Civitas
1413 1738 1558 1793 enim
1601 1739 1880 1805 silvarum,
1922 1738 1977 1795 id

2091 534 2178 592 vel
2201 537 2391 593 domus
2418 540 2562 610 agni.

2161 626 2322 683 Vsus.
2367 629 2621 687 12.-—-Et
2649 633 2823 702 posuit
2860 651 2997 691 eum.
3023 636 3142 692 Alia
3168 638 3519 697 editio:inter
3545 643 3666 700 Ha-

2087 720 2275 789 spliatlt
2314 736 2502 776 novam
2526 732 2575 778 et
2614 733 2835 780 ueterem
2857 735 2907 781 et
2937 730 3135 783 uocauit
3166 746 3353 787 nomen
3393 731 3506 803 ejus
3539 733 3669 789 Abe-

2088 826 2257 872 uezer,
2296 810 2380 867 vel
2410 812 2744 881 Abougener,
2771 815 2825 871 id
2853 827 2929 872 est
2956 816 3091 887 lapis
3116 819 3386 890 adjutorii.
3426 820 3552 877 Huic
3580 831 3667 879 est

2087 903 2350 959 medietas
2382 903 2680 967 Salvatoris
2707 948 2721 972 ,
2752 924 2849 979 per
2876 925 3037 981 quam
3080 915 3467 969 transeundum
3509 923 3592 970 est
3633 932 3664 971 a

2085 992 2367 1064 blasphath
2419 996 2590 1051 veteri
2637 998 2704 1053 ad
2750 1014 2944 1057 novam
2969 1041 2985 1067 ,
3037 1001 3104 1056 id'
3128 1011 3217 1060 est
3250 1003 3321 1059 ab
3366 1003 3665 1063 intentione

2084 1102 2193 1156 qua
2248 1096 2592 1158 exspectatur
2632 1089 2689 1145 iu
2736 1092 2942 1148 carnali
2982 1109 3149 1167 regno
3188 1096 3467 1155 beatitudo
3506 1096 3660 1165 falsa,

2085 1179 2153 1234 ad
2188 1179 2543 1239 intentionem
2578 1198 2683 1253 qua
2728 1199 2826 1255 per
2866 1184 3074 1242 Novum
3102 1188 3524 1247 .Testamentum
3559 1207 3658 1247 ex-

2083 1277 2360 1339 spectatur
2404 1272 2461 1327 in
2504 1288 2671 1345 regno
2712 1274 2974 1332 oculorum
3020 1277 3296 1336 beatitudo
3339 1294 3466 1336 vera
3491 1322 3505 1347 ,
3554 1297 3661 1352 qua

2083 1362 2340 1431 quoniam
2386 1363 2520 1419 nihil
2558 1373 2645 1420 est
2676 1365 2870 1422 melius
2906 1368 3185 1440 hucusque
3232 1372 3449 1443 adjuvat
3496 1373 3657 1429 Deus.

2082 1450 2365 1523 Masphatb
2412 1454 2641 1512 intentio
2694 1457 3018 1514 sedentium.
3089 1458 3252 1533 Lapis
3310 1463 3455 1519 inter
3504 1464 3658 1531 haec,

2081 1541 2328 1600 Christus
2368 1546 2509 1602 inter
2554 1547 2912 1605 intentionem
2958 1549 3172 1608 Veteris
3208 1553 3559 1621 Testamenti,
3604 1563 3663 1611 et

2078 1632 2355 1708 Evangelii
2394 1638 2831 1708 praedicationem
2852 1641 3061 1711 positus
3086 1659 3101 1698 :
3126 1643 3243 1714 ipse
3273 1644 3412 1716 lapis
3440 1653 3661 1717 propter

2080 1724 2392 1784 ﬁrmitatem
2420 1728 2697 1799 adjutorii,
2728 1732 2854 1803 quia
2882 1749 3011 1790 suos
3036 1742 3228 1795 contra
3255 1736 3528 1794 daemones
3557 1738 3655 1794 ad-

396 1833 484 1882 est
528 1808 826 1883 conventus
867 1825 1130 1903 gentium,
1181 1834 1265 1884 est
1306 1827 1457 1885 locus
1486 1837 1647 1900 aptus
1681 1831 1749 1885 ad
1800 1829 1973 1887 susci-
2004 1808 2231 1888 Bluval
2254 1820 2595 1876 dimicantes-

396 1915 647 1988 piendam
675 1932 879 1973 arcam.
926 1916 985 1972 In
1023 1917 1183 1974 domo
1217 1918 1537 1988 Aminadab,
1587 1920 1681 1992 qui
1710 1920 1976 1994 interpre-

399 2016 582 2065 tatur:
608 2019 764 2080 pater
808 2025 962 2069 meus
999 2016 1349 2082 spontaneus,
1378 2019 1433 2069 et
1458 2012 1639 2071 dicere
1668 2022 1847 2091 potest
1877 2030 1974 2072 νοω

396 2099 627 2157 Iuntarie
652 2101 862 2157 scilicet
884 2102 1002 2159 tibi.
1230 2158 1239 2165 ,

469 2192 594 2266 (11).)
628 2192 1034 2267 Cariathiarim,
1077 2196 1270 2254 civitas
1315 2206 1402 2259 est
1438 2197 1695 2265 saltuum,
1752 2213 1859 2255 una
1906 2198 1974 2255 de

394 2283 617 2342 urbibus
649 2283 1075 2343 Gabaonitarum
1120 2288 1400 2361 pertinens
1443 2290 1511 2346 ad
1550 2288 1746 2345 tribum
1796 2288 1969 2355 Iudae,

393 2390 536 2435 nono
579 2377 830 2433 milliario
878 2378 1132 2435 euntibus
1161 2380 1228 2435 ab
1250 2379 1369 2435 Elia
1398 2379 1694 2451 Diospolim
1730 2399 1743 2437 :
1772 2382 1838 2437 de
1870 2381 1973 2436 hac

390 2464 493 2522 fuit
526 2464 685 2524 Urias
705 2470 966 2543 propheta
1003 2485 1164 2543 quem
1191 2469 1462 2529 interfecit
1485 2471 1730 2529 Joachim
1785 2472 1841 2528 in
1885 2471 1972 2528 Je-

392 2555 651 2624 rusalem,
677 2558 819 2629 sicut
839 2559 1031 2617 scribit
1056 2558 1343 2618 leremias.

1046 2690 1278 2750 CAPUT
1302 2690 1415 2751 νυ.

446 2801 619 2859 -Vm.
650 2802 816 2858 1.-
856 2801 1061 2860 casu.
1094 2804 1280 2879 (ιω.)
1333 2804 1499 2862 Collis
1552 2806 1747 2862 animae
1784 2805 1966 2863 humi-

386 2895 535 2962 lium,
574 2896 759 2952 unde:
793 2895 1099 2970 Suscipiunt
1121 2906 1321 2954 mentes
1360 2912 1541 2969 pacem
1573 2897 1787 2970 populo,
1832 2906 1962 2964 etc.,

386 2985 440 3042 id
466 2995 552 3043 est
596 2995 810 3044 montes
840 2986 1077 3059 majores
1118 2990 1314 3045 animae
1344 2989 1513 3046 colles
1538 2988 1797 3046 minores.
1852 2989 1965 3046 Seu

385 3077 548 3133 etiam
597 3076 780 3135 Gabaa
810 3080 1202 3151 interpretatur
1242 3080 1569 3150 sublimitas,
1620 3082 1711 3138 ubi
1736 3080 1964 3138 Eleazar

383 3169 635 3226 sacerdos
666 3170 1035 3229 constituitur.
1178 3206 1201 3229 .
1235 3206 1239 3211 -

456 3259 796 3319 Eleum.
856 3262 982 3335 (ιιι.)
1042 3263 1140 3325 Dei
1174 3264 1521 3335 adiutorium.
1581 3264 1728 3322 Bene
1774 3275 1956 3323 autem

379 3349 472 3419 qui
506 3350 610 3406 hoc
640 3352 860 3408 nomine
895 3362 1139 3420 vocatur,
1184 3355 1252 3411 ad
1288 3370 1474 3415 arcam
1512 3357 1724 3411 Domini
1766 3367 1956 3419 custo-

380 3438 630 3496 diendam
652 3442 895 3515 eligitur,
942 3447 1070 3517 quia
1105 3448 1281 3501 saneti
1321 3448 1425 3502 viri
1454 3449 1717 3519 quidquid
1751 3449 1957 3506 habent

375 3528 528 3597 boni,
566 3532 681 3589 Deo
716 3536 1043 3604 attribuunt,
1080 3554 1189 3594 non
1216 3539 1340 3595 sibi.
1391 3539 1587 3595 Unde:
1628 3538 1955 3611 Suﬁcieutie

378 3631 557 3679 nostra
607 3640 673 3679 ea:
712 3623 826 3682 Hoc
872 3638 968 3693 est,
998 3630 1093 3700 qui
1137 3628 1350 3685 idoneos
1395 3628 1514 3699 fecit
1552 3646 1645 3686 nos
1682 3632 1953 3687 ministros

377 3710 517 3791 Noui
544 3712 856 3775 Teumesi
876 3718 968 3790 (ll
992 3718 1116 3776 Cor.
1145 3720 1249 3791 tu).

449 3803 614 3861 Vens.
638 3805 695 3864 2.
732 3837 802 3855 -μ-
840 3809 1026 3869 Am
1064 3811 1337 3869 vicesimus
1358 3821 1502 3877 erat,
1545 3814 1762 3882 quando
1788 3815 1953 3885 septi-

376 3905 466 3945 mo
506 3908 650 3948 anno
683 3896 837 3966 regni
881 3896 1011 3953 Saul
1043 3899 1204 3963 allata
1225 3910 1307 3961 εει
1343 3902 1399 3957 in
1435 3910 1613 3958 castra
1642 3903 1709 3960 de
1762 3903 1950 3960 Caria-

377 3980 614 4039 thiarim.

452 4074 631 4130 Annus
684 4077 809 4134 vice.
854 4079 1037 4154 (ΗΑΒ.)
1093 4081 1212 4139 Non
1266 4084 1340 4140 ita
1392 4080 1798 4160 intelligendum
1844 4098 1946 4158 est,

373 4174 506 4232 etc.,
538 4182 698 4239 usque
719 4171 788 4225 ad
813 4173 939 4242 quia
963 4172 1111 4229 nulla
1138 4178 1367 4233 societas
1406 4178 1542 4234 lucis
1580 4180 1647 4236 ad
1678 4182 1947 4237 tenebras.

448 4254 604 4312 Vens.
646 4260 1112 4335 6.—Masphath.
1163 4266 1366 4325 Civitas
1401 4278 1486 4327 est
1518 4271 1576 4331 in
1623 4272 1766 4329 tribu
1812 4270 1949 4335 Iuda

365 4344 520 4415 juxta
558 4346 957 4409 Cariathiarim.

443 4441 647 4515 (ΗΑΒ.)
696 4446 995 4518 Masphath.
1067 4452 1376 4529 Speculatio
1409 4498 1425 4524 ,
1479 4458 1564 4515 vel
1618 4461 1949 4535 contempla-

372 4531 449 4631 tio
474 4574 490 4601 ,
525 4543 629 4592 etc.
657 4577 674 4603 ,
712 4556 874 4613 usque
907 4544 977 4597 ad
1012 4552 1067 4600 et
1099 4546 1165 4601 ad
1201 4563 1439 4607 amorem
1485 4551 1675 4631 patriae
1720 4531 1956 4614 celestis

370 4621 609 4683 intentos
645 4642 767 4685 esse
814 4636 1163 4705 perspexerit.

441 4708 848 4794 Hauseruntque
886 4741 1098 4797 aquam,
1141 4735 1247 4784 etc.
1294 4729 1367 4788 Ut
1413 4732 1553 4788 sicut
1599 4750 1738 4807 aqua
1782 4733 1952 4793 effusa

368 4821 477 4863 non
507 4809 675 4879 redit,
707 4814 785 4895 sic
813 4830 914 4872 nec
935 4817 1036 4888 ipsi
1068 4820 1309 4879 redirent
1332 4824 1401 4878 ad
1426 4824 1805 4884 idololatriam.

440 4900 600 4958 Vens.
640 4896 1010 4980 9.—Agnum
1048 4909 1345 4966 laetantem.
1394 4912 1578 4986 Agnus
1604 4917 1815 4973 oblatus
1849 4935 1950 4990 pro

366 4990 562 5061 populo
591 4994 687 5050 Dei
708 4997 992 5054 victoriam
1018 5009 1261 5073 praestat,
1285 5011 1339 5058 et
1359 5018 1455 5075 per
1468 5007 1777 5079 passionem
1790 5008 1946 5067 Chri-

368 5081 438 5136 sti
460 5084 790 5143 demonibus
817 5094 1084 5163 superatis
1106 5134 1122 5160 ,
1149 5109 1253 5166 pax
1276 5095 1397 5151 data
1421 5106 1504 5153 est
1530 5098 1793 5163 ﬁdelibus.

438 5172 622 5252 (8η.)
680 5178 1026 5269 innocentem
1092 5186 1260 5242 vitam
1321 5188 1444 5263 igne
1495 5192 1780 5250 charitatis
1846 5212 1938 5253 ac-

367 5282 607 5325 censam.

440 5381 619 5460 (Rm)
660 5384 795 5447 Cum
820 5405 927 5467 per
958 5394 1344 5464 prtedicatores
1374 5396 1645 5472 Evangelii
1677 5399 1938 5463 Dominus

364 5474 594 5544 intonat,
630 5480 900 5550 spiritales
928 5484 1111 5549 hostes
1140 5488 1198 5547 in
1225 5486 1407 5560 fugam
1430 5501 1820 5555 convertuntur
1848 5510 1937 5555 co-

364 5580 481 5622 ram
504 5565 687 5659 Israel,
722 5571 773 5627 id
801 5581 883 5629 est
912 5576 1112 5649 populo
1144 5578 1264 5645 Dei,
1306 5589 1360 5634 et
1400 5593 1803 5659 persequuntur
1841 5602 1936 5643 eos

362 5670 535 5727 usque
563 5658 617 5714 in
649 5660 868 5718 domum
897 5667 1184 5735 agnitionis
1218 5688 1230 5722 :
1261 5658 1556 5742 usquequo,
1587 5674 1791 5731 scilicet
1821 5693 1934 5731 om-

363 5748 449 5813 nis
474 5765 628 5810 error
653 5764 997 5828 expurgetur,
1021 5767 1075 5815 et
1096 5760 1238 5819 Deus
1270 5779 1395 5820 vere
1417 5776 1788 5836 cognoscatur.

2147 1910 2432 1984 Hucusque
2451 1913 2761 1973 auxiliatur.
2790 1914 2929 1983 Quia
2948 1917 3043 1987 qui
3070 1917 3172 1977 hos
3190 1918 3455 1975 terminos
3483 1926 3657 1976 trans-

2074 2004 2331 2072 cendunt,
2360 2012 2422 2060 ut
2448 2005 2712 2074 haeretici,
2738 2009 2998 2064 auxilium
3024 2010 3119 2067 Dei
3150 2026 3258 2069 non
3286 2021 3579 2070 merentur.

2144 2094 2307 2150 Vsus.
2360 2094 2812 2170 M.--Eratque.
2860 2098 3110 2157 Christus
3151 2110 3239 2159 est
3278 2112 3466 2161 nostra
3504 2120 3608 2176 pax
3637 2145 3653 2172 ,

2073 2185 2165 2254 qui
2194 2183 2324 2241 fecit
2346 2195 2580 2257 utraque
2604 2205 2773 2246 unum
2791 2231 2808 2257 ,
2831 2204 2931 2262 per
2951 2207 3113 2264 quem
3148 2193 3281 2253 {acti
3314 2204 3444 2254 sunt
3484 2213 3652 2275 prope

2072 2274 2165 2344 qui
2182 2285 2339 2333 erant
2358 2276 2535 2350 longe.

2140 2366 2306 2423 Vens.
2337 2368 2423 2423 l6.
2445 2400 2515 2412 —
2535 2367 2781 2445 Galgalu.
2813 2371 3017 2431 Civitas
3043 2384 3128 2432 est
3164 2377 3257 2434 ubi
3289 2377 3452 2435 Iosue
3480 2393 3651 2452 popu-

2068 2456 2180 2512 lum
2217 2460 2454 2516 socundo
2488 2461 2851 2530 circumcidit,
2896 2474 2955 2520 et
2990 2464 3203 2524 Pascha
3239 2469 3556 2539 celebravit,
3595 2481 3652 2528 et

2069 2546 2351 2603 deﬁciente
2393 2564 2618 2619 manna,
2652 2551 2820 2609 Israel
2856 2568 2987 2613 usus
3010 2564 3098 2615 est
3134 2557 3367 2628 panibus
3404 2559 3649 2627 tritioeis,

2070 2636 2161 2691 ubi
2204 2647 2261 2693 et
2292 2638 2497 2710 lapides
2532 2650 2661 2698 sunt
2686 2645 2938 2702 translati
2971 2648 3041 2704 de
3068 2647 3222 2707 alveo
3255 2647 3528 2718 Iordanis,
3558 2652 3652 2707 ubi

2070 2726 2476 2786 tabernaculum
2517 2733 2811 2790 testimonii
2858 2736 3032 2795 multo
3070 2747 3315 2811 tempore
3353 2741 3476 2799 Mt.
3524 2743 3653 2800 Haec

2065 2821 2264 2878 cecidit
2290 2823 2348 2879 in
2384 2834 2591 2883 sortem
2628 2827 2781 2885 Iudae
2805 2846 2820 2884 :
2843 2837 2900 2886 et
2936 2846 3110 2903 usque
3148 2832 3312 2890 hodie
3344 2835 3652 2893 ostenditur

2063 2914 2215 2973 locus
2241 2917 2297 2973 in
2318 2921 2553 2977 secundo
2579 2937 2609 2977 a
2649 2921 2869 2981 Iericho
2896 2925 3152 2983 milliario
3176 2928 3488 2985 hominibus
3508 2929 3652 2986 illius
3743 2931 3758 2947 '

2063 3011 2302 3080 regionis
2322 3014 2682 3075 venerandus.
2710 3016 2823 3075 Sed
2839 3017 2999 3090 juxta
3022 3019 3213 3077 Bothe!
3233 3021 3455 3094 quidam
3479 3024 3645 3081 aliam

2062 3098 2339 3172 Galgalam
2362 3104 2726 3174 suspicantur.

1988 3173 2035 3236 C
2132 3190 2357 3265 Galgala
2374 3173 2769 3268 interpretatur
2793 3199 3055 3257 volutatio
3078 3201 3168 3259 vel
3194 3206 3475 3264 revelatio.
3502 3207 3649 3266 Bene

2065 3298 2194 3355 ergo
2220 3285 2485 3356 propheta
2522 3289 2580 3343 in
2608 3288 2798 3345 Bethel
2820 3299 2878 3347 et
2907 3292 2964 3348 in
2984 3292 3230 3366 Galgala,
3272 3306 3328 3353 et
3360 3298 3647 3371 Masphath

2055 3372 2318 3442 judicavit
2342 3377 2528 3444 Israel,
2552 3390 2611 3436 et
2638 3392 2920 3440 revertens
2950 3385 3005 3441 in
3038 3386 3306 3444 Ramatha
3332 3389 3391 3446 in
3424 3391 3646 3448 domum

2061 3482 2213 3522 suam
2244 3467 2511 3538 judicavit
2536 3472 2610 3527 ibi
2638 3472 2834 3541 Israel;
2857 3477 3215 3535 etwdiiieavit
3238 3481 3314 3537 ibi
3342 3482 3513 3540 altare
3538 3484 3645 3541 Do-

2060 3560 2229 3627 mino,
2260 3564 2565 3634 exemplum
2601 3567 2843 3623 tribuens
2870 3570 3133 3640 judicium
3176 3589 3302 3631 esse
3332 3575 3643 3634 faciendum

2059 3652 2115 3708 in
2137 3654 2297 3711 domo
2322 3656 2443 3725 Dei,
2467 3675 2573 3715 non
2605 3660 2895 3721 indiscrete
2919 3666 3004 3721 vel
3032 3666 3279 3724 malivola
3314 3680 3510 3737 mente,
3542 3675 3639 3729 sed

2060 3747 2354 3804 secundum
2385 3752 2529 3824 quod
2559 3751 2838 3825 Scriptura
2866 3758 3217 3827 revelaverit,
3255 3772 3308 3818 et
3344 3763 3644 3824 intentione

2058 3836 2197 3892 bona
2228 3848 2284 3895 et
2308 3855 2492 3897 amore
2519 3843 2793 3912 lraterno,
2824 3854 2882 3903 et
2914 3849 2997 3905 sic
3020 3864 3143 3907 esse
3172 3854 3551 3911 revertendum
3587 3857 3642 3912 in

2058 3927 2326 3987 Ramatba
2351 3934 2407 3989 in
2429 3936 2650 3993 domum
2675 3947 2939 4008 nostram,
2972 3943 3030 3998 id
3056 3952 3161 4012 est,
3199 3946 3265 4002 ad
3306 3947 3515 4003 interna
3550 3964 3644 4020 pe-

2057 4024 2258 4091 ctoris,
2293 4034 2355 4081 ut
2385 4043 2642 4087 vacemus
2675 4034 3140 4106 contemplationi,
3162 4046 3219 4092 et
3244 4039 3302 4094 in
3331 4038 3487 4097 altari
3515 4041 3641 4097 ﬁdei

2056 4124 2239 4186 gratas
2264 4117 2476 4176 hostias
2503 4124 2685 4194 aperis
2706 4134 2764 4181 et
2792 4128 3039 4185 veritatis
3063 4129 3371 4188 oﬂ‘eramus.

2130 4207 2290 4267 Vnus.
2329 4213 2836 4288 l7.—£diﬁeavit
2876 4223 3036 4277 etiam
3072 4224 3164 4291 ibi,
3204 4226 3471 4283 etcuLex
3501 4244 3639 4300 prte-

2055 4302 2213 4372 cepit,
2249 4320 2356 4359 non
2397 4306 2654 4364 aediﬁcari
2692 4311 2883 4379 altare,
2908 4314 3013 4369 nisi
3044 4314 3134 4370 ubi
3162 4315 3422 4374 Dominus
3446 4319 3637 4391 elegis-

2057 4401 2179 4461 set;
2226 4396 2322 4450 sed
2361 4411 2429 4452 ne
2462 4399 2807 4465 immutarem
2850 4402 2955 4459 diis
2992 4407 3300 4463 construxit
3341 4408 3534 4478 altare,
3581 4410 3635 4467 in

1978 4527 2034 4591 D
2058 4496 2165 4553 quo
2194 4499 2303 4561 non
2328 4490 2760 4556 reprehenditur.

2624 4624 2852 4687 CAPUT
2920 4628 3051 4687 VIII.

2120 4753 2285 4810 Vsus.
2395 4787 2468 4797 —
2489 4756 2713 4814 Factum
2745 4770 2839 4828 est,
2879 4771 3007 4831 etc.,
3049 4768 3220 4836 posuit
3254 4769 3412 4838 ﬁlios.
3447 4772 3627 4847 (nam,

2048 4843 2105 4898 in
2132 4842 2223 4899 lib.
2254 4844 2406 4916 Reg.,
2436 4854 2567 4903 tom.
2592 4849 2683 4922 ii.)
2716 4848 2854 4918 Quia
2892 4856 3187 4912 secundum
3221 4842 3511 4933 Josephuin
3552 4842 3630 4921 al;

2052 4947 2225 4995 terum
2282 4942 2341 4997 in
2406 4943 2724 5001 Bethlebem
2750 4987 2765 5005 .
2816 4948 3048 5004 alterum
3112 4950 3170 5006 in
3215 4951 3481 5011 Bersabee
3530 4971 3629 5028 po-

2116 5032 2178 5087 it.

2116 5046 2178 5087 lt.

2050 5046 2281 5179 suVens.
2311 5124 2367 5179 2.
2391 5127 2632 5183 —Abia.
2678 5129 2801 5203 (115.)
2842 5131 3005 5189 Pater
3041 5135 3310 5202 dominus,
3340 5137 3427 5193 vel
3472 5149 3628 5209 pater

2044 5216 2164 5272 fuit.
2214 5218 2361 5276 Bene
2404 5235 2535 5292 ergo
2568 5224 2663 5293 qui
2704 5224 2759 5279 in
2809 5226 3060 5282 inchoata
3102 5228 3314 5298 iustitia
3358 5247 3464 5287 non
3502 5249 3625 5304 per-

2044 5319 2398 5378 manserunt,
2455 5320 2510 5369 et
2554 5316 2937 5384 paternitatem
2990 5318 3205 5373 Domini
3250 5320 3620 5391 neglexerunt.

2042 5393 2166 5448 Fuit
2203 5396 2343 5452 Deus
2382 5398 2466 5453 vel
2505 5398 2667 5455 Pater
2705 5401 2825 5467 fuit,
2870 5403 3132 5459 nominati
3161 5412 3309 5472 sunt,
3334 5415 3398 5463 at
3420 5407 3625 5478 signiﬁ-

2043 5496 2238 5543 centur
2267 5492 2592 5561 paternitate
2622 5493 2719 5549 Dei
2747 5494 2975 5566 indigni.

2114 5590 2276 5649 Vsus.
2316 5591 2369 5649 5.
2393 5593 2551 5649 -Ει
2591 5611 2695 5649 non
2736 5595 3156 5657 cumulaverunt.
3203 5597 3341 5666 Quia
3374 5614 3473 5670 pro
3508 5612 3619 5661 ιιιι⁴

2043 5697 2172 5737 nere
2211 5683 2587 5753 opprimebant
2616 5684 2905 5755 justitiam,
2945 5687 3012 5749 ad
3046 5688 3234 5758 epulas
3277 5690 3623 5764 pretium

2042 5775 2282 5830 convivia
2309 5776 2654 5832 declinantes.
2926 5799 2946 5817 ν

3557 343 3667 409 550
3770 345 3787 359 .
