4006 6352
350 393 451 456 BSl

955 509 1182 567 CAPUT
1229 508 1321 566 IX.

425 639 586 697 Vsus.
644 637 1072 696 2.—Vocabulo
1121 640 1271 696 Saul.
1315 639 1494 713 (llam,
1534 641 1590 695 in
1622 641 1713 696 lib.
1753 640 1926 713 Reg.,

353 742 486 793 toni.
526 732 615 806 ll.)
659 731 788 789 Saul
826 733 919 804 qui
956 732 1160 790 oll‘enso
1195 734 1308 789 Deo
1335 733 1510 790 factus
1536 742 1620 791 est
1651 749 1744 790 rex
1771 749 1934 804 super

355 827 538 894 lsrael,
560 835 687 894 etc.,
711 843 873 898 usque
896 826 966 882 ad
989 834 1044 884 et
1069 828 1135 884 de
1155 826 1354 898 placito
1385 827 1727 885 turbulentus
1757 826 1933 884 factus

354 929 463 976 cst.

432 1011 554 1084 (ln.)
581 1011 720 1080 Quia
743 1011 874 1066 Saul
899 1011 1082 1067 asinas
1104 1011 1277 1082 patris
1309 1011 1392 1067 sui
1421 1026 1665 1082 quaerens
1697 1011 1844 1066 venit
1865 1010 1934 1066 ad

354 1105 674 1175 prophetam
718 1120 750 1158 a
783 1118 891 1174 quo
933 1111 1128 1159 unctus
1154 1112 1266 1170 est,
1297 1104 1570 1175 signiﬁcat
1593 1105 1736 1175 quod
1762 1102 1934 1159 Judaei

357 1196 640 1252 stultitiam
667 1195 900 1252 carnalis
928 1211 1118 1252 sensus
1144 1205 1452 1267 sequentes,
1483 1212 1577 1266 per
1605 1211 1820 1252 errores
1843 1193 1935 1248 de-

356 1285 471 1340 vios
495 1285 678 1340 luxum
725 1285 908 1341 mundi
942 1286 1294 1356 perquirunt;
1331 1285 1515 1340 asinus
1547 1284 1691 1339 enim
1717 1284 1936 1339 brutum

357 1384 413 1432 et
437 1375 769 1432 luxuriosum
796 1376 996 1431 animal
1024 1385 1126 1433 est.
1164 1377 1232 1431 Et
1265 1377 1333 1432 ad
1369 1376 1686 1448 prophetam
1714 1373 1918 1430 venien-

358 1475 460 1535 tes,
507 1467 561 1522 id
599 1463 704 1534 est,
746 1467 948 1535 Mosen,
984 1469 1210 1524 audiunt
1240 1467 1419 1523 asinas
1446 1482 1565 1523 esse
1593 1467 1857 1531 inventas,
1885 1464 1938 1519 id

358 1569 460 1627 est,
491 1563 632 1617 bona
659 1570 818 1618 terra:
845 1562 947 1617 sibi
969 1577 1089 1618 esse
1113 1561 1314 1626 debita,
1348 1576 1378 1614 a
1408 1575 1514 1630 quo
1540 1560 1704 1613 etiam
1728 1557 1941 1613 unctio-

358 1652 443 1708 nis
481 1652 661 1708 oleum
706 1661 762 1709 et
802 1653 954 1725 regni
995 1652 1415 1724 gubernaculum
1465 1650 1835 1722 promittitur,
1883 1649 1939 1703 in

359 1742 552 1812 quibus
601 1743 670 1798 ad
714 1750 928 1815 tempus
973 1741 1176 1798 fratres
1220 1757 1348 1798 suos
1397 1743 1464 1798 de
1502 1757 1664 1796 manu
1703 1739 1939 1796 hostium

364 1833 654 1903 eriperent.

433 1921 555 1994 (ln.)
581 1921 890 1978 Secundum
913 1921 1195 1993 praesentis
1217 1923 1344 1977 vitae
1365 1920 1650 1992 justitiam.

432 2011 555 2083 (ln.)
582 2012 697 2068 Hoc
722 2013 895 2085 magis
917 2014 985 2069 ad
1006 2013 1282 2070 Christum
1304 2014 1554 2084 pertinet,
1584 2013 1650 2068 de
1675 2026 1782 2083 quo
1807 2010 1946 2066 dici-

363 2111 451 2156 tur
483 2121 496 2156 :
525 2101 657 2158 Ecce
681 2121 811 2174 puer
843 2122 988 2160 meus
1025 2105 1216 2160 electus
1255 2123 1406 2176 quem
1440 2103 1570 2175 elegi
1605 2103 1739 2175 (Isa.
1777 2101 1943 2175 xuv).

362 2191 430 2248 Et
448 2193 575 2248 alibi
598 2211 611 2247 :
638 2192 768 2260 Quis
793 2195 976 2250 similis
1001 2196 1112 2251 Deo
1142 2198 1197 2250 in
1222 2196 1345 2266 ﬁliis
1370 2195 1466 2250 Dei
1489 2194 1661 2265 (Psal.
1690 2193 1948 2264 Lxxxvl)?

431 2284 674 2340 Stateris.
717 2286 898 2342 Stater
928 2287 1093 2343 siclus
1114 2294 1198 2343 est
1217 2287 1311 2358 qui
1332 2287 1495 2343 habet
1514 2284 1706 2354 viginti
1737 2285 1945 2352 obolos,

361 2376 415 2432 id
443 2384 548 2443 est,
574 2375 824 2432 denarios
848 2379 1059 2434 decem.

436 2468 595 2524 Vsus.
637 2468 690 2522 7.
713 2469 994 2526 —Demus
1025 2472 1245 2526 homini.
1299 2472 1557 2539 Quamvis
1596 2471 1727 2527 dare
1757 2471 1942 2526 decre-

363 2562 560 2628 verint,
583 2577 692 2617 non
711 2563 938 2635 legimus
962 2565 1105 2636 quod
1129 2565 1349 2622 Samuel
1373 2567 1665 2637 acceperit,
1690 2567 1736 2622 si
1763 2576 1948 2621 tamen

363 2653 680 2724 accepisset,
708 2669 816 2710 non
838 2665 1180 2726 reputaretur
1201 2657 1256 2713 in
1277 2658 1625 2715 divinationis
1644 2658 1942 2730 praemium,

366 2743 460 2802 sed
487 2744 543 2798 in
571 2746 847 2816 propheta:
875 2749 1223 2818 stipendium.

433 2836 596 2893 Vens.
647 2839 698 2894 9.
721 2871 790 2879 —
819 2840 958 2896 Olim
985 2843 1041 2896 in
1063 2842 1253 2898 Israel.
1300 2844 1371 2901 Ut
1402 2846 1480 2901 ait
1511 2843 1676 2913 Beda,
1720 2860 1830 2901 non
1870 2843 1950 2899 hi-

366 2927 748 2998 storiographi,
783 2933 878 2985 sed
907 2931 1092 2986 Esdra:
1119 2933 1283 2988 verba
1311 2943 1457 2989 sunt.

445 3017 656 3073 Videns.
690 3019 899 3076 Dicitur
925 3023 1210 3094 propheta,
1241 3024 1370 3095 quia
1395 3039 1493 3096 per
1522 3025 1785 3098 Spiritum
1811 3040 1951 3098 pra:-

367 3111 546 3166 noscit
567 3109 767 3167 futura.

437 3203 599 3260 Vsus.
633 3206 718 3260 ll.
741 3206 1058 3299 —Clivum,
1090 3217 1219 3279 etc.,
1251 3212 1568 3279 egredientes
1602 3213 1672 3267 ad
1698 3213 1948 3268 haurien-
1979 3235 2026 3299 ο

383 3297 504 3351 dam
549 3315 762 3370 aquam.
812 3298 996 3356 Clivus
1029 3317 1284 3358 ascensus
1317 3305 1517 3360 montis
1552 3303 1842 3361 ﬂexuosus.

442 3388 606 3443 Vens.
657 3388 927 3443 l6.—Et
970 3407 1130 3462 unges
1177 3408 1294 3446 eum
1328 3394 1532 3448 ducem.
1587 3393 1715 3448 Saul
1760 3402 1954 3450 unctus

371 3478 644 3534 Christum
684 3479 988 3550 signiﬁcat,
1019 3482 1111 3552 qui
1148 3490 1202 3538 et
1239 3484 1355 3554 ipse
1381 3483 1628 3541 Christus
1660 3485 1956 3556 appellatus

371 3582 484 3638 cst;
511 3574 677 3641 unde,
701 3573 877 3640 Quare
897 3591 1000 3630 non
1019 3577 1240 3632 timuisti
1265 3577 1465 3634 mittere
1481 3595 1695 3634 manum
1720 3579 1775 3633 in
1803 3577 1957 3634 Chri-

375 3677 510 3724 stum
541 3668 750 3722 Domini
778 3667 865 3741 (ΙΙ
889 3668 1016 3740 Reg.
1051 3669 1090 3741 ι)
1118 3671 1142 3725 ?

443 3761 605 3816 Vsus.
646 3759 1035 3816 l9.—Omnia
1061 3779 1198 3834 quas.
1247 3763 1430 3835 (ΗΑΒ.)
1471 3763 1714 3820 Tradunt
1744 3763 1957 3820 Hebraei

375 3852 539 3907 fuisse
585 3854 641 3906 in
694 3853 856 3908 corde
895 3852 1044 3920 Saul,
1095 3855 1221 3926 quia
1261 3871 1356 3911 rex
1392 3865 1537 3911 esset
1562 3855 1800 3922 futurus,
1836 3872 1960 3911 cum

373 3944 596 3999 vidisset
619 3958 715 4014 per
743 3944 917 4000 visum
940 3960 998 4000 se
1024 3945 1079 4000 in
1103 3946 1305 4002 vertice
1335 3946 1545 4003 arboris
1568 3947 1762 4017 palmae
1799 3947 1963 4003 collo-

377 4034 510 4100 cari,
544 4033 687 4104 quod
720 4043 800 4091 est
825 4035 1037 4106 signum
1064 4038 1360 4109 regnaturi.

447 4124 609 4181 Vens.
639 4125 728 4180 22.
750 4119 1120 4183 J—Assumens
1159 4128 1253 4183 ita.
1300 4117 1452 4197 Quod
1489 4128 1708 4187 Samuel
1742 4129 1960 4186 Saulem

381 4216 433 4271 in
487 4214 758 4272 excelsum
807 4217 976 4284 duxit,
1030 4218 1382 4275 refectionem
1422 4220 1645 4289 tribuit,
1695 4222 1966 4294 signiﬁcat

377 4307 669 4377 prophetas
701 4306 956 4378 populum
996 4307 1346 4365 Hebraeorum
1385 4311 1632 4366 doctrina
1659 4327 1758 4368 sua
1788 4314 1856 4368 ad
1884 4313 1964 4368 al-

379 4399 520 4482 tiora
565 4407 940 4470 provocantes,
993 4409 1054 4455 ut
1108 4401 1330 4457 scientia
1384 4403 1651 4482 spirituali
1707 4403 1962 4473 refectus,

379 4479 435 4542 in
496 4489 728 4561 culmine
768 4490 1029 4546 virtutum
1079 4493 1376 4562 consistat,
1425 4479 1526 4551 nec
1576 4494 1852 4552 relabatur
1898 4497 1966 4554 ad

380 4580 531 4634 vitia.

456 4669 782 4727 Triclinium.
830 4659 1208 4745 Coenaculum,
1233 4691 1266 4732 a
1291 4677 1460 4734 tribus
1485 4677 1697 4738 lectulis
1725 4681 1960 4738 discum-

381 4761 644 4817 bentium.

453 4850 618 4940 Vsus.
659 4853 750 4909 24.
780 4885 850 4896 -—
870 4855 948 4910 De
973 4843 1258 4925 industria,
1288 4858 1341 4915 id
1369 4869 1471 4928 est,
1503 4862 1569 4916 de
1594 4861 1957 4933 Providentia,

382 4939 543 5002 datur
571 4946 815 5020 intelligi,
841 4949 982 5018 quod
1001 4949 1114 5020 jam
1139 4939 1630 5019 comederat,'licet
1652 4973 1758 5012 non
1780 4957 1958 5028 plene,

382 5041 509 5111 quia
539 5040 812 5097 revelante
833 5041 1062 5099 Domino
1082 5045 1226 5114 quod
1247 5047 1458 5102 veniret
1479 5047 1626 5114 Saul,
1655 5051 1959 5106 convivium

387 5129 612 5184 dilatum
636 5139 740 5186 est.

457 5217 621 5276 Vens.
661 5221 751 5276 27.
775 5253 846 5263 —
869 5221 1100 5296 Cumque
1135 5227 1518 5286 descenderent.
1560 5233 1963 5290 Descendcrunt

389 5310 454 5366 de
486 5311 718 5380 excelso,
755 5322 812 5370 ut
848 5315 901 5370 in
935 5316 1114 5388 aliquo
1144 5322 1422 5377 secretiori
1451 5322 1763 5394 loqueretur
1784 5326 1852 5383 de
1878 5341 1960 5382 rev

385 5413 494 5473 gno
512 5409 570 5457 et
593 5413 820 5476 ungeret
842 5421 986 5463 eum.

1001 5519 1228 5579 CAPUT
1281 5522 1348 5578 X.

458 5621 625 5686 Vnus.
681 5629 735 5685 l.
768 5631 1001 5687 —-Tulit
1055 5645 1248 5689 autem.
1307 5634 1586 5692 Lenticula
1642 5654 1738 5695 vas
1800 5640 1961 5698 ﬁctile

387 5719 836 5804 quadrangulum,
881 5725 935 5780 in
975 5725 1144 5782 latere
1184 5727 1389 5784 habens
1427 5727 1667 5788 foramen
1692 5747 1788 5804 per
1817 5735 1960 5804 quod

390 5803 654 5881 fragilitas
671 5814 822 5884 regni
851 5814 1180 5886 designatur.

846 394 1238 454 WALAFRIDI
1275 393 1524 452 STRABI
1558 392 1762 451 FULD.
1804 389 1972 449 MON.
2018 391 2169 449 OPP.
2210 391 2391 448 PARS
2429 391 2470 447 l.
2509 421 2576 432 -—
2608 386 3061 447 THEOLOGICA.

1983 4591 2037 4653 D

3489 381 3597 441 552

1947 505 2000 567 Α
2097 503 2259 560 Vsus.
2289 506 2343 559 6.
2367 503 2525 558 -Εῑ
2553 503 2882 575 prophetabis
2909 519 3025 557 cum
3050 501 3142 557 eis.
3182 499 3350 558 Judtet
3380 502 3602 558 tradunt

2032 613 2154 654 eum
2178 597 2532 669 prophetasse
2553 595 2620 650 de
2644 595 2824 650 futuro
2846 595 3062 662 saeculo,
3087 594 3154 649 de
3174 592 3289 665 Gog
3312 603 3369 650 et
3390 592 3601 667 Magog,

2032 689 2098 746 de
2125 689 2360 760 praemiis
2382 687 2651 758 iustorum
2675 695 2730 744 et
2754 688 2929 758 poenis
2962 687 3246 744 malorum.

2100 780 2264 834 Vnus.
2291 779 2344 832 7.
2358 809 2428 820 —
2442 778 2664 846 Quando
2676 796 2814 850 ergo.
2833 779 2997 847 Quasi
3024 779 3110 834 his
3128 778 3295 851 signis
3321 793 3484 835 nosse
3505 791 3605 850 po-

2033 871 2164 928 teris
2189 870 2334 942 quod
2360 872 2505 927 Deus
2529 879 2584 926 te
2620 885 2804 941 regem
2842 870 2958 926 fore
2980 870 3170 926 voluit.
3189 870 3314 926 Ideo
3344 871 3402 927 in
3425 871 3604 928 omni-

2033 963 2136 1020 bus
2159 963 2415 1036 regaliter
2442 978 2562 1034 age,
2585 963 2712 1034 quia
2738 963 2998 1019 Dominus
3021 971 3198 1019 tecum
3221 972 3326 1019 est.

2105 1057 2269 1114 Vsus.
2307 1057 2360 1113 8.
2400 1089 2470 1098 —
2501 1056 2704 1128 Septem
2733 1037 2944 1124 diebus,
2971 1057 3292 1113 subauditur
3325 1057 3380 1113 in
3415 1073 3608 1115 conse-

2035 1152 2276 1207 cratione
2326 1150 2479 1222 regni
2526 1150 2626 1216 tui,
2678 1150 2816 1206 sicut
2870 1150 2926 1205 in
2975 1150 3381 1207 consecratione
3429 1167 3610 1208 sacer-

1996 1269 2000 1272 -
2037 1244 2220 1299 dotum
2256 1252 2462 1312 septem
2492 1241 2682 1297 diebus
2705 1239 3074 1296 offerebantur
3099 1240 3350 1296 victimae.

2106 1336 2272 1391 Vens.
2307 1336 2395 1391 10.
2426 1368 2495 1377 -
2520 1335 2589 1390 Et
2623 1347 2890 1391 venerunt.
2925 1336 3206 1407 Signiﬁcat
3243 1336 3384 1406 quod
3413 1333 3612 1392 Iudaeis

2039 1428 2217 1484 omnia
2261 1443 2380 1499 quae
2419 1427 2628 1499 Moyses
2667 1436 2722 1482 et
2757 1427 3030 1498 prophetae
3061 1427 3445 1498 praedixerant,
3494 1442 3614 1482 eve-

2040 1533 2256 1581 nerunt.
2309 1525 2415 1596 lpsi
2466 1541 2595 1582 vero
2641 1525 2808 1580 libros
2840 1523 2975 1594 legis
3021 1532 3075 1578 et
3102 1523 3484 1593 prophetarum
3537 1531 3615 1578 te-

2041 1629 2249 1686 nentes,
2295 1619 2537 1676 divinare
2566 1620 2841 1684 videntur,
2881 1635 3004 1674 cum
3038 1619 3215 1673 futura
3252 1619 3510 1690 mysteria
3547 1618 3616 1673 de

2041 1710 2257 1767 Christo
2299 1719 2353 1768 et
2385 1711 2626 1768 Ecclesia
2669 1711 2722 1766 in
2768 1711 2849 1766 eis
2882 1709 3081 1781 scripta
3127 1710 3478 1781 pronuntiare
3522 1724 3618 1765 no-

2044 1813 2292 1860 scuntur.

1969 1872 2018 1932 B
2116 1895 2280 1951 Vens.
2317 1895 2405 1950 l2.
2432 1926 2504 1936 —-
2533 1894 2602 1950 Et
2625 1895 2762 1967 quis.
2806 1894 2970 1963 Quasi
2998 1895 3119 1967 quis
3148 1894 3323 1965 major
3347 1893 3439 1951 illo
3463 1895 3516 1950 in
3539 1896 3617 1952 di-

2047 1989 2250 2061 gnitate
2291 1997 2346 2044 et
2382 1989 2680 2058 sapientia?
2708 1989 2894 2045 Potest
2923 2005 3052 2061 ergo
3091 1998 3347 2061 tanquam
3378 1999 3531 2062 pater
3564 2000 3620 2045 et

2046 2083 2303 2154 magister
2317 2083 2458 2138 inter
2476 2083 2767 2153 prophetas
2787 2082 3014 2138 versari.
3045 2081 3113 2136 Et
3136 2083 3252 2154 quis
3272 2091 3422 2151 pater
3441 2098 3618 2138 eorum

2047 2175 2103 2230 id
2130 2183 2212 2230 est
2232 2175 2639 2246 prophetarum,
2670 2175 2990 2231 subauditur
3018 2175 3120 2230 nisi
3145 2175 3305 2230 Deus.

2119 2264 2374 2336 Mystice,
2404 2265 2646 2322 seniores
2673 2265 2858 2331 lsrael,
2903 2266 3188 2337 reprobato
3217 2265 3496 2334 Samuelc,
3542 2283 3622 2322 re-

2047 2372 2169 2429 gem
2209 2358 2310 2414 sibi
2354 2357 2650 2428 petierant,
2692 2365 2748 2412 et
2786 2357 2988 2414 Scriba:
3023 2373 3143 2413 cum
3183 2357 3501 2420 Pharisaeis,
3537 2373 3619 2412 re-

2046 2449 2202 2520 pulso
2249 2449 2465 2504 Christo
2504 2465 2633 2504 vero
2679 2449 2998 2515 sacerdote,
3029 2449 3399 2505 clamaverunt
3441 2469 3455 2506 :
3498 2448 3621 2504 Non

2049 2542 2297 2596 habemus
2339 2558 2506 2614 regem
2534 2542 2636 2596 nisi
2665 2541 2926 2596 Cursarem
2968 2539 3148 2612 (Joau.
3187 2543 3329 2607 xix),
3352 2541 3495 2596 unde
3524 2539 3624 2593 Sa-

2050 2633 2190 2688 muel
2219 2634 2636 2703 interpretatur:
2661 2647 2858 2688 nomen
2887 2631 3002 2700 ejus
3028 2633 3199 2698 Deus;
3234 2630 3384 2696 Saul,
3422 2631 3623 2700 petitus

2051 2726 2165 2783 sive
2185 2726 2396 2796 petitio,
2425 2725 2567 2795 quia
2586 2725 2784 2795 populo
2810 2733 2892 2780 est
2911 2723 3228 2795 postulatus,
3258 2722 3529 2777 Barabbas
3549 2721 3627 2775 in-

2052 2818 2334 2889 telligitur.
2362 2816 2452 2872 Cis
2479 2820 2644 2872 durus
2680 2817 2764 2872 vel
2799 2831 3054 2882 vomens;
3076 2814 3260 2878 Abiel,
3291 2823 3449 2882 pater
3475 2827 3626 2868 meus

2051 2911 2224 2974 Deus,
2266 2909 2437 2964 Judaei
2483 2909 2629 2964 enim
2658 2907 2779 2963 duri
2807 2915 2861 2962 et
2889 2914 3167 2961 vomentes
3203 2905 3371 2960 Deum
3411 2903 3626 2958 Patrem

2053 3003 2596 3068 conﬁtendo,Filium
2618 3010 2845 3074 negant;
2869 3003 2966 3058 sed
2988 3002 3081 3072 qui
3111 3001 3500 3072 negatFilium,
3529 3016 3625 3056 ne—

2054 3105 2146 3168 gat
2174 3105 2229 3151 et
2258 3093 2472 3150 Patrem
2501 3093 2754 3165 quimisit
2781 3109 2902 3151 eum
2933 3093 2986 3166 (1
2997 3093 3158 3148 Joan.
3188 3092 3420 3165 u).,Saul
3451 3094 3628 3149 asinas

2054 3189 2225 3260 patris
2263 3201 2531 3260 quaerens,
2567 3187 2622 3241 in
2644 3201 2809 3258 regno
2837 3195 3155 3256 assumptus
3183 3194 3283 3240 est.
3315 3184 3564 3240 Salvator
3593 3200 3624 3238 a

2055 3281 2218 3337 Patre
2249 3281 2445 3336 missus
2487 3280 2555 3336 ad
2591 3294 2721 3334 oves
2748 3294 2869 3349 qua:
2904 3278 3174 3349 perierant
3210 3279 3400 3334 domus
3423 3277 3586 3333 Israel
3612 3317 3628 3342 ,

2055 3390 2218 3445 super
2261 3381 2514 3429 cunctum
2550 3371 2806 3443 populum
2851 3372 2907 3426 in
2937 3386 3122 3443 regem
3159 3371 3486 3426 constitutus
3523 3381 3626 3425 est.

2057 3466 2161 3521 Tot
2187 3467 2332 3521 enim
2355 3475 2480 3522 sunt
2503 3467 2670 3521 asinze
2692 3473 2823 3535 quot
2845 3478 2992 3518 oves.
3019 3462 3149 3518 Saul
3171 3463 3378 3535 accepit
3395 3477 3629 3527 armum,

2056 3568 2112 3617 et
2130 3560 2378 3617 Christus
2401 3561 2764 3632 principatum
2791 3559 3004 3631 (Matth.
3033 3556 3144 3629 xv).
3173 3555 3306 3613 Saul
3326 3573 3358 3611 a
3382 3555 3632 3612 Samuele

2059 3663 2141 3710 est
2173 3664 2386 3720 unctus,
2420 3663 2474 3710 et
2503 3653 2819 3726 Unigenitus
2845 3669 2875 3708 a
2905 3660 3056 3723 patre
3081 3649 3346 3720 spirituali
3377 3650 3630 3705 unctione

2059 3746 2348 3802 delibutus.
2381 3746 2464 3801 Ab
2487 3745 2713 3802 humero
2742 3745 2871 3800 Saul
2898 3743 3352 3815 supereminebat,
3387 3741 3512 3813 quia
3534 3757 3628 3796 ca-

2057 3847 2155 3912 put
2181 3847 2428 3896 nostrum
2451 3854 2614 3910 super
2646 3854 2745 3897 nos
2774 3846 2858 3895 est
2882 3837 3130 3894 Christus
3157 3835 3208 3895 (l
3233 3833 3358 3892 Cor.
3387 3833 3485 3904 xi).

2665 3974 2892 4032 CAPUT
2927 3973 3015 4031 XI.

2129 4065 2298 4121 Vsus.
2330 4067 2382 4122 1.
2403 4095 2474 4107 -
2495 4064 2676 4138 (ΗΑΒ.)
2705 4064 2866 4122 Iabes
2909 4080 3101 4121 sensus
3129 4064 3372 4121 :Galaad
3405 4077 3632 4119 acervus

2063 4157 2548 4225 testimonii.Naas,
2559 4159 2610 4214 id
2627 4166 2713 4214 est
2724 4158 3178 4228 serpens,scilicet
3189 4157 3434 4214 diabolus
3450 4172 3634 4213 ascen-

2068 4255 2350 4310 ditcontra
2381 4268 2600 4309 sensum
2629 4253 2926 4308 testimonii
2951 4252 3246 4323 Scriptura:
3282 4253 3576 4307 eruditum.

2135 4343 2298 4401 Vens.
2329 4345 2385 4400 2.
2415 4344 2567 4399 —Et
2587 4345 2870 4414 respondit.
2894 4344 3099 4401 Bellum
3117 4344 3276 4410 Naas,
3299 4344 3499 4400 bellum
3520 4343 3630 4397 hae-

2065 4434 2358 4490 reticorum
2397 4443 2588 4491 contra
2648 4434 2947 4491 Ecclesiam
2998 4435 3289 4506 signiﬁcat.
3351 4433 3492 4490 Naas
3550 4433 3632 4488 in-

2069 4536 2397 4599 terpretatur
2423 4542 2684 4599 serpens,
2714 4528 2946 4584 Ammon
2971 4527 3334 4596 comprimens
3364 4525 3448 4581 vel
3470 4540 3635 4581 coan-

2063 4627 2306 4690 gustans,
2338 4618 2422 4674 vel
2450 4613 2678 4689 populus
2703 4617 2977 4673 maeroris.
3007 4615 3169 4673 labes
3188 4617 3494 4683 exsiccata;
3521 4616 3631 4673 Ga-

2062 4711 2184 4767 laad
2223 4726 2448 4768 acervus
2481 4711 2814 4778 testimonii;
2859 4710 3000 4767 Naas
3041 4726 3170 4782 ergo
3211 4710 3480 4782 signiﬁcat
3519 4726 3634 4766 ser-

2061 4812 2280 4875 pentem
2317 4803 2617 4875 antiquum,
2663 4804 2754 4874 qui
2789 4812 2873 4858 est
2899 4804 3149 4874 princeps
3177 4803 3632 4872 Ammonitarum,

2061 4899 2117 4953 id
2155 4905 2238 4953 est
2264 4898 2662 4953 haereticorum.
2696 4897 2797 4952 llic
2819 4906 2902 4953 est
2935 4897 3078 4951 enim
3108 4897 3338 4968 populus
3363 4899 3630 4962 mteroris,

2063 4993 2156 5062 qui
2186 5007 2292 5047 non
2318 4992 2482 5047 habet
2509 4992 2763 5061 gaudium
2794 4989 3030 5062 Spiritus
3052 4993 3249 5058 sancti,
3277 4991 3370 5061 qui
3400 4991 3634 5062 disponit

2063 5085 2242 5141 fcedus
2263 5100 2387 5140 cum
2408 5083 2604 5155 populo
2629 5083 2902 5150 Ecclesiae,
2927 5095 2986 5138 ut
3010 5093 3168 5140 emat
3186 5083 3369 5140 oculos
3394 5085 3633 5148 dextros,

2063 5175 2240 5229 visum
2282 5174 2491 5229 scilicet
2531 5188 2678 5229 sanae
2708 5175 3024 5230 orthodoxae
3049 5175 3191 5231 ﬁdei.
3229 5174 3519 5230 Sinistrum
3555 5190 3637 5230 re-

2063 5268 2261 5338 linquit
2279 5266 2518 5332 oculum,
2544 5274 2605 5321 ut
2627 5266 2836 5323 scilicet
2857 5281 3023 5338 prava
3044 5275 3253 5323 tantum
3277 5268 3495 5323 sentiat.
3529 5267 3638 5322 Sed

2064 5379 2218 5420 mens
2243 5360 2482 5417 ﬁdelium
2513 5361 2783 5417 exsiccata
2819 5377 2851 5416 a
2881 5362 3042 5418 sorde
3077 5362 3352 5429 vitiorum,
3383 5377 3637 5418 acervum

2067 5451 2381 5519 testimonii,
2419 5451 2475 5506 id
2511 5461 2627 5519 est,
2656 5453 2915 5509 scientias
2948 5461 3149 5509 sanctae
3176 5449 3470 5524 Scriptura:
3509 5467 3637 5510 con-

2065 5547 2224 5620 gerit,
2259 5545 2456 5615 quibus
2479 5544 2710 5600 viriliter
2739 5545 2958 5601 resistat
2979 5544 3141 5601 hosti.

2137 5637 2298 5694 Vens.
2329 5639 2466 5694 8.—-
2496 5636 2566 5692 In
2591 5637 2810 5693 Bezech.
2829 5638 3008 5712 (Rm,
3030 5639 3084 5694 in
3103 5639 3195 5694 lib.
3223 5640 3525 5713 Reg.,tom.
3545 5637 3636 5711 ιι.)

2067 5731 2231 5794 Urbe,
2263 5729 2470 5785 scilicet
2501 5728 2861 5798 Adonibezec,
2890 5742 3019 5801 etc.,
3055 5749 3213 5804 usque
3251 5732 3319 5788 ad
3343 5749 3440 5804 per
3465 5742 3632 5788 totum

2065 5822 2252 5880 orbem
2278 5820 2518 5878 Ecclesia
2553 5823 2834 5879 diffundat.
