  <div class='ocr_page' id='page_1' title='image "/cluster/home/n/w/nwhite01/storage/ocr_20150623/113/hvd.32044018909572/282.png"; bbox 0 0 4006 6352; ppageno 0'>
   <div class='ocr_carea' id='block_1_1' title="bbox 245 503 353 559">
    <p class='ocr_par' dir='ltr' id='par_1_1' title="bbox 245 503 353 559">
     <span class='ocr_line' id='line_1_1' title="bbox 245 503 353 559; baseline -0.009 0"><span class='ocrx_word' id='word_1_1' title='bbox 245 503 353 559; x_wconf 80' lang='lat'><strong>555</strong></span> 
     </span>
    </p>
   </div>
   <div class='ocr_carea' id='block_1_2' title="bbox 1273 484 2505 549">
    <p class='ocr_par' dir='ltr' id='par_1_2' title="bbox 1273 484 2505 549">
     <span class='ocr_line' id='line_1_2' title="bbox 1273 484 2505 549; baseline -0.006 0"><span class='ocrx_word' id='word_1_2' title='bbox 1273 491 1542 549; x_wconf 83' lang='lat' dir='ltr'><strong>GLOSSA</strong></span> <span class='ocrx_word' id='word_1_3' title='bbox 1579 487 1975 548; x_wconf 76' lang='lat' dir='ltr'><strong>ORDINARIA.</strong></span> <span class='ocrx_word' id='word_1_4' title='bbox 2011 517 2080 530; x_wconf 88' lang='lat'><strong>-</strong></span> <span class='ocrx_word' id='word_1_5' title='bbox 2117 487 2242 542; x_wconf 84' lang='lat' dir='ltr'><strong>LIB.</strong></span> <span class='ocrx_word' id='word_1_6' title='bbox 2283 487 2302 542; x_wconf 89' lang='grc' dir='ltr'><strong>Ι</strong></span> <span class='ocrx_word' id='word_1_7' title='bbox 2345 484 2505 542; x_wconf 71' lang='lat' dir='ltr'><strong>REG.</strong></span> 
     </span>
    </p>
   </div>
   <div class='ocr_carea' id='block_1_3' title="bbox 3401 483 3506 539">
    <p class='ocr_par' dir='ltr' id='par_1_3' title="bbox 3401 483 3506 539">
     <span class='ocr_line' id='line_1_3' title="bbox 3401 483 3506 539; baseline 0.01 -1"><span class='ocrx_word' id='word_1_8' title='bbox 3401 483 3506 539; x_wconf 66' lang='grc' dir='ltr'><strong>εδδ</strong></span> 
     </span>
    </p>
   </div>
   <div class='ocr_carea' id='block_1_4' title="bbox 316 575 3506 681">
    <p class='ocr_par' dir='ltr' id='par_1_4' title="bbox 316 575 3506 681">
     <span class='ocr_line' id='line_1_4' title="bbox 316 575 3506 681; baseline -0.004 -13"><span class='ocrx_word' id='word_1_9' title='bbox 316 613 484 668; x_wconf 81' lang='lat' dir='ltr'><strong>Vens.</strong></span> <span class='ocrx_word' id='word_1_10' title='bbox 514 611 602 667; x_wconf 77' lang='lat' dir='ltr'><strong>il.</strong></span> <span class='ocrx_word' id='word_1_11' title='bbox 628 641 699 650; x_wconf 93' lang='lat'><strong><em>—</em></strong></span> <span class='ocrx_word' id='word_1_12' title='bbox 727 610 959 681; x_wconf 77' lang='lat' dir='ltr'><strong>Dispersi</strong></span> <span class='ocrx_word' id='word_1_13' title='bbox 991 575 1131 662; x_wconf 84' lang='lat' dir='ltr'><strong>sunt.</strong></span> <span class='ocrx_word' id='word_1_14' title='bbox 1173 605 1310 675; x_wconf 82' lang='lat' dir='ltr'><strong>Quia</strong></span> <span class='ocrx_word' id='word_1_15' title='bbox 1332 606 1677 680; x_wconf 77' lang='lat' dir='ltr'><strong>congregatio</strong></span> <span class='ocrx_word' id='word_1_16' title='bbox 1705 621 1828 676; x_wconf 89' lang='lat' dir='ltr'><strong>pra-</strong></span> <span class='ocrx_word' id='word_1_17' title='bbox 1855 613 1906 672; x_wconf 74' lang='grc' dir='ltr'><strong>Α</strong></span> <span class='ocrx_word' id='word_1_18' title='bbox 1932 603 2115 659; x_wconf 79' lang='lat' dir='ltr'><strong>vertit.</strong></span> <span class='ocrx_word' id='word_1_19' title='bbox 2142 601 2393 673; x_wconf 78' lang='lat' dir='ltr'><strong>Armiger</strong></span> <span class='ocrx_word' id='word_1_20' title='bbox 2429 598 2546 670; x_wconf 87' lang='lat' dir='ltr'><strong>ejus</strong></span> <span class='ocrx_word' id='word_1_21' title='bbox 2590 598 2951 669; x_wconf 86' lang='lat' dir='ltr'><strong>spiritualium</strong></span> <span class='ocrx_word' id='word_1_22' title='bbox 2976 598 3249 669; x_wconf 86' lang='lat' dir='ltr'><strong>discipuli,</strong></span> <span class='ocrx_word' id='word_1_23' title='bbox 3275 600 3368 670; x_wconf 87' lang='lat' dir='ltr'><strong>qui</strong></span> <span class='ocrx_word' id='word_1_24' title='bbox 3398 613 3506 654; x_wconf 90' lang='lat' dir='ltr'><strong>non</strong></span> 
     </span>
    </p>
   </div>
   <div class='ocr_carea' id='block_1_5' title="bbox 243 698 1831 771">
    <p class='ocr_par' dir='ltr' id='par_1_5' title="bbox 243 698 1831 771">
     <span class='ocr_line' id='line_1_5' title="bbox 243 698 1831 771; baseline -0.004 -12"><span class='ocrx_word' id='word_1_25' title='bbox 243 721 457 770; x_wconf 76' lang='lat' dir='ltr'><strong>verum,</strong></span> <span class='ocrx_word' id='word_1_26' title='bbox 501 701 786 759; x_wconf 89' lang='lat' dir='ltr'><strong>charitatis</strong></span> <span class='ocrx_word' id='word_1_27' title='bbox 813 713 866 756; x_wconf 90' lang='lat' dir='ltr'><strong>et</strong></span> <span class='ocrx_word' id='word_1_28' title='bbox 910 700 1033 758; x_wconf 91' lang='lat' dir='ltr'><strong>ﬁdei</strong></span> <span class='ocrx_word' id='word_1_29' title='bbox 1067 702 1273 757; x_wconf 87' lang='lat' dir='ltr'><strong>unitate</strong></span> <span class='ocrx_word' id='word_1_30' title='bbox 1299 718 1407 758; x_wconf 92' lang='lat' dir='ltr'><strong>non</strong></span> <span class='ocrx_word' id='word_1_31' title='bbox 1441 698 1709 771; x_wconf 83' lang='lat' dir='ltr'><strong>jungitur,</strong></span> <span class='ocrx_word' id='word_1_32' title='bbox 1735 698 1831 752; x_wconf 85' lang='lat' dir='ltr'><strong>ab-</strong></span> 
     </span>
    </p>
   </div>
   <div class='ocr_carea' id='block_1_6' title="bbox 244 791 1826 864">
    <p class='ocr_par' dir='ltr' id='par_1_6' title="bbox 244 791 1826 864">
     <span class='ocr_line' id='line_1_6' title="bbox 244 791 1826 864; baseline -0.004 -12"><span class='ocrx_word' id='word_1_33' title='bbox 244 797 476 852; x_wconf 86' lang='lat' dir='ltr'><strong>invicem</strong></span> <span class='ocrx_word' id='word_1_34' title='bbox 515 795 849 850; x_wconf 80' lang='lat' dir='ltr'><strong>dissensione</strong></span> <span class='ocrx_word' id='word_1_35' title='bbox 901 802 1216 864; x_wconf 85' lang='lat' dir='ltr'><strong>separatur;</strong></span> <span class='ocrx_word' id='word_1_36' title='bbox 1260 794 1402 849; x_wconf 92' lang='lat' dir='ltr'><strong>unde</strong></span> <span class='ocrx_word' id='word_1_37' title='bbox 1434 811 1446 847; x_wconf 90' lang='lat'><strong>:</strong></span> <span class='ocrx_word' id='word_1_38' title='bbox 1481 791 1692 848; x_wconf 83' lang='lat' dir='ltr'><strong>Inimici</strong></span> <span class='ocrx_word' id='word_1_39' title='bbox 1729 792 1826 858; x_wconf 87' lang='lat' dir='ltr'><strong>tui,</strong></span> 
     </span>
    </p>
   </div>
   <div class='ocr_carea' id='block_1_7' title="bbox 243 885 1584 960">
    <p class='ocr_par' dir='ltr' id='par_1_7' title="bbox 243 885 1584 960">
     <span class='ocr_line' id='line_1_7' title="bbox 243 885 1584 960; baseline -0.005 -16"><span class='ocrx_word' id='word_1_40' title='bbox 243 887 492 957; x_wconf 78' lang='lat' dir='ltr'><strong>Domine,</strong></span> <span class='ocrx_word' id='word_1_41' title='bbox 518 887 760 960; x_wconf 84' lang='lat' dir='ltr'><strong>peribunt</strong></span> <span class='ocrx_word' id='word_1_42' title='bbox 785 895 832 941; x_wconf 89' lang='lat' dir='ltr'><strong>et</strong></span> <span class='ocrx_word' id='word_1_43' title='bbox 861 885 1226 957; x_wconf 84' lang='lat' dir='ltr'><strong>dispergentur</strong></span> <span class='ocrx_word' id='word_1_44' title='bbox 1254 885 1426 957; x_wconf 83' lang='lat' dir='ltr'><strong>(Psal.</strong></span> <span class='ocrx_word' id='word_1_45' title='bbox 1453 885 1584 956; x_wconf 77' lang='lat' dir='ltr'><strong>XCI).</strong></span> 
     </span>
    </p>
   </div>
   <div class='ocr_carea' id='block_1_8' title="bbox 846 1016 1228 1074">
    <p class='ocr_par' dir='ltr' id='par_1_8' title="bbox 846 1016 1228 1074">
     <span class='ocr_line' id='line_1_8' title="bbox 846 1016 1228 1074; baseline -0.005 0"><span class='ocrx_word' id='word_1_46' title='bbox 846 1016 1072 1074; x_wconf 82' lang='lat' dir='ltr'><strong>CAPUT</strong></span> <span class='ocrx_word' id='word_1_47' title='bbox 1113 1017 1228 1073; x_wconf 79' lang='lat' dir='ltr'><strong>XII.</strong></span> 
     </span>
    </p>
   </div>
   <div class='ocr_carea' id='block_1_9' title="bbox 317 1108 1827 1182">
    <p class='ocr_par' dir='ltr' id='par_1_9' title="bbox 317 1108 1827 1182">
     <span class='ocr_line' id='line_1_9' title="bbox 317 1108 1827 1182; baseline -0.003 -15"><span class='ocrx_word' id='word_1_48' title='bbox 317 1114 482 1168; x_wconf 86' lang='lat' dir='ltr'><strong>Vens.</strong></span> <span class='ocrx_word' id='word_1_49' title='bbox 525 1111 611 1167; x_wconf 77' lang='grc'><strong>17.</strong></span> <span class='ocrx_word' id='word_1_50' title='bbox 642 1141 714 1151; x_wconf 94' lang='grc'><strong>-</strong></span> <span class='ocrx_word' id='word_1_51' title='bbox 742 1109 929 1165; x_wconf 67' lang='lat' dir='ltr'><strong>Messi:</strong></span> <span class='ocrx_word' id='word_1_52' title='bbox 960 1110 1142 1164; x_wconf 76' lang='lat' dir='ltr'><strong>tritici.</strong></span> <span class='ocrx_word' id='word_1_53' title='bbox 1177 1108 1360 1182; x_wconf 70' lang='grc' dir='ltr'><strong>(ΚΑΒ.)</strong></span> <span class='ocrx_word' id='word_1_54' title='bbox 1392 1108 1655 1168; x_wconf 87' lang='lat' dir='ltr'><strong>Collectio</strong></span> <span class='ocrx_word' id='word_1_55' title='bbox 1680 1109 1827 1166; x_wconf 86' lang='lat' dir='ltr'><strong>scili-</strong></span> 
     </span>
    </p>
   </div>
   <div class='ocr_carea' id='block_1_10' title="bbox 243 1201 1093 1276">
    <p class='ocr_par' dir='ltr' id='par_1_10' title="bbox 243 1201 1093 1276">
     <span class='ocr_line' id='line_1_10' title="bbox 243 1201 1093 1276; baseline -0.007 -14"><span class='ocrx_word' id='word_1_56' title='bbox 243 1213 332 1262; x_wconf 89' lang='lat' dir='ltr'><strong>cet</strong></span> <span class='ocrx_word' id='word_1_57' title='bbox 361 1203 578 1276; x_wconf 76' lang='lat' dir='ltr'><strong>gentilis</strong></span> <span class='ocrx_word' id='word_1_58' title='bbox 598 1201 782 1273; x_wconf 82' lang='lat' dir='ltr'><strong>populi</strong></span> <span class='ocrx_word' id='word_1_59' title='bbox 813 1202 879 1258; x_wconf 89' lang='lat' dir='ltr'><strong>ad</strong></span> <span class='ocrx_word' id='word_1_60' title='bbox 909 1201 1093 1256; x_wconf 84' lang='lat' dir='ltr'><strong>ﬁdem.</strong></span> 
     </span>
    </p>
   </div>
   <div class='ocr_carea' id='block_1_11' title="bbox 329 1293 1834 1364">
    <p class='ocr_par' dir='ltr' id='par_1_11' title="bbox 329 1293 1834 1364">
     <span class='ocr_line' id='line_1_11' title="bbox 329 1293 1834 1364; baseline 0.001 -16"><span class='ocrx_word' id='word_1_61' title='bbox 329 1295 508 1350; x_wconf 81' lang='lat' dir='ltr'><strong>Voces.</strong></span> <span class='ocrx_word' id='word_1_62' title='bbox 535 1294 718 1359; x_wconf 83' lang='lat' dir='ltr'><strong>Idest,</strong></span> <span class='ocrx_word' id='word_1_63' title='bbox 747 1294 982 1348; x_wconf 85' lang='lat' dir='ltr'><strong>tonitrua</strong></span> <span class='ocrx_word' id='word_1_64' title='bbox 1015 1302 1070 1348; x_wconf 90' lang='lat' dir='ltr'><strong>et</strong></span> <span class='ocrx_word' id='word_1_65' title='bbox 1099 1294 1329 1364; x_wconf 89' lang='lat' dir='ltr'><strong>pluvias.</strong></span> <span class='ocrx_word' id='word_1_66' title='bbox 1359 1293 1477 1350; x_wconf 82' lang='lat' dir='ltr'><strong>Non</strong></span> <span class='ocrx_word' id='word_1_67' title='bbox 1501 1303 1586 1351; x_wconf 84' lang='lat' dir='ltr'><strong>est</strong></span> <span class='ocrx_word' id='word_1_68' title='bbox 1604 1309 1834 1352; x_wconf 90' lang='lat' dir='ltr'><strong>consue-</strong></span> 
     </span>
    </p>
   </div>
   <div class='ocr_carea' id='block_1_12' title="bbox 246 1387 1420 1458">
    <p class='ocr_par' dir='ltr' id='par_1_12' title="bbox 246 1387 1420 1458">
     <span class='ocr_line' id='line_1_12' title="bbox 246 1387 1420 1458; baseline -0.004 -12"><span class='ocrx_word' id='word_1_69' title='bbox 246 1389 377 1446; x_wconf 86' lang='lat' dir='ltr'><strong>tudo</strong></span> <span class='ocrx_word' id='word_1_70' title='bbox 402 1389 602 1445; x_wconf 62' lang='lat' dir='ltr'><strong>ludant:</strong></span> <span class='ocrx_word' id='word_1_71' title='bbox 623 1388 678 1443; x_wconf 88' lang='lat' dir='ltr'><strong>in</strong></span> <span class='ocrx_word' id='word_1_72' title='bbox 712 1397 955 1458; x_wconf 89' lang='lat' dir='ltr'><strong>tempore</strong></span> <span class='ocrx_word' id='word_1_73' title='bbox 980 1387 1187 1443; x_wconf 68' lang='lat' dir='ltr'><strong>aestatis</strong></span> <span class='ocrx_word' id='word_1_74' title='bbox 1215 1387 1420 1458; x_wconf 86' lang='lat' dir='ltr'><strong>pluere.</strong></span> 
     </span>
    </p>
   </div>
   <div class='ocr_carea' id='block_1_13' title="bbox 835 1523 1229 1581">
    <p class='ocr_par' dir='ltr' id='par_1_13' title="bbox 835 1523 1229 1581">
     <span class='ocr_line' id='line_1_13' title="bbox 835 1523 1229 1581; baseline -0.005 -1"><span class='ocrx_word' id='word_1_75' title='bbox 835 1523 1064 1581; x_wconf 81' lang='lat' dir='ltr'><strong>CAPUT</strong></span> <span class='ocrx_word' id='word_1_76' title='bbox 1092 1523 1229 1578; x_wconf 72' lang='lat' dir='ltr'><strong>XIII.</strong></span> 
     </span>
    </p>
   </div>
   <div class='ocr_carea' id='block_1_14' title="bbox 323 1613 1833 1689">
    <p class='ocr_par' dir='ltr' id='par_1_14' title="bbox 323 1613 1833 1689">
     <span class='ocr_line' id='line_1_14' title="bbox 323 1613 1833 1689; baseline -0.003 -17"><span class='ocrx_word' id='word_1_77' title='bbox 323 1618 481 1672; x_wconf 85' lang='lat' dir='ltr'><strong>Vens.</strong></span> <span class='ocrx_word' id='word_1_78' title='bbox 529 1617 579 1671; x_wconf 77' lang='lat' dir='ltr'><strong>l.</strong></span> <span class='ocrx_word' id='word_1_79' title='bbox 613 1647 677 1656; x_wconf 91' lang='lat'><strong><em>—</em></strong></span> <span class='ocrx_word' id='word_1_80' title='bbox 705 1613 880 1671; x_wconf 78' lang='lat' dir='ltr'><strong>Filius</strong></span> <span class='ocrx_word' id='word_1_81' title='bbox 901 1617 1057 1670; x_wconf 84' lang='lat' dir='ltr'><strong>unius</strong></span> <span class='ocrx_word' id='word_1_82' title='bbox 1086 1619 1236 1683; x_wconf 84' lang='lat' dir='ltr'><strong>anni,</strong></span> <span class='ocrx_word' id='word_1_83' title='bbox 1265 1625 1370 1674; x_wconf 91' lang='lat' dir='ltr'><strong>etc.</strong></span> <span class='ocrx_word' id='word_1_84' title='bbox 1399 1615 1582 1689; x_wconf 67' lang='grc' dir='ltr'><strong>(ΚΑΒ.)</strong></span> <span class='ocrx_word' id='word_1_85' title='bbox 1610 1613 1714 1670; x_wconf 85' lang='lat' dir='ltr'><strong>Per</strong></span> <span class='ocrx_word' id='word_1_86' title='bbox 1735 1630 1833 1669; x_wconf 88' lang='lat' dir='ltr'><strong>an-</strong></span> 
     </span>
    </p>
   </div>
   <div class='ocr_carea' id='block_1_15' title="bbox 248 1710 1835 1783">
    <p class='ocr_par' dir='ltr' id='par_1_15' title="bbox 248 1710 1835 1783">
     <span class='ocr_line' id='line_1_15' title="bbox 248 1710 1835 1783; baseline -0.004 -16"><span class='ocrx_word' id='word_1_87' title='bbox 248 1712 614 1783; x_wconf 69' lang='lat' dir='ltr'><strong>ticipationem</strong></span> <span class='ocrx_word' id='word_1_88' title='bbox 655 1711 788 1766; x_wconf 86' lang='lat' dir='ltr'><strong>dicit</strong></span> <span class='ocrx_word' id='word_1_89' title='bbox 821 1711 886 1765; x_wconf 89' lang='lat' dir='ltr'><strong>de</strong></span> <span class='ocrx_word' id='word_1_90' title='bbox 905 1710 1148 1766; x_wconf 90' lang='lat' dir='ltr'><strong>Isboseth</strong></span> <span class='ocrx_word' id='word_1_91' title='bbox 1187 1711 1297 1766; x_wconf 90' lang='lat' dir='ltr'><strong>ﬁlio</strong></span> <span class='ocrx_word' id='word_1_92' title='bbox 1329 1711 1476 1776; x_wconf 89' lang='lat' dir='ltr'><strong>Saul,</strong></span> <span class='ocrx_word' id='word_1_93' title='bbox 1513 1720 1643 1776; x_wconf 90' lang='lat' dir='ltr'><strong>etc.,</strong></span> <span class='ocrx_word' id='word_1_94' title='bbox 1669 1723 1835 1779; x_wconf 85' lang='lat' dir='ltr'><strong>usque</strong></span> 
     </span>
    </p>
   </div>
   <div class='ocr_carea' id='block_1_16' title="bbox 245 1800 1832 1874">
    <p class='ocr_par' dir='ltr' id='par_1_16' title="bbox 245 1800 1832 1874">
     <span class='ocr_line' id='line_1_16' title="bbox 245 1800 1832 1874; baseline -0.003 -17"><span class='ocrx_word' id='word_1_95' title='bbox 245 1803 316 1857; x_wconf 81' lang='lat' dir='ltr'><strong>ad</strong></span> <span class='ocrx_word' id='word_1_96' title='bbox 345 1812 401 1858; x_wconf 92' lang='lat' dir='ltr'><strong>et</strong></span> <span class='ocrx_word' id='word_1_97' title='bbox 433 1819 540 1857; x_wconf 90' lang='lat' dir='ltr'><strong>non</strong></span> <span class='ocrx_word' id='word_1_98' title='bbox 576 1810 688 1859; x_wconf 86' lang='lat' dir='ltr'><strong>toto</strong></span> <span class='ocrx_word' id='word_1_99' title='bbox 714 1810 954 1873; x_wconf 82' lang='lat' dir='ltr'><strong>tempore</strong></span> <span class='ocrx_word' id='word_1_100' title='bbox 983 1802 1106 1856; x_wconf 79' lang='lat' dir='ltr'><strong>vitae</strong></span> <span class='ocrx_word' id='word_1_101' title='bbox 1135 1817 1249 1858; x_wconf 79' lang='lat' dir='ltr'><strong>suae</strong></span> <span class='ocrx_word' id='word_1_102' title='bbox 1274 1800 1529 1874; x_wconf 87' lang='lat' dir='ltr'><strong>populum</strong></span> <span class='ocrx_word' id='word_1_103' title='bbox 1551 1800 1832 1872; x_wconf 85' lang='lat' dir='ltr'><strong>judicave-</strong></span> 
     </span>
    </p>
   </div>
   <div class='ocr_carea' id='block_1_17' title="bbox 245 1895 557 1952">
    <p class='ocr_par' dir='ltr' id='par_1_17' title="bbox 245 1895 557 1952">
     <span class='ocr_line' id='line_1_17' title="bbox 245 1895 557 1952; baseline -0.013 0"><span class='ocrx_word' id='word_1_104' title='bbox 245 1904 333 1952; x_wconf 84' lang='lat' dir='ltr'><strong>rat</strong></span> <span class='ocrx_word' id='word_1_105' title='bbox 359 1904 417 1949; x_wconf 93' lang='lat' dir='ltr'><strong>ut</strong></span> <span class='ocrx_word' id='word_1_106' title='bbox 444 1895 557 1949; x_wconf 88' lang='lat' dir='ltr'><strong>alii.</strong></span> 
     </span>
    </p>
   </div>
   <div class='ocr_carea' id='block_1_18' title="bbox 1929 687 3510 764">
    <p class='ocr_par' dir='ltr' id='par_1_18' title="bbox 1929 687 3510 764">
     <span class='ocr_line' id='line_1_18' title="bbox 1929 687 3510 764; baseline -0.003 -14"><span class='ocrx_word' id='word_1_107' title='bbox 1929 709 2029 764; x_wconf 90' lang='lat' dir='ltr'><strong>per</strong></span> <span class='ocrx_word' id='word_1_108' title='bbox 2057 693 2240 764; x_wconf 87' lang='lat' dir='ltr'><strong>plana,</strong></span> <span class='ocrx_word' id='word_1_109' title='bbox 2267 692 2361 748; x_wconf 89' lang='lat' dir='ltr'><strong>sed</strong></span> <span class='ocrx_word' id='word_1_110' title='bbox 2389 687 2558 746; x_wconf 86' lang='lat' dir='ltr'><strong>ardua</strong></span> <span class='ocrx_word' id='word_1_111' title='bbox 2581 689 2685 744; x_wconf 87' lang='lat' dir='ltr'><strong>iter</strong></span> <span class='ocrx_word' id='word_1_112' title='bbox 2713 688 2980 760; x_wconf 86' lang='lat' dir='ltr'><strong>arripiunt</strong></span> <span class='ocrx_word' id='word_1_113' title='bbox 3004 709 3018 744; x_wconf 91' lang='lat'><strong>:</strong></span> <span class='ocrx_word' id='word_1_114' title='bbox 3049 690 3175 760; x_wconf 83' lang='lat' dir='ltr'><strong>quia</strong></span> <span class='ocrx_word' id='word_1_115' title='bbox 3197 689 3510 746; x_wconf 83' lang='lat' dir='ltr'><strong>sacerdotes</strong></span> 
     </span>
    </p>
   </div>
   <div class='ocr_carea' id='block_1_19' title="bbox 1932 782 3511 854">
    <p class='ocr_par' dir='ltr' id='par_1_19' title="bbox 1932 782 3511 854">
     <span class='ocr_line' id='line_1_19' title="bbox 1932 782 3511 854; baseline -0.001 -13"><span class='ocrx_word' id='word_1_116' title='bbox 1932 786 2180 841; x_wconf 86' lang='lat' dir='ltr'><strong>hostibus</strong></span> <span class='ocrx_word' id='word_1_117' title='bbox 2226 784 2499 840; x_wconf 84' lang='lat' dir='ltr'><strong>contraire</strong></span> <span class='ocrx_word' id='word_1_118' title='bbox 2556 789 2877 852; x_wconf 87' lang='lat' dir='ltr'><strong>nequeunt,</strong></span> <span class='ocrx_word' id='word_1_119' title='bbox 2920 782 2966 838; x_wconf 88' lang='lat' dir='ltr'><strong>si</strong></span> <span class='ocrx_word' id='word_1_120' title='bbox 3019 797 3126 838; x_wconf 91' lang='lat' dir='ltr'><strong>non</strong></span> <span class='ocrx_word' id='word_1_121' title='bbox 3175 798 3274 854; x_wconf 91' lang='lat' dir='ltr'><strong>per</strong></span> <span class='ocrx_word' id='word_1_122' title='bbox 3302 791 3511 839; x_wconf 85' lang='lat' dir='ltr'><strong>arctam</strong></span> 
     </span>
    </p>
   </div>
   <div class='ocr_carea' id='block_1_20' title="bbox 1931 875 3510 949">
    <p class='ocr_par' dir='ltr' id='par_1_20' title="bbox 1931 875 3510 949">
     <span class='ocr_line' id='line_1_20' title="bbox 1931 875 3510 949; baseline 0 -20"><span class='ocrx_word' id='word_1_123' title='bbox 1931 877 2073 933; x_wconf 86' lang='lat' dir='ltr'><strong>viam</strong></span> <span class='ocrx_word' id='word_1_124' title='bbox 2115 876 2448 949; x_wconf 86' lang='lat' dir='ltr'><strong>gradientes,</strong></span> <span class='ocrx_word' id='word_1_125' title='bbox 2493 875 2635 931; x_wconf 90' lang='lat' dir='ltr'><strong>inter</strong></span> <span class='ocrx_word' id='word_1_126' title='bbox 2664 883 2958 945; x_wconf 90' lang='lat' dir='ltr'><strong>utrumque</strong></span> <span class='ocrx_word' id='word_1_127' title='bbox 2983 875 3413 942; x_wconf 86' lang='lat' dir='ltr'><strong>Testamentum,</strong></span> <span class='ocrx_word' id='word_1_128' title='bbox 3455 885 3510 930; x_wconf 87' lang='lat' dir='ltr'><strong>et</strong></span> 
     </span>
    </p>
   </div>
   <div class='ocr_carea' id='block_1_21' title="bbox 1931 967 3510 1064">
    <p class='ocr_par' dir='ltr' id='par_1_21' title="bbox 1931 967 3510 1064">
     <span class='ocr_line' id='line_1_21' title="bbox 1931 967 3510 1064; baseline -0.001 -38"><span class='ocrx_word' id='word_1_129' title='bbox 1931 972 2357 1064; x_wconf 38' lang='lat' dir='ltr'><strong>integprospera</strong></span> <span class='ocrx_word' id='word_1_130' title='bbox 2388 977 2442 1024; x_wconf 89' lang='lat' dir='ltr'><strong>et</strong></span> <span class='ocrx_word' id='word_1_131' title='bbox 2475 970 2724 1034; x_wconf 86' lang='lat' dir='ltr'><strong>adversa,</strong></span> <span class='ocrx_word' id='word_1_132' title='bbox 2751 969 2907 1038; x_wconf 85' lang='lat' dir='ltr'><strong>quasi</strong></span> <span class='ocrx_word' id='word_1_133' title='bbox 2935 971 3070 1025; x_wconf 91' lang='lat' dir='ltr'><strong>duos</strong></span> <span class='ocrx_word' id='word_1_134' title='bbox 3096 967 3346 1040; x_wconf 90' lang='lat' dir='ltr'><strong>scopulos</strong></span> <span class='ocrx_word' id='word_1_135' title='bbox 3375 971 3510 1024; x_wconf 81' lang='lat' dir='ltr'><strong>dex-</strong></span> 
     </span>
    </p>
   </div>
   <div class='ocr_carea' id='block_1_22' title="bbox 1934 1059 3515 1134">
    <p class='ocr_par' dir='ltr' id='par_1_22' title="bbox 1934 1059 3515 1134">
     <span class='ocr_line' id='line_1_22' title="bbox 1934 1059 3515 1134; baseline -0.001 -17"><span class='ocrx_word' id='word_1_136' title='bbox 1934 1072 2015 1117; x_wconf 87' lang='lat' dir='ltr'><strong>tra</strong></span> <span class='ocrx_word' id='word_1_137' title='bbox 2058 1059 2317 1134; x_wconf 62' lang='lat' dir='ltr'><strong>laevaque,</strong></span> <span class='ocrx_word' id='word_1_138' title='bbox 2360 1061 2643 1122; x_wconf 84' lang='lat' dir='ltr'><strong>incedunt,</strong></span> <span class='ocrx_word' id='word_1_139' title='bbox 2690 1067 2744 1115; x_wconf 84' lang='lat' dir='ltr'><strong>et</strong></span> <span class='ocrx_word' id='word_1_140' title='bbox 2772 1059 2838 1115; x_wconf 89' lang='lat' dir='ltr'><strong>ad</strong></span> <span class='ocrx_word' id='word_1_141' title='bbox 2883 1059 2990 1115; x_wconf 86' lang='lat' dir='ltr'><strong>alta</strong></span> <span class='ocrx_word' id='word_1_142' title='bbox 3042 1059 3515 1130; x_wconf 85' lang='lat' dir='ltr'><strong>contemplationis</strong></span> 
     </span>
    </p>
   </div>
   <div class='ocr_carea' id='block_1_23' title="bbox 1933 1149 3512 1224">
    <p class='ocr_par' dir='ltr' id='par_1_23' title="bbox 1933 1149 3512 1224">
     <span class='ocr_line' id='line_1_23' title="bbox 1933 1149 3512 1224; baseline -0.002 -11"><span class='ocrx_word' id='word_1_143' title='bbox 1933 1166 2046 1214; x_wconf 90' lang='lat' dir='ltr'><strong>toto</strong></span> <span class='ocrx_word' id='word_1_144' title='bbox 2066 1157 2231 1212; x_wconf 89' lang='lat' dir='ltr'><strong>animi</strong></span> <span class='ocrx_word' id='word_1_145' title='bbox 2259 1157 2375 1212; x_wconf 91' lang='lat' dir='ltr'><strong>nisu</strong></span> <span class='ocrx_word' id='word_1_146' title='bbox 2401 1149 2790 1212; x_wconf 75' lang='lat' dir='ltr'><strong>conscendunt.</strong></span> <span class='ocrx_word' id='word_1_147' title='bbox 2826 1155 3088 1210; x_wconf 81' lang='lat' dir='ltr'><strong>Jouathas</strong></span> <span class='ocrx_word' id='word_1_148' title='bbox 3118 1171 3223 1210; x_wconf 92' lang='lat' dir='ltr'><strong>non</strong></span> <span class='ocrx_word' id='word_1_149' title='bbox 3257 1154 3360 1209; x_wconf 87' lang='lat' dir='ltr'><strong>nisi</strong></span> <span class='ocrx_word' id='word_1_150' title='bbox 3386 1169 3512 1224; x_wconf 89' lang='lat' dir='ltr'><strong>pro-</strong></span> 
     </span>
    </p>
   </div>
   <div class='ocr_carea' id='block_1_24' title="bbox 1931 1247 3516 1318">
    <p class='ocr_par' dir='ltr' id='par_1_24' title="bbox 1931 1247 3516 1318">
     <span class='ocr_line' id='line_1_24' title="bbox 1931 1247 3516 1318; baseline -0.001 -14"><span class='ocrx_word' id='word_1_151' title='bbox 1931 1261 2154 1307; x_wconf 86' lang='lat' dir='ltr'><strong>vocatus</strong></span> <span class='ocrx_word' id='word_1_152' title='bbox 2183 1251 2251 1306; x_wconf 91' lang='lat' dir='ltr'><strong>ad</strong></span> <span class='ocrx_word' id='word_1_153' title='bbox 2302 1251 2486 1306; x_wconf 85' lang='lat' dir='ltr'><strong>hostes</strong></span> <span class='ocrx_word' id='word_1_154' title='bbox 2528 1249 2762 1304; x_wconf 86' lang='lat' dir='ltr'><strong>transit:</strong></span> <span class='ocrx_word' id='word_1_155' title='bbox 2797 1248 2922 1318; x_wconf 86' lang='lat' dir='ltr'><strong>quia</strong></span> <span class='ocrx_word' id='word_1_156' title='bbox 2961 1247 3210 1303; x_wconf 82' lang='lat' dir='ltr'><strong>catholici</strong></span> <span class='ocrx_word' id='word_1_157' title='bbox 3253 1247 3516 1303; x_wconf 88' lang='lat' dir='ltr'><strong>adversus</strong></span> 
     </span>
    </p>
   </div>
   <div class='ocr_carea' id='block_1_25' title="bbox 1934 1331 3515 1412">
    <p class='ocr_par' dir='ltr' id='par_1_25' title="bbox 1934 1331 3515 1412">
     <span class='ocr_line' id='line_1_25' title="bbox 1934 1331 3515 1412; baseline -0.001 -14"><span class='ocrx_word' id='word_1_158' title='bbox 1934 1344 2217 1400; x_wconf 74' lang='lat' dir='ltr'><strong>haereticos</strong></span> <span class='ocrx_word' id='word_1_159' title='bbox 2245 1357 2349 1398; x_wconf 90' lang='lat' dir='ltr'><strong>non</strong></span> <span class='ocrx_word' id='word_1_160' title='bbox 2375 1341 2777 1398; x_wconf 86' lang='lat' dir='ltr'><strong>contentionem</strong></span> <span class='ocrx_word' id='word_1_161' title='bbox 2807 1331 3154 1396; x_wconf 82' lang='lat' dir='ltr'><strong>commovent</strong></span> <span class='ocrx_word' id='word_1_162' title='bbox 3188 1383 3202 1408; x_wconf 93' lang='lat'><strong>,</strong></span> <span class='ocrx_word' id='word_1_163' title='bbox 3234 1340 3339 1396; x_wconf 90' lang='lat' dir='ltr'><strong>nisi</strong></span> <span class='ocrx_word' id='word_1_164' title='bbox 3363 1341 3515 1412; x_wconf 88' lang='lat' dir='ltr'><strong>prius</strong></span> 
     </span>
    </p>
   </div>
   <div class='ocr_carea' id='block_1_26' title="bbox 1934 1425 3516 1506">
    <p class='ocr_par' dir='ltr' id='par_1_26' title="bbox 1934 1425 3516 1506">
     <span class='ocr_line' id='line_1_26' title="bbox 1934 1425 3516 1506; baseline -0.001 -16"><span class='ocrx_word' id='word_1_165' title='bbox 1934 1437 2002 1492; x_wconf 90' lang='lat' dir='ltr'><strong>ad</strong></span> <span class='ocrx_word' id='word_1_166' title='bbox 2033 1443 2306 1491; x_wconf 86' lang='lat' dir='ltr'><strong>certamen</strong></span> <span class='ocrx_word' id='word_1_167' title='bbox 2360 1443 2739 1506; x_wconf 89' lang='lat' dir='ltr'><strong>provocentur.</strong></span> <span class='ocrx_word' id='word_1_168' title='bbox 2793 1425 3072 1490; x_wconf 75' lang='lat' dir='ltr'><strong>Jortathas&#39;</strong></span> <span class='ocrx_word' id='word_1_169' title='bbox 3100 1449 3229 1506; x_wconf 87' lang='lat' dir='ltr'><strong>ergo</strong></span> <span class='ocrx_word' id='word_1_170' title='bbox 3277 1434 3332 1488; x_wconf 90' lang='lat' dir='ltr'><strong>in</strong></span> <span class='ocrx_word' id='word_1_171' title='bbox 3385 1433 3516 1505; x_wconf 85' lang='lat' dir='ltr'><strong>agro</strong></span> 
     </span>
    </p>
   </div>
   <div class='ocr_carea' id='block_1_27' title="bbox 1933 1515 3518 1595">
    <p class='ocr_par' dir='ltr' id='par_1_27' title="bbox 1933 1515 3518 1595">
     <span class='ocr_line' id='line_1_27' title="bbox 1933 1515 3518 1595; baseline -0.003 -15"><span class='ocrx_word' id='word_1_172' title='bbox 1933 1523 2158 1580; x_wconf 77' lang='lat' dir='ltr'><strong>cultura:</strong></span> <span class='ocrx_word' id='word_1_173' title='bbox 2177 1525 2360 1580; x_wconf 88' lang='lat' dir='ltr'><strong>hostes</strong></span> <span class='ocrx_word' id='word_1_174' title='bbox 2377 1523 2681 1595; x_wconf 87' lang='lat' dir='ltr'><strong>prosternit</strong></span> <span class='ocrx_word' id='word_1_175' title='bbox 2713 1542 2725 1578; x_wconf 92' lang='lat'><strong>:</strong></span> <span class='ocrx_word' id='word_1_176' title='bbox 2753 1531 2807 1578; x_wconf 91' lang='lat' dir='ltr'><strong>et</strong></span> <span class='ocrx_word' id='word_1_177' title='bbox 2832 1515 3082 1579; x_wconf 83' lang='lat' dir='ltr'><strong>doctores</strong></span> <span class='ocrx_word' id='word_1_178' title='bbox 3097 1523 3150 1578; x_wconf 92' lang='lat' dir='ltr'><strong>in</strong></span> <span class='ocrx_word' id='word_1_179' title='bbox 3170 1521 3518 1579; x_wconf 88' lang='lat' dir='ltr'><strong>meditatione</strong></span> 
     </span>
    </p>
   </div>
   <div class='ocr_carea' id='block_1_28' title="bbox 1936 1613 3341 1686">
    <p class='ocr_par' dir='ltr' id='par_1_28' title="bbox 1936 1613 3341 1686">
     <span class='ocr_line' id='line_1_28' title="bbox 1936 1613 3341 1686; baseline -0.003 -14"><span class='ocrx_word' id='word_1_180' title='bbox 1936 1615 2235 1686; x_wconf 71' lang='lat' dir='ltr'><strong>Scriptura:</strong></span> <span class='ocrx_word' id='word_1_181' title='bbox 2268 1615 2553 1671; x_wconf 65' lang='lat' dir='ltr'><strong>haereticos</strong></span> <span class='ocrx_word' id='word_1_182' title='bbox 2582 1615 2824 1670; x_wconf 91' lang='lat' dir='ltr'><strong>vincunt.</strong></span> <span class='ocrx_word' id='word_1_183' title='bbox 3335 1613 3341 1620; x_wconf 86' lang='grc'><em>’</em></span> 
     </span>
    </p>
   </div>
   <div class='ocr_carea' id='block_1_29' title="bbox 1952 1693 3514 1764">
    <p class='ocr_par' dir='ltr' id='par_1_29' title="bbox 1952 1693 3514 1764">
     <span class='ocr_line' id='line_1_29' title="bbox 1952 1693 3514 1764; baseline -0.001 0"><span class='ocrx_word' id='word_1_184' title='bbox 1952 1694 1964 1704; x_wconf 72' lang='grc'><em>’</em></span> <span class='ocrx_word' id='word_1_185' title='bbox 2009 1709 2174 1764; x_wconf 92' lang='lat' dir='ltr'><strong>Vens.</strong></span> <span class='ocrx_word' id='word_1_186' title='bbox 2206 1707 2298 1764; x_wconf 74' lang='grc'><strong>27.</strong></span> <span class='ocrx_word' id='word_1_187' title='bbox 2343 1693 2414 1748; x_wconf 60' lang='grc' dir='ltr'><strong>ὶ-</strong></span> <span class='ocrx_word' id='word_1_188' title='bbox 2449 1699 2628 1762; x_wconf 54' lang='lat' dir='ltr'><strong>Pori-0&#39;</strong></span> <span class='ocrx_word' id='word_1_189' title='bbox 2665 1695 2945 1762; x_wconf 62' lang='lat' dir='ltr'><strong>lauat/las.</strong></span> <span class='ocrx_word' id='word_1_190' title='bbox 2975 1705 3248 1763; x_wconf 69' lang='lat' dir='ltr'><strong>Columbae</strong></span> <span class='ocrx_word' id='word_1_191' title='bbox 3295 1695 3514 1762; x_wconf 77' lang='lat' dir='ltr'><strong>denum.</strong></span> 
     </span>
    </p>
   </div>
   <div class='ocr_carea' id='block_1_30' title="bbox 1935 1793 3515 1872">
    <p class='ocr_par' dir='ltr' id='par_1_30' title="bbox 1935 1793 3515 1872">
     <span class='ocr_line' id='line_1_30' title="bbox 1935 1793 3515 1872; baseline -0.003 -17"><span class='ocrx_word' id='word_1_192' title='bbox 1935 1800 2035 1857; x_wconf 74' lang='lat' dir='ltr'><strong>[lic</strong></span> <span class='ocrx_word' id='word_1_193' title='bbox 2060 1817 2152 1856; x_wconf 87' lang='lat' dir='ltr'><strong>eos</strong></span> <span class='ocrx_word' id='word_1_194' title='bbox 2179 1799 2446 1872; x_wconf 88' lang='lat' dir='ltr'><strong>signiﬁcat</strong></span> <span class='ocrx_word' id='word_1_195' title='bbox 2466 1799 2582 1870; x_wconf 91' lang='lat' dir='ltr'><strong>qui,</strong></span> <span class='ocrx_word' id='word_1_196' title='bbox 2612 1801 2835 1868; x_wconf 89' lang='lat' dir='ltr'><strong>accepta</strong></span> <span class='ocrx_word' id='word_1_197' title='bbox 2857 1798 3094 1870; x_wconf 85' lang='lat' dir='ltr'><strong>Spiritus</strong></span> <span class='ocrx_word' id='word_1_198' title='bbox 3117 1793 3515 1868; x_wconf 71' lang='lat' dir='ltr'><strong>’s:irtct&#39;igratia,</strong></span> 
     </span>
    </p>
   </div>
   <div class='ocr_carea' id='block_1_31' title="bbox 1935 1891 3568 1974">
    <p class='ocr_par' dir='ltr' id='par_1_31' title="bbox 1935 1891 3568 1974">
     <span class='ocr_line' id='line_1_31' title="bbox 1935 1891 3568 1974; baseline -0.002 -25"><span class='ocrx_word' id='word_1_199' title='bbox 1935 1895 2122 1950; x_wconf 89' lang='lat' dir='ltr'><strong>mundi</strong></span> <span class='ocrx_word' id='word_1_200' title='bbox 2148 1904 2344 1965; x_wconf 89' lang='lat' dir='ltr'><strong>parant</strong></span> <span class='ocrx_word' id='word_1_201' title='bbox 2373 1907 2632 1964; x_wconf 87' lang='lat' dir='ltr'><strong>spernere</strong></span> <span class='ocrx_word' id='word_1_202' title='bbox 2663 1891 2969 1948; x_wconf 88' lang='lat' dir='ltr'><strong>illecebras.</strong></span> <span class='ocrx_word' id='word_1_203' title='bbox 3004 1891 3121 1946; x_wconf 80' lang='lat' dir='ltr'><strong>Non</strong></span> <span class='ocrx_word' id='word_1_204' title='bbox 3171 1893 3314 1948; x_wconf 86' lang='lat' dir='ltr'><strong>enim</strong></span> <span class='ocrx_word' id='word_1_205' title='bbox 3343 1899 3521 1963; x_wconf 86' lang='lat' dir='ltr'><strong>potest</strong></span> <span class='ocrx_word' id='word_1_206' title='bbox 3555 1961 3568 1974; x_wconf 32' lang='grc' dir='ltr'>ι</span> 
     </span>
    </p>
   </div>
   <div class='ocr_carea' id='block_1_32' title="bbox 319 1979 3520 2060">
    <p class='ocr_par' dir='ltr' id='par_1_32' title="bbox 319 1979 3520 2060">
     <span class='ocr_line' id='line_1_32' title="bbox 319 1979 3520 2060; baseline -0.002 -17"><span class='ocrx_word' id='word_1_207' title='bbox 319 1989 484 2044; x_wconf 90' lang='lat' dir='ltr'><strong>Vens.</strong></span> <span class='ocrx_word' id='word_1_208' title='bbox 510 1988 565 2042; x_wconf 65' lang='grc' dir='ltr'><strong>ἓ.</strong></span> <span class='ocrx_word' id='word_1_209' title='bbox 594 1985 874 2042; x_wconf 81' lang='lat' dir='ltr'><strong>-—Cabaa.</strong></span> <span class='ocrx_word' id='word_1_210' title='bbox 910 1987 1032 2060; x_wconf 87' lang='lat' dir='ltr'><strong>(ln.)</strong></span> <span class='ocrx_word' id='word_1_211' title='bbox 1057 1986 1200 2044; x_wconf 87' lang='lat' dir='ltr'><strong>Urbs</strong></span> <span class='ocrx_word' id='word_1_212' title='bbox 1221 1996 1303 2043; x_wconf 92' lang='lat' dir='ltr'><strong>est</strong></span> <span class='ocrx_word' id='word_1_213' title='bbox 1319 1988 1552 2044; x_wconf 87' lang='lat' dir='ltr'><strong>Phinees</strong></span> <span class='ocrx_word' id='word_1_214' title='bbox 1571 1987 1664 2042; x_wconf 81' lang='lat' dir='ltr'><strong>ﬁlii</strong></span> <span class='ocrx_word' id='word_1_215' title='bbox 1687 1987 1840 2042; x_wconf 85' lang='lat' dir='ltr'><strong>Elea-</strong></span> <span class='ocrx_word' id='word_1_216' title='bbox 1866 1979 1915 2040; x_wconf 88' lang='lat' dir='ltr'><strong>B</strong></span> <span class='ocrx_word' id='word_1_217' title='bbox 1942 1996 2130 2043; x_wconf 90' lang='lat' dir='ltr'><strong>contra</strong></span> <span class='ocrx_word' id='word_1_218' title='bbox 2175 1986 2476 2058; x_wconf 88' lang='lat' dir='ltr'><strong>allophylos</strong></span> <span class='ocrx_word' id='word_1_219' title='bbox 2526 1984 2855 2056; x_wconf 89' lang='lat' dir='ltr'><strong>spirituales,</strong></span> <span class='ocrx_word' id='word_1_220' title='bbox 2887 1985 2942 2040; x_wconf 89' lang='lat' dir='ltr'><strong>id</strong></span> <span class='ocrx_word' id='word_1_221' title='bbox 2976 1993 3061 2040; x_wconf 92' lang='lat' dir='ltr'><strong>est</strong></span> <span class='ocrx_word' id='word_1_222' title='bbox 3105 1984 3396 2049; x_wconf 71' lang='lat' dir='ltr'><strong>dsemones,</strong></span> <span class='ocrx_word' id='word_1_223' title='bbox 3442 1984 3520 2038; x_wconf 84' lang='lat' dir='ltr'><strong>vi-</strong></span> 
     </span>
    </p>
   </div>
   <div class='ocr_carea' id='block_1_33' title="bbox 246 2079 1836 2151">
    <p class='ocr_par' dir='ltr' id='par_1_33' title="bbox 246 2079 1836 2151">
     <span class='ocr_line' id='line_1_33' title="bbox 246 2079 1836 2151; baseline -0.003 -15"><span class='ocrx_word' id='word_1_224' title='bbox 246 2081 361 2136; x_wconf 79' lang='lat' dir='ltr'><strong>zari</strong></span> <span class='ocrx_word' id='word_1_225' title='bbox 383 2122 398 2146; x_wconf 93' lang='lat'><strong>,</strong></span> <span class='ocrx_word' id='word_1_226' title='bbox 433 2089 562 2146; x_wconf 89' lang='lat' dir='ltr'><strong>etc.,</strong></span> <span class='ocrx_word' id='word_1_227' title='bbox 609 2097 771 2151; x_wconf 86' lang='lat' dir='ltr'><strong>usque</strong></span> <span class='ocrx_word' id='word_1_228' title='bbox 799 2080 867 2134; x_wconf 86' lang='lat' dir='ltr'><strong>ad</strong></span> <span class='ocrx_word' id='word_1_229' title='bbox 899 2080 998 2134; x_wconf 90' lang='lat' dir='ltr'><strong>viri</strong></span> <span class='ocrx_word' id='word_1_230' title='bbox 1038 2095 1162 2135; x_wconf 91' lang='lat' dir='ltr'><strong>cum</strong></span> <span class='ocrx_word' id='word_1_231' title='bbox 1194 2079 1326 2135; x_wconf 88' lang='lat' dir='ltr'><strong>Saul</strong></span> <span class='ocrx_word' id='word_1_232' title='bbox 1367 2088 1712 2135; x_wconf 86' lang='lat' dir='ltr'><strong>remanentes</strong></span> <span class='ocrx_word' id='word_1_233' title='bbox 1741 2093 1836 2134; x_wconf 85' lang='lat' dir='ltr'><strong>ca-</strong></span> 
     </span>
    </p>
   </div>
   <div class='ocr_carea' id='block_1_34' title="bbox 248 2169 1333 2226">
    <p class='ocr_par' dir='ltr' id='par_1_34' title="bbox 248 2169 1333 2226">
     <span class='ocr_line' id='line_1_34' title="bbox 248 2169 1333 2226; baseline -0.004 0"><span class='ocrx_word' id='word_1_234' title='bbox 248 2172 439 2226; x_wconf 90' lang='lat' dir='ltr'><strong>tholici</strong></span> <span class='ocrx_word' id='word_1_235' title='bbox 463 2171 679 2226; x_wconf 86' lang='lat' dir='ltr'><strong>Christo</strong></span> <span class='ocrx_word' id='word_1_236' title='bbox 708 2169 934 2224; x_wconf 89' lang='lat' dir='ltr'><strong>ﬁrmiter</strong></span> <span class='ocrx_word' id='word_1_237' title='bbox 974 2170 1333 2225; x_wconf 71' lang='lat' dir='ltr'><strong>adhzerentes.</strong></span> 
     </span>
    </p>
   </div>
   <div class='ocr_carea' id='block_1_35' title="bbox 320 2257 1836 2331">
    <p class='ocr_par' dir='ltr' id='par_1_35' title="bbox 320 2257 1836 2331">
     <span class='ocr_line' id='line_1_35' title="bbox 320 2257 1836 2331; baseline -0.001 -15"><span class='ocrx_word' id='word_1_238' title='bbox 320 2263 484 2318; x_wconf 89' lang='lat' dir='ltr'><strong>Vens.</strong></span> <span class='ocrx_word' id='word_1_239' title='bbox 527 2263 580 2318; x_wconf 92' lang='lat'><strong>6.</strong></span> <span class='ocrx_word' id='word_1_240' title='bbox 626 2294 694 2302; x_wconf 94' lang='lat'><strong><em>—</em></strong></span> <span class='ocrx_word' id='word_1_241' title='bbox 737 2261 1130 2316; x_wconf 85' lang='lat' dir='ltr'><strong>Absconderunt</strong></span> <span class='ocrx_word' id='word_1_242' title='bbox 1176 2279 1232 2316; x_wconf 81' lang='lat' dir='ltr'><strong>se</strong></span> <span class='ocrx_word' id='word_1_243' title='bbox 1277 2261 1331 2314; x_wconf 87' lang='lat' dir='ltr'><strong>in</strong></span> <span class='ocrx_word' id='word_1_244' title='bbox 1379 2260 1658 2331; x_wconf 80' lang='lat' dir='ltr'><strong>speluncis.</strong></span> <span class='ocrx_word' id='word_1_245' title='bbox 1711 2257 1836 2331; x_wconf 79' lang='grc' dir='ltr'><strong>(ιο.)</strong></span> 
     </span>
    </p>
   </div>
   <div class='ocr_carea' id='block_1_36' title="bbox 246 2354 1836 2425">
    <p class='ocr_par' dir='ltr' id='par_1_36' title="bbox 246 2354 1836 2425">
     <span class='ocr_line' id='line_1_36' title="bbox 246 2354 1836 2425; baseline -0.003 -13"><span class='ocrx_word' id='word_1_246' title='bbox 246 2357 544 2413; x_wconf 80' lang='lat' dir='ltr'><strong>Absconsis</strong></span> <span class='ocrx_word' id='word_1_247' title='bbox 573 2357 799 2422; x_wconf 90' lang='lat' dir='ltr'><strong>scilicet,</strong></span> <span class='ocrx_word' id='word_1_248' title='bbox 823 2364 954 2422; x_wconf 91' lang='lat' dir='ltr'><strong>etc.,</strong></span> <span class='ocrx_word' id='word_1_249' title='bbox 977 2370 1138 2425; x_wconf 85' lang='lat' dir='ltr'><strong>usque</strong></span> <span class='ocrx_word' id='word_1_250' title='bbox 1161 2354 1229 2408; x_wconf 86' lang='lat' dir='ltr'><strong>ad</strong></span> <span class='ocrx_word' id='word_1_251' title='bbox 1259 2354 1605 2410; x_wconf 90' lang='lat' dir='ltr'><strong>sociaverunt</strong></span> <span class='ocrx_word' id='word_1_252' title='bbox 1626 2368 1685 2410; x_wconf 93' lang='lat' dir='ltr'><strong>se</strong></span> <span class='ocrx_word' id='word_1_253' title='bbox 1713 2367 1836 2408; x_wconf 93' lang='lat' dir='ltr'><strong>cum</strong></span> 
     </span>
    </p>
   </div>
   <div class='ocr_carea' id='block_1_37' title="bbox 249 2451 672 2524">
    <p class='ocr_par' dir='ltr' id='par_1_37' title="bbox 249 2451 672 2524">
     <span class='ocr_line' id='line_1_37' title="bbox 249 2451 672 2524; baseline -0.007 -17"><span class='ocrx_word' id='word_1_254' title='bbox 249 2453 363 2508; x_wconf 86' lang='lat' dir='ltr'><strong>suis</strong></span> <span class='ocrx_word' id='word_1_255' title='bbox 389 2453 439 2506; x_wconf 93' lang='lat' dir='ltr'><strong>in</strong></span> <span class='ocrx_word' id='word_1_256' title='bbox 467 2451 672 2524; x_wconf 74' lang='lat' dir='ltr'><strong>prazlio.</strong></span> 
     </span>
    </p>
   </div>
   <div class='ocr_carea' id='block_1_38' title="bbox 320 2537 1839 2612">
    <p class='ocr_par' dir='ltr' id='par_1_38' title="bbox 320 2537 1839 2612">
     <span class='ocr_line' id='line_1_38' title="bbox 320 2537 1839 2612; baseline -0.005 -14"><span class='ocrx_word' id='word_1_257' title='bbox 320 2541 486 2600; x_wconf 85' lang='lat' dir='ltr'><strong>Vens.</strong></span> <span class='ocrx_word' id='word_1_258' title='bbox 522 2545 606 2600; x_wconf 84' lang='grc'><strong>15.</strong></span> <span class='ocrx_word' id='word_1_259' title='bbox 639 2575 704 2584; x_wconf 94' lang='grc'><strong><em>-</em></strong></span> <span class='ocrx_word' id='word_1_260' title='bbox 733 2540 905 2598; x_wconf 80' lang='lat' dir='ltr'><strong>Stulte</strong></span> <span class='ocrx_word' id='word_1_261' title='bbox 931 2539 1102 2612; x_wconf 81' lang='lat' dir='ltr'><strong>egisti,</strong></span> <span class='ocrx_word' id='word_1_262' title='bbox 1150 2556 1260 2594; x_wconf 88' lang='lat' dir='ltr'><strong>nec.</strong></span> <span class='ocrx_word' id='word_1_263' title='bbox 1310 2538 1431 2612; x_wconf 83' lang='lat' dir='ltr'><strong>(In.)</strong></span> <span class='ocrx_word' id='word_1_264' title='bbox 1463 2538 1689 2594; x_wconf 79' lang='lat' dir='ltr'><strong>Videtur</strong></span> <span class='ocrx_word' id='word_1_265' title='bbox 1723 2537 1839 2607; x_wconf 92' lang='lat' dir='ltr'><strong>qui-</strong></span> 
     </span>
    </p>
   </div>
   <div class='ocr_carea' id='block_1_39' title="bbox 253 2629 1836 2704">
    <p class='ocr_par' dir='ltr' id='par_1_39' title="bbox 253 2629 1836 2704">
     <span class='ocr_line' id='line_1_39' title="bbox 253 2629 1836 2704; baseline -0.006 -15"><span class='ocrx_word' id='word_1_266' title='bbox 253 2635 483 2692; x_wconf 85' lang='lat' dir='ltr'><strong>husdam</strong></span> <span class='ocrx_word' id='word_1_267' title='bbox 511 2633 640 2690; x_wconf 89' lang='lat' dir='ltr'><strong>Saul</strong></span> <span class='ocrx_word' id='word_1_268' title='bbox 677 2631 1073 2704; x_wconf 90' lang='lat' dir='ltr'><strong>inculpabiliter</strong></span> <span class='ocrx_word' id='word_1_269' title='bbox 1093 2629 1466 2695; x_wconf 89' lang='lat' dir='ltr'><strong>sacriﬁcasse,</strong></span> <span class='ocrx_word' id='word_1_270' title='bbox 1502 2637 1635 2694; x_wconf 93' lang='lat' dir='ltr'><strong>etc.,</strong></span> <span class='ocrx_word' id='word_1_271' title='bbox 1673 2644 1836 2698; x_wconf 86' lang='lat' dir='ltr'><strong>usque</strong></span> 
     </span>
    </p>
   </div>
   <div class='ocr_carea' id='block_1_40' title="bbox 249 2720 1832 2794">
    <p class='ocr_par' dir='ltr' id='par_1_40' title="bbox 249 2720 1832 2794">
     <span class='ocr_line' id='line_1_40' title="bbox 249 2720 1832 2794; baseline -0.006 -12"><span class='ocrx_word' id='word_1_272' title='bbox 249 2728 321 2782; x_wconf 84' lang='lat' dir='ltr'><strong>ad</strong></span> <span class='ocrx_word' id='word_1_273' title='bbox 359 2735 414 2783; x_wconf 90' lang='lat' dir='ltr'><strong>et</strong></span> <span class='ocrx_word' id='word_1_274' title='bbox 466 2728 586 2782; x_wconf 88' lang='lat' dir='ltr'><strong>ideo</strong></span> <span class='ocrx_word' id='word_1_275' title='bbox 638 2726 832 2781; x_wconf 91' lang='lat' dir='ltr'><strong>merito</strong></span> <span class='ocrx_word' id='word_1_276' title='bbox 883 2723 1133 2794; x_wconf 89' lang='lat' dir='ltr'><strong>culpatur</strong></span> <span class='ocrx_word' id='word_1_277' title='bbox 1183 2732 1238 2776; x_wconf 91' lang='lat' dir='ltr'><strong>et</strong></span> <span class='ocrx_word' id='word_1_278' title='bbox 1279 2720 1521 2777; x_wconf 63' lang='lat' dir='ltr'><strong>stultitiae</strong></span> <span class='ocrx_word' id='word_1_279' title='bbox 1569 2720 1832 2790; x_wconf 83' lang='lat' dir='ltr'><strong>arguitur.</strong></span> 
     </span>
    </p>
   </div>
   <div class='ocr_carea' id='block_1_41' title="bbox 328 2807 1840 2887">
    <p class='ocr_par' dir='ltr' id='par_1_41' title="bbox 328 2807 1840 2887">
     <span class='ocr_line' id='line_1_41' title="bbox 328 2807 1840 2887; baseline -0.008 -14"><span class='ocrx_word' id='word_1_280' title='bbox 328 2819 482 2886; x_wconf 83' lang='lat' dir='ltr'><strong>Quod</strong></span> <span class='ocrx_word' id='word_1_281' title='bbox 511 2819 554 2872; x_wconf 87' lang='lat' dir='ltr'><strong>si</strong></span> <span class='ocrx_word' id='word_1_282' title='bbox 586 2834 688 2871; x_wconf 87' lang='lat' dir='ltr'><strong>non</strong></span> <span class='ocrx_word' id='word_1_283' title='bbox 717 2817 946 2887; x_wconf 77' lang='lat' dir='ltr'><strong>fecisses.</strong></span> <span class='ocrx_word' id='word_1_284' title='bbox 989 2814 1180 2886; x_wconf 84' lang='lat' dir='ltr'><strong>(Eucn.</strong></span> <span class='ocrx_word' id='word_1_285' title='bbox 1214 2813 1267 2865; x_wconf 90' lang='lat' dir='ltr'><strong>in</strong></span> <span class='ocrx_word' id='word_1_286' title='bbox 1285 2810 1392 2883; x_wconf 67' lang='lat' dir='ltr'><strong>{lib.</strong></span> <span class='ocrx_word' id='word_1_287' title='bbox 1423 2809 1550 2882; x_wconf 88' lang='lat' dir='ltr'><strong>Reg.</strong></span> <span class='ocrx_word' id='word_1_288' title='bbox 1581 2825 1649 2865; x_wconf 80' lang='lat' dir='ltr'><strong>ex</strong></span> <span class='ocrx_word' id='word_1_289' title='bbox 1679 2807 1840 2880; x_wconf 85' lang='lat' dir='ltr'><strong>Aug.)</strong></span> 
     </span>
    </p>
   </div>
   <div class='ocr_carea' id='block_1_42' title="bbox 247 2900 1835 2978">
    <p class='ocr_par' dir='ltr' id='par_1_42' title="bbox 247 2900 1835 2978">
     <span class='ocr_line' id='line_1_42' title="bbox 247 2900 1835 2978; baseline -0.008 -12"><span class='ocrx_word' id='word_1_290' title='bbox 247 2909 368 2966; x_wconf 79' lang='lat' dir='ltr'><strong>Non</strong></span> <span class='ocrx_word' id='word_1_291' title='bbox 409 2911 489 2964; x_wconf 91' lang='lat' dir='ltr'><strong>sic</strong></span> <span class='ocrx_word' id='word_1_292' title='bbox 511 2908 883 2978; x_wconf 87' lang='lat' dir='ltr'><strong>accipiendum</strong></span> <span class='ocrx_word' id='word_1_293' title='bbox 919 2916 1000 2961; x_wconf 90' lang='lat' dir='ltr'><strong>est</strong></span> <span class='ocrx_word' id='word_1_294' title='bbox 1031 2905 1186 2976; x_wconf 88' lang='lat' dir='ltr'><strong>quasi</strong></span> <span class='ocrx_word' id='word_1_295' title='bbox 1215 2903 1476 2959; x_wconf 85' lang='lat' dir='ltr'><strong>Dominus</strong></span> <span class='ocrx_word' id='word_1_296' title='bbox 1512 2900 1735 2956; x_wconf 89' lang='lat' dir='ltr'><strong>Saulem</strong></span> <span class='ocrx_word' id='word_1_297' title='bbox 1782 2900 1835 2954; x_wconf 94' lang='lat' dir='ltr'><strong>in</strong></span> 
     </span>
    </p>
   </div>
   <div class='ocr_carea' id='block_1_43' title="bbox 250 2993 1834 3072">
    <p class='ocr_par' dir='ltr' id='par_1_43' title="bbox 250 2993 1834 3072">
     <span class='ocr_line' id='line_1_43' title="bbox 250 2993 1834 3072; baseline -0.008 -15"><span class='ocrx_word' id='word_1_298' title='bbox 250 3013 514 3057; x_wconf 64' lang='lat' dir='ltr'><strong>internum</strong></span> <span class='ocrx_word' id='word_1_299' title='bbox 553 3001 830 3072; x_wconf 81' lang='lat' dir='ltr'><strong>paraverit</strong></span> <span class='ocrx_word' id='word_1_300' title='bbox 855 3005 1224 3070; x_wconf 79' lang='lat' dir='ltr'><strong>regnaturum,</strong></span> <span class='ocrx_word' id='word_1_301' title='bbox 1257 3005 1312 3052; x_wconf 88' lang='lat' dir='ltr'><strong>et</strong></span> <span class='ocrx_word' id='word_1_302' title='bbox 1334 2997 1438 3052; x_wconf 90' lang='lat' dir='ltr'><strong>hoc</strong></span> <span class='ocrx_word' id='word_1_303' title='bbox 1466 2993 1698 3049; x_wconf 86' lang='lat' dir='ltr'><strong>uoluerit</strong></span> <span class='ocrx_word' id='word_1_304' title='bbox 1719 3006 1834 3046; x_wconf 86' lang='lat' dir='ltr'><strong>ser-</strong></span> 
     </span>
    </p>
   </div>
   <div class='ocr_carea' id='block_1_44' title="bbox 252 3085 1841 3163">
    <p class='ocr_par' dir='ltr' id='par_1_44' title="bbox 252 3085 1841 3163">
     <span class='ocr_line' id='line_1_44' title="bbox 252 3085 1841 3163; baseline -0.004 -19"><span class='ocrx_word' id='word_1_305' title='bbox 252 3109 382 3149; x_wconf 85' lang='lat' dir='ltr'><strong>vare</strong></span> <span class='ocrx_word' id='word_1_306' title='bbox 411 3093 653 3163; x_wconf 86' lang='lat' dir='ltr'><strong>peccauti</strong></span> <span class='ocrx_word' id='word_1_307' title='bbox 695 3110 707 3146; x_wconf 93' lang='lat'><strong>:</strong></span> <span class='ocrx_word' id='word_1_308' title='bbox 743 3091 948 3146; x_wconf 86' lang='lat' dir='ltr'><strong>sciebat</strong></span> <span class='ocrx_word' id='word_1_309' title='bbox 973 3089 1119 3144; x_wconf 90' lang='lat' dir='ltr'><strong>enim</strong></span> <span class='ocrx_word' id='word_1_310' title='bbox 1150 3097 1522 3158; x_wconf 87' lang='lat' dir='ltr'><strong>peccaturum.</strong></span> <span class='ocrx_word' id='word_1_311' title='bbox 1563 3085 1670 3140; x_wconf 87' lang='lat' dir='ltr'><strong>Sed</strong></span> <span class='ocrx_word' id='word_1_312' title='bbox 1697 3100 1841 3154; x_wconf 68' lang='lat' dir='ltr'><strong>prm-</strong></span> 
     </span>
    </p>
   </div>
   <div class='ocr_carea' id='block_1_45' title="bbox 250 3175 1838 3257">
    <p class='ocr_par' dir='ltr' id='par_1_45' title="bbox 250 3175 1838 3257">
     <span class='ocr_line' id='line_1_45' title="bbox 250 3175 1838 3257; baseline -0.006 -17"><span class='ocrx_word' id='word_1_313' title='bbox 250 3193 540 3257; x_wconf 84' lang='lat' dir='ltr'><strong>paravcrat</strong></span> <span class='ocrx_word' id='word_1_314' title='bbox 575 3200 796 3255; x_wconf 80' lang='lat' dir='ltr'><strong>regnum</strong></span> <span class='ocrx_word' id='word_1_315' title='bbox 845 3181 982 3251; x_wconf 86' lang='lat' dir='ltr'><strong>ejus,</strong></span> <span class='ocrx_word' id='word_1_316' title='bbox 1027 3181 1082 3236; x_wconf 89' lang='lat' dir='ltr'><strong>in</strong></span> <span class='ocrx_word' id='word_1_317' title='bbox 1121 3197 1228 3252; x_wconf 90' lang='lat' dir='ltr'><strong>quo</strong></span> <span class='ocrx_word' id='word_1_318' title='bbox 1272 3188 1417 3235; x_wconf 87' lang='lat' dir='ltr'><strong>esset</strong></span> <span class='ocrx_word' id='word_1_319' title='bbox 1468 3179 1636 3250; x_wconf 88' lang='lat' dir='ltr'><strong>ﬁgura</strong></span> <span class='ocrx_word' id='word_1_320' title='bbox 1682 3175 1838 3248; x_wconf 84' lang='lat' dir='ltr'><strong>regni</strong></span> 
     </span>
    </p>
   </div>
   <div class='ocr_carea' id='block_1_46' title="bbox 249 3263 1838 3343">
    <p class='ocr_par' dir='ltr' id='par_1_46' title="bbox 249 3263 1838 3343">
     <span class='ocr_line' id='line_1_46' title="bbox 249 3263 1838 3343; baseline -0.008 -10"><span class='ocrx_word' id='word_1_321' title='bbox 249 3278 462 3343; x_wconf 70' lang='lat' dir='ltr'><strong>aeterni,</strong></span> <span class='ocrx_word' id='word_1_322' title='bbox 505 3277 644 3331; x_wconf 90' lang='lat' dir='ltr'><strong>unde</strong></span> <span class='ocrx_word' id='word_1_323' title='bbox 683 3275 890 3330; x_wconf 87' lang='lat' dir='ltr'><strong>addidit</strong></span> <span class='ocrx_word' id='word_1_324' title='bbox 930 3292 942 3328; x_wconf 89' lang='lat'><strong>:</strong></span> <span class='ocrx_word' id='word_1_325' title='bbox 991 3263 1060 3328; x_wconf 82' lang='lat' dir='ltr'><strong>Et</strong></span> <span class='ocrx_word' id='word_1_326' title='bbox 1104 3289 1242 3326; x_wconf 86' lang='lat' dir='ltr'><strong>nunc</strong></span> <span class='ocrx_word' id='word_1_327' title='bbox 1289 3287 1498 3342; x_wconf 83' lang='lat' dir='ltr'><strong>regnum</strong></span> <span class='ocrx_word' id='word_1_328' title='bbox 1538 3281 1686 3324; x_wconf 91' lang='lat' dir='ltr'><strong>tuum</strong></span> <span class='ocrx_word' id='word_1_329' title='bbox 1735 3284 1838 3323; x_wconf 82' lang='lat' dir='ltr'><strong>non</strong></span> 
     </span>
    </p>
   </div>
   <div class='ocr_carea' id='block_1_47' title="bbox 251 3361 1833 3438">
    <p class='ocr_par' dir='ltr' id='par_1_47' title="bbox 251 3361 1833 3438">
     <span class='ocr_line' id='line_1_47' title="bbox 251 3361 1833 3438; baseline -0.006 -13"><span class='ocrx_word' id='word_1_330' title='bbox 251 3371 410 3426; x_wconf 79' lang='lat' dir='ltr'><strong>stabit</strong></span> <span class='ocrx_word' id='word_1_331' title='bbox 453 3369 562 3423; x_wconf 87' lang='lat' dir='ltr'><strong>tibi.</strong></span> <span class='ocrx_word' id='word_1_332' title='bbox 593 3368 758 3423; x_wconf 86' lang='lat' dir='ltr'><strong>Stetit</strong></span> <span class='ocrx_word' id='word_1_333' title='bbox 780 3382 908 3438; x_wconf 89' lang='lat' dir='ltr'><strong>ergo</strong></span> <span class='ocrx_word' id='word_1_334' title='bbox 935 3375 990 3421; x_wconf 91' lang='lat' dir='ltr'><strong>et</strong></span> <span class='ocrx_word' id='word_1_335' title='bbox 1019 3366 1186 3421; x_wconf 87' lang='lat' dir='ltr'><strong>stabit</strong></span> <span class='ocrx_word' id='word_1_336' title='bbox 1213 3365 1356 3434; x_wconf 89' lang='lat' dir='ltr'><strong>quod</strong></span> <span class='ocrx_word' id='word_1_337' title='bbox 1395 3365 1448 3419; x_wconf 91' lang='lat' dir='ltr'><strong>iu</strong></span> <span class='ocrx_word' id='word_1_338' title='bbox 1489 3363 1582 3418; x_wconf 91' lang='lat' dir='ltr'><strong>illo</strong></span> <span class='ocrx_word' id='word_1_339' title='bbox 1623 3361 1833 3435; x_wconf 83' lang='lat' dir='ltr'><strong>signiﬁ-</strong></span> 
     </span>
    </p>
   </div>
   <div class='ocr_carea' id='block_1_48' title="bbox 249 3455 1839 3527">
    <p class='ocr_par' dir='ltr' id='par_1_48' title="bbox 249 3455 1839 3527">
     <span class='ocr_line' id='line_1_48' title="bbox 249 3455 1839 3527; baseline -0.004 -10"><span class='ocrx_word' id='word_1_340' title='bbox 249 3471 434 3518; x_wconf 84' lang='lat' dir='ltr'><strong>catum</strong></span> <span class='ocrx_word' id='word_1_341' title='bbox 461 3470 574 3526; x_wconf 89' lang='lat' dir='ltr'><strong>est;</strong></span> <span class='ocrx_word' id='word_1_342' title='bbox 620 3459 712 3514; x_wconf 87' lang='lat' dir='ltr'><strong>sed</strong></span> <span class='ocrx_word' id='word_1_343' title='bbox 737 3475 845 3514; x_wconf 93' lang='lat' dir='ltr'><strong>non</strong></span> <span class='ocrx_word' id='word_1_344' title='bbox 872 3458 997 3514; x_wconf 89' lang='lat' dir='ltr'><strong>huic</strong></span> <span class='ocrx_word' id='word_1_345' title='bbox 1020 3457 1209 3522; x_wconf 88' lang='lat' dir='ltr'><strong>stabit,</strong></span> <span class='ocrx_word' id='word_1_346' title='bbox 1249 3457 1376 3527; x_wconf 89' lang='lat' dir='ltr'><strong>quia</strong></span> <span class='ocrx_word' id='word_1_347' title='bbox 1413 3471 1519 3511; x_wconf 94' lang='lat' dir='ltr'><strong>non</strong></span> <span class='ocrx_word' id='word_1_348' title='bbox 1548 3455 1725 3511; x_wconf 82' lang='lat' dir='ltr'><strong>fuerat</strong></span> <span class='ocrx_word' id='word_1_349' title='bbox 1753 3471 1839 3510; x_wconf 91' lang='lat' dir='ltr'><strong>re—</strong></span> 
     </span>
    </p>
   </div>
   <div class='ocr_carea' id='block_1_49' title="bbox 250 3549 1840 3626">
    <p class='ocr_par' dir='ltr' id='par_1_49' title="bbox 250 3549 1840 3626">
     <span class='ocr_line' id='line_1_49' title="bbox 250 3549 1840 3626; baseline -0.003 -19"><span class='ocrx_word' id='word_1_350' title='bbox 250 3562 518 3626; x_wconf 87' lang='lat' dir='ltr'><strong>gnaturus</strong></span> <span class='ocrx_word' id='word_1_351' title='bbox 540 3555 591 3609; x_wconf 91' lang='lat' dir='ltr'><strong>in</strong></span> <span class='ocrx_word' id='word_1_352' title='bbox 618 3561 915 3618; x_wconf 78' lang='lat' dir='ltr'><strong>:eternum;</strong></span> <span class='ocrx_word' id='word_1_353' title='bbox 949 3568 1048 3608; x_wconf 86' lang='lat' dir='ltr'><strong>nec</strong></span> <span class='ocrx_word' id='word_1_354' title='bbox 1078 3551 1364 3623; x_wconf 86' lang='lat' dir='ltr'><strong>progenies</strong></span> <span class='ocrx_word' id='word_1_355' title='bbox 1388 3550 1536 3622; x_wconf 83' lang='lat' dir='ltr'><strong>ejus;</strong></span> <span class='ocrx_word' id='word_1_356' title='bbox 1562 3559 1621 3604; x_wconf 93' lang='lat' dir='ltr'><strong>ut</strong></span> <span class='ocrx_word' id='word_1_357' title='bbox 1648 3549 1840 3605; x_wconf 84' lang='lat' dir='ltr'><strong>saltem</strong></span> 
     </span>
    </p>
   </div>
   <div class='ocr_carea' id='block_1_50' title="bbox 250 3642 1842 3720">
    <p class='ocr_par' dir='ltr' id='par_1_50' title="bbox 250 3642 1842 3720">
     <span class='ocr_line' id='line_1_50' title="bbox 250 3642 1842 3720; baseline -0.006 -16"><span class='ocrx_word' id='word_1_358' title='bbox 250 3665 354 3720; x_wconf 88' lang='lat' dir='ltr'><strong>per</strong></span> <span class='ocrx_word' id='word_1_359' title='bbox 379 3658 641 3718; x_wconf 87' lang='lat' dir='ltr'><strong>posteros,</strong></span> <span class='ocrx_word' id='word_1_360' title='bbox 688 3647 826 3702; x_wconf 89' lang='lat' dir='ltr'><strong>alter</strong></span> <span class='ocrx_word' id='word_1_361' title='bbox 855 3647 1006 3702; x_wconf 90' lang='lat' dir='ltr'><strong>alteri</strong></span> <span class='ocrx_word' id='word_1_362' title='bbox 1035 3646 1411 3710; x_wconf 87' lang='lat' dir='ltr'><strong>succedentes,</strong></span> <span class='ocrx_word' id='word_1_363' title='bbox 1439 3643 1714 3698; x_wconf 85' lang='lat' dir='ltr'><strong>videretur</strong></span> <span class='ocrx_word' id='word_1_364' title='bbox 1737 3642 1842 3696; x_wconf 87' lang='lat' dir='ltr'><strong>im-</strong></span> 
     </span>
    </p>
   </div>
   <div class='ocr_carea' id='block_1_51' title="bbox 250 3739 1291 3814">
    <p class='ocr_par' dir='ltr' id='par_1_51' title="bbox 250 3739 1291 3814">
     <span class='ocr_line' id='line_1_51' title="bbox 250 3739 1291 3814; baseline -0.003 -18"><span class='ocrx_word' id='word_1_365' title='bbox 250 3742 394 3814; x_wconf 87' lang='lat' dir='ltr'><strong>pleri</strong></span> <span class='ocrx_word' id='word_1_366' title='bbox 415 3741 557 3812; x_wconf 89' lang='lat' dir='ltr'><strong>quod</strong></span> <span class='ocrx_word' id='word_1_367' title='bbox 583 3741 784 3796; x_wconf 88' lang='lat' dir='ltr'><strong>dictum</strong></span> <span class='ocrx_word' id='word_1_368' title='bbox 816 3749 897 3795; x_wconf 88' lang='lat' dir='ltr'><strong>est</strong></span> <span class='ocrx_word' id='word_1_369' title='bbox 921 3739 976 3794; x_wconf 88' lang='lat' dir='ltr'><strong>in</strong></span> <span class='ocrx_word' id='word_1_370' title='bbox 1008 3749 1291 3794; x_wconf 71' lang='lat' dir='ltr'><strong>atternunt.</strong></span> 
     </span>
    </p>
   </div>
   <div class='ocr_carea' id='block_1_52' title="bbox 333 3827 1838 3902">
    <p class='ocr_par' dir='ltr' id='par_1_52' title="bbox 333 3827 1838 3902">
     <span class='ocr_line' id='line_1_52' title="bbox 333 3827 1838 3902; baseline -0.004 -14"><span class='ocrx_word' id='word_1_371' title='bbox 333 3833 492 3888; x_wconf 86' lang='lat' dir='ltr'><strong>Vens.</strong></span> <span class='ocrx_word' id='word_1_372' title='bbox 525 3831 609 3886; x_wconf 77' lang='lat' dir='ltr'><strong>M.</strong></span> <span class='ocrx_word' id='word_1_373' title='bbox 637 3862 705 3872; x_wconf 90' lang='lat'><strong>—</strong></span> <span class='ocrx_word' id='word_1_374' title='bbox 735 3829 837 3886; x_wconf 84' lang='lat' dir='ltr'><strong>Sed</strong></span> <span class='ocrx_word' id='word_1_375' title='bbox 878 3847 1225 3902; x_wconf 85' lang='lat' dir='ltr'><strong>nequaquam.</strong></span> <span class='ocrx_word' id='word_1_376' title='bbox 1262 3830 1594 3902; x_wconf 85' lang='lat' dir='ltr'><strong>Reprobatio</strong></span> <span class='ocrx_word' id='word_1_377' title='bbox 1639 3827 1838 3891; x_wconf 89' lang='lat' dir='ltr'><strong>Saulis,</strong></span> 
     </span>
    </p>
   </div>
   <div class='ocr_carea' id='block_1_53' title="bbox 252 3920 1846 3996">
    <p class='ocr_par' dir='ltr' id='par_1_53' title="bbox 252 3920 1846 3996">
     <span class='ocr_line' id='line_1_53' title="bbox 252 3920 1846 3996; baseline -0.003 -16"><span class='ocrx_word' id='word_1_378' title='bbox 252 3925 457 3980; x_wconf 86' lang='lat' dir='ltr'><strong>ablatio</strong></span> <span class='ocrx_word' id='word_1_379' title='bbox 485 3924 631 3994; x_wconf 89' lang='lat' dir='ltr'><strong>regni</strong></span> <span class='ocrx_word' id='word_1_380' title='bbox 652 3922 978 3979; x_wconf 66' lang='lat' dir='ltr'><strong>Iudaeorum.</strong></span> <span class='ocrx_word' id='word_1_381' title='bbox 1010 3924 1176 3979; x_wconf 82' lang='lat' dir='ltr'><strong>David</strong></span> <span class='ocrx_word' id='word_1_382' title='bbox 1201 3925 1248 3980; x_wconf 90' lang='lat' dir='ltr'><strong>ei</strong></span> <span class='ocrx_word' id='word_1_383' title='bbox 1274 3932 1570 3996; x_wconf 90' lang='lat' dir='ltr'><strong>superstes,</strong></span> <span class='ocrx_word' id='word_1_384' title='bbox 1597 3920 1846 3978; x_wconf 86' lang='lat' dir='ltr'><strong>Christus</strong></span> 
     </span>
    </p>
   </div>
   <div class='ocr_carea' id='block_1_54' title="bbox 251 4017 1199 4090">
    <p class='ocr_par' dir='ltr' id='par_1_54' title="bbox 251 4017 1199 4090">
     <span class='ocr_line' id='line_1_54' title="bbox 251 4017 1199 4090; baseline -0.001 -17"><span class='ocrx_word' id='word_1_385' title='bbox 251 4018 455 4090; x_wconf 87' lang='lat' dir='ltr'><strong>pepulo</strong></span> <span class='ocrx_word' id='word_1_386' title='bbox 482 4017 788 4074; x_wconf 75' lang='lat' dir='ltr'><strong>Judzeorum</strong></span> <span class='ocrx_word' id='word_1_387' title='bbox 821 4033 1199 4074; x_wconf 81' lang='lat' dir='ltr'><strong>successurus.</strong></span> 
     </span>
    </p>
   </div>
   <div class='ocr_carea' id='block_1_55' title="bbox 332 4109 1846 4182">
    <p class='ocr_par' dir='ltr' id='par_1_55' title="bbox 332 4109 1846 4182">
     <span class='ocr_line' id='line_1_55' title="bbox 332 4109 1846 4182; baseline -0.002 -17"><span class='ocrx_word' id='word_1_388' title='bbox 332 4111 578 4178; x_wconf 78' lang='lat' dir='ltr'><strong>Quazsivit</strong></span> <span class='ocrx_word' id='word_1_389' title='bbox 602 4111 720 4166; x_wconf 85' lang='lat' dir='ltr'><strong>sibi.</strong></span> <span class='ocrx_word' id='word_1_390' title='bbox 753 4111 870 4166; x_wconf 86' lang='lat' dir='ltr'><strong>Non</strong></span> <span class='ocrx_word' id='word_1_391' title='bbox 905 4114 1060 4182; x_wconf 89' lang='lat' dir='ltr'><strong>quasi</strong></span> <span class='ocrx_word' id='word_1_392' title='bbox 1088 4113 1178 4168; x_wconf 91' lang='lat' dir='ltr'><strong>ubi</strong></span> <span class='ocrx_word' id='word_1_393' title='bbox 1229 4113 1298 4168; x_wconf 92' lang='lat' dir='ltr'><strong>sit</strong></span> <span class='ocrx_word' id='word_1_394' title='bbox 1329 4112 1601 4177; x_wconf 89' lang='lat' dir='ltr'><strong>nesciens,</strong></span> <span class='ocrx_word' id='word_1_395' title='bbox 1629 4109 1722 4165; x_wconf 89' lang='lat' dir='ltr'><strong>sed</strong></span> <span class='ocrx_word' id='word_1_396' title='bbox 1749 4123 1846 4179; x_wconf 89' lang='lat' dir='ltr'><strong>per</strong></span> 
     </span>
    </p>
   </div>
   <div class='ocr_carea' id='block_1_56' title="bbox 251 4201 1844 4276">
    <p class='ocr_par' dir='ltr' id='par_1_56' title="bbox 251 4201 1844 4276">
     <span class='ocr_line' id='line_1_56' title="bbox 251 4201 1844 4276; baseline -0.001 -18"><span class='ocrx_word' id='word_1_397' title='bbox 251 4201 532 4259; x_wconf 86' lang='lat' dir='ltr'><strong>hominem</strong></span> <span class='ocrx_word' id='word_1_398' title='bbox 559 4217 714 4260; x_wconf 91' lang='lat' dir='ltr'><strong>more</strong></span> <span class='ocrx_word' id='word_1_399' title='bbox 743 4204 1024 4260; x_wconf 88' lang='lat' dir='ltr'><strong>hominum</strong></span> <span class='ocrx_word' id='word_1_400' title='bbox 1069 4203 1327 4275; x_wconf 89' lang='lat' dir='ltr'><strong>loquitur,</strong></span> <span class='ocrx_word' id='word_1_401' title='bbox 1378 4204 1506 4276; x_wconf 89' lang='lat' dir='ltr'><strong>quia</strong></span> <span class='ocrx_word' id='word_1_402' title='bbox 1553 4211 1609 4260; x_wconf 91' lang='lat' dir='ltr'><strong>et</strong></span> <span class='ocrx_word' id='word_1_403' title='bbox 1639 4202 1720 4258; x_wconf 92' lang='lat' dir='ltr'><strong>sic</strong></span> <span class='ocrx_word' id='word_1_404' title='bbox 1763 4201 1844 4256; x_wconf 91' lang='lat' dir='ltr'><strong>lo-</strong></span> 
     </span>
    </p>
   </div>
   <div class='ocr_carea' id='block_1_57' title="bbox 253 4294 1845 4373">
    <p class='ocr_par' dir='ltr' id='par_1_57' title="bbox 253 4294 1845 4373">
     <span class='ocr_line' id='line_1_57' title="bbox 253 4294 1845 4373; baseline -0.004 -17"><span class='ocrx_word' id='word_1_405' title='bbox 253 4297 476 4373; x_wconf 88' lang='lat' dir='ltr'><strong>quendo</strong></span> <span class='ocrx_word' id='word_1_406' title='bbox 499 4312 600 4353; x_wconf 91' lang='lat' dir='ltr'><strong>nos</strong></span> <span class='ocrx_word' id='word_1_407' title='bbox 625 4297 839 4368; x_wconf 69' lang='lat' dir='ltr'><strong>quaerit.</strong></span> <span class='ocrx_word' id='word_1_408' title='bbox 873 4295 989 4352; x_wconf 81' lang='lat' dir='ltr'><strong>Non</strong></span> <span class='ocrx_word' id='word_1_409' title='bbox 1022 4297 1196 4354; x_wconf 91' lang='lat' dir='ltr'><strong>solum</strong></span> <span class='ocrx_word' id='word_1_410' title='bbox 1233 4297 1377 4352; x_wconf 90' lang='lat' dir='ltr'><strong>enim</strong></span> <span class='ocrx_word' id='word_1_411' title='bbox 1407 4298 1520 4353; x_wconf 91' lang='lat' dir='ltr'><strong>Deo</strong></span> <span class='ocrx_word' id='word_1_412' title='bbox 1543 4294 1714 4362; x_wconf 85' lang='lat' dir='ltr'><strong>Patri,</strong></span> <span class='ocrx_word' id='word_1_413' title='bbox 1753 4294 1845 4350; x_wconf 91' lang='lat' dir='ltr'><strong>sed</strong></span> 
     </span>
    </p>
   </div>
   <div class='ocr_carea' id='block_1_58' title="bbox 255 4385 1846 4464">
    <p class='ocr_par' dir='ltr' id='par_1_58' title="bbox 255 4385 1846 4464">
     <span class='ocr_line' id='line_1_58' title="bbox 255 4385 1846 4464; baseline -0.005 -16"><span class='ocrx_word' id='word_1_414' title='bbox 255 4391 364 4464; x_wconf 85' lang='lat' dir='ltr'><strong>ipsi</strong></span> <span class='ocrx_word' id='word_1_415' title='bbox 417 4405 629 4462; x_wconf 84' lang='lat' dir='ltr'><strong>quoque</strong></span> <span class='ocrx_word' id='word_1_416' title='bbox 677 4388 1000 4460; x_wconf 85' lang='lat' dir='ltr'><strong>Unigenito,</strong></span> <span class='ocrx_word' id='word_1_417' title='bbox 1059 4389 1150 4459; x_wconf 91' lang='lat' dir='ltr'><strong>qui</strong></span> <span class='ocrx_word' id='word_1_418' title='bbox 1207 4387 1357 4444; x_wconf 89' lang='lat' dir='ltr'><strong>venit</strong></span> <span class='ocrx_word' id='word_1_419' title='bbox 1407 4402 1653 4458; x_wconf 67' lang='lat' dir='ltr'><strong>quaerere</strong></span> <span class='ocrx_word' id='word_1_420' title='bbox 1702 4385 1846 4457; x_wconf 91' lang='lat' dir='ltr'><strong>quod</strong></span> 
     </span>
    </p>
   </div>
   <div class='ocr_carea' id='block_1_59' title="bbox 254 4479 1848 4556">
    <p class='ocr_par' dir='ltr' id='par_1_59' title="bbox 254 4479 1848 4556">
     <span class='ocr_line' id='line_1_59' title="bbox 254 4479 1848 4556; baseline -0.003 -20"><span class='ocrx_word' id='word_1_421' title='bbox 254 4483 523 4556; x_wconf 82' lang='lat' dir='ltr'><strong>perierat,</strong></span> <span class='ocrx_word' id='word_1_422' title='bbox 556 4481 636 4536; x_wconf 90' lang='lat' dir='ltr'><strong>sic</strong></span> <span class='ocrx_word' id='word_1_423' title='bbox 675 4479 787 4550; x_wconf 90' lang='lat' dir='ltr'><strong>jam</strong></span> <span class='ocrx_word' id='word_1_424' title='bbox 830 4496 940 4536; x_wconf 90' lang='lat' dir='ltr'><strong>non</strong></span> <span class='ocrx_word' id='word_1_425' title='bbox 976 4495 1195 4535; x_wconf 90' lang='lat' dir='ltr'><strong>eramus</strong></span> <span class='ocrx_word' id='word_1_426' title='bbox 1246 4489 1304 4534; x_wconf 86' lang='lat' dir='ltr'><strong>ut</strong></span> <span class='ocrx_word' id='word_1_427' title='bbox 1349 4480 1404 4534; x_wconf 92' lang='lat' dir='ltr'><strong>in</strong></span> <span class='ocrx_word' id='word_1_428' title='bbox 1443 4481 1561 4551; x_wconf 92' lang='lat' dir='ltr'><strong>ipso</strong></span> <span class='ocrx_word' id='word_1_429' title='bbox 1606 4493 1848 4534; x_wconf 88' lang='lat' dir='ltr'><strong>essemus</strong></span> 
     </span>
    </p>
   </div>
   <div class='ocr_carea' id='block_1_60' title="bbox 257 4572 1845 4644">
    <p class='ocr_par' dir='ltr' id='par_1_60' title="bbox 257 4572 1845 4644">
     <span class='ocr_line' id='line_1_60' title="bbox 257 4572 1845 4644; baseline -0.004 -11"><span class='ocrx_word' id='word_1_430' title='bbox 257 4575 424 4634; x_wconf 85' lang='lat' dir='ltr'><strong>electi</strong></span> <span class='ocrx_word' id='word_1_431' title='bbox 454 4586 581 4633; x_wconf 90' lang='lat' dir='ltr'><strong>ante</strong></span> <span class='ocrx_word' id='word_1_432' title='bbox 611 4576 800 4632; x_wconf 90' lang='lat' dir='ltr'><strong>mundi</strong></span> <span class='ocrx_word' id='word_1_433' title='bbox 824 4575 1286 4632; x_wconf 90' lang='lat' dir='ltr'><strong>constitutionem.</strong></span> <span class='ocrx_word' id='word_1_434' title='bbox 1314 4575 1529 4643; x_wconf 78' lang='lat' dir='ltr'><strong>Quzeret</strong></span> <span class='ocrx_word' id='word_1_435' title='bbox 1558 4589 1686 4644; x_wconf 85' lang='lat' dir='ltr'><strong>ergo</strong></span> <span class='ocrx_word' id='word_1_436' title='bbox 1721 4572 1845 4639; x_wconf 88' lang='lat' dir='ltr'><strong>sibi,</strong></span> 
     </span>
    </p>
   </div>
   <div class='ocr_carea' id='block_1_61' title="bbox 261 4665 1850 4737">
    <p class='ocr_par' dir='ltr' id='par_1_61' title="bbox 261 4665 1850 4737">
     <span class='ocr_line' id='line_1_61' title="bbox 261 4665 1850 4737; baseline -0.006 -9"><span class='ocrx_word' id='word_1_437' title='bbox 261 4671 441 4728; x_wconf 80' lang='lat' dir='ltr'><strong>dixit:</strong></span> <span class='ocrx_word' id='word_1_438' title='bbox 495 4687 650 4726; x_wconf 91' lang='lat' dir='ltr'><strong>suum</strong></span> <span class='ocrx_word' id='word_1_439' title='bbox 699 4669 942 4736; x_wconf 88' lang='lat' dir='ltr'><strong>habebit,</strong></span> <span class='ocrx_word' id='word_1_440' title='bbox 995 4669 1136 4724; x_wconf 91' lang='lat' dir='ltr'><strong>unde</strong></span> <span class='ocrx_word' id='word_1_441' title='bbox 1177 4669 1233 4722; x_wconf 92' lang='lat' dir='ltr'><strong>in</strong></span> <span class='ocrx_word' id='word_1_442' title='bbox 1277 4667 1467 4722; x_wconf 85' lang='lat' dir='ltr'><strong>Latina</strong></span> <span class='ocrx_word' id='word_1_443' title='bbox 1515 4666 1695 4737; x_wconf 88' lang='lat' dir='ltr'><strong>lingua</strong></span> <span class='ocrx_word' id='word_1_444' title='bbox 1747 4665 1850 4719; x_wconf 91' lang='lat' dir='ltr'><strong>hoc</strong></span> 
     </span>
    </p>
   </div>
   <div class='ocr_carea' id='block_1_62' title="bbox 256 4745 1847 4840">
    <p class='ocr_par' dir='ltr' id='par_1_62' title="bbox 256 4745 1847 4840">
     <span class='ocr_line' id='line_1_62' title="bbox 256 4745 1847 4840; baseline -0.007 -17"><span class='ocrx_word' id='word_1_445' title='bbox 256 4767 492 4826; x_wconf 73' lang='lat' dir='ltr'><strong>verbum</strong></span> <span class='ocrx_word' id='word_1_446' title='bbox 519 4747 715 4840; x_wconf 74' lang='lat' dir='ltr'><strong>accipit</strong></span> <span class='ocrx_word' id='word_1_447' title='bbox 749 4745 1208 4836; x_wconf 68' lang='lat' dir='ltr'><strong>prmpositionem,</strong></span> <span class='ocrx_word' id='word_1_448' title='bbox 1251 4771 1305 4816; x_wconf 88' lang='lat' dir='ltr'><strong>et</strong></span> <span class='ocrx_word' id='word_1_449' title='bbox 1337 4761 1568 4832; x_wconf 88' lang='lat' dir='ltr'><strong>acquirit</strong></span> <span class='ocrx_word' id='word_1_450' title='bbox 1619 4758 1847 4824; x_wconf 90' lang='lat' dir='ltr'><strong>dicitur;</strong></span> 
     </span>
    </p>
   </div>
   <div class='ocr_carea' id='block_1_63' title="bbox 260 4845 1850 4933">
    <p class='ocr_par' dir='ltr' id='par_1_63' title="bbox 260 4845 1850 4933">
     <span class='ocr_line' id='line_1_63' title="bbox 260 4845 1850 4933; baseline -0.007 -19"><span class='ocrx_word' id='word_1_451' title='bbox 260 4861 410 4933; x_wconf 85' lang='lat' dir='ltr'><strong>quod</strong></span> <span class='ocrx_word' id='word_1_452' title='bbox 449 4861 582 4917; x_wconf 85' lang='lat' dir='ltr'><strong>satis</strong></span> <span class='ocrx_word' id='word_1_453' title='bbox 625 4867 873 4930; x_wconf 81' lang='lat' dir='ltr'><strong>apertum</strong></span> <span class='ocrx_word' id='word_1_454' title='bbox 915 4865 1019 4913; x_wconf 88' lang='lat' dir='ltr'><strong>est.</strong></span> <span class='ocrx_word' id='word_1_455' title='bbox 1083 4845 1214 4911; x_wconf 87' lang='lat' dir='ltr'><strong>Sine</strong></span> <span class='ocrx_word' id='word_1_456' title='bbox 1263 4853 1644 4925; x_wconf 70' lang='lat' dir='ltr'><strong>praepositione</strong></span> <span class='ocrx_word' id='word_1_457' title='bbox 1683 4851 1850 4905; x_wconf 89' lang='lat' dir='ltr'><strong>etiam</strong></span> 
     </span>
    </p>
   </div>
   <div class='ocr_carea' id='block_1_64' title="bbox 260 4947 1849 5026">
    <p class='ocr_par' dir='ltr' id='par_1_64' title="bbox 260 4947 1849 5026">
     <span class='ocr_line' id='line_1_64' title="bbox 260 4947 1849 5026; baseline -0.006 -18"><span class='ocrx_word' id='word_1_458' title='bbox 260 4969 519 5026; x_wconf 63' lang='lat' dir='ltr'><strong>quaerere</strong></span> <span class='ocrx_word' id='word_1_459' title='bbox 561 4951 886 5025; x_wconf 88' lang='lat' dir='ltr'><strong>intelligitur</strong></span> <span class='ocrx_word' id='word_1_460' title='bbox 911 4950 1217 5022; x_wconf 87' lang='lat' dir='ltr'><strong>acquirere,</strong></span> <span class='ocrx_word' id='word_1_461' title='bbox 1246 4964 1312 5004; x_wconf 77' lang='lat' dir='ltr'><strong>ex</strong></span> <span class='ocrx_word' id='word_1_462' title='bbox 1341 4962 1449 5018; x_wconf 92' lang='lat' dir='ltr'><strong>quo</strong></span> <span class='ocrx_word' id='word_1_463' title='bbox 1478 4947 1629 5002; x_wconf 92' lang='lat' dir='ltr'><strong>lucra</strong></span> <span class='ocrx_word' id='word_1_464' title='bbox 1650 4958 1849 5000; x_wconf 82' lang='lat' dir='ltr'><strong>vocan-</strong></span> 
     </span>
    </p>
   </div>
   <div class='ocr_carea' id='block_1_65' title="bbox 263 5057 643 5118">
    <p class='ocr_par' dir='ltr' id='par_1_65' title="bbox 263 5057 643 5118">
     <span class='ocr_line' id='line_1_65' title="bbox 263 5057 643 5118; baseline -0.011 -14"><span class='ocrx_word' id='word_1_465' title='bbox 263 5057 361 5104; x_wconf 83' lang='lat' dir='ltr'><strong>tur</strong></span> <span class='ocrx_word' id='word_1_466' title='bbox 384 5061 545 5118; x_wconf 67' lang='lat' dir='ltr'><strong>quazs</strong></span> <span class='ocrx_word' id='word_1_467' title='bbox 560 5063 643 5102; x_wconf 90' lang='lat' dir='ltr'><strong>us.</strong></span> 
     </span>
    </p>
   </div>
   <div class='ocr_carea' id='block_1_66' title="bbox 349 5133 1852 5210">
    <p class='ocr_par' dir='ltr' id='par_1_66' title="bbox 349 5133 1852 5210">
     <span class='ocr_line' id='line_1_66' title="bbox 349 5133 1852 5210; baseline -0.004 -16"><span class='ocrx_word' id='word_1_468' title='bbox 349 5139 532 5194; x_wconf 79' lang='lat' dir='ltr'><strong>Virum</strong></span> <span class='ocrx_word' id='word_1_469' title='bbox 559 5139 717 5210; x_wconf 74' lang='lat' dir='ltr'><strong>juxta</strong></span> <span class='ocrx_word' id='word_1_470' title='bbox 745 5154 854 5192; x_wconf 87' lang='lat' dir='ltr'><strong>cor.</strong></span> <span class='ocrx_word' id='word_1_471' title='bbox 883 5135 1050 5190; x_wconf 86' lang='lat' dir='ltr'><strong>David</strong></span> <span class='ocrx_word' id='word_1_472' title='bbox 1082 5134 1372 5206; x_wconf 90' lang='lat' dir='ltr'><strong>signiﬁcat,</strong></span> <span class='ocrx_word' id='word_1_473' title='bbox 1416 5133 1500 5188; x_wconf 86' lang='lat' dir='ltr'><strong>vel</strong></span> <span class='ocrx_word' id='word_1_474' title='bbox 1532 5133 1705 5204; x_wconf 90' lang='lat' dir='ltr'><strong>ipsum</strong></span> <span class='ocrx_word' id='word_1_475' title='bbox 1736 5147 1852 5188; x_wconf 82' lang='lat' dir='ltr'><strong>me-</strong></span> 
     </span>
    </p>
   </div>
   <div class='ocr_carea' id='block_1_67' title="bbox 264 5224 1852 5297">
    <p class='ocr_par' dir='ltr' id='par_1_67' title="bbox 264 5224 1852 5297">
     <span class='ocr_line' id='line_1_67' title="bbox 264 5224 1852 5297; baseline -0.004 -10"><span class='ocrx_word' id='word_1_476' title='bbox 264 5231 538 5287; x_wconf 87' lang='lat' dir='ltr'><strong>diatorem</strong></span> <span class='ocrx_word' id='word_1_477' title='bbox 564 5228 696 5284; x_wconf 80' lang='lat' dir='ltr'><strong>Novi</strong></span> <span class='ocrx_word' id='word_1_478' title='bbox 733 5225 1087 5293; x_wconf 85' lang='lat' dir='ltr'><strong>Testamenti,</strong></span> <span class='ocrx_word' id='word_1_479' title='bbox 1111 5225 1203 5297; x_wconf 91' lang='lat' dir='ltr'><strong>qui</strong></span> <span class='ocrx_word' id='word_1_480' title='bbox 1248 5225 1579 5297; x_wconf 85' lang='lat' dir='ltr'><strong>ﬁgurabatur</strong></span> <span class='ocrx_word' id='word_1_481' title='bbox 1606 5224 1660 5280; x_wconf 88' lang='lat' dir='ltr'><strong>in</strong></span> <span class='ocrx_word' id='word_1_482' title='bbox 1684 5224 1852 5280; x_wconf 83' lang='lat' dir='ltr'><strong>chris-</strong></span> 
     </span>
    </p>
   </div>
   <div class='ocr_carea' id='block_1_68' title="bbox 267 5315 1846 5391">
    <p class='ocr_par' dir='ltr' id='par_1_68' title="bbox 267 5315 1846 5391">
     <span class='ocr_line' id='line_1_68' title="bbox 267 5315 1846 5391; baseline -0.004 -15"><span class='ocrx_word' id='word_1_483' title='bbox 267 5330 418 5376; x_wconf 88' lang='lat' dir='ltr'><strong>mate</strong></span> <span class='ocrx_word' id='word_1_484' title='bbox 455 5321 508 5375; x_wconf 92' lang='lat' dir='ltr'><strong>in</strong></span> <span class='ocrx_word' id='word_1_485' title='bbox 538 5335 644 5391; x_wconf 92' lang='lat' dir='ltr'><strong>quo</strong></span> <span class='ocrx_word' id='word_1_486' title='bbox 674 5329 868 5374; x_wconf 86' lang='lat' dir='ltr'><strong>unctus</strong></span> <span class='ocrx_word' id='word_1_487' title='bbox 919 5327 1003 5374; x_wconf 89' lang='lat' dir='ltr'><strong>est</strong></span> <span class='ocrx_word' id='word_1_488' title='bbox 1056 5318 1249 5383; x_wconf 88' lang='lat' dir='ltr'><strong>David,</strong></span> <span class='ocrx_word' id='word_1_489' title='bbox 1300 5325 1355 5373; x_wconf 91' lang='lat' dir='ltr'><strong>et</strong></span> <span class='ocrx_word' id='word_1_490' title='bbox 1382 5317 1666 5390; x_wconf 82' lang='lat' dir='ltr'><strong>progenies</strong></span> <span class='ocrx_word' id='word_1_491' title='bbox 1711 5315 1846 5386; x_wconf 91' lang='lat' dir='ltr'><strong>ejus.</strong></span> 
     </span>
    </p>
   </div>
   <div class='ocr_carea' id='block_1_69' title="bbox 264 5411 1852 5485">
    <p class='ocr_par' dir='ltr' id='par_1_69' title="bbox 264 5411 1852 5485">
     <span class='ocr_line' id='line_1_69' title="bbox 264 5411 1852 5485; baseline -0.001 -18"><span class='ocrx_word' id='word_1_492' title='bbox 264 5412 455 5485; x_wconf 68' lang='grc' dir='ltr'><strong>(ΗΑΒ.)</strong></span> <span class='ocrx_word' id='word_1_493' title='bbox 512 5411 768 5468; x_wconf 85' lang='lat' dir='ltr'><strong>Diabolus</strong></span> <span class='ocrx_word' id='word_1_494' title='bbox 803 5427 1020 5482; x_wconf 89' lang='lat' dir='ltr'><strong>quoque</strong></span> <span class='ocrx_word' id='word_1_495' title='bbox 1068 5427 1167 5482; x_wconf 92' lang='lat' dir='ltr'><strong>per</strong></span> <span class='ocrx_word' id='word_1_496' title='bbox 1205 5427 1481 5484; x_wconf 88' lang='lat' dir='ltr'><strong>paganos,</strong></span> <span class='ocrx_word' id='word_1_497' title='bbox 1527 5421 1658 5481; x_wconf 91' lang='lat' dir='ltr'><strong>etc.,</strong></span> <span class='ocrx_word' id='word_1_498' title='bbox 1689 5428 1852 5483; x_wconf 82' lang='lat' dir='ltr'><strong>usque</strong></span> 
     </span>
    </p>
   </div>
   <div class='ocr_carea' id='block_1_70' title="bbox 261 5503 1097 5574">
    <p class='ocr_par' dir='ltr' id='par_1_70' title="bbox 261 5503 1097 5574">
     <span class='ocr_line' id='line_1_70' title="bbox 261 5503 1097 5574; baseline 0 -15"><span class='ocrx_word' id='word_1_499' title='bbox 261 5504 340 5559; x_wconf 86' lang='lat' dir='ltr'><strong>ad</strong></span> <span class='ocrx_word' id='word_1_500' title='bbox 365 5504 461 5559; x_wconf 89' lang='lat' dir='ltr'><strong>sed</strong></span> <span class='ocrx_word' id='word_1_501' title='bbox 486 5503 728 5558; x_wconf 83' lang='lat' dir='ltr'><strong>futuram</strong></span> <span class='ocrx_word' id='word_1_502' title='bbox 753 5503 1097 5574; x_wconf 88' lang='lat' dir='ltr'><strong>inquirimus.</strong></span> 
     </span>
    </p>
   </div>
   <div class='ocr_carea' id='block_1_71' title="bbox 855 5639 1264 5698">
    <p class='ocr_par' dir='ltr' id='par_1_71' title="bbox 855 5639 1264 5698">
     <span class='ocr_line' id='line_1_71' title="bbox 855 5639 1264 5698; baseline 0 -1"><span class='ocrx_word' id='word_1_503' title='bbox 855 5640 1084 5698; x_wconf 84' lang='lat' dir='ltr'><strong>CAPUT</strong></span> <span class='ocrx_word' id='word_1_504' title='bbox 1123 5639 1264 5697; x_wconf 80' lang='lat' dir='ltr'><strong>XIV.</strong></span> 
     </span>
    </p>
   </div>
   <div class='ocr_carea' id='block_1_72' title="bbox 347 5771 1854 5837">
    <p class='ocr_par' dir='ltr' id='par_1_72' title="bbox 347 5771 1854 5837">
     <span class='ocr_line' id='line_1_72' title="bbox 347 5771 1854 5837; baseline 0.006 -9"><span class='ocrx_word' id='word_1_505' title='bbox 347 5771 513 5829; x_wconf 87' lang='lat' dir='ltr'><strong>Vens.</strong></span> <span class='ocrx_word' id='word_1_506' title='bbox 551 5774 603 5828; x_wconf 77' lang='grc'><strong>1.</strong></span> <span class='ocrx_word' id='word_1_507' title='bbox 632 5771 1000 5830; x_wconf 84' lang='lat' dir='ltr'><strong>—Jonathas.</strong></span> <span class='ocrx_word' id='word_1_508' title='bbox 1043 5773 1318 5833; x_wconf 78' lang='lat' dir='ltr'><strong>Columba:</strong></span> <span class='ocrx_word' id='word_1_509' title='bbox 1351 5776 1571 5834; x_wconf 87' lang='lat' dir='ltr'><strong>donum.</strong></span> <span class='ocrx_word' id='word_1_510' title='bbox 1608 5777 1674 5835; x_wconf 81' lang='lat' dir='ltr'><strong>Hi</strong></span> <span class='ocrx_word' id='word_1_511' title='bbox 1727 5790 1854 5837; x_wconf 89' lang='lat' dir='ltr'><strong>sunt</strong></span> 
     </span>
    </p>
   </div>
   <div class='ocr_carea' id='block_1_73' title="bbox 265 5866 1849 5942">
    <p class='ocr_par' dir='ltr' id='par_1_73' title="bbox 265 5866 1849 5942">
     <span class='ocr_line' id='line_1_73' title="bbox 265 5866 1849 5942; baseline 0.003 -20"><span class='ocrx_word' id='word_1_512' title='bbox 265 5869 368 5938; x_wconf 88' lang='lat' dir='ltr'><strong>qui</strong></span> <span class='ocrx_word' id='word_1_513' title='bbox 396 5866 538 5921; x_wconf 92' lang='lat' dir='ltr'><strong>dono</strong></span> <span class='ocrx_word' id='word_1_514' title='bbox 576 5867 810 5938; x_wconf 90' lang='lat' dir='ltr'><strong>Spiritus</strong></span> <span class='ocrx_word' id='word_1_515' title='bbox 835 5867 1009 5924; x_wconf 89' lang='lat' dir='ltr'><strong>sancti</strong></span> <span class='ocrx_word' id='word_1_516' title='bbox 1042 5867 1335 5940; x_wconf 86' lang='lat' dir='ltr'><strong>replentur,</strong></span> <span class='ocrx_word' id='word_1_517' title='bbox 1377 5886 1475 5941; x_wconf 89' lang='lat' dir='ltr'><strong>per</strong></span> <span class='ocrx_word' id='word_1_518' title='bbox 1501 5886 1637 5942; x_wconf 90' lang='lat' dir='ltr'><strong>quos</strong></span> <span class='ocrx_word' id='word_1_519' title='bbox 1666 5871 1849 5927; x_wconf 88' lang='lat' dir='ltr'><strong>Domi-</strong></span> 
     </span>
    </p>
   </div>
   <div class='ocr_carea' id='block_1_74' title="bbox 263 5959 1848 6037">
    <p class='ocr_par' dir='ltr' id='par_1_74' title="bbox 263 5959 1848 6037">
     <span class='ocr_line' id='line_1_74' title="bbox 263 5959 1848 6037; baseline 0.003 -20"><span class='ocrx_word' id='word_1_520' title='bbox 263 5974 379 6017; x_wconf 86' lang='lat' dir='ltr'><strong>nus</strong></span> <span class='ocrx_word' id='word_1_521' title='bbox 403 5959 782 6016; x_wconf 64' lang='lat' dir='ltr'><strong>hiercticorum</strong></span> <span class='ocrx_word' id='word_1_522' title='bbox 800 5970 1095 6017; x_wconf 75' lang='lat' dir='ltr'><strong>conventus</strong></span> <span class='ocrx_word' id='word_1_523' title='bbox 1127 5961 1372 6034; x_wconf 90' lang='lat' dir='ltr'><strong>dissipat,</strong></span> <span class='ocrx_word' id='word_1_524' title='bbox 1403 5971 1564 6036; x_wconf 86' lang='lat' dir='ltr'><strong>atque</strong></span> <span class='ocrx_word' id='word_1_525' title='bbox 1585 5965 1640 6021; x_wconf 92' lang='lat' dir='ltr'><strong>in</strong></span> <span class='ocrx_word' id='word_1_526' title='bbox 1671 5962 1848 6037; x_wconf 88' lang='lat' dir='ltr'><strong>fugam</strong></span> 
     </span>
    </p>
   </div>
   <div class='ocr_carea' id='block_1_75' title="bbox 758 6055 1310 6127">
    <p class='ocr_par' dir='ltr' id='par_1_75' title="bbox 758 6055 1310 6127">
     <span class='ocr_line' id='line_1_75' title="bbox 758 6055 1310 6127; baseline 0.004 -9"><span class='ocrx_word' id='word_1_527' title='bbox 758 6055 1029 6124; x_wconf 72' lang='lat' dir='ltr'><strong>Pnnoc.</strong></span> <span class='ocrx_word' id='word_1_528' title='bbox 1082 6055 1310 6127; x_wconf 79' lang='lat' dir='ltr'><strong>CXIII.</strong></span> 
     </span>
    </p>
   </div>
   <div class='ocr_carea' id='block_1_76' title="bbox 1937 2076 3518 2152">
    <p class='ocr_par' dir='ltr' id='par_1_76' title="bbox 1937 2076 3518 2152">
     <span class='ocr_line' id='line_1_76' title="bbox 1937 2076 3518 2152; baseline -0.003 -16"><span class='ocrx_word' id='word_1_529' title='bbox 1937 2081 2114 2138; x_wconf 89' lang='lat' dir='ltr'><strong>riliter</strong></span> <span class='ocrx_word' id='word_1_530' title='bbox 2141 2093 2404 2152; x_wconf 88' lang='lat' dir='ltr'><strong>pugnare,</strong></span> <span class='ocrx_word' id='word_1_531' title='bbox 2426 2079 2519 2151; x_wconf 91' lang='lat' dir='ltr'><strong>qui</strong></span> <span class='ocrx_word' id='word_1_532' title='bbox 2564 2079 2752 2135; x_wconf 90' lang='lat' dir='ltr'><strong>mundi</strong></span> <span class='ocrx_word' id='word_1_533' title='bbox 2781 2077 3121 2136; x_wconf 88' lang='lat' dir='ltr'><strong>dulcedinem</strong></span> <span class='ocrx_word' id='word_1_534' title='bbox 3147 2079 3322 2134; x_wconf 87' lang='lat' dir='ltr'><strong>nescit</strong></span> <span class='ocrx_word' id='word_1_535' title='bbox 3351 2076 3518 2133; x_wconf 87' lang='lat' dir='ltr'><strong>decli-</strong></span> 
     </span>
    </p>
   </div>
   <div class='ocr_carea' id='block_1_77' title="bbox 1941 2189 2094 2230">
    <p class='ocr_par' dir='ltr' id='par_1_77' title="bbox 1941 2189 2094 2230">
     <span class='ocr_line' id='line_1_77' title="bbox 1941 2189 2094 2230; baseline -0.013 -1"><span class='ocrx_word' id='word_1_536' title='bbox 1941 2189 2094 2230; x_wconf 90' lang='lat' dir='ltr'><strong>nare.</strong></span> 
     </span>
    </p>
   </div>
   <div class='ocr_carea' id='block_1_78' title="bbox 2013 2262 3523 2338">
    <p class='ocr_par' dir='ltr' id='par_1_78' title="bbox 2013 2262 3523 2338">
     <span class='ocr_line' id='line_1_78' title="bbox 2013 2262 3523 2338; baseline -0.003 -18"><span class='ocrx_word' id='word_1_537' title='bbox 2013 2265 2309 2320; x_wconf 77' lang='lat' dir='ltr'><strong>“luminati</strong></span> <span class='ocrx_word' id='word_1_538' title='bbox 2354 2274 2496 2320; x_wconf 85' lang='lat' dir='ltr'><strong>sunt.</strong></span> <span class='ocrx_word' id='word_1_539' title='bbox 2551 2263 2709 2338; x_wconf 68' lang='grc' dir='ltr'><strong>(ΗΑΒ.</strong></span> <span class='ocrx_word' id='word_1_540' title='bbox 2737 2279 2805 2320; x_wconf 82' lang='lat' dir='ltr'><strong>ex</strong></span> <span class='ocrx_word' id='word_1_541' title='bbox 2837 2263 3036 2336; x_wconf 86' lang='lat' dir='ltr'><strong>Euch.)</strong></span> <span class='ocrx_word' id='word_1_542' title='bbox 3075 2262 3190 2319; x_wconf 87' lang='lat' dir='ltr'><strong>Non</strong></span> <span class='ocrx_word' id='word_1_543' title='bbox 3231 2263 3300 2320; x_wconf 85' lang='lat' dir='ltr'><strong>ad</strong></span> <span class='ocrx_word' id='word_1_544' title='bbox 3340 2263 3523 2318; x_wconf 87' lang='lat' dir='ltr'><strong>viden-</strong></span> 
     </span>
    </p>
   </div>
   <div class='ocr_carea' id='block_1_79' title="bbox 1941 2355 3522 2431">
    <p class='ocr_par' dir='ltr' id='par_1_79' title="bbox 1941 2355 3522 2431">
     <span class='ocr_line' id='line_1_79' title="bbox 1941 2355 3522 2431; baseline -0.003 -15"><span class='ocrx_word' id='word_1_545' title='bbox 1941 2359 2088 2425; x_wconf 89' lang='lat' dir='ltr'><strong>dum,</strong></span> <span class='ocrx_word' id='word_1_546' title='bbox 2133 2367 2261 2425; x_wconf 90' lang='lat' dir='ltr'><strong>etc.,</strong></span> <span class='ocrx_word' id='word_1_547' title='bbox 2299 2375 2460 2431; x_wconf 85' lang='lat' dir='ltr'><strong>usque</strong></span> <span class='ocrx_word' id='word_1_548' title='bbox 2486 2359 2554 2414; x_wconf 87' lang='lat' dir='ltr'><strong>ad</strong></span> <span class='ocrx_word' id='word_1_549' title='bbox 2608 2367 2664 2417; x_wconf 87' lang='lat' dir='ltr'><strong>et</strong></span> <span class='ocrx_word' id='word_1_550' title='bbox 2699 2357 2954 2416; x_wconf 83' lang='lat' dir='ltr'><strong>fraternis</strong></span> <span class='ocrx_word' id='word_1_551' title='bbox 3003 2355 3340 2414; x_wconf 85' lang='lat' dir='ltr'><strong>orationibus</strong></span> <span class='ocrx_word' id='word_1_552' title='bbox 3385 2356 3522 2413; x_wconf 86' lang='lat' dir='ltr'><strong>indi-</strong></span> 
     </span>
    </p>
   </div>
   <div class='ocr_carea' id='block_1_80' title="bbox 1939 2467 2086 2523">
    <p class='ocr_par' dir='ltr' id='par_1_80' title="bbox 1939 2467 2086 2523">
     <span class='ocr_line' id='line_1_80' title="bbox 1939 2467 2086 2523; baseline -0.02 -15"><span class='ocrx_word' id='word_1_553' title='bbox 1939 2467 2086 2523; x_wconf 83' lang='lat' dir='ltr'><strong>gere.</strong></span> 
     </span>
    </p>
   </div>
   <div class='ocr_carea' id='block_1_81' title="bbox 1961 2560 3518 2634">
    <p class='ocr_par' dir='ltr' id='par_1_81' title="bbox 1961 2560 3518 2634">
     <span class='ocr_line' id='line_1_81' title="bbox 1961 2560 3518 2634; baseline -0.002 -14"><span class='ocrx_word' id='word_1_554' title='bbox 1961 2577 1964 2580; x_wconf 78' lang='grc'><strong>’</strong></span> <span class='ocrx_word' id='word_1_555' title='bbox 2013 2565 2176 2620; x_wconf 85' lang='lat' dir='ltr'><strong>Vens.</strong></span> <span class='ocrx_word' id='word_1_556' title='bbox 2212 2564 2303 2619; x_wconf 88' lang='grc'><strong>55.</strong></span> <span class='ocrx_word' id='word_1_557' title='bbox 2335 2595 2404 2604; x_wconf 88' lang='lat'><strong>--</strong></span> <span class='ocrx_word' id='word_1_558' title='bbox 2431 2560 2670 2634; x_wconf 83' lang='lat' dir='ltr'><strong>Populus</strong></span> <span class='ocrx_word' id='word_1_559' title='bbox 2690 2573 2946 2634; x_wconf 84' lang='lat' dir='ltr'><strong>peccasset</strong></span> <span class='ocrx_word' id='word_1_560' title='bbox 2979 2562 3206 2618; x_wconf 85' lang='lat' dir='ltr'><strong>Domino</strong></span> <span class='ocrx_word' id='word_1_561' title='bbox 3227 2564 3518 2624; x_wconf 81' lang='lat' dir='ltr'><strong>comedens.</strong></span> 
     </span>
    </p>
   </div>
   <div class='ocr_carea' id='block_1_82' title="bbox 1941 2657 3527 2732">
    <p class='ocr_par' dir='ltr' id='par_1_82' title="bbox 1941 2657 3527 2732">
     <span class='ocr_line' id='line_1_82' title="bbox 1941 2657 3527 2732; baseline 0.001 -21"><span class='ocrx_word' id='word_1_562' title='bbox 1941 2657 2126 2730; x_wconf 67' lang='grc' dir='ltr'><strong>(ΗΑΒ.)</strong></span> <span class='ocrx_word' id='word_1_563' title='bbox 2150 2657 2413 2714; x_wconf 89' lang='lat' dir='ltr'><strong>Peccasse</strong></span> <span class='ocrx_word' id='word_1_564' title='bbox 2443 2657 2694 2726; x_wconf 86' lang='lat' dir='ltr'><strong>Domino,</strong></span> <span class='ocrx_word' id='word_1_565' title='bbox 2725 2665 2858 2726; x_wconf 88' lang='lat' dir='ltr'><strong>etc.,</strong></span> <span class='ocrx_word' id='word_1_566' title='bbox 2886 2673 3047 2732; x_wconf 84' lang='lat' dir='ltr'><strong>usque</strong></span> <span class='ocrx_word' id='word_1_567' title='bbox 3077 2658 3150 2712; x_wconf 80' lang='lat' dir='ltr'><strong>ad.</strong></span> <span class='ocrx_word' id='word_1_568' title='bbox 3173 2666 3228 2716; x_wconf 86' lang='lat' dir='ltr'><strong>et</strong></span> <span class='ocrx_word' id='word_1_569' title='bbox 3255 2673 3380 2720; x_wconf 82' lang='lat' dir='ltr'><strong>cum</strong></span> <span class='ocrx_word' id='word_1_570' title='bbox 3400 2673 3527 2714; x_wconf 87' lang='lat' dir='ltr'><strong>san-</strong></span> 
     </span>
    </p>
   </div>
   <div class='ocr_carea' id='block_1_83' title="bbox 1943 2751 2455 2823">
    <p class='ocr_par' dir='ltr' id='par_1_83' title="bbox 1943 2751 2455 2823">
     <span class='ocr_line' id='line_1_83' title="bbox 1943 2751 2455 2823; baseline -0.006 -16"><span class='ocrx_word' id='word_1_571' title='bbox 1943 2751 2107 2823; x_wconf 86' lang='lat' dir='ltr'><strong>guine</strong></span> <span class='ocrx_word' id='word_1_572' title='bbox 2133 2751 2455 2816; x_wconf 82' lang='lat' dir='ltr'><strong>comedisse.</strong></span> 
     </span>
    </p>
   </div>
   <div class='ocr_carea' id='block_1_84' title="bbox 2015 2864 3525 2935">
    <p class='ocr_par' dir='ltr' id='par_1_84' title="bbox 2015 2864 3525 2935">
     <span class='ocr_line' id='line_1_84' title="bbox 2015 2864 3525 2935; baseline -0.001 -14"><span class='ocrx_word' id='word_1_573' title='bbox 2015 2867 2177 2922; x_wconf 88' lang='lat' dir='ltr'><strong>Vens.</strong></span> <span class='ocrx_word' id='word_1_574' title='bbox 2209 2865 2299 2920; x_wconf 70' lang='grc'><strong>54.</strong></span> <span class='ocrx_word' id='word_1_575' title='bbox 2326 2864 2652 2927; x_wconf 57' lang='grc' dir='ltr'><strong>-ιοεσὶάὲισ</strong></span> <span class='ocrx_word' id='word_1_576' title='bbox 2701 2881 2858 2935; x_wconf 84' lang='lat' dir='ltr'><strong>super</strong></span> <span class='ocrx_word' id='word_1_577' title='bbox 2903 2864 3067 2929; x_wconf 79' lang='lat' dir='ltr'><strong>istud,</strong></span> <span class='ocrx_word' id='word_1_578' title='bbox 3111 2872 3223 2921; x_wconf 82' lang='lat' dir='ltr'><strong>etc.</strong></span> <span class='ocrx_word' id='word_1_579' title='bbox 3274 2864 3350 2920; x_wconf 74' lang='lat' dir='ltr'><strong>Ut</strong></span> <span class='ocrx_word' id='word_1_580' title='bbox 3394 2864 3525 2920; x_wconf 79' lang='lat' dir='ltr'><strong>fluat</strong></span> 
     </span>
    </p>
   </div>
   <div class='ocr_carea' id='block_1_85' title="bbox 1940 2941 3526 3030">
    <p class='ocr_par' dir='ltr' id='par_1_85' title="bbox 1940 2941 3526 3030">
     <span class='ocr_line' id='line_1_85' title="bbox 1940 2941 3526 3030; baseline -0.002 -13"><span class='ocrx_word' id='word_1_581' title='bbox 1940 2960 2163 3030; x_wconf 89' lang='lat' dir='ltr'><strong>sanguis</strong></span> <span class='ocrx_word' id='word_1_582' title='bbox 2188 2960 2257 3015; x_wconf 91' lang='lat' dir='ltr'><strong>ad</strong></span> <span class='ocrx_word' id='word_1_583' title='bbox 2297 2969 2520 3016; x_wconf 88' lang='lat' dir='ltr'><strong>terram.</strong></span> <span class='ocrx_word' id='word_1_584' title='bbox 2554 2958 2648 3014; x_wconf 79' lang='lat' dir='ltr'><strong>Vel</strong></span> <span class='ocrx_word' id='word_1_585' title='bbox 2680 2958 2914 3014; x_wconf 85' lang='lat' dir='ltr'><strong>comedit</strong></span> <span class='ocrx_word' id='word_1_586' title='bbox 2941 2959 3375 3029; x_wconf 81' lang='lat' dir='ltr'><strong>eumsanguine,</strong></span> <span class='ocrx_word' id='word_1_587' title='bbox 3400 2941 3526 3029; x_wconf 52' lang='lat' dir='ltr'><strong>Quia</strong></span> 
     </span>
    </p>
   </div>
   <div class='ocr_carea' id='block_1_86' title="bbox 1940 3051 3527 3122">
    <p class='ocr_par' dir='ltr' id='par_1_86' title="bbox 1940 3051 3527 3122">
     <span class='ocr_line' id='line_1_86' title="bbox 1940 3051 3527 3122; baseline 0 -15"><span class='ocrx_word' id='word_1_588' title='bbox 1940 3061 2067 3107; x_wconf 82' lang='lat' dir='ltr'><strong>ante</strong></span> <span class='ocrx_word' id='word_1_589' title='bbox 2125 3051 2456 3108; x_wconf 85' lang='lat' dir='ltr'><strong>sacriﬁcium</strong></span> <span class='ocrx_word' id='word_1_590' title='bbox 2512 3051 2882 3122; x_wconf 83' lang='lat' dir='ltr'><strong>vespertinum</strong></span> <span class='ocrx_word' id='word_1_591' title='bbox 2944 3052 3326 3117; x_wconf 84' lang='lat' dir='ltr'><strong>comederunt,</strong></span> <span class='ocrx_word' id='word_1_592' title='bbox 3383 3053 3527 3122; x_wconf 83' lang='lat' dir='ltr'><strong>quod</strong></span> 
     </span>
    </p>
   </div>
   <div class='ocr_carea' id='block_1_87' title="bbox 1939 3141 3526 3214">
    <p class='ocr_par' dir='ltr' id='par_1_87' title="bbox 1939 3141 3526 3214">
     <span class='ocr_line' id='line_1_87' title="bbox 1939 3141 3526 3214; baseline 0.001 -16"><span class='ocrx_word' id='word_1_593' title='bbox 1939 3152 2062 3214; x_wconf 91' lang='lat' dir='ltr'><strong>post</strong></span> <span class='ocrx_word' id='word_1_594' title='bbox 2087 3152 2323 3214; x_wconf 87' lang='lat' dir='ltr'><strong>stragem</strong></span> <span class='ocrx_word' id='word_1_595' title='bbox 2348 3157 2477 3197; x_wconf 91' lang='lat' dir='ltr'><strong>usus</strong></span> <span class='ocrx_word' id='word_1_596' title='bbox 2501 3150 2618 3196; x_wconf 83' lang='lat' dir='ltr'><strong>erat</strong></span> <span class='ocrx_word' id='word_1_597' title='bbox 2657 3141 2773 3196; x_wconf 90' lang='lat' dir='ltr'><strong>ﬁeri</strong></span> <span class='ocrx_word' id='word_1_598' title='bbox 2812 3151 2937 3197; x_wconf 88' lang='lat' dir='ltr'><strong>ante</strong></span> <span class='ocrx_word' id='word_1_599' title='bbox 2963 3143 3164 3198; x_wconf 86' lang='lat' dir='ltr'><strong>cibum.</strong></span> <span class='ocrx_word' id='word_1_600' title='bbox 3193 3142 3289 3198; x_wconf 87' lang='lat' dir='ltr'><strong>Vel</strong></span> <span class='ocrx_word' id='word_1_601' title='bbox 3327 3143 3384 3198; x_wconf 90' lang='lat' dir='ltr'><strong>in</strong></span> <span class='ocrx_word' id='word_1_602' title='bbox 3421 3145 3526 3200; x_wconf 90' lang='lat' dir='ltr'><strong>hoc</strong></span> 
     </span>
    </p>
   </div>
   <div class='ocr_carea' id='block_1_88' title="bbox 1941 3235 3527 3309">
    <p class='ocr_par' dir='ltr' id='par_1_88' title="bbox 1941 3235 3527 3309">
     <span class='ocr_line' id='line_1_88' title="bbox 1941 3235 3527 3309; baseline -0.002 -16"><span class='ocrx_word' id='word_1_603' title='bbox 1941 3244 2318 3309; x_wconf 79' lang='lat' dir='ltr'><strong>peccaverunt</strong></span> <span class='ocrx_word' id='word_1_604' title='bbox 2370 3238 2456 3306; x_wconf 81' lang='lat' dir='ltr'><strong>(ut</strong></span> <span class='ocrx_word' id='word_1_605' title='bbox 2481 3235 2660 3306; x_wconf 87' lang='lat' dir='ltr'><strong>placet</strong></span> <span class='ocrx_word' id='word_1_606' title='bbox 2687 3235 3038 3306; x_wconf 82' lang='lat' dir='ltr'><strong>quibusdam)</strong></span> <span class='ocrx_word' id='word_1_607' title='bbox 3069 3237 3216 3307; x_wconf 88' lang='lat' dir='ltr'><strong>quod</strong></span> <span class='ocrx_word' id='word_1_608' title='bbox 3239 3238 3307 3293; x_wconf 87' lang='lat' dir='ltr'><strong>ad</strong></span> <span class='ocrx_word' id='word_1_609' title='bbox 3329 3237 3527 3293; x_wconf 89' lang='lat' dir='ltr'><strong>ostium</strong></span> 
     </span>
    </p>
   </div>
   <div class='ocr_carea' id='block_1_89' title="bbox 1864 3327 3158 3401">
    <p class='ocr_par' dir='ltr' id='par_1_89' title="bbox 1864 3327 3158 3401">
     <span class='ocr_line' id='line_1_89' title="bbox 1864 3327 3158 3401; baseline 0 -19"><span class='ocrx_word' id='word_1_610' title='bbox 1864 3338 1910 3401; x_wconf 74' lang='grc' dir='ltr'>α</span> <span class='ocrx_word' id='word_1_611' title='bbox 1942 3327 2278 3383; x_wconf 83' lang='lat' dir='ltr'><strong>tabernaculi</strong></span> <span class='ocrx_word' id='word_1_612' title='bbox 2312 3327 2562 3384; x_wconf 88' lang='lat' dir='ltr'><strong>victimas</strong></span> <span class='ocrx_word' id='word_1_613' title='bbox 2591 3341 2842 3384; x_wconf 83' lang='lat' dir='ltr'><strong>suasnou</strong></span> <span class='ocrx_word' id='word_1_614' title='bbox 2869 3327 3158 3382; x_wconf 78' lang='lat' dir='ltr'><strong>duxerunt.</strong></span> 
     </span>
    </p>
   </div>
   <div class='ocr_carea' id='block_1_90' title="bbox 2016 3415 3526 3488">
    <p class='ocr_par' dir='ltr' id='par_1_90' title="bbox 2016 3415 3526 3488">
     <span class='ocr_line' id='line_1_90' title="bbox 2016 3415 3526 3488; baseline 0.003 -18"><span class='ocrx_word' id='word_1_615' title='bbox 2016 3416 2084 3471; x_wconf 83' lang='lat' dir='ltr'><strong>Et</strong></span> <span class='ocrx_word' id='word_1_616' title='bbox 2109 3417 2434 3472; x_wconf 84' lang='lat' dir='ltr'><strong>occiderunt.</strong></span> <span class='ocrx_word' id='word_1_617' title='bbox 2462 3416 2677 3472; x_wconf 89' lang='lat' dir='ltr'><strong>Occisio</strong></span> <span class='ocrx_word' id='word_1_618' title='bbox 2704 3415 3016 3470; x_wconf 87' lang='lat' dir='ltr'><strong>animalium</strong></span> <span class='ocrx_word' id='word_1_619' title='bbox 3043 3427 3127 3473; x_wconf 90' lang='lat' dir='ltr'><strong>est</strong></span> <span class='ocrx_word' id='word_1_620' title='bbox 3154 3418 3448 3488; x_wconf 89' lang='lat' dir='ltr'><strong>baptisma,</strong></span> <span class='ocrx_word' id='word_1_621' title='bbox 3469 3419 3526 3474; x_wconf 88' lang='lat' dir='ltr'><strong>in</strong></span> 
     </span>
    </p>
   </div>
   <div class='ocr_carea' id='block_1_91' title="bbox 1941 3508 3531 3582">
    <p class='ocr_par' dir='ltr' id='par_1_91' title="bbox 1941 3508 3531 3582">
     <span class='ocr_line' id='line_1_91' title="bbox 1941 3508 3531 3582; baseline 0.001 -18"><span class='ocrx_word' id='word_1_622' title='bbox 1941 3525 2051 3581; x_wconf 91' lang='lat' dir='ltr'><strong>quo</strong></span> <span class='ocrx_word' id='word_1_623' title='bbox 2079 3517 2236 3565; x_wconf 89' lang='lat' dir='ltr'><strong>vetus</strong></span> <span class='ocrx_word' id='word_1_624' title='bbox 2266 3510 2430 3565; x_wconf 89' lang='lat' dir='ltr'><strong>homo</strong></span> <span class='ocrx_word' id='word_1_625' title='bbox 2452 3510 2704 3565; x_wconf 88' lang='lat' dir='ltr'><strong>moritur.</strong></span> <span class='ocrx_word' id='word_1_626' title='bbox 2733 3508 2930 3582; x_wconf 78' lang='lat' dir='ltr'><strong>Ingens</strong></span> <span class='ocrx_word' id='word_1_627' title='bbox 2956 3525 3172 3577; x_wconf 81' lang='lat' dir='ltr'><strong>saxum,</strong></span> <span class='ocrx_word' id='word_1_628' title='bbox 3201 3525 3367 3582; x_wconf 87' lang='lat' dir='ltr'><strong>super</strong></span> <span class='ocrx_word' id='word_1_629' title='bbox 3385 3512 3531 3582; x_wconf 84' lang='lat' dir='ltr'><strong>quod</strong></span> 
     </span>
    </p>
   </div>
   <div class='ocr_carea' id='block_1_92' title="bbox 1942 3601 3532 3672">
    <p class='ocr_par' dir='ltr' id='par_1_92' title="bbox 1942 3601 3532 3672">
     <span class='ocr_line' id='line_1_92' title="bbox 1942 3601 3532 3672; baseline 0.003 -14"><span class='ocrx_word' id='word_1_630' title='bbox 1942 3602 2107 3658; x_wconf 85' lang='lat' dir='ltr'><strong>ﬁebat</strong></span> <span class='ocrx_word' id='word_1_631' title='bbox 2132 3602 2358 3667; x_wconf 89' lang='lat' dir='ltr'><strong>occisio,</strong></span> <span class='ocrx_word' id='word_1_632' title='bbox 2389 3601 2524 3658; x_wconf 88' lang='lat' dir='ltr'><strong>ﬁdes</strong></span> <span class='ocrx_word' id='word_1_633' title='bbox 2549 3611 2652 3668; x_wconf 91' lang='lat' dir='ltr'><strong>est,</strong></span> <span class='ocrx_word' id='word_1_634' title='bbox 2687 3602 2808 3658; x_wconf 87' lang='lat' dir='ltr'><strong>sine</strong></span> <span class='ocrx_word' id='word_1_635' title='bbox 2831 3618 2938 3672; x_wconf 88' lang='lat' dir='ltr'><strong>qua</strong></span> <span class='ocrx_word' id='word_1_636' title='bbox 2982 3618 3090 3659; x_wconf 79' lang='lat' dir='ltr'><strong>non</strong></span> <span class='ocrx_word' id='word_1_637' title='bbox 3121 3605 3354 3660; x_wconf 89' lang='lat' dir='ltr'><strong>moritur</strong></span> <span class='ocrx_word' id='word_1_638' title='bbox 3376 3616 3532 3662; x_wconf 83' lang='lat' dir='ltr'><strong>vetus</strong></span> 
     </span>
    </p>
   </div>
   <div class='ocr_carea' id='block_1_93' title="bbox 1943 3695 3526 3771">
    <p class='ocr_par' dir='ltr' id='par_1_93' title="bbox 1943 3695 3526 3771">
     <span class='ocr_line' id='line_1_93' title="bbox 1943 3695 3526 3771; baseline 0.001 -19"><span class='ocrx_word' id='word_1_639' title='bbox 1943 3696 2126 3752; x_wconf 90' lang='lat' dir='ltr'><strong>homo.</strong></span> <span class='ocrx_word' id='word_1_640' title='bbox 2182 3695 2436 3753; x_wconf 82' lang='lat' dir='ltr'><strong>Mactatio</strong></span> <span class='ocrx_word' id='word_1_641' title='bbox 2486 3697 2542 3751; x_wconf 91' lang='lat' dir='ltr'><strong>in</strong></span> <span class='ocrx_word' id='word_1_642' title='bbox 2592 3705 2758 3762; x_wconf 86' lang='lat' dir='ltr'><strong>terra,</strong></span> <span class='ocrx_word' id='word_1_643' title='bbox 2810 3698 3192 3754; x_wconf 72' lang='lat' dir='ltr'><strong>haereticorum</strong></span> <span class='ocrx_word' id='word_1_644' title='bbox 3238 3701 3526 3771; x_wconf 83' lang='lat' dir='ltr'><strong>baptisma.</strong></span> 
     </span>
    </p>
   </div>
   <div class='ocr_carea' id='block_1_94' title="bbox 1944 3787 3531 3864">
    <p class='ocr_par' dir='ltr' id='par_1_94' title="bbox 1944 3787 3531 3864">
     <span class='ocr_line' id='line_1_94' title="bbox 1944 3787 3531 3864; baseline 0.001 -20"><span class='ocrx_word' id='word_1_645' title='bbox 1944 3787 2109 3857; x_wconf 85' lang='lat' dir='ltr'><strong>Cujus</strong></span> <span class='ocrx_word' id='word_1_646' title='bbox 2142 3789 2462 3861; x_wconf 81' lang='lat' dir='ltr'><strong>sanguinem</strong></span> <span class='ocrx_word' id='word_1_647' title='bbox 2515 3789 2830 3854; x_wconf 78' lang='lat' dir='ltr'><strong>comedunt,</strong></span> <span class='ocrx_word' id='word_1_648' title='bbox 2861 3791 3081 3861; x_wconf 89' lang='lat' dir='ltr'><strong>quando</strong></span> <span class='ocrx_word' id='word_1_649' title='bbox 3139 3791 3350 3861; x_wconf 86' lang='lat' dir='ltr'><strong>absque</strong></span> <span class='ocrx_word' id='word_1_650' title='bbox 3382 3792 3531 3864; x_wconf 77' lang='lat' dir='ltr'><strong>puri-</strong></span> 
     </span>
    </p>
   </div>
   <div class='ocr_carea' id='block_1_95' title="bbox 1945 3878 3531 3955">
    <p class='ocr_par' dir='ltr' id='par_1_95' title="bbox 1945 3878 3531 3955">
     <span class='ocr_line' id='line_1_95' title="bbox 1945 3878 3531 3955; baseline 0.003 -20"><span class='ocrx_word' id='word_1_651' title='bbox 1945 3878 2199 3937; x_wconf 90' lang='lat' dir='ltr'><strong>ﬁcatione</strong></span> <span class='ocrx_word' id='word_1_652' title='bbox 2229 3891 2576 3952; x_wconf 89' lang='lat' dir='ltr'><strong>peccatorum</strong></span> <span class='ocrx_word' id='word_1_653' title='bbox 2601 3881 2705 3938; x_wconf 90' lang='lat' dir='ltr'><strong>sibi</strong></span> <span class='ocrx_word' id='word_1_654' title='bbox 2731 3881 2870 3938; x_wconf 82' lang='lat' dir='ltr'><strong>lotos</strong></span> <span class='ocrx_word' id='word_1_655' title='bbox 2911 3892 3226 3955; x_wconf 87' lang='lat' dir='ltr'><strong>aggregant.</strong></span> <span class='ocrx_word' id='word_1_656' title='bbox 3258 3884 3385 3940; x_wconf 60' lang='lat' dir='ltr'><strong>Haec</strong></span> <span class='ocrx_word' id='word_1_657' title='bbox 3409 3885 3531 3940; x_wconf 83' lang='lat' dir='ltr'><strong>ani-</strong></span> 
     </span>
    </p>
   </div>
   <div class='ocr_carea' id='block_1_96' title="bbox 1947 3973 3527 4046">
    <p class='ocr_par' dir='ltr' id='par_1_96' title="bbox 1947 3973 3527 4046">
     <span class='ocr_line' id='line_1_96' title="bbox 1947 3973 3527 4046; baseline 0 -16"><span class='ocrx_word' id='word_1_658' title='bbox 1947 3975 2109 4030; x_wconf 89' lang='lat' dir='ltr'><strong>malia</strong></span> <span class='ocrx_word' id='word_1_659' title='bbox 2132 3975 2199 4030; x_wconf 89' lang='lat' dir='ltr'><strong>de</strong></span> <span class='ocrx_word' id='word_1_660' title='bbox 2216 3973 2547 4038; x_wconf 72' lang='lat' dir='ltr'><strong>I’hilisthaeis</strong></span> <span class='ocrx_word' id='word_1_661' title='bbox 2568 3984 2724 4045; x_wconf 81' lang='lat' dir='ltr'><strong>capta</strong></span> <span class='ocrx_word' id='word_1_662' title='bbox 2753 3974 3062 4046; x_wconf 85' lang='lat' dir='ltr'><strong>signiﬁcant</strong></span> <span class='ocrx_word' id='word_1_663' title='bbox 3084 3985 3180 4031; x_wconf 86' lang='lat' dir='ltr'><strong>aut</strong></span> <span class='ocrx_word' id='word_1_664' title='bbox 3205 3976 3273 4032; x_wconf 88' lang='lat' dir='ltr'><strong>de</strong></span> <span class='ocrx_word' id='word_1_665' title='bbox 3312 3977 3527 4032; x_wconf 69' lang='lat' dir='ltr'><strong>haereti-</strong></span> 
     </span>
    </p>
   </div>
   <div class='ocr_carea' id='block_1_97' title="bbox 1946 4053 3526 4142">
    <p class='ocr_par' dir='ltr' id='par_1_97' title="bbox 1946 4053 3526 4142">
     <span class='ocr_line' id='line_1_97' title="bbox 1946 4053 3526 4142; baseline 0.001 -16"><span class='ocrx_word' id='word_1_666' title='bbox 1946 4072 2026 4126; x_wconf 90' lang='lat' dir='ltr'><strong>cis</strong></span> <span class='ocrx_word' id='word_1_667' title='bbox 2042 4053 2315 4135; x_wconf 72' lang='lat' dir='ltr'><strong>reduclos,</strong></span> <span class='ocrx_word' id='word_1_668' title='bbox 2333 4079 2427 4125; x_wconf 90' lang='lat' dir='ltr'><strong>aut</strong></span> <span class='ocrx_word' id='word_1_669' title='bbox 2446 4070 2513 4125; x_wconf 92' lang='lat' dir='ltr'><strong>de</strong></span> <span class='ocrx_word' id='word_1_670' title='bbox 2531 4070 2833 4142; x_wconf 87' lang='lat' dir='ltr'><strong>gentilitate</strong></span> <span class='ocrx_word' id='word_1_671' title='bbox 2851 4086 3146 4126; x_wconf 88' lang='lat' dir='ltr'><strong>conversos</strong></span> <span class='ocrx_word' id='word_1_672' title='bbox 3164 4089 3176 4124; x_wconf 92' lang='lat'><strong>:</strong></span> <span class='ocrx_word' id='word_1_673' title='bbox 3205 4071 3326 4127; x_wconf 91' lang='lat' dir='ltr'><strong>illos</strong></span> <span class='ocrx_word' id='word_1_674' title='bbox 3349 4072 3526 4141; x_wconf 87' lang='lat' dir='ltr'><strong>impe-</strong></span> 
     </span>
    </p>
   </div>
   <div class='ocr_carea' id='block_1_98' title="bbox 1949 4161 3531 4234">
    <p class='ocr_par' dir='ltr' id='par_1_98' title="bbox 1949 4161 3531 4234">
     <span class='ocr_line' id='line_1_98' title="bbox 1949 4161 3531 4234; baseline 0.001 -17"><span class='ocrx_word' id='word_1_675' title='bbox 1949 4162 2040 4217; x_wconf 88' lang='lat' dir='ltr'><strong>riti</strong></span> <span class='ocrx_word' id='word_1_676' title='bbox 2071 4161 2444 4232; x_wconf 86' lang='lat' dir='ltr'><strong>rebaptizant;</strong></span> <span class='ocrx_word' id='word_1_677' title='bbox 2475 4163 2629 4228; x_wconf 88' lang='lat' dir='ltr'><strong>istos,</strong></span> <span class='ocrx_word' id='word_1_678' title='bbox 2661 4163 2818 4220; x_wconf 91' lang='lat' dir='ltr'><strong>aliter</strong></span> <span class='ocrx_word' id='word_1_679' title='bbox 2860 4179 3024 4234; x_wconf 89' lang='lat' dir='ltr'><strong>quam</strong></span> <span class='ocrx_word' id='word_1_680' title='bbox 3059 4163 3302 4220; x_wconf 83' lang='lat' dir='ltr'><strong>Ecclesia</strong></span> <span class='ocrx_word' id='word_1_681' title='bbox 3341 4164 3531 4230; x_wconf 88' lang='lat' dir='ltr'><strong>tradit,</strong></span> 
     </span>
    </p>
   </div>
   <div class='ocr_carea' id='block_1_99' title="bbox 1947 4256 3529 4330">
    <p class='ocr_par' dir='ltr' id='par_1_99' title="bbox 1947 4256 3529 4330">
     <span class='ocr_line' id='line_1_99' title="bbox 1947 4256 3529 4330; baseline 0.001 -20"><span class='ocrx_word' id='word_1_682' title='bbox 1947 4256 2243 4325; x_wconf 81' lang='lat' dir='ltr'><strong>baptizant.</strong></span> <span class='ocrx_word' id='word_1_683' title='bbox 2296 4256 2442 4324; x_wconf 86' lang='lat' dir='ltr'><strong>Quos</strong></span> <span class='ocrx_word' id='word_1_684' title='bbox 2490 4256 2742 4312; x_wconf 88' lang='lat' dir='ltr'><strong>Christus</strong></span> <span class='ocrx_word' id='word_1_685' title='bbox 2789 4257 2938 4311; x_wconf 90' lang='lat' dir='ltr'><strong>velut</strong></span> <span class='ocrx_word' id='word_1_686' title='bbox 2983 4256 3114 4311; x_wconf 86' lang='lat' dir='ltr'><strong>Saul</strong></span> <span class='ocrx_word' id='word_1_687' title='bbox 3167 4256 3219 4310; x_wconf 91' lang='lat' dir='ltr'><strong>in</strong></span> <span class='ocrx_word' id='word_1_688' title='bbox 3269 4256 3376 4330; x_wconf 72' lang='lat' dir='ltr'><strong>ﬁde</strong></span> <span class='ocrx_word' id='word_1_689' title='bbox 3431 4272 3529 4312; x_wconf 88' lang='lat' dir='ltr'><strong>sua</strong></span> 
     </span>
    </p>
   </div>
   <div class='ocr_carea' id='block_1_100' title="bbox 1948 4347 3527 4420">
    <p class='ocr_par' dir='ltr' id='par_1_100' title="bbox 1948 4347 3527 4420">
     <span class='ocr_line' id='line_1_100' title="bbox 1948 4347 3527 4420; baseline 0.001 -18"><span class='ocrx_word' id='word_1_690' title='bbox 1948 4348 2104 4418; x_wconf 83' lang='lat' dir='ltr'><strong>quasi</strong></span> <span class='ocrx_word' id='word_1_691' title='bbox 2133 4362 2296 4419; x_wconf 90' lang='lat' dir='ltr'><strong>super</strong></span> <span class='ocrx_word' id='word_1_692' title='bbox 2317 4364 2506 4404; x_wconf 81' lang='lat' dir='ltr'><strong>saxum</strong></span> <span class='ocrx_word' id='word_1_693' title='bbox 2533 4349 2738 4420; x_wconf 88' lang='lat' dir='ltr'><strong>grande</strong></span> <span class='ocrx_word' id='word_1_694' title='bbox 2759 4347 3085 4404; x_wconf 91' lang='lat' dir='ltr'><strong>occidendos</strong></span> <span class='ocrx_word' id='word_1_695' title='bbox 3113 4347 3279 4402; x_wconf 85' lang='lat' dir='ltr'><strong>boves</strong></span> <span class='ocrx_word' id='word_1_696' title='bbox 3292 4356 3348 4402; x_wconf 86' lang='lat' dir='ltr'><strong>et</strong></span> <span class='ocrx_word' id='word_1_697' title='bbox 3374 4361 3527 4416; x_wconf 86' lang='lat' dir='ltr'><strong>oves,</strong></span> 
     </span>
    </p>
   </div>
   <div class='ocr_carea' id='block_1_101' title="bbox 1949 4437 3434 4513">
    <p class='ocr_par' dir='ltr' id='par_1_101' title="bbox 1949 4437 3434 4513">
     <span class='ocr_line' id='line_1_101' title="bbox 1949 4437 3434 4513; baseline 0.001 -19"><span class='ocrx_word' id='word_1_698' title='bbox 1949 4439 2004 4496; x_wconf 94' lang='lat' dir='ltr'><strong>id</strong></span> <span class='ocrx_word' id='word_1_699' title='bbox 2027 4447 2110 4494; x_wconf 87' lang='lat' dir='ltr'><strong>est</strong></span> <span class='ocrx_word' id='word_1_700' title='bbox 2131 4437 2524 4494; x_wconf 73' lang='lat' dir='ltr'><strong>indilierentias</strong></span> <span class='ocrx_word' id='word_1_701' title='bbox 2558 4439 2838 4494; x_wconf 90' lang='lat' dir='ltr'><strong>hominum</strong></span> <span class='ocrx_word' id='word_1_702' title='bbox 2868 4439 3132 4510; x_wconf 88' lang='lat' dir='ltr'><strong>baptizari</strong></span> <span class='ocrx_word' id='word_1_703' title='bbox 3161 4441 3434 4513; x_wconf 66' lang='lat' dir='ltr'><strong>praecepit.</strong></span> 
     </span>
    </p>
   </div>
   <div class='ocr_carea' id='block_1_102' title="bbox 2025 4551 3534 4626">
    <p class='ocr_par' dir='ltr' id='par_1_102' title="bbox 2025 4551 3534 4626">
     <span class='ocr_line' id='line_1_102' title="bbox 2025 4551 3534 4626; baseline 0.004 -18"><span class='ocrx_word' id='word_1_704' title='bbox 2025 4553 2186 4608; x_wconf 89' lang='lat' dir='ltr'><strong>Vens.</strong></span> <span class='ocrx_word' id='word_1_705' title='bbox 2217 4552 2304 4608; x_wconf 86' lang='grc'><strong>55.</strong></span> <span class='ocrx_word' id='word_1_706' title='bbox 2333 4584 2402 4593; x_wconf 86' lang='lat'><strong>-—</strong></span> <span class='ocrx_word' id='word_1_707' title='bbox 2426 4551 2573 4607; x_wconf 87' lang='lat' dir='ltr'><strong>Tunc</strong></span> <span class='ocrx_word' id='word_1_708' title='bbox 2599 4554 2825 4623; x_wconf 85' lang='lat' dir='ltr'><strong>primum</strong></span> <span class='ocrx_word' id='word_1_709' title='bbox 2865 4553 3014 4626; x_wconf 67' lang='lat' dir='ltr'><strong>erepit</strong></span> <span class='ocrx_word' id='word_1_710' title='bbox 3055 4554 3321 4624; x_wconf 69' lang='lat' dir='ltr'><strong>aediﬁcare</strong></span> <span class='ocrx_word' id='word_1_711' title='bbox 3363 4556 3534 4614; x_wconf 88' lang='lat' dir='ltr'><strong>altare</strong></span> 
     </span>
    </p>
   </div>
   <div class='ocr_carea' id='block_1_103' title="bbox 1952 4643 3535 4720">
    <p class='ocr_par' dir='ltr' id='par_1_103' title="bbox 1952 4643 3535 4720">
     <span class='ocr_line' id='line_1_103' title="bbox 1952 4643 3535 4720; baseline 0.007 -24"><span class='ocrx_word' id='word_1_712' title='bbox 1952 4643 2196 4709; x_wconf 85' lang='lat' dir='ltr'><strong>Domino,</strong></span> <span class='ocrx_word' id='word_1_713' title='bbox 2254 4652 2360 4699; x_wconf 88' lang='lat' dir='ltr'><strong>etc.</strong></span> <span class='ocrx_word' id='word_1_714' title='bbox 2402 4643 2538 4710; x_wconf 84' lang='lat' dir='ltr'><strong>Quia</strong></span> <span class='ocrx_word' id='word_1_715' title='bbox 2585 4644 2900 4701; x_wconf 89' lang='lat' dir='ltr'><strong>obedienter</strong></span> <span class='ocrx_word' id='word_1_716' title='bbox 2947 4654 3004 4700; x_wconf 89' lang='lat' dir='ltr'><strong>et</strong></span> <span class='ocrx_word' id='word_1_717' title='bbox 3053 4655 3221 4704; x_wconf 89' lang='lat' dir='ltr'><strong>recte.</strong></span> <span class='ocrx_word' id='word_1_718' title='bbox 3271 4647 3535 4720; x_wconf 87' lang='lat' dir='ltr'><strong>Superius</strong></span> 
     </span>
    </p>
   </div>
   <div class='ocr_carea' id='block_1_104' title="bbox 1951 4736 3536 4806">
    <p class='ocr_par' dir='ltr' id='par_1_104' title="bbox 1951 4736 3536 4806">
     <span class='ocr_line' id='line_1_104' title="bbox 1951 4736 3536 4806; baseline 0.004 -17"><span class='ocrx_word' id='word_1_719' title='bbox 1951 4751 2081 4790; x_wconf 83' lang='lat' dir='ltr'><strong>vero</strong></span> <span class='ocrx_word' id='word_1_720' title='bbox 2129 4751 2252 4791; x_wconf 90' lang='lat' dir='ltr'><strong>cum</strong></span> <span class='ocrx_word' id='word_1_721' title='bbox 2301 4737 2610 4806; x_wconf 84' lang='lat' dir='ltr'><strong>increpatus</strong></span> <span class='ocrx_word' id='word_1_722' title='bbox 2659 4745 2743 4792; x_wconf 90' lang='lat' dir='ltr'><strong>est</strong></span> <span class='ocrx_word' id='word_1_723' title='bbox 2790 4753 2819 4792; x_wconf 91' lang='lat' dir='ltr'><strong>a</strong></span> <span class='ocrx_word' id='word_1_724' title='bbox 2855 4736 3126 4806; x_wconf 78' lang='lat' dir='ltr'><strong>Samurle,</strong></span> <span class='ocrx_word' id='word_1_725' title='bbox 3179 4757 3284 4795; x_wconf 93' lang='lat' dir='ltr'><strong>non</strong></span> <span class='ocrx_word' id='word_1_726' title='bbox 3337 4740 3536 4796; x_wconf 90' lang='lat' dir='ltr'><strong>dicitur</strong></span> 
     </span>
    </p>
   </div>
   <div class='ocr_carea' id='block_1_105' title="bbox 1952 4828 3408 4899">
    <p class='ocr_par' dir='ltr' id='par_1_105' title="bbox 1952 4828 3408 4899">
     <span class='ocr_line' id='line_1_105' title="bbox 1952 4828 3408 4899; baseline 0.004 -16"><span class='ocrx_word' id='word_1_727' title='bbox 1952 4828 2253 4884; x_wconf 69' lang='lat' dir='ltr'><strong>mdiﬁcasse</strong></span> <span class='ocrx_word' id='word_1_728' title='bbox 2280 4829 2525 4894; x_wconf 91' lang='lat' dir='ltr'><strong>Domino,</strong></span> <span class='ocrx_word' id='word_1_729' title='bbox 2549 4830 2675 4899; x_wconf 89' lang='lat' dir='ltr'><strong>quia</strong></span> <span class='ocrx_word' id='word_1_730' title='bbox 2708 4830 3080 4887; x_wconf 88' lang='lat' dir='ltr'><strong>iuobedientcr</strong></span> <span class='ocrx_word' id='word_1_731' title='bbox 3101 4833 3408 4890; x_wconf 59' lang='lat' dir='ltr'><strong>aediﬁcavit.</strong></span> 
     </span>
    </p>
   </div>
   <div class='ocr_carea' id='block_1_106' title="bbox 2026 4941 3534 5018">
    <p class='ocr_par' dir='ltr' id='par_1_106' title="bbox 2026 4941 3534 5018">
     <span class='ocr_line' id='line_1_106' title="bbox 2026 4941 3534 5018; baseline 0.001 -18"><span class='ocrx_word' id='word_1_732' title='bbox 2026 4943 2189 5000; x_wconf 88' lang='lat' dir='ltr'><strong>Vens.</strong></span> <span class='ocrx_word' id='word_1_733' title='bbox 2220 4943 2308 4998; x_wconf 87' lang='grc'><strong>58.</strong></span> <span class='ocrx_word' id='word_1_734' title='bbox 2323 4941 2673 5014; x_wconf 80' lang='lat' dir='ltr'><strong>—Applicate</strong></span> <span class='ocrx_word' id='word_1_735' title='bbox 2693 4944 2792 4998; x_wconf 80' lang='lat' dir='ltr'><strong>huc</strong></span> <span class='ocrx_word' id='word_1_736' title='bbox 2806 4946 3071 5002; x_wconf 79' lang='lat' dir='ltr'><strong>universos</strong></span> <span class='ocrx_word' id='word_1_737' title='bbox 3093 4947 3311 5018; x_wconf 79' lang='lat' dir='ltr'><strong>angulos</strong></span> <span class='ocrx_word' id='word_1_738' title='bbox 3331 4949 3534 5018; x_wconf 85' lang='lat' dir='ltr'><strong>populi.</strong></span> 
     </span>
    </p>
   </div>
   <div class='ocr_carea' id='block_1_107' title="bbox 1957 5037 3536 5110">
    <p class='ocr_par' dir='ltr' id='par_1_107' title="bbox 1957 5037 3536 5110">
     <span class='ocr_line' id='line_1_107' title="bbox 1957 5037 3536 5110; baseline 0.005 -18"><span class='ocrx_word' id='word_1_739' title='bbox 1957 5037 2194 5108; x_wconf 86' lang='lat' dir='ltr'><strong>Angulos</strong></span> <span class='ocrx_word' id='word_1_740' title='bbox 2226 5037 2409 5108; x_wconf 91' lang='lat' dir='ltr'><strong>populi</strong></span> <span class='ocrx_word' id='word_1_741' title='bbox 2457 5037 2732 5109; x_wconf 89' lang='lat' dir='ltr'><strong>principes</strong></span> <span class='ocrx_word' id='word_1_742' title='bbox 2771 5050 2950 5108; x_wconf 82' lang='lat' dir='ltr'><strong>vocat,</strong></span> <span class='ocrx_word' id='word_1_743' title='bbox 2999 5043 3197 5110; x_wconf 90' lang='lat' dir='ltr'><strong>quibus</strong></span> <span class='ocrx_word' id='word_1_744' title='bbox 3238 5042 3364 5098; x_wconf 91' lang='lat' dir='ltr'><strong>hinc</strong></span> <span class='ocrx_word' id='word_1_745' title='bbox 3409 5043 3536 5100; x_wconf 87' lang='lat' dir='ltr'><strong>inde</strong></span> 
     </span>
    </p>
   </div>
   <div class='ocr_carea' id='block_1_108' title="bbox 1956 5129 3310 5202">
    <p class='ocr_par' dir='ltr' id='par_1_108' title="bbox 1956 5129 3310 5202">
     <span class='ocr_line' id='line_1_108' title="bbox 1956 5129 3310 5202; baseline 0.004 -20"><span class='ocrx_word' id='word_1_746' title='bbox 1956 5129 2136 5198; x_wconf 91' lang='lat' dir='ltr'><strong>populi</strong></span> <span class='ocrx_word' id='word_1_747' title='bbox 2167 5138 2422 5198; x_wconf 89' lang='lat' dir='ltr'><strong>tanquam</strong></span> <span class='ocrx_word' id='word_1_748' title='bbox 2444 5129 2660 5200; x_wconf 89' lang='lat' dir='ltr'><strong>angulis</strong></span> <span class='ocrx_word' id='word_1_749' title='bbox 2684 5131 2921 5202; x_wconf 85' lang='lat' dir='ltr'><strong>parietes</strong></span> <span class='ocrx_word' id='word_1_750' title='bbox 2940 5133 3310 5188; x_wconf 68' lang='lat' dir='ltr'><strong>adharrebant.</strong></span> 
     </span>
    </p>
   </div>
   <div class='ocr_carea' id='block_1_109' title="bbox 2031 5221 3530 5294">
    <p class='ocr_par' dir='ltr' id='par_1_109' title="bbox 2031 5221 3530 5294">
     <span class='ocr_line' id='line_1_109' title="bbox 2031 5221 3530 5294; baseline 0.003 -17"><span class='ocrx_word' id='word_1_751' title='bbox 2031 5221 2302 5278; x_wconf 65' lang='lat' dir='ltr'><strong>Vens.&#39;44.</strong></span> <span class='ocrx_word' id='word_1_752' title='bbox 2319 5253 2388 5263; x_wconf 92' lang='lat'><strong><em>—</em></strong></span> <span class='ocrx_word' id='word_1_753' title='bbox 2403 5221 2533 5277; x_wconf 62' lang='lat' dir='ltr'><strong>Haec</strong></span> <span class='ocrx_word' id='word_1_754' title='bbox 2557 5224 2741 5292; x_wconf 82' lang='lat' dir='ltr'><strong>faciat.</strong></span> <span class='ocrx_word' id='word_1_755' title='bbox 2756 5223 3126 5282; x_wconf 84' lang='lat' dir='ltr'><strong>Juramentum</strong></span> <span class='ocrx_word' id='word_1_756' title='bbox 3156 5223 3530 5294; x_wconf 63' lang='lat' dir='ltr'><strong>Hebraeorum,</strong></span> 
     </span>
    </p>
   </div>
   <div class='ocr_carea' id='block_1_110' title="bbox 1959 5316 3530 5391">
    <p class='ocr_par' dir='ltr' id='par_1_110' title="bbox 1959 5316 3530 5391">
     <span class='ocr_line' id='line_1_110' title="bbox 1959 5316 3530 5391; baseline 0.005 -21"><span class='ocrx_word' id='word_1_757' title='bbox 1959 5316 2103 5386; x_wconf 90' lang='lat' dir='ltr'><strong>quod</strong></span> <span class='ocrx_word' id='word_1_758' title='bbox 2158 5332 2256 5387; x_wconf 90' lang='lat' dir='ltr'><strong>per</strong></span> <span class='ocrx_word' id='word_1_759' title='bbox 2305 5317 2637 5372; x_wconf 90' lang='lat' dir='ltr'><strong>contrarium</strong></span> <span class='ocrx_word' id='word_1_760' title='bbox 2695 5318 3043 5391; x_wconf 90' lang='lat' dir='ltr'><strong>intelligitur,</strong></span> <span class='ocrx_word' id='word_1_761' title='bbox 3097 5321 3250 5390; x_wconf 89' lang='lat' dir='ltr'><strong>quasi</strong></span> <span class='ocrx_word' id='word_1_762' title='bbox 3283 5323 3530 5380; x_wconf 88' lang='lat' dir='ltr'><strong>diceret:</strong></span> 
     </span>
    </p>
   </div>
   <div class='ocr_carea' id='block_1_111' title="bbox 1959 5409 3533 5484">
    <p class='ocr_par' dir='ltr' id='par_1_111' title="bbox 1959 5409 3533 5484">
     <span class='ocr_line' id='line_1_111' title="bbox 1959 5409 3533 5484; baseline 0.006 -20"><span class='ocrx_word' id='word_1_763' title='bbox 1959 5409 2154 5464; x_wconf 82' lang='lat' dir='ltr'><strong>Malum</strong></span> <span class='ocrx_word' id='word_1_764' title='bbox 2176 5411 2320 5480; x_wconf 90' lang='lat' dir='ltr'><strong>quod</strong></span> <span class='ocrx_word' id='word_1_765' title='bbox 2345 5409 2439 5467; x_wconf 90' lang='lat' dir='ltr'><strong>tibi</strong></span> <span class='ocrx_word' id='word_1_766' title='bbox 2467 5411 2714 5480; x_wconf 83' lang='lat' dir='ltr'><strong>debetur,</strong></span> <span class='ocrx_word' id='word_1_767' title='bbox 2747 5413 2878 5469; x_wconf 89' lang='lat' dir='ltr'><strong>mihi</strong></span> <span class='ocrx_word' id='word_1_768' title='bbox 2909 5413 3226 5484; x_wconf 88' lang='lat' dir='ltr'><strong>imputetur,</strong></span> <span class='ocrx_word' id='word_1_769' title='bbox 3255 5417 3302 5471; x_wconf 89' lang='lat' dir='ltr'><strong>si</strong></span> <span class='ocrx_word' id='word_1_770' title='bbox 3345 5424 3397 5472; x_wconf 91' lang='lat' dir='ltr'><strong>te</strong></span> <span class='ocrx_word' id='word_1_771' title='bbox 3426 5433 3533 5473; x_wconf 91' lang='lat' dir='ltr'><strong>non</strong></span> 
     </span>
    </p>
   </div>
   <div class='ocr_carea' id='block_1_112' title="bbox 1958 5501 2302 5559">
    <p class='ocr_par' dir='ltr' id='par_1_112' title="bbox 1958 5501 2302 5559">
     <span class='ocr_line' id='line_1_112' title="bbox 1958 5501 2302 5559; baseline 0.003 -3"><span class='ocrx_word' id='word_1_772' title='bbox 1958 5501 2302 5559; x_wconf 88' lang='lat' dir='ltr'><strong>interfecero.</strong></span> 
     </span>
    </p>
   </div>
   <div class='ocr_carea' id='block_1_113' title="bbox 2039 5594 3537 5669">
    <p class='ocr_par' dir='ltr' id='par_1_113' title="bbox 2039 5594 3537 5669">
     <span class='ocr_line' id='line_1_113' title="bbox 2039 5594 3537 5669; baseline 0.004 -19"><span class='ocrx_word' id='word_1_773' title='bbox 2039 5594 2202 5651; x_wconf 80' lang='lat' dir='ltr'><strong>Vens.</strong></span> <span class='ocrx_word' id='word_1_774' title='bbox 2226 5595 2318 5652; x_wconf 72' lang='grc'><strong>45.</strong></span> <span class='ocrx_word' id='word_1_775' title='bbox 2346 5628 2414 5637; x_wconf 92' lang='lat'>——</span> <span class='ocrx_word' id='word_1_776' title='bbox 2439 5597 2544 5664; x_wconf 84' lang='lat' dir='ltr'><strong>Qui</strong></span> <span class='ocrx_word' id='word_1_777' title='bbox 2567 5598 2714 5668; x_wconf 79' lang='lat' dir='ltr'><strong>fecit.</strong></span> <span class='ocrx_word' id='word_1_778' title='bbox 2745 5596 2973 5653; x_wconf 84' lang='lat' dir='ltr'><strong>Multum</strong></span> <span class='ocrx_word' id='word_1_779' title='bbox 3002 5607 3230 5669; x_wconf 85' lang='lat' dir='ltr'><strong>prosunt</strong></span> <span class='ocrx_word' id='word_1_780' title='bbox 3264 5606 3537 5656; x_wconf 81' lang='lat' dir='ltr'><strong>transacta</strong></span> 
     </span>
    </p>
   </div>
   <div class='ocr_carea' id='block_1_114' title="bbox 1959 5689 3535 5763">
    <p class='ocr_par' dir='ltr' id='par_1_114' title="bbox 1959 5689 3535 5763">
     <span class='ocr_line' id='line_1_114' title="bbox 1959 5689 3535 5763; baseline 0.001 -17"><span class='ocrx_word' id='word_1_781' title='bbox 1959 5689 2122 5746; x_wconf 91' lang='lat' dir='ltr'><strong>bona.</strong></span> <span class='ocrx_word' id='word_1_782' title='bbox 2161 5689 2276 5746; x_wconf 82' lang='lat' dir='ltr'><strong>Nisi</strong></span> <span class='ocrx_word' id='word_1_783' title='bbox 2302 5691 2445 5746; x_wconf 88' lang='lat' dir='ltr'><strong>enim</strong></span> <span class='ocrx_word' id='word_1_784' title='bbox 2482 5689 2752 5746; x_wconf 80' lang='lat' dir='ltr'><strong>Jonathan</strong></span> <span class='ocrx_word' id='word_1_785' title='bbox 2782 5692 3059 5763; x_wconf 74' lang='lat' dir='ltr'><strong>pneterita</strong></span> <span class='ocrx_word' id='word_1_786' title='bbox 3085 5691 3226 5747; x_wconf 90' lang='lat' dir='ltr'><strong>bona</strong></span> <span class='ocrx_word' id='word_1_787' title='bbox 3245 5691 3535 5761; x_wconf 86' lang='lat' dir='ltr'><strong>juvissent,</strong></span> 
     </span>
    </p>
   </div>
   <div class='ocr_carea' id='block_1_115' title="bbox 1960 5782 3536 5857">
    <p class='ocr_par' dir='ltr' id='par_1_115' title="bbox 1960 5782 3536 5857">
     <span class='ocr_line' id='line_1_115' title="bbox 1960 5782 3536 5857; baseline 0.003 -19"><span class='ocrx_word' id='word_1_788' title='bbox 1960 5783 2299 5857; x_wconf 86' lang='lat' dir='ltr'><strong>imminentia</strong></span> <span class='ocrx_word' id='word_1_789' title='bbox 2326 5784 2468 5840; x_wconf 90' lang='lat' dir='ltr'><strong>mala</strong></span> <span class='ocrx_word' id='word_1_790' title='bbox 2502 5800 2608 5840; x_wconf 91' lang='lat' dir='ltr'><strong>non</strong></span> <span class='ocrx_word' id='word_1_791' title='bbox 2641 5785 2923 5841; x_wconf 86' lang='lat' dir='ltr'><strong>evasisset.</strong></span> <span class='ocrx_word' id='word_1_792' title='bbox 2967 5782 3084 5842; x_wconf 87' lang='lat' dir='ltr'><strong>Non</strong></span> <span class='ocrx_word' id='word_1_793' title='bbox 3109 5785 3254 5842; x_wconf 87' lang='lat' dir='ltr'><strong>enim</strong></span> <span class='ocrx_word' id='word_1_794' title='bbox 3306 5783 3536 5855; x_wconf 87' lang='lat' dir='ltr'><strong>injustus</strong></span> 
     </span>
    </p>
   </div>
   <div class='ocr_carea' id='block_1_116' title="bbox 1961 5877 2871 5936">
    <p class='ocr_par' dir='ltr' id='par_1_116' title="bbox 1961 5877 2871 5936">
     <span class='ocr_line' id='line_1_116' title="bbox 1961 5877 2871 5936; baseline -0.003 0"><span class='ocrx_word' id='word_1_795' title='bbox 1961 5877 2105 5936; x_wconf 86' lang='lat' dir='ltr'><strong>Deus</strong></span> <span class='ocrx_word' id='word_1_796' title='bbox 2134 5887 2194 5935; x_wconf 89' lang='lat' dir='ltr'><strong>ut</strong></span> <span class='ocrx_word' id='word_1_797' title='bbox 2215 5877 2567 5936; x_wconf 78' lang='lat' dir='ltr'><strong>obliviscatur</strong></span> <span class='ocrx_word' id='word_1_798' title='bbox 2587 5877 2871 5935; x_wconf 89' lang='lat' dir='ltr'><strong>bonorum.</strong></span> 
     </span>
    </p>
   </div>
   <div class='ocr_carea' id='block_1_117' title="bbox 3028 6057 3100 6123">
    <p class='ocr_par' dir='ltr' id='par_1_117' title="bbox 3028 6057 3100 6123">
     <span class='ocr_line' id='line_1_117' title="bbox 3028 6057 3100 6123; baseline 0 0"><span class='ocrx_word' id='word_1_799' title='bbox 3028 6057 3100 6123; x_wconf 84' lang='grc'><strong>18</strong></span> 
     </span>
    </p>
   </div>
  </div>
