4006 6352
510 442 619 504 885

1106 553 1336 610 CAPUT
1385 550 1499 609 XV.

583 649 746 710 Vens.
785 650 833 703 l.
853 646 1004 702 -Et
1034 647 1195 708 dixit.
1218 656 1323 704 etc.
1344 645 1557 714 Bouem,
1589 655 1696 703 etc.
1720 645 1877 719 (Ras.
1910 648 1966 702 in
1996 646 2087 702 lib.

514 741 671 821 Reg.,
700 750 832 797 tom.
855 737 947 811 Il.)
972 739 1097 796 Ideo
1120 739 1275 810 jubet
1300 738 1563 797 Dominus
1587 739 1833 796 demoliri
1846 740 2093 813 iumenta

505 832 748 900 Amalec,
779 840 911 899 etc.,
940 848 1103 904 usque
1145 831 1216 887 ad
1254 832 1730 890 subsannationem
1757 833 1853 889 Dei
1896 833 1951 890 in
1981 847 2092 891 cm-

506 924 618 981 lum
649 922 1018 998 proiecerunt.

573 1014 737 1073 Vens.
764 1014 819 1071 6.
849 1044 919 1055 —
941 1012 1091 1069 Dixit
1110 1012 1246 1069 Saul
1269 1009 1468 1070 Cinwo.
1492 1012 1618 1088 (Im)
1639 1013 1853 1072 Cillqu
1873 1015 1990 1086 ipse
2008 1023 2095 1071 est

500 1106 689 1164 Jethro
710 1112 978 1180 cognatus
1001 1103 1158 1169 Hosi,
1195 1112 1326 1170 etc.,
1370 1121 1534 1177 usque
1577 1105 1647 1162 ad
1687 1102 2091 1162 multitudinem

499 1200 705 1274 pepuli.

570 1292 737 1350 Vens.
792 1292 976 1348 II.—
1019 1287 1241 1346 Pwnltet
1289 1307 1392 1346 me.
1440 1290 1632 1364 (Gneo.
1687 1294 1744 1349 in
1792 1293 1882 1349 lib.
1935 1291 2089 1366 Reg.)

503 1384 621 1443 Bac
644 1383 1018 1457 increpatione
1045 1382 1301 1455 superbia
1338 1382 1482 1455 regis
1507 1384 1786 1457 ahjicitur,
1818 1394 1922 1441 etc.
1950 1425 1967 1452 ,
1999 1401 2091 1439 us-

494 1495 597 1552 que
623 1479 694 1534 ad
719 1487 781 1535 ut
800 1478 869 1535 ad
898 1476 1109 1548 majora
1132 1485 1189 1534 et
1212 1491 1428 1548 semper
1464 1492 1532 1533 ex
1560 1477 1865 1536 humilitate
1898 1494 2088 1536 ascen-

496 1570 709 1626 damus.

570 1660 739 1720 Vens.
765 1661 855 1718 l7.
885 1691 957 1702 —
986 1659 1179 1716 Nonne
1206 1676 1346 1715 cum.
1377 1657 1571 1734 (Cane.
1597 1700 1613 1727 ,
1641 1659 1736 1715 lib.
1775 1674 1940 1715 xuiv
1972 1657 2092 1714 Mo-

494 1760 599 1817 ral.
628 1799 645 1828 ,
683 1767 741 1818 et
793 1758 937 1833 apud
983 1756 1184 1830 Euch.)
1213 1757 1484 1813 Parvulus
1531 1765 1614 1814 est
1651 1757 1707 1813 in
1746 1755 1917 1813 oculis
1952 1755 2083 1821 suis,

492 1860 626 1921 etc.,
662 1868 826 1925 usque
864 1851 934 1907 ad
962 1850 1106 1907 unde
1141 1867 1155 1904 :
1198 1849 1398 1905 Ducem
1436 1860 1486 1907 te
1512 1851 1897 1906 constituerunt
1920 1891 1935 1917 ,
1979 1847 2089 1905 noli

492 1943 692 2010 extolli,
716 1945 810 2001 sed
830 1954 937 2001 esto
956 1945 1109 2017 quasi
1136 1961 1271 2000 unus
1296 1961 1363 2000 ea:
1385 1943 1512 1999 illis.

567 2035 734 2093 Vm.
761 2034 853 2091 22.
887 2064 957 2075 —
999 2034 1193 2091 Melior
1220 2044 1295 2091 est
1320 2075 1335 2101 ,
1376 2044 1482 2091 etc.
1511 2033 1668 2109 (lin.
1706 2034 1760 2089 in
1801 2033 1890 2088 lib.
1931 2032 2083 2107 Reg.)

494 2125 632 2196 Quia
667 2142 767 2199 per
810 2125 1060 2182 victimas
1087 2126 1263 2182 aliena
1294 2142 1443 2193 caro,
1481 2134 1617 2193 etc.,
1652 2142 1814 2198 usque
1842 2125 1910 2180 ad
1942 2125 2082 2182 Pau-

491 2217 576 2273 lus
610 2225 791 2275 autem
828 2216 1090 2274 audacter
1126 2216 1260 2273 dicit
1299 2236 1312 2270 :
1344 2216 1460 2289 Ego
1498 2234 1603 2272 non
1624 2215 1795 2273 solum
1836 2215 1992 2289 ligari
2029 2217 2086 2272 in

490 2305 816 2375 Jerusalem,
853 2307 946 2365 sed
979 2308 1137 2364 etiam
1174 2307 1309 2363 mori
1362 2317 1582 2380 paratus
1626 2324 1745 2364 sum
1777 2306 1916 2381 (Act.
1943 2307 2081 2382 ιιι).

563 2396 731 2456 Vnus.
758 2396 1057 2456 26.—Non
1090 2410 1341 2455 revertar.
1377 2390 1503 2473 (In.)
1552 2398 1672 2456 Alia
1714 2401 1903 2469 editio,
1948 2409 2081 2469 etc.,

492 2506 657 2562 usque
684 2489 755 2545 od
783 2489 875 2546 hic
909 2489 1150 2545 minatur
1186 2498 1242 2546 et
1267 2505 1376 2546 non
1408 2499 1710 2560 permanet.

561 2578 730 2638 Vens.
760 2576 852 2637 27.
883 2612 931 2623 -
976 2580 1078 2636 Ille
1105 2591 1304 2637 autem.
1332 2580 1488 2638 Sicut
1508 2582 1563 2638 in
1592 2584 1846 2656 passione
1869 2584 2085 2641 Domini

487 2670 733 2746 pontifex
756 2673 1143 2730 vestimentum
1183 2674 1365 2741 scidit,
1393 2672 1468 2729 ita
1496 2682 1548 2731 et
1569 2673 1703 2731 Saul
1732 2684 1936 2731 vestem
1958 2690 2084 2746 pro-

486 2765 687 2838 phetat.
743 2762 849 2821 Per
894 2773 1182 2836 utramque
1224 2765 1373 2820 enim
1426 2774 1786 2837 potestatem,
1844 2767 2081 2841 regalem

486 2856 702 2924 scilicet
729 2864 787 2914 et
810 2856 1226 2924 sacerdotalem,
1271 2857 1464 2915 scissio
1488 2857 1635 2915 facta
1667 2867 1938 2917 monstrat
1990 2875 2079 2916 re-

487 2919 656 3023 gnlm
702 2948 1013 3008 Iudaeorum
1041 2960 1098 3008 et
1142 2919 1509 3008 sacerdotium
1557 2960 1708 3009 stare
1751 2966 1857 3009 non
1898 2967 2077 3023 posse,

489 3042 620 3114 quia
661 3056 852 3099 verum
881 3054 1066 3113 regem
1095 3050 1153 3098 et
1174 3042 1537 3108 sacerdotem,
1565 3043 1620 3100 id
1655 3051 1742 3100 est
1778 3041 2077 3111 Christum,

488 3134 781 3191 noluerant
806 3133 1071 3205 recipere.

558 3228 716 3302 (Itan.
748 3242 818 3284 ex
864 3226 1028 3300 Aug.)
1051 3226 1163 3284 Iste
1198 3227 1287 3284 cui
1309 3227 1466 3296 dixit,
1493 3236 1626 3294 etc.,
1670 3246 1833 3303 usque
1857 3231 1926 3285 ad
1970 3246 2077 3287 non

1008 442 1403 501 WALAFBIDI
1442 438 1690 498 STRABI
1726 439 1930 499 FULD.
1973 438 2151 498 MON.‘
2181 438 2331 498 OPP.
2371 436 2553 497 PARS
2592 440 2631 495 I.
2673 470 2742 481 —
2779 434 3238 495 THEOLOGICA.
3542 520 3549 525 ι

2119 558 2171 621 Α
2196 552 2451 611 Diabolus
2476 594 2493 623 ,
2524 554 2651 612 licet
2692 553 3037 611 aﬂlictionem
3072 554 3340 625 justorum
3373 567 3594 624 semper
3616 568 3779 627 appe-

3675 432 3775 495 556

2198 652 2292 711 tat,
2324 655 2453 713 etc.,
2483 662 2645 718 usque
2674 646 2745 701 a‘d
2772 655 3013 718 potestas
3040 644 3144 702 nisi
3174 659 3205 700 a
3233 645 3344 701 Deo
3368 660 3475 700 non
3503 653 3612 700 est.

2266 736 2429 794 Vens.
2460 736 3141 811 I6.—Scientempsallere,
3156 747 3266 795 etc.
3293 735 3451 811 (Ras.
3480 753 3551 793 ex
3581 737 3778 809 Euch.)

2192 829 2324 886 Erat
2351 830 2520 887 David
2553 830 2782 887 canticis
2812 829 3036 887 musica:
3058 829 3323 898 eruditus,
3352 837 3458 887 etc.
3480 870 3494 897 ,
3520 846 3690 902 usque
3716 832 3780 884 ad

2193 923 2348 994 quasi
2381 922 2662 979 dulcedine
2700 922 2926 980 citharis
2968 922 3257 980 locutionis
3283 930 3481 979 nostrae
3519 920 3783 991 tranquil-

2193 1013 2347 1071 litate
2373 1021 2681 1071 revocetur.

2264 1107 2429 1162 Veas.
2490 1106 2581 1163 25.
2639 1136 2712 1149 --
2770 1104 3189 1179 Refoclllabatur
3226 1104 3378 1165 Saul.
3437 1106 3615 1195 Ante.
3637 1107 3783 1162 enim

2196 1198 2496 1254 vexabatur
2521 1214 2553 1253 a
2586 1197 2852 1254 dazmonio
2894 1210 3066 1268 usque
3091 1197 3161 1253 ad
3201 1196 3641 1254 sulfucationem.
3676 1195 3784 1251 lte-

2192 1287 2298 1344 fert
2339 1288 2559 1346 Boetius
2598 1290 2984 1362 philosophum
3014 1289 3307 1360 quemdam
3354 1296 3508 1346 tactu
3556 1288 3782 1345 cithara

2191 1386 2513 1444 daemonium
2536 1386 2606 1443 ab
2632 1387 2854 1443 obsesso
2880 1398 3111 1457 corpore
3138 1383 3426 1458 pepulisse.

2754 1518 2984 1579 CAPUT
3040 1519 3201 1577 XVII.

2262 1655 2426 1714 Vens.
2461 1655 2993 1730 l.—Congregantes.
3022 1656 3179 1729 (ΗΑΒ.
3206 1657 3260 1714 in
3283 1655 3374 1713 lib.
3403 1655 3560 1731 Reg.)
3584 1657 3780 1714 Aseca.

2190 1748 2394 1804 Civitas
2413 1757 2498 1807 est
2509 1744 2939 1805 Chananaeorum
2957 1746 3011 1804 in
3030 1748 3173 1804 tribu
3190 1746 3325 1805 Juda
3343 1749 3411 1804 ad
3426 1765 3593 1819 quam
3611 1764 3784 1821 usque

2192 1853 2511 1915 persecutus
2557 1853 2642 1900 est
2690 1842 2853 1899 Josue
2881 1842 3120 1914 quinque
3166 1832 3340 1917 reges,
3381 1853 3437 1899 et
3467 1844 3632 1898 hodie
3661 1842 3785 1898 villa

2111 1957 2162 2021 Β
2192 1942 2421 1991 vocatur
2451 1933 2628 1990 Azeca
2652 1934 2795 1990 inter
2828 1932 3293 2005 Eleutheropolim
3307 1944 3362 1990 et
3390 1932 3630 2001 Heliam,
3661 1949 3783 2004 quae

2185 2027 2574 2100 interpretatur
2603 2028 2859 2100 fortitudo
2878 2038 2925 2084 et
2945 2026 3205 2098 decipula.

2259 2118 2541 2176 Dommim.
2566 2120 2730 2177 Vicus
2752 2128 2837 2176 est
2863 2120 2917 2176 in
2947 2118 3093 2175 tribu
3118 2117 3256 2177 Juda
3287 2119 3341 2175 in
3387 2119 3593 2175 linibus
3618 2118 3783 2175 Eleu-

2186 2210 2507 2283 theropolis,
2536 2211 2744 2269 distans
2778 2212 2846 2268 ab
2881 2227 2946 2268 ea
2969 2221 3174 2283 septem
3212 2220 3269 2268 et
3304 2211 3497 2284 viginti
3536 2211 3785 2266 milliari-

2184 2302 2305 2360 bus.
2342 2303 2612 2359 Dommim
2643 2304 3034 2376 interpretatur
3063 2302 3331 2360 silentium
3372 2303 3458 2360 vel
3498 2304 3779 2376 gaudium.

2256 2393 2420 2452 Vens.
2457 2386 2926 2451 2.—Terebintlii.
2974 2395 3336 2452 Terehintbus
3364 2403 3448 2452 est
3493 2395 3549 2450 in
3601 2395 3783 2451 Sichi-

2184 2486 2311 2555 mis,
2339 2487 2442 2545 sub
2471 2503 2578 2559 qua
2603 2487 2890 2546 abscondit
2913 2485 3082 2544 Iacob
3118 2487 3260 2545 idola
3286 2488 3445 2561 juxta
3471 2487 3781 2562 Neapolim.

2255 2578 2418 2635 Vens.
2442 2576 2497 2633 4.
2511 2609 2583 2619 -
2596 2576 2842 2649 Spurius.
2866 2576 3004 2649 Quia
3027 2577 3245 2652 ignobili
3260 2590 3436 2654 patre,
3455 2591 3641 2637 matre
3655 2596 3783 2639 vero

2183 2668 2349 2726 nobili
2377 2678 2543 2726 natus
2565 2678 2704 2727 erat.

2254 2759 2418 2817 Vens.
2460 2760 2779 2817 l2.—Octo
2816 2760 2979 2832 filios.
3028 2762 3303 2837 (Ηιειιοιηη
3341 2775 3533 2837 ιιιιωει.
3586 2764 3781 2834 Heln,

2184 2859 2316 2907 tom.
2342 2850 2453 2925 IlI.)
2502 2851 2560 2907 In
2587 2851 3036 2923 Paralipomenon
3088 2864 3293 2911 tantum
3338 2866 3549 2928 septem
3597 2858 3787 2914 dicun-

2182 2952 2290 3012 tur,
2315 2955 2442 3011 etc.,
2471 2963 2636 3018 usque
2675 2946 2745 3001 ad
2775 2946 2987 3003 Nathan
3017 2963 3234 3020 quoque
3278 2949 3603 3021 prophetam
3650 2948 3785 3007 dicit

2178 3038 2416 3097 Isidorus
2449 3039 2516 3094 de
2542 3038 2860 3096 Gabaonitis
2888 3040 3077 3097 fuisse.

2251 3129 2416 3189 Vens.
2446 3130 2822 3187 l4.—David.
2848 3130 2915 3187 Et
2940 3140 3166 3188 octavus
3188 3131 3279 3203 qui
3311 3131 3367 3188 in
3413 3147 3587 3205 regno
3629 3132 3785 3207 eligi-

2181 3232 2291 3291 tur,
2317 3225 2406 3280 hic
2424 3233 2509 3282 est
2535 3223 2808 3290 Christus,
2832 3225 2923 3296 qui
2950 3225 3284 3298 semetipsum
3306 3225 3627 3293 exinanivit,
3673 3228 3785 3297 [or-

485 3321 790 3378 secundum
823 3319 1051 3377 humani
1090 3320 1310 3393 generis
1348 3334 1514 3378 uuam
1537 3322 1896 3395 eamdemque
1922 3331 2078 3378 natu-
2104 3324 2150 3388 C
2180 3335 2321 3373 mam
2344 3318 2478 3373 servi
2498 3320 2756 3389 accipiens
2792 3317 3014 3390 (Philip.
3038 3321 3123 3389 ιι),
3153 3319 3281 3391 quia
3310 3327 3364 3376 et
3405 3335 3506 3391 per
3545 3319 3785 3393 gloriam

555 3503 723 3560 Vna.
766 3502 863 3561 28.
916 3532 985 3546 -
1031 3500 1220 3560 Scidit.
1252 3500 1515 3572 Quamvis
1555 3512 1742 3575 postea
1768 3506 2078 3577 regnaverit

483 3595 847 3669 quadraginta
892 3596 1084 3663 annis,
1132 3596 1229 3653 sed
1255 3604 1385 3653 tunc
1426 3596 1729 3668 promeruit
1754 3604 1813 3652 ut
1848 3612 1877 3652 ιι
1908 3596 2077 3670 stirpe

481 3700 584 3744 sua
612 3685 980 3754 scinderetur,
1002 3694 1059 3743 et
1088 3686 1399 3743 traderetur
1419 3685 1651 3755 meliori,
1673 3687 1729 3744 id
1751 3696 1855 3752 est,
1882 3688 2072 3756 David,

481 3785 541 3836 et
570 3792 604 3834 a
632 3777 784 3845 Saul,
812 3779 866 3834 id
893 3786 999 3847 est,
1020 3777 1222 3836 indeuia
1261 3779 1508 3836 aufertur
1544 3794 1794 3854 regnum,
1821 3790 1879 3836 et
1910 3782 2076 3837 tradi-

481 3868 834 3929 turChrlsto.
875 3871 1119 3947 Corrigit
1156 3888 1342 3947 regem
1388 3873 1458 3931 de
1503 3875 1866 3931 inobedientia
1890 3917 1905 3941 ,
1947 3878 2075 3946 quia

480 3961 799 4018 mandatum
845 3961 1061 4019 Domini
1092 3978 1200 4019 non
1233 3963 1500 4035 implevit,
1538 3974 1595 4022 et
1634 3966 1883 4036 praedicit
1908 3967 2074 4023 amis-

480 4052 691 4111 sionem
712 4051 886 4123 regni.
915 4050 1111 4108 Merito
1136 4061 1318 4108 autem
1358 4069 1587 4126 regnum
1628 4054 1846 4126 perdit,
1874 4055 1968 4127 qui
1994 4064 2073 4112 te-

477 4158 615 4203 nere
662 4145 860 4203 nescit.
900 4144 996 4202 Iﬂe
1046 4155 1227 4202 autem
1274 4146 1415 4202 bene
1455 4148 1614 4218 regit,
1662 4146 1753 4218 qui
1801 4147 2072 4218 superiori

479 4235 671 4296 obedit
695 4245 753 4294 et
798 4236 1153 4294 inferioribus
1178 4237 1557 4293 auctoritatem
1582 4253 1739 4295 suam
1766 4242 2067 4310 anteponit.

557 4331 725 4387 Vens.
750 4330 842 4388 33.
881 4359 951 4371 —
978 4326 1047 4384 Et
1077 4330 1133 4385 in
1157 4330 1348 4400 frusta.
1388 4328 1524 4386 Cum
1553 4330 1740 4404 legunt
1764 4330 1983 4402 quidam
2015 4333 2070 4389 in

482 4421 806 4493 Scripturis,
829 4421 975 4493 quod
998 4421 1175 4478 sancti
1198 4420 1330 4478 nulli
1351 4422 1589 4478 hostium
1610 4433 1856 4494 parcant,
1882 4424 2070 4481 dicunt

473 4531 571 4574 eos
596 4515 868 4583 crudeles,
895 4531 997 4572 nec
1020 4514 1325 4588 intelligunt
1349 4516 1403 4571 in
1429 4516 1513 4573 his
1534 4517 1716 4574 verbis
1742 4519 2066 4574 obumbrata

476 4608 738 4680 mysteria
802 4625 818 4663 :
870 4616 932 4664 ut
980 4618 1305 4680 pugnantes,
1349 4609 1573 4675 scilicet,
1628 4611 1889 4668 adversus
1931 4611 2065 4667 vitia

2179 3409 2595 3467 resurrectionis
2622 3424 2844 3480 regnum
2876 3409 2929 3463 in
2958 3409 3206 3482 gentibus
3236 3409 3465 3479 adeptus
3489 3418 3596 3466 est.

2252 3502 2414 3559 Vens.
2444 3500 2908 3556 2L—Direxerat
2931 3501 3070 3555 enim
3099 3501 3264 3556 aciem
3289 3496 3485 3567 Israel,
3520 3503 3615 3556 sed
3640 3501 3777 3566 Rhi-

2178 3591 2423 3648 listliiim.
2450 3591 2638 3665 Pugna
2668 3590 3117 3647 Philisthinorum
3148 3600 3337 3647 contra
3359 3590 3553 3657 Israel,
3592 3607 3781 3665 pugna

2178 3687 2482 3743 daemonum
2519 3695 2709 3742 contra
2735 3683 3035 3741 Ecclesiam
3079 3685 3253 3757 accipi
3301 3694 3503 3759 potest.
3557 3684 3781 3742 Golith

2176 3795 2306 3837 vero
2328 3760 2643 3851 superbiam
2662 3779 2860 3836 diaboli
2882 3776 3183 3852 signiﬁcat:
3207 3794 3370 3851 quam
3392 3779 3590 3847 David,
3617 3780 3675 3835 id
3696 3788 3780 3835 est

2175 3873 2444 3940 Christus,
2481 3872 2739 3946 singulari
2768 3871 3067 3929 certamine
3097 3872 3394 3945 prostravit
3419 3879 3476 3928 et
3514 3870 3775 3945 populum

2175 3966 2272 4023 Dei
2300 3965 2518 4037 eripuit.
2546 3964 2650 4033 Qui
2676 3963 2887 4021 leonem
2907 3972 2963 4019 et
2984 3961 3172 4021 ursuin
3210 3963 3448 4031 necavit,
3494 3963 3774 4019 diabolum

2174 4058 2383 4116 scilicet
2405 4066 2463 4114 et
2486 4056 2902 4125 Antichristum,
2930 4057 3163 4114 alterum
3195 4073 3339 4114 nunc
3366 4056 3612 4114 latenter
3641 4057 3773 4113 insi—

2174 4152 2433 4220 diantem,
2465 4151 2695 4208 alterum
2722 4162 2911 4223 postea
2933 4151 3225 4209 manifeste
3262 4152 3601 4209 saevientem.
3633 4151 3767 4209 Pro-

2172 4244 2389 4300 vocavit
2433 4244 2689 4315 superbia
2737 4243 3120 4313 humilitatem,
3175 4243 3421 4302 diabolus
3463 4243 3765 4301 Christum.

2169 4336 2396 4408 Accepit
2416 4352 2568 4393 arma
2591 4336 2784 4394 bellica
2809 4337 2978 4393 David
3006 4352 3128 4409 quae
3154 4352 3254 4410 pro
3281 4345 3445 4394 aetate
3488 4346 3550 4392 et
3600 4352 3768 4409 parva

2170 4437 2379 4484 statura
2400 4437 2620 4500 portare
2656 4444 2765 4484 non
2798 4429 2993 4501 potuit,
3024 4438 3080 4485 et
3104 4430 3324 4501 abjecit.
3355 4428 3591 4502 Accepit
3610 4430 3769 4503 quin-

2168 4536 2274 4593 que
2303 4521 2509 4593 lapides
2538 4521 2606 4578 de
2632 4521 2853 4578 ﬂumine
2881 4531 2936 4579 et
2966 4522 3147 4594 posuit
3178 4523 3235 4578 in
3272 4538 3402 4580 vase
3447 4523 3716 4597 pastorali
3748 4540 3762 4578 :

2169 4614 2256 4671 his
2283 4623 2526 4671 armatus
2550 4614 2700 4671 vicit.
2743 4614 2837 4671 Sic
2859 4614 3110 4672 Christus
3140 4624 3381 4686 tempore
3412 4610 3767 4672 revelationis

474 4696 682 4753 nullum
722 4696 941 4769 perlitus
968 4696 1360 4771 relinquamus.
1396 4699 1454 4757 Si
1479 4701 1623 4757 enim
1658 4703 2062 4773 peporcerimus
2087 4693 2142 4755 Ῑ)
2169 4705 2303 4762 Novi
2334 4705 2667 4764 Testamenti
2693 4706 3030 4764 insinuanda:
3057 4719 3117 4764 et
3142 4707 3595 4765 commendanda:
3642 4724 3763 4782 gra-

473 4788 817 4861 reputabitur
841 4787 997 4845 nobis
1026 4789 1081 4844 in
1109 4788 1344 4862 culpam,
1374 4790 1517 4847 sicut
1552 4790 1728 4857 Sauli,
1753 4792 1843 4862 qui
1876 4807 2059 4862 regem

471 4880 697 4939 Amalec
717 4880 901 4936 vivum
923 4880 1238 4937 reservavit.
1263 4880 1449 4938 Sancti
1477 4897 1624 4947 vero,
1649 4883 1793 4938 sicut
1817 4881 2056 4950 Samuel,

467 4968 679 5031 nullum
714 4972 998 5045 incoatum
1030 4972 1309 5029 dimittunt
1346 4970 1691 5046 impunitum.

626 5112 635 5121 .
1052 5058 1283 5120 CAPUT
1318 5056 1454 5118 XVI.

538 5155 704 5213 Vens.
749 5154 803 5211 7.
836 5184 906 5197 —
946 5148 1031 5210 Ne
1076 5154 1343 5226 respicias.
1392 5154 1719 5226 Reprobatis
1762 5156 2058 5230 majoribus

471 5247 599 5304 llliis
632 5244 735 5303 lsai
772 5246 1031 5304 minimus
1064 5245 1131 5302 ad
1164 5262 1389 5319 regnum
1430 5248 1664 5321 eligitur,
1714 5251 1843 5321 quia
1874 5261 2059 5322 spreto

466 5334 695 5397 Judaico
722 5338 1051 5409 sacerdotio,
1089 5348 1144 5396 et
1182 5355 1349 5413 regno
1402 5342 1599 5411 prioris
1630 5343 1854 5415 populi,
1901 5343 2056 5400 Chri-

467 5440 585 5487 stus
629 5439 793 5503 capnt
835 5430 1064 5487 minoris
1100 5430 1325 5504 populi,
1373 5446 1467 5486 rex
1496 5440 1551 5487 et
1595 5434 1850 5489 sacerdos
1881 5432 2056 5490 factus

464 5531 568 5579 est.

536 5612 701 5671 Vens.
735 5615 797 5672 ll
833 5644 908 5658 —
940 5608 1224 5673 Parvulas.
1263 5617 1341 5673 De
1379 5614 1556 5673 oﬂicio
1595 5631 1850 5688 pecorum
1878 5618 2053 5676 factus

464 5716 550 5765 est
587 5706 754 5765 David
800 5722 897 5765 rex
932 5708 1210 5765 hominum
1254 5729 1268 5765 :
1316 5708 1564 5768 Christus
1605 5718 1785 5768 autem
1830 5710 1899 5767 ab
1924 5711 2050 5767 ovili

462 5794 703 5854 Iudaicae
751 5797 923 5871 plebis
952 5796 1018 5854 ad
1050 5814 1273 5872 regnum
1310 5801 1551 5874 gentium
1599 5801 1896 5859 translatus
1943 5814 2045 5859 est.

464 5885 684 5957 (Cum,
733 5888 826 5946 lib.
869 5905 885 5946 ι
930 5890 1153 5961 loraL,
1201 5908 1321 5966 cap.
1375 5894 1438 5964 6;
1484 5895 1580 5953 lib.
1608 5911 1763 5964 κνιιι,
1817 5910 1934 5969 cap.
1965 5894 2044 5970 ϐ.)

2172 4799 2279 4866 tite,
2317 4798 2571 4870 deposuit
2596 4799 2901 4872 corporalia
2924 4811 3264 4857 sacramenta
3293 4800 3447 4872 legis,
3492 4817 3624 4874 qua:
3658 4819 3760 4858 non

2165 4902 2293 4949 sunt
2328 4892 2578 4964 imposita
2607 4892 2878 4964 gentibus,
2909 4909 3031 4967 qute
3069 4892 3123 4949 in
3170 4895 3343 4951 veteri
3380 4893 3497 4966 lege
3528 4893 3761 4968 legimus

2165 4995 2221 5041 et
2248 5000 2352 5042 non
2375 4988 2748 5052 observamus,
2785 4982 2879 5043 sed
2909 4986 2974 5041 ad
3017 4987 3256 5058 aliquam
3282 4979 3757 5060 'signiticationem

2164 5078 2444 5149 praemissa
2473 5085 2527 5134 et
2548 5079 2721 5151 posita
2749 5078 3099 5152 intelligimus
3128 5097 3144 5135 ε
3178 5080 3294 5136 haec
3345 5062 3603 5152 deposuit
3643 5093 3756 5138 tan-

2164 5184 2325 5241 quam
2355 5186 2523 5226 onera
2546 5166 2699 5243 legis,
2722 5180 2777 5227 et
2808 5172 2981 5243 ipsam
3013 5172 3183 5242 legem
3220 5170 3452 5243 accepit.
3500 5172 3756 5246 Quinque

2159 5260 2305 5316 enim
2331 5261 2558 5334 lapides,
2591 5264 2831 5334 quinque
2855 5263 3025 5320 libros
3061 5260 3192 5321 Mosi
3221 5264 3551 5337 signiﬁcant.
3610 5266 3753 5323 Tulit

2159 5351 2400 5423 quinque
2450 5352 2654 5425 lapides
2688 5354 2755 5410 de
2793 5352 3036 5421 ﬂumine,
3074 5354 3126 5410 id
3164 5363 3249 5411 est
3282 5357 3349 5412 de
3383 5356 3488 5412 hoc
3526 5354 3747 5413 szeculo.

2157 5439 2387 5499 Labitur
2412 5444 2555 5500 enim
2581 5442 2809 5501 mortale
2843 5444 3120 5501 saeculum.
3176 5444 3347 5501 Erant
3382 5457 3645 5519 tanquam
3694 5448 3749 5503 in

2157 5530 2379 5590 ﬂumine
2424 5532 2632 5607 lapides
2656 5536 2711 5591 in
2742 5537 2920 5607 primo
2947 5534 3167 5608 populo.
3215 5534 3330 5593 Illic
3364 5538 3659 5604 vacabant,
3694 5546 3748 5594 et

2160 5622 2293 5679 nihil
2316 5624 2631 5695 proderant.
2664 5625 2957 5684 Transibat
2983 5640 3147 5698 supra
3178 5627 3393 5686 ﬂuvius.
3432 5627 3542 5686 Sed
3576 5629 3744 5686 David

2156 5715 2368 5786 accepit
2388 5717 2641 5786 gratiam,
2670 5731 2728 5775 ut
2754 5720 2837 5776 lex
2874 5729 3022 5778 esset
3050 5721 3197 5779 utilis
3244 5737 3365 5794 quas
3405 5721 3525 5779 sine
3568 5723 3743 5797 gratia

2156 5802 2365 5876 impleri
2392 5822 2499 5863 non
2528 5819 2725 5881 potest.
2753 5808 3038 5870 Plenitudo
3064 5814 3208 5871 enim
3240 5815 3366 5887 legis
3396 5816 3632 5874 alacritas
3666 5828 3743 5873 est

2155 5896 2327 5981 (Rom.
2362 5900 2505 5975 xm).
2554 5902 2689 5974 Quia
2725 5922 2854 5981 ergo
2902 5906 3075 5989 legem
3114 5912 3291 5985 gratia
3331 5909 3466 5972 facit
