4006 6352
239 362 343 423 557

1276 355 1565 418 'GLOSSA
1607 350 2007 447 OBDlNARlA.
2048 388 2118 399 —
2156 356 2345 426 uel
2385 356 2543 421 nec.

3408 353 3513 427 558

241 480 583 553 signiﬁcatur
600 478 747 535 enim
776 479 948 552 gratia
976 479 1135 548 lacte,
1162 480 1268 539 hoc
1290 489 1373 538 est
1393 481 1539 538 enim
1578 481 1633 537 in
1662 495 1827 538 carne
1852 481 1907 543 Α
1932 479 2089 548 (ΗΑΒ.
2122 480 2179 535 in
2198 479 2291 535 lib.
2334 477 2490 551 Reg.)
2520 476 2785 537 Jonathas
2802 472 2988 534 dilexit
3015 478 3186 535 David
3213 496 3225 534 :
3251 480 3336 539 vir
3364 480 3518 539 vide-

240 573 570 645 gratuitum;
597 571 689 627 ubi
725 585 855 628 vero
881 580 1057 629 mater
1075 590 1181 631 non
1213 574 1407 646 qumrit
1434 574 1701 645 accipere,
1730 570 1827 628 sed
1927 573 2057 628 licet
2095 572 2388 629 bellicosus
2437 572 2692 647 juvenem
2752 576 2936 645 aptum
2986 571 3204 644 pugnis.
3255 569 3518 631 Jonathas

242 668 398 729 dare,
428 666 598 737 gratis
627 666 739 732 dat,
762 673 817 721 et
840 667 1194 724 contristatur
1221 668 1267 725 si
1292 668 1430 725 desit
1449 669 1541 741 qui
1577 666 1823 739 accipiat.

238 757 495 817 OSltl’ﬂdII.
520 759 689 815 David
716 759 890 831 legem
918 761 1036 817 sine
1063 761 1237 833 gratia
1261 762 1478 834 operari
1501 776 1607 818 non
1630 772 1825 832 posse;

240 865 368 909 cum
400 850 522 906 illos
549 851 789 922 quinque
823 850 1045 921 lapides,
1079 853 1276 924 quibus
1305 852 1639 924 signiﬁcatur
1661 851 1746 906 lex
1774 851 1829 905 in

240 942 487 1014 quinque
513 941 690 1009 libris,
716 942 1045 1015 conjungere
1069 943 1259 1000 volens
1308 943 1519 1017 gratiae,
1561 943 1741 1015 posuit
1776 942 1831 997 in

239 1049 377 1090 vase
392 1033 676 1105 pastorali,
697 1049 805 1105 quo
832 1034 919 1091 lac
946 1036 1156 1092 solebat
1180 1035 1430 1108 mulgeri.
1463 1035 1559 1093 His
1586 1042 1834 1090 armatus

238 1128 512 1202 processit
540 1135 729 1184 contra
759 1129 1073 1200 superbum.
1104 1129 1251 1185 Tulit
1286 1129 1515 1201 lapidem
1547 1140 1737 1194 unum,
1782 1134 1838 1182 et

242 1218 440 1289 deiecit
461 1234 648 1286 unum,
675 1219 729 1275 in
752 1219 930 1276 fronte
948 1221 1219 1294 percussit
1246 1229 1299 1276 et
1322 1220 1519 1277 cecidit
1545 1234 1610 1275 ex
1632 1234 1697 1275 eo
1716 1217 1838 1273 loco

242 1313 492 1384 corporis
521 1313 611 1368 ubi
660 1312 872 1386 signum
917 1313 1121 1371 Christi
1165 1329 1272 1371 non
1316 1313 1531 1373 habuit.
1589 1312 1839 1385 Quinque

243 1406 479 1477 accepit,
508 1420 676 1461 unum
704 1405 872 1462 misit.
901 1404 1151 1479 Quinque
1180 1406 1303 1462 libri
1344 1405 1503 1463 electi
1547 1410 1696 1473 sunt,
1744 1402 1839 1460 sed

244 1498 429 1554 unitas
476 1497 665 1553 vincit.
698 1494 983 1554 Plenitudo
1008 1510 1141 1569 ergo
1193 1497 1320 1570 legis
1366 1496 1622 1563 cltaritas,
1673 1504 1734 1552 ut
1764 1495 1843 1552 ait

240 1588 555 1660 Apostolus.
599 1588 1164 1660 Sufferentesinvicem
1191 1591 1245 1645 in
1280 1589 1580 1655 dilectione,
1625 1586 1842 1644 solliciti

242 1698 452 1737 servare
475 1681 729 1737 unitatem
754 1678 983 1753 Spiritus
1004 1682 1058 1738 in
1095 1680 1298 1738 vinculo
1343 1680 1490 1755 pacis
1547 1679 1710 1755 (Eph.
1738 1678 1839 1752 ιν).

241 1771 340 1829 lllo
377 1770 610 1841 deiecto,
666 1771 901 1844 gladium
948 1772 1187 1838 abstulit,
1250 1778 1413 1845 caput
1460 1771 1536 1827 illi
1589 1768 1842 1827 abscidit.

1931 663 2201 737 signiﬁcat
2219 680 2316 721 eos
2335 664 2428 741 qui
2456 662 2522 721 de
2548 660 2750 719 Judaeis
2777 662 2830 717 in
2863 662 3141 720 Christum
3173 665 3525 725 crediderunt

1930 766 2005 825 et,
2030 767 2285 830 percepta
2309 756 2483 830 gratia
2516 754 2750 825 Spiritus
2790 756 2995 825 saneti,
3042 772 3143 833 pro
3173 754 3393 817 Christo
3438 772 3521 817 re—

1932 852 2078 915 lictis
2127 853 2379 910 omnihus
2430 852 2604 925 ipsum
2653 850 2827 909 secuti
2876 858 3019 909 sunt.
3071 850 3227 915 Unde
3283 849 3518 913 Petrus:

1934 943 2071 1002 Ecce
2093 963 2185 1003 nos
2208 945 2512 1017 reliquimus
2535 944 2734 1012 omnia,
2755 953 2803 1001 et
2831 944 2994 1002 secuti
3015 962 3196 1005 sumus
3227 956 3277 1005 te
3304 943 3525 1011 (Matth.

1938 1037 2073 1111 xix).
2092 1037 2185 1094 Sic
2208 1038 2353 1094 enim
2376 1034 2639 1093 Jonathas
2665 1034 2814 1093 dedit
2838 1034 3008 1095 David
3034 1039 3355 1101 vestimenta
3375 1052 3471 1095 sua
3497 1051 3530 1092 a

1936 1131 2122 1187 tunica
2149 1145 2321 1201 usque
2346 1129 2413 1185 ad
2436 1128 2694 1197 balteum,
2724 1144 2852 1189 cum
2873 1130 3167 1189 credentes
3201 1130 3383 1191 omnia
3406 1144 3528 1205 quae

1938 1222 2262 1286 habuerant,
2297 1223 2352 1278 in
2379 1221 2585 1279 Christi
2619 1223 2902 1278 servitium
2945 1223 3312 1280 contulerunt.

2011 1315 2178 1371 Vens.
2207 1315 2262 1370 7.
2290 1346 2362 1356 —
2388 1313 2657 1370 Percussit
2687 1311 2840 1381 Saul,
2872 1321 2980 1371 etc.
3013 1313 3128 1371 Hoc
3160 1312 3264 1369 fuit
3299 1315 3537 1371 semina-

1940 1408 2082 1465 rium
2125 1407 2236 1463 odii
2271 1414 2460 1464 contra
2495 1407 2684 1463 David.
2722 1404 2815 1463 Sic
2839 1404 3009 1465 Judaei
3048 1405 3333 1471 audientes
3376 1404 3537 1463 Chri-

1943 1508 2087 1556 stum
2118 1514 2279 1571 quem
2307 1497 2710 1567 crucitixerant,
2761 1500 2815 1555 in
2857 1498 3105 1559 ecclesiis
3133 1498 3441 1577 pradicari,
3482 1506 3543 1557 et

1945 1593 2230 1650 victoriam
2253 1608 2358 1663 qua
2394 1593 2606 1651 hostem
2636 1592 2918 1667 antiquum
2943 1592 3076 1648 vicit
3094 1600 3150 1649 et
3173 1592 3459 1653 credentet
3482 1591 3541 1651 in

1943 1683 2103 1740 laude
2130 1682 2248 1754 ejus
2274 1683 2571 1757 gratulari,
2602 1685 2836 1759 graviter
2884 1684 3140 1743 tulerunt.

2020 1774 2153 1833 Saul
2177 1774 2335 1831 mille.
2370 1775 2585 1833 Scilicet
2609 1791 2702 1833 eos
2722 1777 2813 1849 qui
2838 1775 3104 1848 fugientes
3125 1776 3293 1837 occisi
3319 1784 3466 1835 sunt.

245 1864 498 1922 Christus
535 1864 807 1921 diabolum
836 1863 903 1920 de
928 1866 1041 1921 suis
1067 1866 1327 1922 membris
1356 1864 1575 1930 occidit,
1619 1862 1838 1936 quando
1868 1857 1915 1918 Β
2013 1869 2188 1926 David
2218 1870 2398 1926 decem
2422 1870 2613 1926 millia.
2641 1869 2865 1927 Scilicet
2883 1870 3257 1928 Philisthaeum
3283 1871 3400 1945 qui,
3428 1885 3541 1931 uno

244 1953 597 2012 crediderunt
626 1954 793 2027 magi,
821 1970 959 2026 quos
979 1955 1068 2012 ille
1091 1955 1146 2011 in
1169 1972 1331 2012 manu
1361 1956 1620 2023 habebat,
1670 1960 1725 2011 et
1774 1953 1841 2011 de

247 2047 448 2118 quibus
494 2046 632 2103 alios
662 2047 988 2114 trucidabat,
1035 2056 1415 2105 convertentes
1464 2046 1676 2120 linguas
1714 2060 1841 2102 suas

245 2148 441 2195 contra
479 2138 771 2206 diabolum,
799 2150 852 2196 et
873 2140 954 2196 sic
980 2139 1149 2197 Goliae
1169 2139 1347 2213 gladio
1389 2156 1491 2197 suo
1536 2148 1701 2213 caput
1747 2140 1841 2197 ab-

247 2231 539 2288 scinditur.

322 2325 492 2382 V’nus.
537 2325 867 2384 28.—Novi
906 2326 1204 2398 superbiam
1243 2335 1412 2393 tuam,
1462 2337 1512 2382 et
1560 2326 1845 2399 nequitiam

248 2422 427 2477 cordis
450 2423 548 2489 tui,
574 2422 723 2494 quia.
751 2420 935 2495 (ΗΑΒ.)
961 2420 1192 2481 Putabat
1227 2421 1282 2479 in
1327 2435 1394 2483 eo
1419 2430 1684 2482 tumorem
1720 2435 1847 2491 pro-

248 2523 376 2588 pter
426 2512 696 2571 Samuelis
741 2514 1080 2583 unctionem,
1124 2513 1279 2585 quasi
1329 2527 1397 2568 ex
1448 2527 1514 2569 ea
1561 2510 1845 2567 audaciam

251 2608 596 2680 sumpsisset,
644 2617 702 2666 et
756 2608 983 2667 timebat
1031 2623 1102 2665 ne
1150 2606 1198 2665 si
1247 2607 1669 2679 congrederetur
1721 2619 1845 2660 cum

250 2700 573 2759 Philistbaeo
604 2700 1026 2759 interficeretur.
1083 2699 1241 2757 Unde
1289 2697 1494 2767 subdit,
1542 2706 1602 2753 ut
1646 2695 1847 2753 uideres

249 2794 496 2869 prtt’lium
529 2794 864 2863 descendisti,
888 2794 943 2851 id
967 2791 1074 2862 est,
1098 2792 1153 2848 in
1180 2793 1283 2851 hoc
1312 2790 1577 2865 superbus
1595 2804 1845 2861 appares,

253 2888 402 2961 quod
446 2904 570 2944 cum
622 2902 729 2943 non
776 2886 980 2947 habeas
1039 2882 1485 2943 consuetudinem
1546 2879 1845 2955 prmliandi,

256 2991 415 3038 actus
436 2979 607 3053 prmlii
629 2979 785 3052 quasi
813 2978 968 3035 miles
994 2976 1309 3035 sciscitaris.

332 3075 499 3131 Vsus.
525 3072 616 3130 29.
636 3104 709 3115 —
724 3071 980 3145 Nunquid
1003 3086 1108 3129 non
1130 3068 1339 3126 verbum
1354 3068 1381 3122 ἲ
1404 3065 1528 3141 (11).)
1568 3064 1735 3135 Quasi
1769 3063 1852 3120 di-

255 3175 434 3235 ceret,
465 3173 571 3232 est,
599 3164 726 3237 quia
769 3178 878 3220 non
915 3171 1002 3220 est
1025 3160 1279 3217 voluntas
1316 3156 1620 3232 praeliandi,
1665 3154 1761 3213 sed
1794 3160 1854 3209 ut

256 3258 458 3317 scirem
505 3257 651 3327 quod
690 3253 1017 3311 nesciebam.
1086 3251 1384 3311 Audaciam
1450 3260 1631 3307 tamen
1675 3263 1745 3304 es
1787 3260 1854 3303 eo

257 3357 593 3421 sumpserat,
616 3345 761 3421 quod
793 3344 1059 3419 Spiritum
1099 3338 1349 3400 sanctum
1393 3345 1709 3411 acceperat;
1758 3352 1854 3397 es-

255 3451 451 3516 pertus
480 3439 739 3496 auxilium
766 3437 861 3495 Dei
890 3438 943 3493 in
972 3436 1128 3495 leone
1152 3446 1209 3494 et
1246 3450 1396 3502 urso,
1438 3442 1496 3495 et
1530 3433 1655 3493 ideo
1688 3430 1854 3488 auda-

257 3546 385 3596 cter
414 3552 484 3605 se
510 3535 705 3593 obtulit
726 3534 794 3591 ad
822 3532 1095 3604 singulare
1131 3540 1430 3598 certamen,
1476 3543 1585 3587 non
1626 3535 1737 3591 tam
1776 3525 1857 3581 vi-

259 3630 456 3690 ctoriae
498 3629 745 3703 cupidus,
776 3641 942 3703 quam
988 3625 1133 3685 ultor
1177 3622 1641 3697 blasphemiarum
1674 3618 1771 3675 Dei
1801 3625 1857 3675 et

258 3723 588 3795 injuriarum
616 3719 822 3797 populi.

340 3811 506 3869 Vsus.
530 3810 622 3867 41.
650 3841 719 3852 -
746 3808 864 3865 Ibat
892 3816 1104 3881 autem”
1128 3804 1286 3880 (Ras.
1309 3805 1365 3861 in
1399 3801 1494 3859 lib.
1517 3799 1672 3875 Reg.)
1707 3798 1854 3857 Alle-

262 3909 478 3983 gorice,
506 3904 805 3963 Philisthaei
853 3903 1146 3971 daemones,
1194 3909 1325 3968 etc.,
1378 3913 1540 3970 usque
1583 3894 1655 3951 ad
1702 3892 1856 3966 quasi

260 4002 474 4059 elatum
500 3998 710 4059 Goliam
733 3997 910 4071 gladio
934 4011 1032 4053 suo
1053 3995 1399 4053 detruncant.

346 4095 508 4152 Vsus.
537 4091 793 4152 5l.—Et
838 4090 979 4147 tulit.
1012 4089 1170 4164 (ιω.
1194 4102 1262 4147 ex
1288 4085 1477 4163 Greg.)
1512 4084 1610 4142 Vir
1644 4097 1859 4156 quoque

264 4189 574 4247 catholicus
597 4186 801 4258 colligit
821 4183 1187 4245 testimonium
1209 4180 1525 4255 Scriptores,
1548 4187 1682 4247 etc.,
1698 4194 1862 4250 usque

264 4281 347 4336 ad
372 4281 658 4336 haereticos
680 4277 793 4334 suis
826 4274 1109 4333 sententiis
1136 4273 1423 4335 vincimus.
1612 4281 1628 4293 ‘

348 4371 540 4443 Caput.
571 4370 740 4427 David
761 4375 922 4440 caput
952 4365 1251 4425 Philisthaei
1287 4363 1411 4420 tulit
1438 4363 1493 4419 in
1524 4359 1857 4426 Jerusalem,

270 4476 336 4526 ut
362 4474 593 4523 terreret
614 4480 727 4531 eos,
756 4476 1037 4519 murorum
1061 4459 1318 4516 firmitate
1338 4466 1394 4514 et
1412 4455 1693 4512 altitudine
1713 4455 1863 4511 insu-

1945 1964 2174 2038 dejecto,
2202 1980 2393 2023 omnes
2412 1966 2465 2023 in
2486 1963 2667 2043 fugam
2695 1965 2863 2023 misit.

2017 2058 2183 2116 Vsus.
2210 2059 2299 2115 10.
2335 2089 2409 2101 —-
2434 2056 2780 2131 Tenebatque.
2811 2057 2904 2115 Sic
2948 2058 3279 2131 praedicante
3316 2057 3540 2117 Christo

1943 2150 2319 2224 Evangelium,
2351 2149 2524 2211 Judaei
2551 2152 2891 2211 conabantur
2918 2161 3148 2209 mortem
3181 2150 3402 2215 inferre.
3434 2148 3545 2207 Sed

1946 2244 2073 2301 dum
2102 2242 2193 2299 ille
2222 2243 2291 2300 ad
2313 2242 2545 2301 salutem
2568 2242 2811 2316 gentium
2832 2241 3057 2311 secedit,
3081 2251 3291 2305 tantum
3308 2255 3547 2299 nocuere

1946 2350 2176 2406 seipsos.
3070 2360 3074 2365 α

2020 2426 2187 2485 Vens.
2221 2426 2309 2483 17.
2333 2457 2404 2469 -
2425 2425 2692 2501 Dixitque.
2722 2424 2872 2501 (Isin.
2901 2427 2959 2482 in
2991 2425 3086 2505 lib.
3120 2420 3274 2499 Βίου
3303 2431 3437 2482 tom.
3471 2421 3541 2495 ν,

1944 2533 2066 2589 cap.
2099 2518 2211 2591 11.)
2260 2516 2393 2574 Saul
2435 2517 2664 2577 callidus
2720 2517 3007 2581 simulator
3049 2515 3263 2575 studuit
3306 2515 3539 2593 alligare

1948 2611 2118 2668 David
2160 2609 2357 2669 Michol
2410 2610 2535 2669 ﬁliai
2583 2626 2716 2683 suae,
2766 2619 2901 2679 etc.,
2948 2628 3113 2685 usque
3142 2611 3215 2667 ad
3256 2609 3548 2671 locutionis

1948 2702 2342 2774 tranquillitate
2377 2712 2686 2761 revocetur.

2019 2792 2187 2851 Vens.
2208 2786 2668 2861 27.—Percussit,
2689 2783 2821 2863 etc.,
2837 2805 2886 2851 et
2907 2793 3100 2859 attulit,
3125 2799 3232 2851 etc.
3254 2790 3438 2867 (ΕΑΒ.)
3455 2791 3549 2850 Sic

1948 2885 2196 2945 Christus
2221 2887 2373 2958 prius
2422 2887 2477 2942 in
2505 2885 2757 2960 gentibus
2802 2886 3133 2943 clarillcatus
3172 2894 3279 2955 est,
3327 2886 3545 2957 qundo

1950 2980 2296 3055 Synagogam
2323 2980 2427 3039 sibi
2454 2979 2750 3053 copularet,
2773 2988 2830 3037 et
2871 2979 3025 3053 prius
3058 2979 3115 3035 in
3159 2977 3413 3049 gentibus
3436 2977 3542 3039 im-

1952 3073 2279 3131 munditiam
2306 3074 2562 3133 resecuit.
2587 3074 2718 3131 Cum
2744 3073 2891 3131 enim
2911 3072 3182 3147 plenitudo
3197 3072 3430 3144 gentium
3465 3072 3547 3129 in-

1958 3166 2190 3233 traverit,
2220 3174 2343 3220 tunc
2369 3165 2539 3221 omnis
2561 3162 2735 3220 Israel
2755 3162 2932 3221 salvus
2971 3163 3061 3236 ﬁet
3091 3162 3273 3237 (Rom.
3299 3163 3400 3237 ιι).

2547 3294 2778 3361 CAPUT
2815 3293 2960 3357 XIX.

2029 3432 2273 3491 γεκαὶ
2300 3463 2370 3476 -
2413 3430 2481 3487 In
2506 3447 2659 3505 agro,
2698 3438 2807 3489 etc.
2854 3429 2975 3501 Quo
3022 3429 3339 3488 consolandi
3382 3444 3550 3491 causa

1956 3530 2148 3586 venire
2185 3534 2564 3597 consueverat,
2620 3525 2712 3585 ubi
2776 3524 2955 3583 occidi
3016 3525 3191 3585 David
3240 3525 3552 3585 condictum

1956 3618 2159 3677 fuerat.

2032 3712 2198 3769 Vens.
2227 3711 2315 3767 11.
2350 3740 2423 3752 -
2450 3707 2598 3764 Misit
2628 3725 2770 3785 ergo.
2809 3707 2993 3782 (11η.)
3026 3708 3141 3769 Hoc
3179 3724 3290 3767 non
3315 3710 3384 3767 ad
3424 3725 3550 3769 cru-

1959 3819 2078 3862 cem
2104 3800 2329 3868 Christi,
2360 3802 2453 3858 sed
2485 3801 2552 3856 ad
2583 3801 2890 3873 passionem
2924 3802 3182 3875 pertinet,
3207 3814 3339 3870 etc.,
3386 3819 3550 3876 usque

1960 3894 2032 3950 ad
2057 3894 2212 3965 quasi
2231 3902 2574 3969 peccatorem
2600 3901 3021 3964 persequuntur.

2036 3986 2195 4044 Vens.
2235 3986 2317 4043 l5.
2348 4016 2420 4027 -
2446 3984 2665 4045 Pellem.
2714 3984 2843 4043 inde
2882 3985 3138 4059 pulvillus
3164 3994 3428 4047 consutus
3454 3986 3556 4047 fuit

1961 4076 2072 4150 qui,
2105 4076 2332 4133 intonsis
2366 4075 2513 4150 pilis,
2558 4083 2722 4149 caput
2764 4076 2992 4134 involuti
3031 4076 3268 4137 hominis
3308 4079 3367 4137 in
3410 4078 3555 4139 lecto

1962 4169 2308 4226 mentiretur.

2032 4259 2199 4317 Vens.
2227 4259 2315 4316 l8.
2329 4257 2483 4315 —In
2500 4254 2780 4316 Ramatlta.
2801 4258 3008 4318 Civitas
3028 4260 3205 4319 Saulis
3224 4272 3310 4319 est
3330 4262 3385 4323 in
3412 4263 3557 4325 tribu

1963 4350 2246 4424 Beniamin
2270 4353 2323 4409 in
2347 4361 2502 4410 sexto
2528 4351 2781 4408 milliaria
2802 4353 2871 4409 ab
2890 4351 3041 4411 Belia
3070 4353 3139 4409 ad
3160 4356 3557 4425 septentriona-

1965 4448 2073 4506 lem
2102 4449 2312 4520 plagam
2336 4454 2525 4502 contra
2554 4445 2764 4513 Bethel,
2793 4445 2901 4502 alia
2947 4446 3216 4507 Ramatha
3240 4456 3325 4507 est
3367 4448 3424 4507 in
3455 4450 3557 4508 tri-

268 4556 550 4633 perabiles
566 4572 625 4612 se
656 4569 778 4611 esse
804 4552 1056 4621 ﬁdentes,
1077 4558 1271 4609 utnon
1296 4548 1669 4607 discrederent
1706 4561 1765 4602 se
1793 4544 1864 4603 ab
1893 4592 1950 4655 Β
1972 4535 2400 4645 hu.Aser..Bene
2431 4537 2768 4655 tionveniunat.
2782 4536 2900 4594 haec
2940 4537 3354 4655 nominajrebus
3390 4543 3563 4619 gestis

273 4649 376 4705 illo
407 4645 697 4703 vincendos
721 4656 863 4700 esse.

356 4737 520 4793 Vens.
545 4736 635 4792 55.
658 4767 731 4778 —
758 4733 835 4790 De
869 4750 996 4807 qua.
1029 4728 1211 4804 (Auc.)
1248 4728 1400 4799 Quod
1434 4727 1567 4785 Saul
1593 4735 1649 4784 et
1686 4725 1872 4783 Abner

277 4832 538 4903 ignorant
568 4827 737 4883 David
759 4824 899 4899 apud
926 4838 1021 4881 eos
1045 4822 1249 4878 diutius
1285 4826 1678 4876 commoratum
1700 4859 1715 4883 ,
1746 4816 1875 4874 fecit

276 4922 478 4987 barba,
499 4936 620 4992 quae
656 4915 987 4975 adolescenti
1017 4922 1263 4971 creverat
1294 4913 1420 4967 dum
1450 4911 1646 4967 absens
1674 4908 1870 4965 fuerat.

368 5012 524 5068 Vivit.
553 5009 740 5086 (ΚΑΒ.)
770 5008 908 5066 Huic
934 5006 1111 5065 simile
1138 5014 1223 5062 est
1245 5004 1412 5061 illud:
1444 5002 1718 5067 Benedixit
1757 4999 1875 5056 Na-

283 5105 413 5163 both
454 5103 565 5159 Deo
603 5113 651 5159 et
692 5103 820 5174 regi.
860 5098 999 5168 Quia
1028 5114 1130 5154 non
1176 5099 1308 5154 vivat
1331 5099 1509 5152 anima
1541 5104 1654 5161 tua,
1688 5110 1798 5158 rex,
1826 5094 1871 5150 si

284 5199 431 5261 novi,
485 5196 570 5253 vel
596 5196 807 5253 videam
854 5200 1083 5249 mortem
1113 5200 1260 5246 tuam
1297 5188 1344 5246 si
1377 5189 1522 5244 novi.
1571 5186 1630 5244 Si
1661 5201 1875 5259 quoque

285 5287 603 5361 conjunctio
647 5284 938 5358 aliquando
992 5299 1092 5356 pro
1129 5298 1232 5337 non
1274 5281 1525 5353 ponitur,
1578 5280 1877 5335 secundum

286 5381 466 5440 illud:
495 5378 554 5437 Si
590 5380 879 5435 introibunt
918 5378 976 5433 in
1020 5376 1250 5449 requiem
1286 5390 1458 5430 meum
1505 5370 1678 5448 (Psal.
1722 5372 1874 5443 xcn),

285 5476 345 5535 id
394 5484 499 5543 est,
544 5489 652 5531 non
686 5472 1016 5537 introihunt,
1062 5471 1205 5527 unde
1233 5477 1381 5543 patet
1423 5468 1503 5525 sic
1543 5469 1781 5539 exponi:
1815 5464 1879 5525 Si

287 5568 435 5635 nari,
458 5567 511 5624 id
535 5575 640 5635 est,
669 5581 776 5623 non
805 5565 951 5622 novi.

862 5697 1089 5758 CAPUT
1136 5696 1318 5757 XVIII.

375 5834 537 5891 Vsus.
569 5832 620 5888 1.
648 5833 806 5888 -Ει
852 5832 1049 5903 [ηοιιιηι
1079 5839 1188 5895 est,
1233 5840 1361 5899 etc.,
1424 5840 1471 5885 et
1516 5829 1719 5897 dilexit,
1773 5838 1878 5886 etc.

1975 4631 2127 4703 ipsis,
2156 4630 2283 4701 quia
2306 4629 2690 4705 prophetarum
2717 4629 2860 4687 dicta
2883 4639 2939 4687 et
2956 4630 3334 4691 celsitudinem
3355 4635 3561 4697 habent

1977 4721 2218 4778 scientiae
2240 4727 2295 4776 et
2316 4728 2658 4776 venustatem
2687 4718 3032 4793 eloquentiae.

2048 4813 2214 4869 Vens.
2244 4810 2665 4867 2l-22.—-Misit
2687 4811 2890 4880 tertios,
2912 4820 3019 4869 etc.
3045 4810 3207 4879 Abiit,
3233 4823 3343 4871 etc.
3371 4813 3559 4895 (8η.)

1977 4902 2109 4961 Saul
2146 4917 2362 4974 quoque
2391 4910 2447 4958 et
2473 4901 2645 4957 nuntii
2684 4899 2803 4974 ejus
2841 4899 3058 4960 Iudaeos
3096 4903 3420 4977 signiﬁcant,
3465 4904 3562 4977 qui

1977 4997 2104 5054 dum
2132 4993 2409 5052 adversari
2431 4991 2649 5049 Christo
2676 4994 2922 5066 cupiunt,
2956 4996 3158 5051 habent
3176 4995 3228 5051 in
3250 5010 3346 5053 ore
3373 5010 3562 5055 sacra-

1976 5096 2157 5144 menta
2179 5086 2335 5158 legis,
2360 5094 2416 5143 et
2437 5086 2827 5157 prophetarum
2854 5087 2922 5142 ad
2948 5086 3147 5143 Christi
3174 5085 3562 5154 testimonium,

1977 5189 2033 5237 et
2063 5196 2186 5236 cum
2214 5178 2454 5235 Ecclesia
2485 5164 2643 5250 quasi
2682 5194 2807 5235 cum
2854 5179 3132 5250 prophetis
3161 5178 3230 5233 de
3269 5177 3566 5249 Scripturis

1979 5272 2290 5344 disputant,
2341 5270 2483 5326 sicut
2524 5269 2597 5324 illi
2644 5286 2764 5327 cum
2820 5269 3094 5343 prophetis
3143 5269 3561 5343 pr0phetabant.

2052 5361 2219 5417 Vsus.
2250 5359 2340 5415 24.
2364 5390 2435 5403 ——
2461 5356 2819 5432 Propltetiwit.
2867 5358 2959 5414 lsti
3006 5357 3286 5431 prophetae
3331 5357 3565 5428 religiosi

1981 5457 2085 5514 viri
2129 5465 2308 5523 erant,
2343 5455 2472 5512 dicti
2505 5452 2789 5519 Nazareni,
2816 5448 2907 5524 qui
2936 5466 3042 5509 non
3069 5450 3328 5509 bibebant
3358 5450 3562 5521 vinum,

1984 5561 2043 5611 et
2074 5552 2342 5609 vacabant
2362 5566 2577 5623 semper
2597 5557 2854 5608 canentes
2887 5548 3120 5622 hymnos
3157 5558 3214 5606 et
3237 5547 3493 5620 psalmos.

2058 5643 2271 5701 Nudus.
2292 5642 2360 5701 Et
2377 5641 2546 5701 Judaei
2567 5642 2673 5698 ﬁde
2699 5650 2860 5713 atque
2879 5641 3181 5698 sacerdotio
3202 5648 3258 5698 et
3285 5652 3454 5713 regno
3475 5653 3571 5696 nu-

1991 5737 2122 5807 dati,
2144 5735 2321 5809 legem
2340 5744 2398 5792 et
2429 5734 2719 5809 prophetas
2750 5734 2804 5789 in
2835 5748 2932 5791 ore
2970 5732 3193 5791 habent.

2068 5829 2207 5885 Num
2239 5839 2286 5885 et
2315 5826 2463 5885 Saul.
2515 5825 2865 5883 Proverhium
2917 5825 3135 5895 dicitur,
3184 5826 3326 5898 quod
3375 5826 3427 5882 in
3474 5839 3571 5883 ore

2086 5978 2121 5991 ἰω
