4006 6352
346 392 451 450 563
849 395 1243 457 WALAFRIDI
1284 400 1533 459 STRABI
1566 402 1771 463 FULD.
1816 400 1981 462 MON.
2024 400 2173 464 OPP.
2217 396 2398 465 PARS
2434 406 2476 466 ῐ.
2522 438 2590 451 -—
2627 408 3086 470 THEOLOGlCA.
3482 416 3622 476 '5“

2113 496 2127 531 Ι

346 550 3609 616 hn————_——____—______________________

1227 680 1527 765 LIBER
1603 683 2143 771 SECUNDUS
2201 684 2748 786 SAMUELIS,

1809 863 1925 945 qui
1953 864 2147 930 nobis

1596 1030 2003 1099 SECUNDUS
2041 1035 2349 1099 REGUM.

828 1274 1059 1342 CAPUT
1075 1281 1367 1344 Ριιιιιιιιι.

394 1414 561 1475 Vm.
582 1414 638 1473 Ξ.
660 1446 733 1459 -
754 1416 1015 1493 Apparuit
1037 1419 1192 1475 homo
1217 1420 1428 1477 ueniens
1451 1419 1517 1476 de
1540 1370 1726 1476 castris
1753 1416 1912 1488 Saul,

321 1513 431 1565 etc.
456 1505 640 1581 (8η.)
667 1506 823 1565 Hunc
848 1510 1007 1569 aiunt
1050 1509 1262 1569 Hebrmi
1315 1511 1484 1569 ﬁlium
1530 1510 1699 1568 fuisse
1739 1512 1907 1585 Doeg.

319 1597 645 1659 Amalecites
685 1602 829 1660 enim
865 1610 921 1665 et
970 1603 1242 1668 Idumaeas
1277 1622 1446 1665 unum
1475 1615 1579 1672 est,
1609 1606 1737 1678 quia
1768 1605 1912 1663 ﬁlius

196 1694 201 1703 '
318 1692 713 1767 primogenitus
741 1694 886 1752 Esau
917 1696 1148 1770 Elipban
1172 1698 1291 1765 fuit,
1319 1709 1374 1755 et
1396 1699 1557 1771 hujus
1579 1700 1724 1756 ﬁlius
1749 1700 1911 1755 Ama-

318 1782 421 1841 lec.
462 1784 720 1843 Diadema
750 1796 931 1876 autem
957 1798 1011 1845 et
1040 1789 1307 1849 armillam
1329 1807 1361 1848 a
1380 1798 1538 1867 patre
1558 1791 1909 1848 commenda-

320 1884 430 1933 tam
452 1877 672 1936 habeat.

385 1985 552 2046 Vm.
584 1990 673 2046 l5.
702 1991 1093 2061 ~Accedens,
1137 2002 1243 2050 etc.
1292 1993 1482 2051 Omnis
1522 1994 1614 2067 qui
1655 1992 1907 2065 proximo

314 2084 660 2155 machinatur
698 2088 942 2156 malum,
997 2090 1105 2159 vel~
1133 2090 1200 2148 de
1248 2088 1365 2160 ejus
1406 2089 1607 2161 gaudet
1648 2089 1903 2158 interitu,

307 2174 469 2249 justar
498 2178 873 2236 retributionis
893 2194 1111 2252 prunam
1133 2196 1163 2236 a
1181 2179 1364 2251 judice
1385 2196 1618 2254 superno
1641 2188 1901 2238 meretur.

314 2264 421 2333 Qui
453 2268 593 2324 enim
621 2268 756 2340 [odit
790 2271 1026 2341 foveam,
1060 2272 1245 2329 incidit
1281 2274 1335 2329 in
1364 2290 1480 2329 eam
1512 2271 1696 2345 (Prov.
1726 2271 1900 2346 xxvx).

309 2355 410 2425 Et,
449 2355 523 2413 0s
556 2359 698 2431 quod
734 2360 986 2415 mentitur
1020 2362 1212 2417 occidit
1245 2363 1479 2418 animam
1510 2360 1659 2435 (Sap.
1686 2362 1727 2434 ι)
1761 2380 1774 2417 :
1812 2362 1902 2418 hic

307 2453 489 2505 autem
513 2448 875 2506 mentiebatur
908 2462 1029 2508 sese
1064 2451 1283 2510 Saulem
1311 2452 1596 2509 occidisse.

381 2559 546 2619 Vsus.
583 2560 670 2619 18.
698 2591 771 2604 —
794 2560 989 2620 Filios.
1030 2563 1156 2621 Filii
1186 2562 1322 2622 Juda
1365 2564 1458 2621 lilii
1496 2566 1857 2623 confessionis
1878 2608 1894 2634 ,

1935 1288 1991 1349 Α
2013 1286 2085 1341 ad
2118 1287 2213 1357 qui
2247 1285 2388 1358 apud
2426 1301 2487 1344 se
2522 1296 2756 1346 mortem
2791 1289 2938 1364 regis
2985 1292 3267 1365 suscipere
3316 1295 3611 1371 iniquitate

1954 1388 1966 1400 ‘
2019 1377 2269 1450 exigente
2296 1379 2644 1437 meruissent.

2086 1475 2249 1531 Vens.
2288 1475 2379 1530 22.
2409 1504 2481 1517 ——
2516 1474 2563 1528 Δ
2612 1476 2866 1548 sanguine
2912 1477 3327 1550 interfectorum.
3367 1481 3608 1557 Sanguis

2012 1575 2068 1622 et
2106 1568 2274 1638 adeps
2316 1568 2484 1624 robur
2518 1576 2779 1638 prtestant
2821 1571 3074 1642 corpori,
3106 1572 3184 1629 ita
3216 1571 3293 1629 illi
3321 1573 3605 1635 fortitudi-

2012 1672 2135 1714 nem
2184 1660 2386 1715 dabant
2424 1659 2713 1727 subjectis,
2759 1676 2787 1714 a
2832 1663 3029 1733 quibus
3068 1662 3202 1723 Saul
3244 1674 3303 1722 et
3337 1666 3605 1728 Jonathas

2011 1752 2284 1808 interfecti
2322 1758 2449 1809 sunt
2486 1751 2641 1821 quasi
2682 1767 2790 1808 non
2840 1769 2871 1808 a
2916 1755 3157 1811 rusticis.
3206 1757 3305 1813 Vel
3344 1758 3420 1813 ita
3464 1758 3603 1817 Saul

2010 1850 2334 1923 reprobatus
2375 1859 2461 1908 est
2508 1867 2540 1908 ιι
2588 1851 2730 1916 Deo,
2778 1861 2836 1908 et
2877 1853 2947 1907 ab
2986 1853 3389 1913 incircumcisis
3418 1857 3603 1915 viliter

2008 1941 2355 2009 interfectus,
2408 1953 2667 2012 tauquam
2709 1958 2818 1999 non
2849 1951 2995 2001 esset
3030 1952 3227 2002 unctus
3260 1945 3421 2015 oleo,
3462 1962 3595 2018 pro—

2006 2040 2128 2103 pter
2157 2032 2473 2104 sanguinem
2517 2031 2931 2089 interfectorum
2952 2074 2966 2099 ,
2998 2034 3213 2091 scilicet
3255 2038 3599 2110 septuaginta

2007 2123 2246 2194 quinque
2275 2124 2617 2179 sacerdotum
2644 2124 2735 2195 qui
2766 2125 2993 2183 Domino
3022 2126 3233 2196 adipem
3268 2127 3597 2201 addebant,

2004 2234 2143 2292 quos
2168 2218 2419 2275 innoxios
2440 2217 2605 2288 jussit
2633 2219 2762 2275 Saul
2790 2220 3047 2277 interﬁci.

2075 2308 2304 2381 Sagitta.
2334 2308 2607 2366 Jonathan
2635 2317 2690 2367 et
2716 2308 2847 2369 Saul
2873 2309 3164 2371 bellicosos
3189 2321 3247 2367 et

2003 2401 2276 2473 signiﬁcat
2304 2401 2504 2467 fuisse,
2536 2410 2595 2459 et
2622 2402 2811 2459 laudat
2840 2403 2897 2459 in
2926 2403 3010 2463 eis
3038 2404 3291 2463 decorem
3320 2403 3511 2465 forum
3534 2413 3596 2463 et

2001 2493 2367 2551 constantiam
2396 2493 2584 2549 animi.

2074 2584 2276 2657 (Βη.)
2302 2584 2622 2657 Allegorice.
2651 2585 2780 2641 Pius
2808 2586 3071 2658 propheta
3092 2586 3264 2647 David
3292 2586 3594 2660 ﬁguraliter

304 2666 447 2727 quos
508 2668 673 2751 verus
730 2652 900 2714 David
955 2658 1070 2715 vult
1118 2676 1249 2717 arcu
1303 2660 1600 2751 Scripturze
1655 2662 1891 2731 muniri,
1927 2651 1974 2716 Β
1997 2651 2158 2733 dede;
2186 2651 2318 2733 δεῇιι
2354 2651 2767 2744 ρι’]οηαιιιιιη,
2798 2651 2942 2745 ἐισί,
2972 2694 3136 2751 usque
3174 2680 3245 2737 ad
3280 2651 3359 2745 ιιξ
3388 2682 3591 2741 uerum

300 2760 374 2805 ne
411 2763 511 2895 [ger
556 2748 918 2823 ignorantiam
965 2751 1020 2808 in
1069 2762 1363 2827 conspectu
1411 2750 1717 2811 daemonum
1764 2770 1890 2813 suc-

300 2850 427 2895 οιιῐι
465 2845 580 2895 ant.

298 2845 580 2895 αιιιῡαιιι.

367 2948 585 3005 Arcum.
626 2949 805 3024 (Rau.
838 2952 896 3011 in
926 2950 1019 3011 lib.
1056 2951 1229 3025 Reg.)
1264 2953 1401 3022 Quia
1442 2953 1772 3013 Philisthiim
1803 2970 1865 3012 sa

298 3043 509 3117 gittarii
543 3055 704 3112 sunt,
736 3061 845 3118 qua
883 3054 1001 3103 arte
1030 3046 1156 3103 Saul
1190 3046 1610 3112 interfecerant,
1641 3048 1888 3105 eamdem

226 3172 233 3179 -
298 3134 427 3192 belli
465 3143 642 3193 artem
676 3137 793 3193 vult
827 3152 922 3194 eos
954 3124 1167 3194 discere
1186 3179 1201 3205 ,
1232 3137 1319 3193 vel
1349 3138 1605 3210 praecepit
1638 3146 1699 3193 ut
1728 3154 1888 3211 reges

296 3228 438 3287 Iuda
487 3230 750 3289 docerent
804 3230 1208 3294 fortitudinem,
1258 3241 1321 3288 ut
1350 3231 1535 3288 fortes
1578 3233 1788 3288 scilicet
1832 3242 1888 3290 et

293 3320 488 3378 intenti
529 3334 714 3381 essent
750 3322 806 3378 in
854 3322 1053 3380 timore
1089 3323 1336 3387 Domini,
1390 3338 1460 3380 ne
1500 3324 1745 3394 perirent
1772 3324 1883 3381 sie-

291 3418 356 3468 ut
383 3409 536 3469 Saul.

364 3524 431 3583 In
461 3526 617 3583 libro.
648 3525 844 3601 (RAB.,
869 3524 959 3581 ubi
981 3522 1203 3601 supra.)
1225 3520 1461 3597 Legitur,
1486 3522 1607 3592 vel,
1630 3525 1882 3596 scriptum

289 3627 384 3675 est.
423 3618 579 3675 Hunc
598 3617 796 3674 librum
820 3631 1086 3688 nusquam
1123 3612 1361 3687 reperiri,
1390 3622 1739 3681 asseverant,
1770 3616 1880 3671 sic-

290 3722 351 3769 ut
382 3712 581 3769 librum
620 3710 887 3768 bellorum
934 3709 1185 3775 Domini,
1217 3716 1359 3775 etc.,
1401 3722 1563 3778 usque
1615 3706 1685 3760 ad
1744 3720 1879 3778 quo-

289 3803 451 3861 modo
477 3801 607 3859 Saul
645 3804 906 3859 recedens
945 3818 976 3858 a
1013 3803 1205 3858 timore
1244 3800 1459 3857 Domini
1491 3813 1592 3871 per
1624 3800 1880 3856 obedien-

288 3895 420 3950 tiam
448 3893 629 3963 periit.

357 3984 671 4051 Considera,
709 3982 900 4039 Israel.
939 3982 1081 4057 (ln.)
1116 3981 1219 4051 Qui
1251 3982 1592 4049 remansisti,
1632 3994 1733 4055 pro
1766 3996 1875 4054 qua

284 4077 442 4146 culpa
472 4074 743 4132 interiecti
774 4082 938 4141 sunt,
967 4083 1019 4131 et
1048 4088 1294 4145 praecave
1320 4089 1390 4129 ne
1417 4081 1472 4129 et
1502 4082 1558 4128 tu
1591 4073 1645 4129 in
1676 4073 1881 4129 scelere

281 4184 470 4225 eorum
500 4182 718 4241 pereas.

354 4262 516 4318 Vens.
528 4259 853 4316 20.—Geth.
870 4258 1153 4325 Torcular,
1168 4258 1378 4314 scilicet
1388 4254 1743 4325 Hierusalem,
1757 4276 1881 4331 quae

282 4356 488 4415 occidit
531 4358 828 4430 prophetas
866 4354 1097 4427 (Matth.
1131 4353 1325 4425 χχιιι),
1356 4352 1444 4408 cui
1482 4366 1630 4407 mors
1662 4351 1876 4407 Domini

279 4460 337 4508 et
361 4453 728 4524 apostolorum
774 4452 828 4507 in
883 4451 1122 4507 derisum
1153 4449 1255 4505 fuit
1274 4491 1289 4515 ,
1318 4457 1373 4505 et
1397 4448 1468 4503 ob
1493 4448 1597 4504 hoc
1621 4448 1878 4519 precmpit

278 4556 442 4599 verus
466 4541 639 4598 David
677 4556 743 4598 ne
770 4542 953 4614 passio
984 4554 1081 4597 sua
1111 4539 1221 4595 illis
1250 4538 1626 4595 annuntietur.

352 4636 514 4692 Vens.
545 4636 639 4692 2|.
666 4666 732 4677 —
751 4635 954 4692 Montes
982 4633 1206 4699 Gelboe,
1232 4618 1344 4690 etc:
1370 4631 1485 4705 (lu.
1511 4631 1530 4705 )
1561 4631 1667 4687 Alii
1692 4630 1874 4687 excel-

277 4726 363 4793 si,
396 4725 556 4798 quia,
586 4725 833 4791 scilicet,
874 4740 910 4782 o
958 4725 1120 4792 Saul,
1164 4724 1531 4781 inobedientia
1577 4732 1667 4778 tua
1714 4723 1872 4794 quasi

278 4817 594 4878 idololatria
618 4816 674 4873 in
703 4816 933 4873 excelsis
965 4824 1214 4889 reputata
1243 4825 1356 4881 est,
1389 4816 1516 4888 quia
1546 4815 1725 4871 scelus
1750 4815 1869 4872 ido-

277 4908 511 4967 lolatriae
544 4916 629 4967 est
661 4907 806 4965 nolle
836 4908 1204 4979 acquiescere.
1236 4906 1446 4964 Montes
1470 4905 1676 4963 Gelboe
1705 4906 1869 4962 uber-

276 5000 403 5057 rimi
452 5007 581 5056 ante
626 4998 1064 5055 maledictionem
1111 4998 1371 5066 fuerunt,
1417 5014 1555 5070 quos
1604 4999 1868 5053 hactenus

281 5088 659 5148 maledictioni’
683 5088 967 5162 subiacere
1018 5088 1232 5155 ferunt,
1261 5105 1366 5147 nec
1406 5105 1644 5160 unquam
1674 5088 1866 5160 pluere

274 5176 354 5240 ibi
380 5188 673 5240 testantur.

348 5272 466 5332 Rex
499 5283 555 5332 et
588 5277 852 5348 propheta
891 5275 1093 5343 David,
1123 5275 1215 5347 qui
1246 5275 1684 5347 persecutoribus
1716 5276 1861 5333 mala

1994 2770 2353 2843 iguominiose
2380 2771 2651 2842 superati,
2682 2771 2939 2843 gaudium
2968 2772 3207 2833 inimicis
3234 2772 3459 2835 iaciant.

2616 2906 2844 2965 CAPUT
2879 2904 2943 2965 il.

2065 3045 2227 3100 Vm.
2263 3043 2604 3115 l.-—-Igitur
2646 3054 2783 3117 post.
2834 3043 3013 3118 (Rau.
3042 3044 3061 3114 )
3109 3045 3372 3105 Ascensio
3414 3047 3589 3106 David

1990 3150 2114 3193 cum
2140 3136 2352 3192 duabus
2380 3136 2644 3193 uxoribus
2671 3137 2724 3192 in
2754 3135 2976 3193 Bebron
3006 3136 3281 3209 signiﬁcat
3307 3153 3582 3196 convoca-

1988 3230 2196 3287 tionem
2223 3230 2454 3286 duorum
2482 3231 2801 3301 populorum
2830 3232 2886 3287 in
2914 3231 3212 3288 Ecclesiam
3235 3232 3584 3291 catholicam.

1984 3320 2205 3379 Ilean
2232 3322 2381 3379 enim
2418 3322 2811 3393 interpretatur
2850 3322 3351 3396 eoujugium.-Sola
3394 3335 3585 3385 autem

1988 3413 2232 3470 Ecclesia
2256 3454 2269 3479 ,
2294 3413 2533 3469 caelestis
2558 3415 2704 3486 regis
2728 3429 2927 3486 sponsa
2950 3423 3057 3471 est.
3080 3415 3213 3473 illuc
3232 3417 3387 3473 tinxit
3410 3417 3583 3474 David

1984 3507 2230 3578 singulos
2254 3507 2404 3563 viros
2426 3521 2553 3564 cum
2580 3508 2745 3564 domo
2770 3523 2870 3563 sua
2888 3546 2906 3576 ,
2934 3510 3059 3580 quia
3086 3509 3282 3582 singuli
3308 3509 3496 3567 ﬁdela
3524 3512 3583 3567 in

1985 3599 2131 3655 illam
2160 3600 2474 3656 societatem
2518 3616 2616 3672 per
2654 3601 2928 3672 Evangelii
2966 3602 3413 3672 medicationem
3443 3618 3579 3659 con-

1982 3700 2268 3757 vocantur,
2298 3692 2388 3747 ubi
2422 3708 2530 3747 non
2561 3701 2647 3749 est
2674 3693 2952 3753 distinctio
2979 3691 3151 3749 Judtei
3182 3703 3237 3750 et
3265 3691 3466 3751 ϐπερὶ.

2054 3783 2217 3841 Vnus.
2245 3782 2300 3839 4.
2323 3815 2395 3825 -
2423 3783 2805 3855 Veneruntque.
2853 3784 2968 3855 (lo.
2993 3783 3012 3857 )
3057 3784 3193 3853 Quia
3224 3785 3476 3856 superbis
3521 3792 3579 3843 et

1981 3876 2442 3949 contemptoribus
2462 3876 2694 3949 gratiam
2716 3876 2810 3931 Dei
2830 3876 3407 3947 spernentibus,electi
3432 3875 3577 3933 fama

1982 3970 2383 4041 prmdicationis
2415 3978 2471 4024 et
2500 3969 2762 4025 virtutum
2816 3969 2996 4025 studio
3040 3968 3371 4027 conﬁtentur
3415 3970 3576 4027 Chri-

1987 4070 2129 4114 stum
2169 4076 2351 4131 regem
2380 4076 2503 4116 esse
2532 4061 2585 4115 in
2617 4060 2815 4131 populo
2845 4076 2944 4117 suo
2963 4101 2979 4128 ,
3011 4060 3098 4116 cui
3129 4060 3255 4117 data
3282 4070 3364 4117 est
3393 4061 3572 4118 omnis

1986 4159 2225 4222 potestas
2255 4151 2308 4205 in
2338 4150 2479 4206 cmlo
2504 4160 2560 4215 et
2590 4152 2644 4207 in
2673 4160 2843 4207 terra.

2056 4240 2216 4296 Vsus.
2265 4241 2318 4295 5.
2350 4271 2421 4282 —
2449 4241 2714 4312 Dixitque.
2765 4239 2928 4317 (1ο.)
2978 4239 3327 4311 Redemptori
3380 4248 3571 4297 nostro

1980 4329 2206 4386 multum
2248 4331 2467 4403 placet,
2507 4331 2598 4403 qui
2632 4344 2795 4403 opera
2826 4331 3090 4387 malorum
3120 4331 3212 4402 qui
3245 4330 3298 4386 in
3328 4331 3570 4402 peccatis

1980 4423 2177 4478 mortui
2207 4432 2366 4489 sunt,
2394 4423 2650 4479 oblivioni
2678 4423 2845 4479 tradit
2870 4423 2973 4479 dan
2997 4423 3200 4489 nando,
3229 4438 3329 4479 nec
3354 4438 3419 4479 ea
3445 4438 3568 4493 quae

1978 4514 2204 4571 Domino
2231 4515 2517 4587 displicent
2540 4517 2804 4583 imitatur,
2834 4516 2927 4571 sed
2955 4531 3076 4587 quae
3100 4515 3355 4588 praecepit
3386 4514 3566 4571 facere

1974 4607 2316 4663 recordatur.

2046 4723 2208 4778 Vens.
2238 4721 2292 4776 8.
2318 4752 2388 4763 —-
2414 4719 2671 4777 Isboseth.
2719 4722 2837 4794 (in.
2863 4720 2881 4795 )
2923 4721 3025 4791 Qui
3068 4722 3464 4794 interpretatur
3491 4721 3560 4792 [i-

1971 4813 2072 4868 lius
2098 4812 2440 4882 confusionis,
2472 4813 2656 4868 Abner
2684 4812 2980 4869 auxiliante
3008 4814 3139 4884 (qui
3171 4813 3564 4884 interpretatur

1968 4909 2134 4977 patris
2176 4906 2389 4962 lucerna
2418 4907 2435 4979 )
2469 4908 2714 4981 regnavit
2739 4924 2902 4979 super
2930 4908 3243 4963 universum
3272 4907 3439 4963 Israel
3459 4948 3473 4973 ,
3503 4915 3562 4962 et

1969 4997 2081 5053 sola
2111 4998 2304 5054 domus
2341 4996 2478 5053 Juda
2520 5000 2850 5069 sequebatur
2886 4998 3089 5063 David,
3120 4998 3244 5069 quia
3276 4999 3407 5054 solis
3436 5013 3561 5053 cre-

1966 5088 2220 5145 dentibus
2242 5098 2300 5144 et
2325 5104 2455 5145 vere
2476 5089 2861 5146 conﬁtentibus
2880 5086 3232 5160 sequentibus
3248 5090 3553 5155 Christum,

1966 5181 2021 5236 in
2051 5182 2266 5237 caeteris
2292 5197 2449 5238 error
2472 5182 2812 5240 confusionis
2838 5185 3124 5256 regnavit,
3154 5184 3371 5240 diabolo
3398 5184 3557 5239 insti-

1965 5280 2125 5344 gante
2144 5273 2237 5342 qui
2260 5272 2600 5343 transﬁgurat
2621 5290 2675 5328 se
2698 5275 2752 5329 in
2774 5274 3014 5346 angelum
3037 5274 3169 5330 lucis
3193 5274 3276 5343 (II
3302 5273 3427 5329 Cor.
3448 5276 3551 5346 xi).

278 5382 383 5422 non
414 5366 680 5436 reddidit,
711 5384 834 5425 cum
863 5368 994 5426 Saul
1033 5376 1090 5425 et
1123 5366 1355 5425 Jonatha
1392 5367 1531 5424 bello
1568 5370 1856 5426 accubntis.
1887 5388 1938 5449 Ι)
2032 5362 2416 5419 Circumduait.
2442 5364 2500 5420 in
2523 5364 2657 5421 ch.
2682 5366 2910 5423 dicitur:
2940 5366 3331 5421 Traduxiteum
3352 5365 3407 5419 in
3432 5364 3555 5418 Μα-

275 5468 397 5515 sent
420 5460 472 5514 in
496 5459 882 5517 lamentatione
902 5475 1000 5516 sua
1022 5458 1224 5515 Gelboe
1253 5459 1528 5515 montibus
1550 5459 1820 5515 maledicit
1842 5477 1853 5513 :

278 5547 719 5618 Montes‘Gelboe,
752 5567 845 5606 nec
875 5567 982 5613 ros,
1014 5558 1148 5616 etc.,
1171 5566 1333 5622 usque
1376 5549 1447 5604 ad
1481 5557 1538 5604 et
1564 5549 1745 5604 divina
1774 5550 1857 5605 vis

276 5644 598 5699 sententiam
632 5643 1009 5699 maledicentis
1043 5643 1304 5715 implevit.
1340 5642 1529 5715 Itaque
1556 5658 1656 5713 pro
1692 5643 1854 5715 regizn

284 5732 427 5787 secis
455 5732 762 5804 spectaculo
791 5746 1012 5803 pmnarn
1044 5732 1308 5789 elementa
1339 5732 1633 5788 solverunt.

1965 5455 2199 5509 hanaiim
2227 5463 2450 5521 ain-tn,
2480 5458 2621 5528 quod
2654 5457 3046 5529 interpretatur
3072 5467 3246 5512 castra
3265 5498 3280 5522 ,
3310 5456 3553 5511 traduxit

1965 5548 2174 5605 scilicet
2193 5548 2333 5604 ultra
2348 5548 2662 5616 Jordanem,
2680 5559 2735 5605 et
2757 5552 2809 5606 in
2832 5551 3026 5606 castris
3041 5566 3223 5622 regem
3240 5546 3544 5605 constituit.

2036 5640 2189 5695 Vers.
2223 5641 2307 5696 li.
2335 5671 2407 5682 —
2433 5638 2501 5696 Et
2533 5642 2652 5712 fuit.
2685 5642 2860 5714 (Rau.
2888 5643 2942 5697 in
2969 5641 3062 5696 lib.
3098 5639 3247 5712 Reg.,
3279 5649 3408 5696 tom.
3442 5638 3545 5712 ll.)

1963 5732 2107 5791 Bene
2136 5734 2305 5801 dixit,
2336 5735 2480 5806 quod
2511 5733 2680 5789 David
2711 5744 2916 5806 septem
2957 5734 3113 5789 annis
3154 5742 3211 5788 et
3249 5747 3345 5788 sex
3386 5747 3543 5786 men-

351 5823 533 5901 μω.
567 5823 587 5894 )
623 5822 762 5891 Quid
797 5824 1141 5897 deliquerunt
1193 5828 1449 5883 montes?
1486 5837 1627 5895 etc.,
1684 5843 1848 5898 usque
1959 5826 2110 5885 sibus
2149 5827 2392 5899 regnavit
2434 5826 2487 5882 in
2529 5826 2779 5911 Hebron,
2808 5834 2912 5884 etc.
2938 5867 2954 5893 ,
3003 5842 3165 5897 usque
3213 5826 3284 5880 ad
3323 5824 3547 5883 condita
