4006 6352
425 394 531 450 565

1478 388 1740 445 GLOSSA
1780 387 2168 445 ORDINARIA.
2209 421 2276 430 —-
2313 387 2438 445 LIB.
2479 388 2519 446 11
2559 389 2716 446 REG.

3572 388 3678 448 566

425 499 507 546 est
550 496 726 544 autem
778 495 900 542 ante
956 493 1162 557 septem
1225 499 1395 542 annos
1434 501 1596 556 quam
1635 485 1836 542 Thanis
1867 485 1996 542 urbs
2023 491 2069 549 Α
2100 487 2424 542 conveniunt
2475 487 2542 542 ad
2587 486 2880 552 Christum,
2935 493 2990 543 et
3037 499 3190 556 quasi
3219 485 3541 543 blandiendo
3590 489 3677 540 di-

426 581 490 636 Αἰ
500 579 643 652 gypti
653 618 666 632 .

503 670 664 726 Vens.
698 667 786 724 12.
815 696 887 710 -—
911 667 1184 738 Egressus.
1213 667 1394 739 (ΚΑΒ.)
1449 667 1602 723 Hunc
1651 666 1825 723 locum
1849 666 2003 724 lose-

423 764 562 833 phus
590 761 666 815 ita
694 759 951 830 exponit,
979 767 1084 814 etc.
1103 799 1118 825 ,
1145 776 1308 831 usque
1347 759 1416 814 ad
1457 760 1548 815 hic
1581 761 2004 832 persequebatur

425 856 607 911 Abner
637 853 691 908 in
721 861 971 907 neutram
1000 860 1212 923 partem
1242 853 1541 909 declinans.

495 943 658 1000 Vens.
695 943 780 998 18.
806 974 878 985 -
901 942 1072 997 Porro
1112 944 1270 999 Asael
1311 962 1496 999 cursor
1521 944 1870 1000 velocissimus
1901 947 2003 1016 fuit

422 1037 570 1108 quasi
600 1053 733 1091 unus
771 1035 835 1090 de
874 1037 1096 1106 capreis.
1130 1036 1237 1105 (lo.
1275 1052 1344 1092 ex
1382 1035 1578 1107 Greg.)
1614 1036 1770 1092 Asael
1798 1037 2004 1108 signifi-

422 1139 512 1187 cat
535 1145 630 1185 eos
669 1145 804 1200 quos
844 1130 1136 1184 vehemens
1175 1130 1440 1200 arripiens
1481 1129 1632 1184 furor
1669 1131 1724 1184 in
1765 1145 2004 1202 praeceps

425 1224 599 1288 ducit,
630 1231 737 1278 etc.
761 1264 776 1286 ,
806 1239 968 1292 usque
997 1222 1067 1275 ad
1093 1223 1248 1292 quasi
1278 1223 1394 1276 sine
1424 1221 1570 1278 ferro
1605 1222 1928 1278 moriuntur.

492 1319 654 1374 Vens.
684 1316 774 1371 26.
801 1346 872 1356 —-
898 1316 979 1370 Αη
1007 1316 1221 1386 ignoras
1247 1317 1387 1387 quod
1413 1317 1706 1386 pericu’osa
1727 1318 1796 1370 sit
1825 1317 2005 1386 despe-

422 1412 556 1465 ratio
583 1412 607 1464 ?
631 1410 687 1464 In
721 1409 945 1465 ﬂebneo
973 1411 1199 1465 habetur
1231 1424 1246 1463 :
1279 1408 1359 1462 An
1390 1410 1600 1478 ignoras
1623 1409 1760 1468 quod
1791 1427 2003 1465 amarus

421 1502 517 1556 erit
547 1502 690 1571 ﬁnis,
718 1504 762 1556 si
795 1501 1043 1572 populum
1067 1501 1236 1555 delere
1267 1501 1492 1556 niteris?

1039 1634 1266 1692 CAPUT
1299 1635 1388 1692 Ill.

489 1750 651 1805 Vens.
675 1750 726 1804 l.
753 1745 923 1804 Facta
945 1755 1021 1802 est
1050 1763 1191 1820 ergo.
1222 1747 1379 1819 (ΕΑΒ.
1412 1747 1465 1801 in
1491 1743 1582 1804 lib.
1617 1745 1773 1818 Reg.)
1797 1746 2002 1802 Domus

2102 587 2274 631 cunt:
2315 577 2388 631 Os
2417 589 2564 630 tuum
2617 586 2666 631 et
2725 594 2846 632 caro
2893 587 2984 631 tua
3029 593 3256 632 sumus:
3301 592 3424 632 cum
3479 579 3531 631 in
3585 577 3676 631 illo

2103 667 2524 723 incarnationem
2579 682 2740 737 quam
2789 681 2854 722 ex
2907 675 3089 721 nostra
3133 674 3326 720 natura
3367 667 3422 720 in
3452 666 3676 736 virginis

2102 767 2257 814 utero
2293 762 2546 830 suscepit,
2578 759 2804 830 diligunt
2822 767 2876 814 et
2922 765 3268 814 venerantur.

2173 848 2336 905 Vsus.
2359 850 2485 904 '5.—
2512 849 2772 905 Seniores.
2799 851 2920 923 (lo.)
2950 851 3258 921 Prophetze,
3297 849 3526 920 apostoli
3555 852 3676 920 pari

2103 943 2206 997 fide
2255 951 2310 997 et
2361 943 2644 997 devotione
2703 943 2770 998 ad
2832 943 3110 998 Christum
3161 952 3509 999 concurrunt.

2174 1033 2564 1100 Unxeruntque.
2595 1034 2719 1106 (ιθ.)
2769 1035 2935 1088 David
2984 1035 3068 1090 bis
3121 1045 3318 1090 unctus
3379 1034 3596 1100 dicitur,
3623 1043 3680 1090 et

2103 1125 2348 1182 Christus
2397 1128 2547 1197 prius
2577 1127 2632 1182 in
2686 1108 2907 1194 Iudaeis,
2941 1137 3060 1199 post
3099 1129 3154 1184 in
3186 1129 3433 1198 gentibus
3475 1127 3682 1200 princi-

2101 1227 2285 1289 patum
2313 1221 2560 1288 sumpsit.

2173 1310 2334 1364 Vsns.
2352 1309 2406 1363 4.
2431 1340 2502 1350 -
2529 1310 2594 1364 Et
2617 1310 2986 1381 quadraginta.
3011 1311 3134 1380 (lo.)
3159 1311 3431 1379 Qumritur
3453 1328 3552 1369 cur
3569 1328 3680 1369 non

2103 1398 2155 1452 in
2209 1414 2415 1453 summa
2443 1401 2796 1470 quadraginta
2837 1403 2964 1456 anni
2997 1409 3053 1458 et
3108 1419 3201 1458 sex
3234 1419 3448 1460 menses
3489 1420 3683 1460 nume-

2103 1489 2326 1543 rentur?
2349 1502 2475 1553 etc.,
2507 1507 2668 1563 usque
2711 1492 2780 1545 ad
2813 1493 2904 1562 qui
2941 1508 3007 1547 ex
3051 1496 3396 1564 quaterdenis
3444 1505 3680 1558 constat.

2104 1590 2405 1652 temporum
2425 1591 2482 1638 et
2526 1599 2707 1638 rerum
2753 1586 3135 1656 perfectionem
3162 1589 3451 1658 significat.

2177 1675 2337 1730 Vens.
2366 1676 2418 1730 5.
2445 1707 2514 1716 --
2551 1676 2618 1730 1η
2649 1677 3001 1733 Hierusalem.
3029 1679 3270 1735 Trudunt
3297 1680 3507 1736 Hebraei
3537 1681 3684 1752 quod

2108 1764 2230 1820 Sem
2261 1766 2402 1821 illius
2453 1767 2587 1833 Noe,
2628 1784 2788 1838 quem
2831 1770 3017 1825 dicunt
3060 1770 3472 1838 Melchisedech,
3497 1773 3683 1828 condi-

421 1841 588 1896 Βίίνίά
619 1839 857 1897 “Hesus
884 1837 1202 1934 Jerusalem»
1250 1848 1390 1934 θιθοε
1414 1855 1574 1934 “3‘!”
1603 1839 1755 1934 αάῄθι
1780 1839 1997 1934 “inde!”
2029 1850 2072 1910 Β
2103 1859 2180 1914 dit
2209 1859 2407 1914 Saletn.
2465 1860 2614 1916 Hanc
2652 1870 2837 1934 postea
2890 1871 3180 1918 tenuerunt
3215 1862 3466 1931 Jebuszei,
3503 1880 3534 1920 e
3559 1864 3685 1934 qui-

421 1935 712 1990 secundum
756 1933 949 1988 merita
1005 1948 1102 1988 sua
1159 1932 1212 1987 in
1265 1930 1591 2002 profundum
1646 1931 1829 2006 abyssi
1863 1932 1994 1988 sub-

2129 1964 2198 2004 ius
2271 1951 2462 2005 sortita
2531 1961 2616 2007 est
2655 1930 2869 2008 nomen
2922 1953 3105 2009 Iebus.
3157 1953 3282 2010 Inde
3324 1930 3684 2021 Hierusalem,

421 2035 714 2097 mergetur.

492 2117 657 2173 Vens.
673 2117 728 2172 2.
745 2147 816 2158 —-
831 2114 1078 2188 Natique.
1097 2116 1205 2174 Sex
1226 2114 1322 2172 filii
1343 2117 1435 2186 qui
1457 2116 1572 2172 nati
1589 2125 1716 2172 sunt
1757 2115 1923 2171 David
1939 2115 1996 2170 in

2099 2043 2252 2111 quasi
2302 2043 2466 2099 Jebus
2497 2044 2696 2108 Salem,
2745 2056 2868 2117 post
2902 2061 2932 2101 a
2984 2046 3271 2103 Salomone
3307 2047 3642 2120 Jerosolyma
3667 2091 3686 2116 ,

2111 2136 2263 2204 quasi
2293 2134 2714 2192 Jerosalomonia
2741 2137 2885 2192 dicta
2911 2147 3016 2205 est,
3069 2155 3188 2210 quae
3213 2149 3401 2211 postea
3449 2142 3518 2198 ab
3545 2140 3688 2198 Elia

419 2209 637 2265 Hebron
683 2209 1069 2280 perfectionem
1100 2219 1408 2265 sanctorum
1453 2207 1776 2278 significant.
1810 2208 1900 2277 qui
1929 2208 1996 2265 de
2099 2227 2338 2283 Adriano
2389 2239 2577 2285 vocata
2623 2238 2706 2286 est
2751 2230 2917 2286 Elia.

419 2302 650 2374 spiritali
698 2301 944 2372 coniugio
971 2302 1174 2358 Christi
1220 2311 1274 2356 et
1309 2300 1565 2356 Ecclesiae
1613 2314 1711 2369 per
1760 2297 1998 2368 Spiritus

419 2393 589 2449 sancti
618 2392 844 2464 gratiam
871 2392 1112 2461 quotidie
1142 2391 1414 2446 oriuntur.

489 2487 650 2541 Vens.
677 2485 730 2540 5.
763 2516 833 2526 ——
863 2485 941 2539 De
976 2483 1128 2554 Egla.
1161 2483 1342 2555 (ΚΑΒ.)
1372 2482 1498 2538 llzec
1524 2490 1606 2538 est
1629 2480 1846 2546 Michol,
1877 2495 2001 2550 quas

421 2579 534 2634 sola
558 2592 692 2632 uxor
704 2577 920 2641 dicitur,
943 2577 1070 2646 quia
1091 2591 1210 2630 eam
1236 2575 1403 2629 David
1425 2575 1478 2630 in
1503 2573 1865 2630 adolescentia
1901 2589 1997 2628 sua

420 2672 648 2743 primam
697 2669 922 2727 sortitus
951 2675 1034 2724 est
1082 2683 1326 2723 uxorem.
1360 2666 1486 2724 Haec
1515 2668 1568 2721 in
1611 2674 1766 2736 partu
1798 2664 2000 2720 dicitur

421 2761 759 2826 occubuisse,
783 2760 928 2816 unde
953 2759 1007 2815 in
1023 2758 1372 2829 sequentibus
1387 2757 1650 2826 scriptum
1673 2763 1760 2811 est
1785 2773 1796 2809 :
1828 2753 2002 2825 Igitur

423 2851 620 2909 Michol
649 2851 776 2922 ﬁlia:
807 2849 938 2908 Saul
965 2867 1070 2906 non
1099 2858 1176 2906 est
1207 2859 1360 2905 natus
1379 2849 1543 2920 ﬁlius,
1576 2863 1740 2919 usque
1760 2848 1831 2902 ad
1859 2847 1998 2903 diem

423 2945 604 2999 mortis
637 2961 772 3009 suat,
802 2943 927 3013 quia
955 2943 1008 2997 in
1040 2942 1156 3013 ipso
1180 2951 1340 3012 partu
1367 2941 1642 2998 occubuit.

494 3036 658 3091 Vsus.
710 3035 796 3089 l7.
831 3064 903 3075 -—
933 3032 1256 3090 Sermonem.
1309 3031 1432 3106 (11).)
1496 3031 1680 3088 Abner
1751 3031 2002 3090 hortatur

424 3128 733 3184 universum
787 3125 974 3193 Israel,
1015 3136 1146 3192 etc.,
1198 3142 1358 3198 usque
1395 3124 1464 3179 ad
1513 3131 1570 3180 et
1595 3123 1754 3180 fidem
1798 3121 2001 3180 Christi

425 3220 622 3289 ubique
643 3219 912 3289 persecuti
943 3226 1089 3274 sunt.
1643 3223 1648 3232 '

495 3313 657 3369 Vsus.
691 3313 780 3370 29.
796 3343 864 3353 —
889 3310 1126 3368 Fluxum
1153 3313 1385 3368 seminis.
1413 3310 1572 3368 Juxta
1593 3311 1833 3368 litteram
1848 3310 2001 3366 vide-

425 3416 514 3461 tur
561 3407 845 3477 imprecari
884 3405 1210 3462 eﬂlueutiam
1259 3405 1514 3470 libidinis,
1561 3405 1726 3475 lepra:
1767 3404 2004 3476 plagam,

425 3494 912 3566 etl'emiuationem,
961 3497 1169 3555 inimici
1207 3497 1492 3569 subiacere
1537 3497 1747 3570 gladio,
1793 3495 2004 3552 mendi-

426 3604 573 3646 care.

498 3683 698 3740 Teneris
724 3683 920 3754 fusum.
954 3682 1138 3755 (Auc.)
1163 3682 1266 3738 Per
1301 3683 1564 3738 ambitum
1593 3683 1881 3739 verborum
1910 3699 2008 3740 no-

429 3786 615 3831 tantur
644 3778 736 3847 qui
767 3776 1036 3832 fallaciam
1061 3792 1217 3833 suam
1245 3776 1538 3832 defendere
1565 3776 1830 3831 nituntur.

498 3868 724 3923 Cadens.
768 3867 874 3934 Qui
901 3867 1076 3939 gladio
1113 3868 1332 3938 percutit
1367 3867 1544 3938 gladio
1571 3867 1755 3937 peribit
1789 3865 2004 3938 (Matth.

428 3963 600 4032 χχιιι).
634 3959 885 4016 Ηωτθιὶοἰ
916 3960 1094 4032 gladio
1125 3960 1236 4016 oris
1263 3956 1594 4030 perfodiunt,
1639 3959 1790 4030 prius
1828 3959 2009 4030 gladio

430 4054 726 4125 impietatis
760 4053 1020 4110 confossi.

500 4149 662 4205 Vens.
694 4148 784 4206 39.
825 4178 898 4190 —
920 4147 1210 4203 Delicatus.
1237 4148 1461 4220 Antiqui
1493 4148 1728 4206 delicata
1757 4150 2012 4206 dicebant

429 4242 533 4298 diis
561 4251 900 4309 consecrata,
929 4259 1048 4315 quae
1075 4258 1220 4299 nunc
1240 4244 1472 4302 dicimus
1497 4246 1764 4302 dedicata.

1037 4377 1266 4436 CAPUT
1320 4377 1409 4434 IV.

499 4491 658 4549 Vens.
688 4493 746 4548 2.
771 4481 847 4534 ’-
884 4492 999 4548 Duo
1046 4504 1232 4562 autem
1269 4493 1390 4550 viri.
1442 4491 1598 4566 (Ras.
1632 4493 1686 4549 in
1732 4491 1820 4547 lib.
1860 4491 2010 4564 Reg.,

435 4594 562 4640 tom.
615 4585 702 4659 Il.)
759 4585 826 4642 Hi
857 4585 962 4642 duo
998 4585 1102 4642 viri
1151 4585 1424 4658 principes
1478 4592 1632 4640 erant
1683 4584 1736 4640 in
1767 4583 2010 4642 exercitu
2041 4567 2092 4627 Ι)

431 4675 692 4743 lsboseth,
740 4685 796 4734 et
834 4685 1049 4734 mortuo
1087 4677 1291 4742 Abner,
1327 4676 1468 4730 sicut
1511 4676 1730 4731 tradunt
1775 4672 2009 4740 Hebraei,

434 4768 698 4826 consiliati
739 4777 864 4826 sunt
891 4784 1014 4825 cum
1043 4767 1403 4840 Mipbiboseth
1434 4774 1495 4822 ut
1523 4765 1767 4821 lsboseth
1802 4765 2011 4820 interli-

434 4866 640 4923 cereut,
670 4867 726 4914 et
759 4859 932 4929 ipsum
963 4872 1140 4930 regem
1169 4858 1580 4913 constituerent.
1607 4854 1711 4910 Sed
1743 4853 2012 4924 bliphibo-

435 4953 554 5008 seth
599 4953 882 5009 consilium
933 4951 1202 5024 prodidit;
1237 4951 1356 5006 ideo
1389 4950 1469 5006 sic
1515 4949 1786 5003 inducitur
1829 4966 1840 5001 :
1884 4947 2020 5004 Erat

436 5054 609 5099 autem
639 5044 885 5099 Jonathw
912 5043 1055 5112 ﬁlius
1076 5041 1291 5111 pedibus
1320 5039 1523 5096 debilis.
1553 5038 1632 5094 llli
1660 5038 1786 5094 vero
1818 5038 2012 5093 timore

435 5137 710 5207 perterriti
733 5136 986 5207 fugerunt
1012 5135 1064 5190 in
1090 5133 1367 5200 Gcthaim,
1393 5131 1721 5202 fueruntque
1747 5131 1815 5186 ibi
1843 5144 2015 5200 usque

437 5227 503 5280 ad
548 5235 757 5298 tempus
799 5225 946 5292 illud,
989 5239 1097 5294 quo
1126 5223 1332 5280 scilicet
1387 5222 1513 5280 inde
1555 5221 1756 5278 reversi
1796 5221 2012 5276 doznum

436 5319 676 5376 lsboseth
718 5319 944 5390 ingressi
979 5327 1123 5373 sunt.

507 5412 576 5467 Et
619 5413 860 5469 ostiaria.
903 5410 1025 5484 (ιν.)
1066 5410 1301 5467 Ostiaria
1334 5409 1574 5465 triticum
1621 5416 1837 5479 purgat,
1884 5417 2015 5472 etc.,

438 5522 600 5577 usque
648 5505 716 5559 ad
767 5520 832 5560 ne
871 5519 990 5560 eam
1020 5503 1203 5558 hostes
1251 5509 1538 5573 penetrem
1596 5499 1860 5555 foramine
1917 5513 2014 5552 ne-

437 5598 622 5672 glectae
649 5597 1010 5670 cogitationis.
1492 5603 1498 5610 '

1041 5708 1266 5766 CAPUT
1306 5708 1370 5765 γ.

514 5834 674 5888 Vsus.
709 5831 760 5884 l.
802 5828 867 5882 Et
909 5835 1175 5883 uenerunt.
1225 5823 1381 5894 (Rau.
1409 5822 1427 5894 )
1460 5823 1550 5878 Sic
1596 5835 1784 5876 omnes
1834 5827 2021 5891 gentes

2028 3208 2076 3274 C

2173 2319 2338 2373 Vens.
2367 2319 2419 2374 6.
2463 2350 2534 2360 —-—
2555 2318 2737 2376 Ciacos
2775 2330 2824 2376 et
2853 2322 3088 2378 claudos.
3119 2322 3220 2392 Qui
3253 2324 3526 2380 sufﬁciunt
3555 2339 3690 2381 con-

2103 2419 2184 2466 tra
2237 2422 2309 2466 te.
2353 2411 2467 2468 Hoc
2489 2413 2740 2469 dicebant
2771 2414 3000 2472 ﬁdentes
3050 2418 3238 2473 mut’is.
3291 2418 3398 2472 Aut
3420 2418 3496 2472 ita
3529 2435 3542 2472 :
3575 2433 3684 2474 non

2103 2502 2422 2572 ingredieris
2490 2503 2592 2558 nisi
2644 2521 2750 2580 nos
2791 2506 3030 2573 auferas,
3098 2523 3234 2577 quos
3291 2509 3527 2565 inermes
3575 2509 3686 2566 sic-

2103 2601 2164 2648 ut
2217 2609 2390 2649 caecos
2459 2603 2515 2649 et
2592 2595 2812 2653 claudos
2881 2595 3166 2655 arbitraris
3215 2607 3272 2656 et
3335 2601 3674 2671 triumphare

2104 2697 2284 2757 putas.
2449 2711 2480 2741 ο

2179 2780 2341 2837 Vens.
2372 2782 2425 2836 7.
2457 2781 2690 2853 —Cepit
2743 2792 2935 2838 autem.
2978 2783 3160 2856 (Rm)
3219 2783 3373 2840 Sicut
3417 2783 3688 2856 Iosephus

2108 2875 2203 2940 ait,
2245 2883 2378 2940 etc.,
2406 2892 2568 2946 usque
2589 2876 2658 2930 ad
2693 2892 2814 2947 quas
2857 2879 3050 2933 merito
3071 2893 3165 2932 arx
3191 2876 3348 2943 Sion,
3377 2877 3430 2933 id
3454 2887 3536 2933 est
3559 2893 3684 2949 spe-

2108 2965 2394 3024 culationis
2417 2978 2664 3034 vocatur,
2709 2977 2768 3024 ut
2804 2971 2869 3024 de
2889 2984 2950 3048 ea
2980 2979 3126 3026 recte
3173 2970 3385 3026 dicatur
3415 2990 3427 3024 :
3481 2969 3684 3026 Factus

2109 3067 2185 3113 est
2209 3059 2264 3112 in
2289 3075 2414 3128 pace
2441 3059 2585 3114 locus
2609 3060 2746 3130 ejus,
2767 3067 2871 3116 etc.
2903 3059 3076 3132 (Psal.
3109 3061 3292 3133 Lxxv).

2181 3151 2351 3208 David
2395 3166 2574 3206 arcem
2621 3150 2751 3207 Sion
2801 3152 2966 3223 cepit,
3021 3153 3217 3209 ablatis
3249 3153 3400 3224 prius
3443 3154 3600 3210 caacis
3629 3162 3687 3208 et

2110 3242 2319 3300 claudis
2375 3245 2681 3300 odientibus
2736 3245 2968 3300 animam
3019 3246 3206 3300 David.
3279 3245 3373 3301 Sic
3427 3246 3691 3302 Dominus

2109 3339 2401 3410 primatum
2436 3340 2488 3394 in
2513 3339 2749 3395 Ecclesia
2789 3340 3026 3410 gentium
3052 3340 3363 3409 acquisivit,
3387 3339 3691 3409 reprobatis

2109 3429 2225 3499 ejus
2252 3429 2456 3486 Scribis
2485 3441 2536 3484 et
2561 3430 2865 3495 Pharisaeis,
2899 3430 2989 3500 qui
3017 3430 3144 3485 caeci
3170 3438 3224 3484 et
3250 3429 3425 3485 claudi
3459 3431 3692 3484 oderunt

2111 3525 2347 3578 animam
2359 3521 2582 3588 Christi,
2601 3523 2652 3576 id
2669 3529 2752 3576 est
2779 3521 3069 3591 ejus'vitam
3099 3519 3312 3576 auferre
3333 3519 3511 3575 conati
3540 3525 3685 3574 sunt.

2181 3618 2341 3671 Vens.
2373 3615 2424 3670 8.
2449 3644 2517 3656 -—
2550 3614 2846 3668 Domatum.
2895 3611 2951 3668 Id
3000 3621 3082 3668 est
3115 3621 3406 3667 rectorum.
3449 3609 3684 3666 Fistulas

2113 3709 2343 3780 appellat
2389 3722 2539 3777 aquae
2582 3707 2775 3760 ductus
2818 3706 2881 3760 de
2909 3705 3132 3774 plumbo
3159 3702 3245 3759 vel
3290 3701 3473 3774 regula
3515 3700 3690 3756 factos

2113 3817 2210 3872 per
2235 3815 2372 3871 quos
2401 3814 2538 3868 aqua
2576 3799 2687 3854 ibat
2734 3813 2895 3868 super
2941 3812 3155 3852 murum
3199 3811 3297 3867 per
3345 3803 3517 3850 totam
3549 3794 3686 3849 civi-

2113 3903 2300 3950 tatem.
3231 3908 3244 3915 κ

2185 3983 2438 4039 Fistulas.
2474 3982 2688 4038 Falsam
2731 3983 3012 4038 scientiam
3055 3996 3148 4037 seu
3179 3980 3558 4036 haereticorum
3589 3978 3690 4034 do-

2113 4085 2292 4150 gmata
2323 4075 2576 4146 figurant,
2605 4088 2724 4144 quae
2748 4073 3004 4129 Dominus
3029 4087 3127 4144 per
3149 4070 3308 4135 Joab,
3337 4071 3390 4124 id
3421 4079 3524 4135 est,
3555 4083 3695 4140 pra:-

2114 4168 2382 4223 dicatores
2429 4165 2681 4220 destruit.
2729 4162 3007 4220 Jebusmus
3057 4163 3406 4226 conculcans,
3455 4162 3571 4216 haec
3610 4165 3694 4214 est

2113 4259 2407 4331 gentilitas,
2452 4274 2572 4329 quae
2617 4266 2743 4313 ante
2775 4259 2933 4312 tidem
2962 4263 3230 4326 praecepta
3279 4253 3376 4308 Dei
3407 4251 3694 4307 conculca-

2113 4355 2224 4408 bat.
2275 4353 2409 4408 Item
2438 4351 2719 4406 lebusaaus
2757 4351 3021 4412 calcatus,
3071 4348 3195 4417 quia
3234 4344 3482 4402 diabolus
3521 4360 3551 4398 a
3581 4343 3693 4398 Do-

2116 4445 2262 4500 mino
2291 4443 2555 4504 calcatur,
2583 4450 2634 4496 et
2660 4442 2759 4495 sub
2785 4439 2919 4495 loab
2956 4436 3251 4493 calcandos
3275 4434 3527 4489 subditur

2189 4533 2352 4588 Vens.
2379 4532 2518 4588 9.-
2538 4531 2605 4584 Et
2629 4529 2926 4598 ludiﬁcabit.
2953 4527 2994 4582 Α
3028 4507 3144 4582 loco
3169 4525 3243 4580 ita
3274 4525 3437 4590 dicto,
3463 4523 3697 4580 subaudi

2121 4639 2336 4680 murum
2361 4643 2374 4679 :
2403 4633 2458 4680 et
2499 4623 2825 4678 intrinsecus
2867 4621 3095 4676 subaudi
3125 4619 3292 4674 alium
3319 4633 3558 4684 murum,
3591 4618 3697 4672 hoc

2121 4725 2226 4777 est.
2255 4715 2483 4769 munivit
2519 4713 2709 4768 urbem
2739 4711 3143 4782 duplicitmuro.

2197 4806 2358 4862 Vens.
2399 4806 2484 4860 lt.
2509 4835 2580 4846 —
2601 4801 2746 4858 Misit
2773 4817 2994 4874 quoque.
3035 4800 3219 4858 Hiram
3252 4801 3439 4857 vivens
3459 4799 3696 4866 excelse,

2123 4901 2237 4955 haec
2263 4907 2348 4954 est
2371 4897 2644 4969 gentilitas
2675 4897 2729 4950 in
2757 4895 2974 4951 Christo
3005 4895 3250 4960 excelsa;
3282 4893 3502 4949 nuntios
3528 4891 3699 4948 mittit

2122 4993 2188 5045 ad
2214 4991 2382 5045 David
2402 5032 2415 5052 ,
2458 4989 2510 5044 id
2541 4997 2626 5044 est
2659 4989 2908 5043 doctores
2946 4987 3012 5041 ad
3039 4987 3332 5046 Christum.
3377 4993 3434 5040 et
3473 4998 3572 5054 per
3603 4995 3703 5038 eos

2122 5082 2342 5137 cedrina
2379 5081 2546 5151 ligna,
2576 5079 2630 5134 id
2661 5087 2747 5134 est
2783 5078 3127 5148 incorruptos
3159 5086 3216 5132 et
3241 5076 3440 5139 fortes;
3473 5081 3529 5130 et
3559 5072 3698 5136 arti-

2125 5174 2276 5238 ﬁces,
2312 5173 2364 5228 id
2391 5181 2498 5237 est,
2531 5187 2626 5227 eos
2670 5186 2898 5240 quorum
2938 5178 3055 5224 arte
3096 5177 3305 5223 mentes
3351 5176 3482 5222 sunt
3523 5167 3702 5223 iocor—

2128 5275 2323 5336 ruptaa,
2357 5274 2413 5319 et
2452 5273 2706 5334 tanquam
2747 5262 2956 5333 lapides
2992 5268 3226 5330 quatuor
3251 5259 3547 5315 virtutibus
3573 5273 3706 5327 qua-

2127 5359 2316 5422 dratae,
2358 5357 2438 5412 sic
2488 5356 2680 5411 domus
2725 5353 2932 5418 David,
2988 5352 3040 5406 id
3085 5359 3169 5405 est
3209 5349 3450 5406 Ecclesia
3503 5346 3711 5405 Christi

2127 5451 2446 5512 aediﬁcatur,
2475 5458 2530 5503 et
2557 5448 2906 5518 cognoscitur
2927 5444 3076 5514 quod
3097 5443 3239 5498 Deus
3263 5450 3512 5499 nostrum
3538 5438 3711 5495 David

2121 5543 2460 5599 confirmavit
2505 5555 2686 5611 regem
2742 5553 2905 5609 super
2953 5533 3149 5598 ἥκοι,
3196 5535 3251 5589 id
3290 5541 3413 5596 est,
3463 5532 3710 5587 vitiantes

2121 5636 2313 5691 Deum.

2197 5728 2381 5798 (Rm)
2421 5727 2812 5782 llaeretlcorum
2851 5719 3113 5778 ecclesias
3139 5734 3260 5790 quae
3289 5717 3389 5773 sub
3416 5702 3712 5772 Christiani

2127 5821 2359 5874 nominis
2390 5819 2546 5874 titulo
2575 5833 2634 5872 se
2676 5828 2896 5870 manere
2927 5812 3251 5884 gloriantur.
3286 5810 3390 5864 Set
3424 5811 3550 5882 quia
3579 5822 3712 5888 pro-
