4006 6352
315 345 420 403 ὄϐῗ

813 339 1208 396 WALAFRIDI
1249 337 1496 396 STRABI
1534 336 1738 394 FULD.
1781 333 1947 392 MON.
1993 335 2146 392 OPP.
2188 335 2368 392 PARS
2409 338 2448 392 Ι.
2494 366 2561 381 -
2589 333 3066 392 ~TIIEOLOGICA.

3485 338 3594 397 568

315 443 437 525 pter
467 451 616 508 lucra
647 451 882 508 carnalia
910 452 1184 512 Christum
1215 459 1534 522 sequuntur,
1569 465 1675 504 non
1709 449 1897 520 conju-
1927 449 1980 510 A
2004 449 2098 516 cit,
2154 447 2285 504 Mihi
2326 459 2502 518 autem
2547 449 2682 504 absit
2725 449 2942 524 gloriari
2971 449 3070 504 nisi
3105 449 3160 503 in
3199 465 3352 504 cruce
3381 449 3597 512 Domini

314 561 430 616 ges,
462 543 902 608 sedconcubi-na:
944 553 1228 600 vocantur.
1281 542 1436 598 Nunc
1481 556 1612 597 vero
1654 542 1700 597 si
1743 556 1899 614 reges

313 639 500 709 plures
554 651 774 702 uxores,
828 636 914 692 vel
951 635 1286 692 concubinas
1341 634 1566 698 habent,
1615 641 1899 703 peccatum

314 740 398 787 est
441 749 454 785 :
500 732 627 802 quia
656 730 844 803 ﬁgura:
883 730 1238 795 transierunt,
1290 744 1389 800 pro
1417 729 1614 798 quibus
1657 728 1761 784 hoc
1797 727 1898 782 ali-

315 824 536 895 quando
562 824 777 882 veniale
807 822 932 878 luit.

391 917 554 972 Vsus.
589 917 675 971 15.
699 947 772 958 -
794 915 1024 986 Natique
1065 923 1206 971 sunt.
1260 913 1319 970 Si
1360 929 1458 984 per
1486 914 1655 970 David
1693 913 1899 986 signiﬁ-

313 1017 469 1064 catur
496 1008 768 1072 Christus,
803 1023 913 1064 non
944 1007 1219 1064 immerito
1247 1021 1344 1078 per
1374 1005 1512 1061 ﬁlios
1548 1006 1664 1076 ejus
1696 1004 1896 1060 intelli-

315 1109 518 1173 guntur
541 1101 858 1166 Christiani,
889 1101 982 1171 qui
1009 1108 1138 1156 sunt
1163 1115 1227 1154 ex
1257 1097 1456 1154 Iudaeis
1481 1105 1536 1154 et
1565 1097 1898 1163 nationibus,

314 1193 511 1262 quibus
545 1200 854 1262 congruunt
902 1190 1380 1260 interpretationes
1422 1189 1699 1243 nominum
1739 1208 1750 1241 :
1798 1188 1899 1244 Sa-

317 1301 468 1350 mua,
499 1285 757 1348 audacia;
796 1283 997 1348 Sobab,
1030 1292 1384 1348 convertens;
1413 1281 1674 1348 Jabahar,
1703 1282 1892 1353 elegit;

313 1376 516 1442 Elisua,
557 1376 650 1432 Dei
686 1377 789 1432 mei
838 1375 1014 1442 salus;
1057 1373 1296 1447 Nepheg,
1337 1375 1616 1445 applicans
1653 1375 1768 1440 ori;
1809 1373 1900 1428 Ja—

313 1470 459 1538 phia,
497 1468 766 1524 illuminat
799 1468 891 1523 vel
923 1468 1197 1534 ostendit;
1236 1467 1506 1531 Elisama,
1556 1467 1697 1522 Deus
1745 1482 1898 1522 meus

317 1562 574 1622 audiens;
628 1560 839 1628 Elioda,
867 1561 1012 1616 Deus
1055 1575 1210 1616 meus
1263 1560 1398 1624 scit;
1435 1559 1722 1629 Eliphalet,
1756 1557 1898 1615 Deus

317 1670 470 1711 meus
500 1655 733 1712 salvans.

387 1747 550 1803 Vnus.
595 1747 685 1802 20.
711 1776 782 1788 --
824 1745 959 1801 Beat
989 1744 1290 1802 Pharast'm.
1342 1744 1740 1816 Interpretatur
1787 1745 1894 1799 ini-

2009 540 2170 615 (tua~
2196 542 2291 612 γι).

2007 689 2010 691 λ
2043 689 2046 692 ,
2082 631 2240 700 Vens.
2259 635 2444 700 _ll.-_
2464 634 2654 690 Tribus
2674 633 2980 703 mensibus.
2999 632 3124 706 (In.)
3153 633 3360 701 Quibus
3385 636 3596 694 scilicet

2003 729 2155 792 ﬁdes,
2185 743 2309 798 spes
2334 736 2389 784 et
2435 728 2671 784 charitas
2704 727 3102 800 signiﬁcantur,
3154 737 3290 793 etc.,
3331 747 3494 801 usque
3519 734 3590 787 ad

2001 828 2058 876 et
2094 822 2275 876 ovium
2303 819 2560 876 ducatum
2590 821 2876 892 geruntin
2917 820 3168 892 martyrii
3203 823 3470 893 sanguine
3495 842 3590 881 co-

2004 928 2222 970 ronans.
2773 967 2778 974 .
2857 943 2862 948 '
3045 941 3066 976 .‘
3081 945 3094 976 '_

2071 1006 2138 1060 In
2180 1008 2412 1078 organis.
2451 1007 2508 1064 Id
2537 1016 2640 1074 est,
2668 1009 2736 1063 ad
2777 1023 2989 1065 animum
3016 1009 3219 1082 ligatis,
3251 1011 3378 1066 dum
3415 1013 3592 1068 mani-

2001 1096 2102 1153 bus
2127 1097 2350 1154 ferentis
2379 1107 2692 1171 tanguntur.
2721 1100 2882 1156 Aliud
2907 1115 3082 1170 genus
3107 1103 3300 1173 organi
3327 1111 3411 1160 est
3444 1106 3592 1176 quod

2002 1205 2123 1244 cum
2153 1205 2291 1262 aqua
2314 1191 2394 1246 ﬁt.
2570 1225 2574 1230 -
2947 1233 2950 1238 .

2073 1281 2238 1336 Vens.
2287 1282 2374 1338 14.
2401 1315 2471 1324 —
2495 1282 2682 1356 Ephod
2732 1284 2890 1350 lineo,
2942 1295 2992 1342 et
3019 1285 3210 1350 David,
3241 1296 3350 1344 etc.
3409 1289 3592 1364 (ΗΑΒ.)

2002 1368 2116 1425 Νοη
2130 1372 2452 1442 pontiﬁcali,
2469 1375 2562 1430 sed
2578 1375 2717 1429 linea
2733 1384 2904 1441 veste,
2919 1392 3082 1430 causa
3105 1377 3447 1446 humilitatis,
3463 1391 3564 1438 etc.
3577 1425 3590 1450 ,

2001 1478 2163 1534 usque
2193 1464 2262 1517 ad
2293 1464 2437 1519 inter
2467 1463 2675 1535 ﬂagella
2705 1466 3074 1537 triumphavit.

2071 1555 2235 1610 Vsus.
2263 1555 2430 1610 16.-
2459 1557 2691 1629 Cumque
2720 1560 2962 1613 intrasset
2991 1576 3190 1615 arcam.
3219 1561 3343 1634 (lo.)
3372 1563 3596 1622 Cunctis

2003 1645 2407 1702 exsultantibus
2435 1657 2489 1702 et
2515 1650 2582 1704 ad
2616 1639 2758 1704 arcis
2788 1650 3026 1705 caelestis
3056 1653 3335 1708 introitum
3365 1655 3595 1726 hymnos

2000 1738 2410 1805 resonantibus,
2441 1749 2572 1805 etc.,
2625 1758 2788 1812 usque
2826 1743 2901 1812 ad
2939 1743 3064 1812 quia
3091 1746 3186 1813 qui
3230 1747 3453 1802 verbum
3500 1748 3593 1805 Dei

313 1840 568 1894 micorum
596 1838 802 1894 divisio.
837 1839 1021 1894 Potest
1054 1839 1158 1894 dici
1187 1839 1267 1894 sic
1297 1837 1449 1894 locus
1493 1815 1738 1902 vocatus,
1771 1837 1897 1908 quia
1930 1815 1976 1875 Β
2005 1846 2136 1886 aure
2188 1839 2350 1887 tenus
2395 1833 2732 1903 percipiunt,
2785 1834 2990 1906 absque
3040 1837 3166 1892 boni
3224 1841 3403 1908 operis
3455 1843 3592 1912 proli

312 1930 637 1987 Philisthiim
681 1931 1016 2002 reliquerunt
1049 1930 1192 1987 idola
1223 1947 1320 1987 sua
1359 1933 1414 1986 in
1443 1931 1566 1986 loco
1607 1931 1701 1986 ubi
1737 1930 1898 1986 divisi

315 2033 460 2080 ειιηι.

387 2117 551 2172 Vnus.
594 2117 782 2173 25.—
810 2115 1093 2194 Furorum.
1144 2117 1201 2173 In
1249 2116 1480 2174 Hebraeo
1518 2117 1788 2188 ﬂentium,
1844 2117 1901 2172 id

316 2218 423 2274 est,
474 2210 766 2276 idolorum,
817 2211 909 2265 ubi
965 2211 1176 2266 scilicet
1223 2210 1363 2266 idola
1409 2221 1568 2267 erant
1615 2213 1668 2266 in
1701 2212 1900 2283 quibus

313 2299 657 2356 conﬁdebant
683 2316 806 2371 quae
833 2299 1078 2358 ﬂentium
1104 2310 1389 2368 vocantur,
1421 2302 1547 2372 quia
1579 2300 1706 2356 ﬁetu
1735 2303 1898 2374 digna

314 2401 460 2458 sunt,
490 2401 547 2447 et
570 2392 809 2452 cultores
847 2408 974 2450 suos
1016 2395 1082 2449 ad
1123 2392 1310 2454 ﬁctum
1354 2395 1740 2465 miseriamque
1769 2409 1896 2466 per-

311 2481 535 2538 ducunt.
579 2529 584 2532 _

377 2573 458 2629 1η·
484 2576 776 2632 cacumine.
825 2577 1008 2650 (ΚΑΒ.)
1043 2577 1216 2648 Pyrus
1255 2579 1456 2634 dicitur
1488 2594 1552 2634 ex
1583 2577 1758 2636 Greco
1787 2588 1896 2658 πῦρ

307 2667 452 2737 quod
482 2676 565 2722 est
595 2667 754 2738 ignis.
803 2667 928 2740 Pyri
969 2669 1142 2724 sancti
1196 2686 1209 2722 :
1258 2685 1556 2737 cacumen,
1591 2670 1896 2730 sublimitas

307 2755 436 2814 vita:
474 2773 697 2826 eorum;
747 2760 800 2814 in
839 2776 944 2830 qua
982 2759 1148 2816 ﬁante
1188 2759 1392 2830 Spiritu
1435 2773 1622 2817 sancto
1662 2762 1898 2819 intonuit

308 2850 713 2922 praedicationis
760 2852 986 2908 sonitus.
1045 2851 1148 2920 Qui
1195 2862 1281 2909 est
1330 2854 1655 2924 gradientis,
1708 2855 1760 2910 id
1809 2865 1894 2912 est

311 2946 510 3004 donum
549 2945 602 2999 in
629 2961 793 3002 carne
827 2947 1186 3013 advenientis,
1217 2948 1270 3003 in
1300 2949 1584 3004 cacumine
1611 2965 1891 3022 pyrorum,

312 3040 364 3094 id
409 3048 491 3095 est
529 3055 692 3112 super
722 3041 1096 3098 celsitudinem
1137 3050 1473 3108 sanctorum,
1517 3043 1647 3098 dum
1683 3043 1773 3098 hic
1807 3058 1895 3099 so-

2005 1923 2147 1979 diem
2177 1921 2455 1997 perpetua!
2492 1929 2685 1982 mortis
2709 1938 3052 2000 exspectant.

2073 2017 2235 2072 Vens.
2269 2017 2358 2072 20.
2381 2049 2450 2058 —
2475 2017 2698 2089 Egressa
2732 2019 2927 2074 Miclrol
2969 2021 3083 2090 ﬁlia
3129 2021 3260 2078 Saul
3312 2025 3368 2079 in
3408 2041 3595 2080 occur-

2001 2105 2130 2162 sum'
2151 2104 2342 2173 David,
2375 2116 2479 2163 etc.
2511 2107 2730 2180 (Gaso.,
2769 2110 2863 2165 lib.
2895 2127 3043 2166 xxvu
3071 2112 3294 2180 Moral.,
3331 2130 3450 2185 cap.
3477 2117 3592 2188 27.)

2001 2197 2202 2254 Intueri
2242 2199 2374 2255 libet
2411 2211 2616 2270 quanta
2644 2201 2908 2257 virtutum
2947 2219 3169 2259 munera
3207 2204 3375 2261 David
3405 2223 3595 2277 perce-

1999 2300 2178 2362 perat,
2207 2302 2338 2356 etc.,
2369 2310 2534 2364 usque
2561 2294 2631 2347 ad
2673 2303 2852 2349 tamen
2899 2295 2952 2350 in
3001 2311 3058 2352 se
3098 2299 3363 2354 cervicem
3413 2302 3592 2357 cordis

1999 2387 2177 2474 valida
2212 2387 2556 2443 discretionis
2586 2387 2734 2443 calce
2765 2388 3102 2460 deprimebat
3127 2391 3312 2447 dicens
3339 2410 3353 2447 :
3380 2391 3592 2466 Eroque

1999 2475 2214 2532 humilis
2254 2478 2308 2532 in
2338 2478 2525 2534 oculis.
2753 2515 2767 2528 .
2809 2483 2840 2492 "

2072 2566 2366 2624 Gloriosus.
2400 2570 2567 2626 David
2598 2587 2721 2626 cum
2753 2587 2938 2628 arcam
2982 2573 3038 2629 in
3079 2571 3379 2631 Jerusalem
3413 2584 3589 2644 trans-

1999 2659 2190 2726 ferret,
2233 2676 2264 2714 a
2291 2659 2484 2718 Michol
2507 2663 2872 2720 subs'annatns
2893 2672 2994 2720 est.
3056 2665 3125 2720 Et
3187 2665 3436 2722 Christus
3463 2683 3585 2722 cum

2001 2735 2410 2809 Testamentum
2434 2753 2642 2811 Novum
2673 2758 2727 2812 in
2755 2751 3050 2814 Ecclesiam
3067 2775 3217 2814 suam
3242 2759 3584 2826 transferret,

1997 2830 2198 2903 Iudaeis
2233 2847 2286 2902 in
2315 2863 2480 2904 cruce
2501 2849 2790 2906 ludibrium
2822 2851 2941 2920 fuit,
2975 2853 3152 2910 nudus
3186 2856 3434 2925 apparuit
3459 2857 3586 2911 dum

1997 2939 2295 3007 potentiam
2353 2939 2459 2996 illis
2520 2942 2898 3010 abscondens,
2975 2947 3158 3001 carnis
3212 2947 3584 3003 inﬁrmitatem

1998 3031 2155 3102 quasi
2210 3033 2387 3104 ephod
2442 3033 2647 3090 linedm
2707 3038 2962 3094 ostendit.
3035 3038 3586 3096 Ancillze'servorum

313 3131 478 3188 nitus.
507 3133 728 3188 auditur
773 3149 804 3188 a
845 3141 1030 3190 nostro
1074 3132 1268 3200 David,
1307 3133 1605 3191 Philisthtei
1633 3135 1892 3206 intelligi-

2013 3123 2288 3192 person'am
2329 3137 2546 3198 gestant
2587 3139 2929 3199 sanctorum,
2952 3134 3100 3189 inter
3123 3149 3260 3204 quos
3283 3150 3382 3206 per
3409 3137 3588 3191 crucis

317 3222 454 3279 biles
477 3233 820 3296 superantur.

749 3373 754 3378 ‘
836 3365 862 3391 "
888 3360 1146 3418 "CAPUT
1203 3361 1291 3418 VI.

386 3497 551 3554 Vsus.
601 3499 652 3552 1.
685 3529 754 3541 --
779 3497 1140 3571 Congregavit.
1191 3496 1372 3568 (Rm,
1410 3512 1472 3554 ex
1503 3494 1700 3562 Euch.)
1725 3495 1897 3552 David

309 3590 608 3659 Christum,
652 3601 788 3658 etc.,
829 3609 994 3665 usque
1030 3592 1099 3646 ad
1129 3591 1223 3662 qui
1262 3591 1652 3647 descendentes
1695 3590 1763 3652 de
1797 3589 1896 3645 Ju-

309 3682 424 3738 daa
454 3683 722 3739 docebant
757 3681 954 3738 fratres
992 3700 1005 3736 :
1047 3680 1169 3742 Nisi
1212 3681 1662 3736 circumcidamiui
1712 3697 1898 3736 secun-

309 3779 436 3830 dum
466 3792 664 3832 morem
695 3774 886 3852 Moysi,
928 3791 1032 3830 non
1056 3774 1270 3846 potestis
1306 3772 1437 3828 salvi
1463 3771 1581 3842 ﬁeri
1608 3769 1747 3843 (Act.
1778 3771 1892 3844 xv).

377 3867 544 3922 Vens.
579 3866 728 3921 2.—
761 3867 1024 3923 Sedentis.
1080 3866 1257 3938 Super
1307 3881 1493 3921 arcam
1541 3873 1660 3920 erat
1709 3866 1895 3921 tabula

309 3971 474 4029 quam
499 3957 601 4014 alis
625 3957 734 4012 duo
768 3957 1046 4014 cherubim
1075 3957 1347 4028 tegebant,
1381 3957 1524 4012 inter
1551 3972 1689 4028 quos
1712 3955 1897 4013 Domi—

311 4063 416 4106 nus
455 4049 751 4120 apparebat
779 4057 834 4102 et
861 4047 1204 4118 loquebatur.

380 4137 565 4211 (BAL,
594 4154 663 4196 ex
684 4137 872 4210 Greg.)
912 4138 971 4194 In
1013 4139 1238 4194 historia
1282 4139 1426 4212 regis
1471 4139 1638 4195 David
1679 4147 1736 4196 et
1764 4155 1892 4212 pro-

307 4233 486 4303 pheta:
521 4247 629 4302 qua
670 4247 854 4287 arcam
883 4231 981 4287 Dei
1027 4230 1321 4286 adduxisse
1352 4231 1573 4298 dicitur,
1612 4231 1894 4288 humilitas

307 4325 623 4395 approbata,
651 4323 904 4394 superbia
931 4323 1209 4388 damnata,
1237 4332 1292 4379 et
1319 4324 1598 4380 temeritas
1623 4324 1894 4382 vindicata

310 4424 665 4471 monstratur.
706 4414 876 4472 David
920 4416 1087 4479 enim,
1125 4415 1218 4487 qui
1248 4431 1436 4472 coram
1463 4431 1588 4471 arca
1618 4417 1895 4473 humiliter

307 4505 508 4562 saltare
536 4521 644 4561 non
672 4505 912 4572 erubuit,
943 4521 1067 4562 mox
1097 4505 1517 4578 promissionem
1547 4504 1670 4568 Filii
1700 4507 1796 4564 Dei
1825 4507 1892 4564 de

306 4613 404 4654 sua
433 4599 602 4668 stirpe
626 4598 885 4654 nascituri
907 4599 1181 4668 suscipere
1202 4599 1421 4664 meruit,
1449 4607 1504 4653 et
1527 4597 1750 4669 coniux,
1771 4614 1892 4669 quae

307 4688 665 4747 humilitatem
714 4691 980 4759 despexit,
1029 4699 1306 4760 perpetua:
1357 4690 1660 4746 sterilitatis
1700 4706 1891 4762 poenas

306 4779 426 4837 luit.
474 4777 745 4836 Sacerdos
775 4796 989 4850 quoque
1024 4782 1116 4852 qui
1153 4796 1338 4836 arcam
1376 4783 1663 4838 temerarie
1697 4783 1890 4854 tetigit,

305 4880 522 4930 reatum
568 4872 652 4928 sui
695 4887 861 4928 ausus
909 4873 1200 4928 immatura
1243 4882 1420 4929 morte
1469 4875 1739 4946 purgavit.
1788 4874 1892 4931 Ubi

306 4964 627 5023 intuendum
673 4972 756 5020 est
797 4972 1061 5035 quantum
1105 4963 1383 5035 delinquat
1431 4966 1524 5035 qui
1573 4967 1641 5022 ad
1692 4981 1893 5038 corpus

307 5059 522 5117 Domini
557 5073 683 5116 reus
736 5057 965 5120 accedit,
994 5058 1039 5113 si
1069 5057 1159 5114 ille
1185 5067 1360 5115 morte
1389 5059 1654 5115 multatur
1679 5062 1771 5131 qui
1803 5076 1894 5116 ar-

307 5168 452 5217 cam,
483 5150 749 5207 Dominici
789 5150 1037 5224 corporis
1076 5149 1325 5222 ﬁguram,
1369 5150 1566 5206 minori
1589 5166 1754 5221 quam
1797 5150 1896 5207 dei

307 5247 427 5302 huit
453 5246 803 5302 veneratione
833 5245 1117 5317 corripuit.

379 5338 600 5411 (GM-36.,
640 5338 676 5393 l.
709 5354 741 5392 v
769 5337 988 5404 Μαντώ,
1025 5353 1145 5408 cap.
1168 5335 1279 5408 10.)
1315 5330 1477 5408 Saepe
1500 5337 1626 5408 quia
1669 5337 1893 5410 intelligi

309 5446 417 5489 non
444 5431 644 5495 valent,
673 5431 1091 5504 etc.,‘uaque-ad
1135 5445 1244 5486 non
1295 5430 1582 5487 meliorqu
1623 5430 1768 5488 facta
1805 5431 1892 5487 vel

309 5525 454 5580 dicta
483 5521 630 5578 velut
667 5522 878 5578 inﬁrma
905 5522 1256 5592 iudicarent.-

383 5613 547 5668 Veas.
577 5613 628 5667 7.
647 5641 716 5655 --
734 5613 836 5680 Qui
865 5623 1124 5668 mortuus.
1159 5612 1342 5684 (llam,
1369 5628 1436 5669 cx
1460 5612 1656 5686 Euch.)
1686 5613 1894 5672 Mortuo

301 5706 596 5764 'Ilcerdote
624 5721 730 5760 non
756 5721 920 5761 ausus
944 5714 1030 5761 est
1051 5721 1234 5761 aream
1260 5703 1554 5769 divertere,
1575 5712 1702 5769 etc.,
1734 5722 1894 5776 usque

317 5798 386 5854 ad
410 5798 562 5867 Aqua
592 5795 844 5853 Gelhtetts
891 5796 1120 5880 populus
1161 5805 1339 5870 potest
1367 5797 1649 5870 appellari,
1685 5798 1776 5868 qui
1807 5799 1892 5856 di-

1923 3184 1970 3250 c
2003 3184 2360 3287 triumphum“
2373 3219 2662 3291 gloriosior
2697 3184 2929 3279 edoctus
2965 3233 3048 3280 est
3092 3184 3312 3294 :‘1quemr
3329 3227 3454 3280 dum
3485 3225 3585 3280 Mi-

1997 3311 2117 3367 chol
2144 3313 2358 3380 irridet,
2400 3313 2688 3384 gloriosior
2719 3317 2930 3373 ancillis
2958 3327 3199 3390 apparet,
3231 3335 3350 3392 qua:
3375 3320 3431 3374 in
3458 3331 3588 3391 typo

1999 3402 2305 3474 Synagogte
2332 3405 2536 3462 sterilis
2563 3408 2887 3478 permansit.

2009 3515 2012 3518 ν
2070 3495 2137 3550 Et
2170 3491 2426 3551 nudatus.‘
2451 3495 2694 3554 Nudatos
2729 3515 2837 3555 non
2875 3501 3123 3568 omnino,
3169 3502 3268 3557 sed
3297 3501 3587 3575 regalibus

1998 3589 2367 3646 indumentis:
2411 3599 2467 3646 et
2510 3593 2635 3662 quia
2681 3607 2741 3648 se
2785 3608 2968 3650 coram
3016 3595 3247 3650 Domino
3299 3595 3587 3652 humiliare

1998 3693 2104 3734 non
2153 3681 2390 3749 erubuit,
2441 3698 2567 3739 mox
2612 3685 3028 3754 promissionem
3072 3686 3210 3742 Filii'
3238 3688 3330 3744 Dei
3381 3704 3448 3746 ex
3487 3706 3585 3746 sua

1997 3771 2166 3842 stirpe
2194 3772 2458 3827 nascituri
2495 3776 2772 3846 suscipere
2801 3778 3019 3832 meruit.
3066 3781 3071 3802 '
3154 3779 3156 3786 '

2599 3907 2826 3966 CAPUT
2865 3909 2976 3965 VII.

2067 4037 2230 4094 Vens.
2283 4039 2336 4093 5.
2365 4069 2434 4080 --
2465 4039 2632 4095 Omne
2671 4043 2812 4114 quod
2856 4052 2932 4099 est
2964 4045 3020 4100 in
3049 4047 3208 4101 corde
3251 4055 3362 4114 tuo,
3385 4049 3517 4104 vade
3535 4059 3587 4106 et

1995 4132 2100 4202 fac.
2162 4133 2322 4205 (11η.
2355 4133 2414 4187 in
2445 4132 2714 4206 lib.'Reg.,
2745 4142 2877 4190 tom.
2917 4135 3030 4209 Ill.)
3078 4137 3235 4198 Patet
3277 4140 3419 4209 quod
3453 4157 3584 4212 pro-

1995 4225 2192 4295 phetize
2246 4225 2489 4296 spiritus,
2537 4228 2924 4297 prophetarum
2971 4238 3181 4286 mentes
3229 4247 3336 4287 non
3373 4248 3590 4304 semper

1997 4316 2244 4371 irradiat..
2303 4315 2533 4388 Spiritus
2557 4319 2694 4372 enim
2744 4320 2832 4374 ubi
2888 4321 2993 4375 vult
3044 4322 3210 4393 spirat
3264 4323 3444 4393 (Joan.
3477 4325 3583 4395 ιιι).

2000 4408 2139 4464 Hinc
2169 4410 2383 4465 Eliseus
2414 4409 2491 4464 ait
2520 4426 2535 4464 :
2562 4410 2821 4466 Dominus
2861 4412 3043 4466 celavit
3077 4430 3109 4466 a
3140 4430 3243 4480 me,
3274 4424 3322 4468 ct
3368 4432 3470 4470 non
3507 4417 3588 4470 in-

1996 4503 2189 4557 dicavit
2222 4503 2352 4558 mihi
2389 4503 2442 4573 (1
2460 4502 2496 4556 γ
2531 4497 2657 4573 Reg.
2703 4503 2808 4576 tv).
2845 4503 2997 4572 Quod
3026 4505 3167 4560 Deus
3215 4520 3279 4561 ex
3311 4508 3586 4578 dispensa-

1999 4596 2144 4652 tione
2181 4596 2403 4667 pietatis
2445 4597 2719 4666 disponit‘:
2745 4597 2872 4667 quia
2913 4597 3054 4652 dum'
3082 4600 3384 4669 prophetia:
3421 4601 3582 4671 spiri-

2000 4698 2112 4744 tum
2149 4688 2242 4743 dat
2272 4697 2327 4744 et
2355 4681 2650 4752 subtrahit,
2683 4687 3126 4760 prophetantimn
3166 4699 3376 4746 mentes
3413 4691 3587 4746 elevat

2000 4779 2052 4834 in
2078 4779 2432 4842 celsitudine,
2477 4787 2530 4835 et
2577 4780 2812 4836 custodit
2861 4782 2915 4836 in
2962 4782 3290 4848 humilitate,
3337 4791 3396 4838 ut
3444 4784 3587 4839 acci-

2000 4873 2210 4944 pientes
2237 4871 2486 4942 spiritum
2515 4871 2796 4926 inveniant
2825 4871 2954 4942 quid
2975 4871 3052 4926 de
3082 4871 3192 4928 Deo
3221 4875 3352 4940 sint,
3383 4884 3586 4941 etrur-

2001 4981 2118 5022 sum
2171 4965 2468 5036 prophetia!
2501 4965 2753 5036 spiritum
2796 4979 2905 5020 non
2948 4965 3214 5022 habentes
3253 4978 3586 5039 cognoscant

1999 5056 2143 5126 quod
2169 5057 2282 5111 sint
2310 5058 2375 5112 de
2403 5057 2728 5127 semetipsis.

2076 5145 2293 5219 (Casa,
2336 5147 2432 5202 lib.
2463 5162 2538 5201 vn
2569 5145 2790 5214 Moral.,
2828 5162 2949 5218 cap.
2980 5147 3091 5220 17.)
3146 5146 3374 5204 Mundus
3425 5151 3478 5205 in
3526 5165 3584 5206 se

2000 5255 2119 5297 esse
2144 5257 2174 5295 a
2202 5240 2350 5295 vitiis
2381 5239 2558 5304 debet,
2592 5248 2722 5307 etc.,
2754 5258 2918 5312 usque
2949 5242 3018 5296 ad
3047 5256 3272 5298 necesse
3299 5251 3382 5298 est
3411 5252 3469 5298 ut
3502 5244 3583 5299 in-

1999 5333 2223 5388 stituere
2251 5331 2624 5402 proximorum
2657 5341 2864 5387 mentes
2901 5333 3207 5389 erubescat.

2075 5426 2238 5482 Vnus.
2270 5425 2323 5480 5.
2344 5454 2418 5465 —-
2445 5423 2721 5495 Nunquid.
2757 5424 2941 5497 (ΗΑΒ.)
2970 5423 3084 5479 Alia
3114 5427 3416 5489 translatio,
3452 5437 3580 5492 etc.,

2003 5537 2162 5592 usque
2185 5518 2253 5573 ad
2280 5517 2394 5589 ipse
2419 5516 2708 5572 :ediﬁCabit
2731 5517 2864 5572 mihi
2892 5520 3130 5572 deruunt.

2074 5613 2236 5668 Vens.
2274 5613 2354 5666 l0.
2381 5640 2452 5651 —
2473 5608 2538 5664 Et
2569 5627 2762 5682 ponam
2783 5608 2982 5668 locum.
3016 5611 3250 5683 Tempus
3275 5612 3585 5668 Salomonis

2000 5708 2277 5770 describit,
2311 5720 2418 5776 quo
2445 5703 2539 5759 ﬁlii
2576 5703 2743 5759 Israel
2765 5720 2956 5774 pacem
2986 5707 3222 5777 undique
3252 5692 3578 5778 habuerunt,

1987 5816 2102 5860 .nec
2127 5799 2310 5856 aﬁlicti
2335 5807 2461 5861 sunt
2497 5800 2636 5860 sicut
2665 5809 2908 5880 tempore
2933 5799 3204 5868 .ludicum,
