4122 6350
412 387 504 444 571
900 372 1293 443 WALAFRIDI
1332 380 1579 439 STRABI
1619 380 1822 438 FULD.
1865 379 2030 438 MON.
2070 381 2229 439 OPP.
2272 381 2450 438 PARS
2487 382 2526 436 1.
2564 409 2633 421 -
2672 377 3126 435 THEOLOGICA.
3322 448 3336 455 Α
3370 386 3389 396 ’
3556 378 3664 435 573

415 502 591 572 turpia
619 500 757 557 facta
778 518 898 573 quae
926 502 1243 574 persuadet,
1277 505 1332 561 in
1373 502 1547 561 oculis
1573 503 1851 560 hominum
1894 518 1981 559 re-
2006 505 2057 565 Α

416 594 578 651 velat.
607 592 701 650 liis
729 608 952 651 necesse
977 605 1060 651 est
1082 597 1305 652 sedeant
1341 597 1395 651 in
1435 594 1650 652 Jericho
1673 596 1842 651 donec
1864 611 1984 652 cre-

409 696 525 744 scat
557 688 746 752 barba,
765 701 833 742 ne
860 687 967 742 sint
995 688 1346 760 opprobrium
1369 686 1596 743 aliorum
1618 697 1675 743 et
1696 689 1981 748 anathema

412 782 652 838 omnium
672 822 687 846 ,
716 781 770 837 id
801 788 917 846 est,
947 782 1121 837 donec
1158 781 1494 838 incrementa
1520 782 1779 837 virtutum
1809 781 1863 836 in
1903 782 1984 837 eis

410 886 721 941 nascantur,
766 883 820 930 et
849 875 995 947 digni
1038 876 1343 932 habeantur
1378 878 1691 948 praesentari
1719 893 1818 934 suo
1847 878 1980 951 regi.

410 966 579 1023 David
611 975 792 1023 autem
838 977 1025 1024 noster
1066 967 1264 1024 milites
1313 985 1438 1025 suos
1484 969 1683 1026 inultos
1718 985 1840 1026 esse
1877 984 1981 1025 non

408 1058 636 1129 patitur,
684 1058 779 1113 sed
820 1059 1061 1114 exercitu
1096 1069 1424 1133 congregato
1466 1077 1685 1117 suorum
1731 1060 1985 1130 iniuriam

408 1149 647 1204 vindicat
664 1190 678 1214 ,
710 1163 809 1205 nec
837 1149 1009 1205 solum
1040 1150 1381 1208 adversarios
1402 1167 1499 1223 per
1525 1161 1834 1210 sanctorum
1858 1169 1983 1211 suo-

409 1253 527 1292 rum
555 1239 836 1294 victoriam
867 1237 1178 1307 confundit,
1223 1241 1316 1295 sed
1343 1240 1508 1296 etiam
1535 1242 1590 1296 in
1617 1250 1863 1298 extremo
1898 1242 1987 1314 ju-

409 1328 548 1383 dicio
577 1329 850 1398 perpetuis
881 1329 1096 1401 ignibus
1135 1329 1318 1385 tradit.

1017 1420 1244 1484 CAPUT
1294 1420 1384 1477 XI.

478 1510 644 1567 Vnns.
692 1512 742 1567 1.
769 1542 837 1554 -
860 1511 1087 1569 Factum
1131 1525 1206 1570 est
1247 1525 1419 1570 autem
1446 1525 1669 1572 vertente
1707 1534 1877 1585 anno,
1926 1536 1984 1574 eo

407 1611 632 1673 tempore
648 1620 751 1676 quo
770 1646 784 1669 ,
810 1614 915 1660 etc.
949 1606 1130 1678 (Ram,
1162 1622 1226 1662 ex
1252 1606 1498 1682 Hieron.)
1520 1608 1575 1663 ld
1598 1617 1712 1673 est,
1746 1611 1800 1665 in
1823 1626 1950 1667 vere
1967 1653 1983 1679 ,

413 1695 631 1763 quando
656 1694 808 1765 pulsa
842 1696 1058 1769 frigoris
1104 1701 1396 1770 asperitate
1420 1700 1614 1772 pabula
1644 1703 1988 1772 reperiuntur

402 1781 773 1855 jumentorum
794 1828 809 1853 ,
832 1796 965 1854 etc.,
994 1807 1156 1861 usque
1190 1791 1260 1844 ad
1287 1792 1380 1847 sed
1408 1792 1605 1848 devicti
1634 1802 1778 1847 sunt.

2155 502 2373 575 (Gneo)
2396 504 2550 576 Saepe
2566 520 2652 560 res
2673 502 2925 575 quaelibet
2946 518 3043 574 per
3063 501 3342 558 historiam
3367 501 3538 558 virtus
3558 512 3666 570 est,

2082 609 2182 665 per
2209 595 2655 667 signiﬁcationem
2685 594 2873 667 culpa;
2910 595 3052 650 sicut
3089 593 3379 665 aliquando
3417 592 3571 665 culpa
3608 594 3665 651 in

2086 684 2249 751 facto,
2307 685 2363 741 in
2392 687 2595 757 scripto
2635 686 2934 759 prophetiae
2976 684 3172 741 virtus.
3205 683 3341 753 Quis
3366 685 3510 740 enim
3557 701 3664 742 non

2085 779 2381 836 detestetur
2407 779 2549 850 quod
2575 779 2743 835 David
2770 780 2824 834 in
2848 779 3050 835 solario
3068 776 3421 835 deambulans
3441 777 3667 835 Bethsa-

2084 866 2185 924 bee
2213 868 2356 925 Uria:
2377 869 2690 939 concupivit
2714 884 2938 924 uxorem
2962 910 2977 935 ,
3001 883 3164 939 quem
3201 876 3380 924 tamen
3424 884 3454 923 a
3484 868 3669 940 pmlio

2087 970 2448 1016 revertentem
2477 961 2556 1015 ire
2584 960 2802 1015 domum
2845 968 3028 1015 monet
3048 1000 3061 1025 ,
3110 961 3275 1031 pedes
3312 960 3533 1016 lavare?
3564 960 3668 1028 Qui

2085 1052 2330 1122 protinus
2359 1052 2636 1123 respondit
2661 1051 2847 1107 dicens
2893 1067 2906 1105 :
2947 1050 3085 1106 Area
3130 1049 3224 1106 Dei
3268 1051 3368 1106 sub
3404 1050 3667 1120 pellibus,

2086 1151 2141 1197 et
2180 1158 2280 1215 ego
2310 1143 2365 1198 in
2403 1145 2565 1199 domo
2605 1158 2727 1198 mea
2767 1143 3145 1213 requiescam?
3179 1142 3349 1212 Quem
3392 1142 3559 1199 David
3599 1143 3670 1200 ad

2088 1252 2334 1292 mensam
2367 1238 2643 1309 propriam
2683 1237 2921 1307 suscepit
2962 1235 3120 1307 eique
3163 1236 3351 1306 epulas
3390 1251 3489 1307 per
3532 1252 3671 1307 quas

2089 1329 2224 1384 mori
2247 1329 2442 1385 debeat
2464 1331 2649 1385 tradit.
2674 1328 2845 1386 Tenet
2865 1345 2996 1401 ergo
3026 1330 3192 1390 David
3217 1330 3443 1401 figuram
3464 1330 3582 1401 ejus
3602 1331 3671 1387 de

2087 1436 2195 1492 quo
2223 1422 2480 1492 scriptum
2504 1433 2590 1477 est
2619 1439 2633 1476 :
2664 1421 2729 1476 In
2756 1421 2864 1477 sole
2894 1424 3064 1491 posuit
3098 1420 3494 1476 tabernaculum
3516 1438 3670 1475 suum

2089 1509 2261 1583 (Psal.
2290 1516 2469 1573 xvm).
2498 1511 2599 1581 Qui
2628 1512 2930 1569 Bethsabee
2955 1513 3020 1567 ad
3058 1528 3116 1568 se
3147 1514 3303 1584 jubet
3322 1512 3585 1576 educere,
3619 1512 3671 1565 id

2087 1611 2172 1657 est
2220 1602 2390 1672 legem
2422 1602 2616 1658 littera:
2655 1602 2859 1657 carnali
2887 1602 3082 1674 populo
3126 1602 3467 1673 conjunctam
3511 1599 3675 1671 spiri-

2089 1692 2219 1747 tuali
2245 1693 2344 1748 sibi
2389 1693 2663 1749 intellectu
2700 1694 2929 1749 sociare.
2968 1692 3277 1748 Bethsabee
3310 1692 3456 1746 enim
3482 1702 3671 1760 puteus

2087 1794 2279 1854 septem
2308 1785 2524 1848 dicitur,
2557 1785 2683 1856 quia
2707 1800 2805 1855 per
2827 1785 3199 1858 cognationem
3232 1786 3367 1857 legis
3390 1782 3669 1844 inlusione

480 1878 641 1935 Vens.
666 1879 720 1934 2.
743 1912 813 1922 -
834 1880 973 1937 Dum
1011 1883 1141 1937 ha-c.
1169 1882 1353 1954 (nam)
1383 1885 1551 1941 David
1581 1888 1819 1958 graviter
1859 1904 1987 1959 pec-
2015 1873 2062 1934 Β
2089 1878 2340 1947 specialis
2365 1879 2551 1945 gratia:
2576 1879 2815 1950 perfecta
2838 1880 2993 1935 nobis
3016 1879 3279 1950 sapientia
3304 1880 3663 1937 ministratur.

407 1971 587 2037 cavit,
621 1981 753 2038 etc.,
778 1989 938 2045 usque
960 1974 1030 2028 ad
1070 1974 1161 2046 qui
1212 1984 1320 2029 tam
1349 1990 1511 2047 grave
1536 1975 1729 2034 vulnus
1750 1980 1983 2050 peccati,

408 2061 729 2118 humilitatis
760 2062 1099 2120 confessione
1130 2066 1362 2119 sanavit.

472 2151 776 2209 Bethsobee.
824 2154 1014 2227 (1319.)
1061 2155 1262 2211 Puteus
1312 2157 1610 2224 satietatis,
1662 2157 1746 2212 vel
1790 2168 1987 2230 puteus

403 2245 683 2316 septimus.
718 2245 957 2301 Ecclesia
985 2262 1113 2301 vero
1142 2256 1369 2303 vocatur
1412 2258 1604 2319 puteus
1633 2265 1786 2319 aquae
1812 2251 1947 2306 vivae
1967 2292 1983 2318 ,

406 2344 462 2390 et
488 2335 611 2391 huic
646 2346 807 2407 puteo
838 2337 1131 2407 septenarii
1163 2353 1359 2394 nomen
1398 2341 1609 2395 numeri
1646 2341 1699 2395 in
1749 2340 1987 2412 Spiritus

399 2428 573 2482 sancti
617 2428 1012 2500 signiﬁcatione
1051 2429 1416 2503 coniungitur,
1460 2441 1683 2503 propter
1712 2434 1982 2490 rationem

404 2517 782 2585 Pentecostes,
810 2537 918 2591 quo
951 2522 1040 2578 die
1070 2524 1138 2578 de
1168 2524 1306 2580 enato
1334 2522 1571 2595 Spiritus
1599 2534 1820 2580 sanctus
1850 2526 1983 2582 mis-

403 2627 495 2667 sus
514 2622 617 2668 est.
640 2614 722 2671 Ad
742 2616 1101 2689 quadraginta
1122 2633 1336 2685 novem,
1360 2619 1413 2673 id
1431 2629 1535 2685 est,
1558 2619 1758 2689 septies
1778 2630 1985 2690 septem

401 2720 567 2760 unum
589 2706 828 2775 additur,
846 2710 1102 2778 quoniam
1126 2709 1310 2765 unitas
1327 2713 1761 2767 commendatur.
1788 2710 1980 2769 Unde:

398 2792 623 2851 Solliciti
662 2813 873 2853 servare
930 2800 1187 2857 unitatem
1232 2802 1450 2873 spiritus
1492 2802 1548 2857 in
1594 2801 1800 2857 vinculo
1838 2805 1985 2875 pacis

400 2885 562 2958 (Eph.
604 2903 657 2943 tv
676 2886 718 2962 ).
747 2890 901 2946 Dono
924 2891 1110 2964 itaque
1154 2893 1417 2964 spiritali,
1449 2894 1503 2951 id
1528 2903 1644 2959 est,
1674 2896 1984 2967 septenario

401 2983 547 3040 facta
581 2996 666 3043 est
692 2986 937 3044 Ecclesia
982 2997 1178 3060 puteus
1204 2990 1504 3057 satietatis,
1532 2992 1658 3061 quia
1686 2991 1863 3048 factus
1898 3000 1985 3048 est

394 3076 450 3133 in
478 3091 541 3132 ea
570 3077 687 3149 fons
715 3096 864 3151 aqua:
892 3080 1128 3136 salientis
1150 3083 1209 3137 in
1227 3083 1386 3138 vitam
1408 3093 1676 3151 (sternam,
1706 3100 1865 3156 quam
1891 3085 1981 3157 qui

395 3169 577 3225 Diberit
605 3187 709 3226 non
733 3172 869 3228 sitiet
893 3173 949 3227 in
974 3183 1227 3229 wtemum
1258 3174 1439 3246 (loun.
1472 3177 1565 3248 tv).

466 3259 683 3333 (Gneo)
702 3262 892 3319 Adhuc
914 3266 1096 3319 carnis
1117 3233 1488 3336 corruptibilis
1509 3233 1747 3340 pondere
1769 3272 1977 3337 gravati
2005 3233 2051 3298 θ

394 3363 501 3405 non
529 3350 775 3407 valemus
804 3354 885 3408 sic
915 3354 1132 3421 vivere,
1175 3362 1235 3410 ut
1280 3357 1424 3411 nulla
1469 3375 1569 3413 nos
1606 3360 1782 3431 possit
1809 3361 1979 3433 culpae

395 3440 682 3498 delectatio
710 3442 945 3514 pulsare.
972 3444 1081 3501 Sed
1113 3446 1256 3502 aliud
1284 3458 1368 3504 est
1408 3449 1679 3507 nolentem
1711 3453 1855 3525 tangi
1875 3496 1888 3521 ,
1924 3462 1980 3509 et

396 3530 542 3586 aliud
590 3534 1039 3591 consentientem.
1085 3533 1275 3593 Sancti
1331 3549 1510 3596 autem
1558 3542 1656 3597 viri
1702 3551 1852 3599 tanto
1900 3545 1980 3600 vi-

392 3621 665 3693 gilantiori
715 3640 776 3681 se
829 3628 1317 3699 circumspectione
1382 3634 1723 3701 custodiunt,
1775 3648 1978 3709 quanto

390 3725 451 3769 se
496 3713 698 3783 pulSari
742 3717 980 3775 sinistris
1026 3721 1263 3778 motibus
1318 3722 1399 3779 vel
1446 3727 1760 3784 transitorie
1830 3729 1976 3784 dedi-

394 3812 659 3874 gnantur,
706 3815 767 3860 ut
812 3809 857 3863 si
907 3809 1037 3879 quid
1083 3811 1222 3867 forte
1280 3828 1376 3869 cor
1423 3814 1666 3872 illicitum
1720 3820 1977 3891 concupi-

395 3903 602 3961 sceret,
630 3910 851 3968 pressus
880 3915 979 3970 per
1020 3902 1317 3974 disciplinae
1370 3907 1739 3978 magisterium
1787 3910 1975 3969 oculus

394 3986 583 4043 Videre
635 4000 912 4047 recusaret
956 4010 969 4047 :
1013 3994 1155 4050 sicut
1209 3997 1351 4052 enim
1405 4014 1547 4071 saape
1602 4004 1827 4059 tentatio
1876 4020 1975 4076 per

394 4079 584 4136 oculos
630 4082 884 4150 trahitur,
917 4085 997 4141 sic
1041 4101 1426 4159 nonnunquam
1467 4102 1724 4165 concepta
1772 4096 1974 4152 intrin-

392 4186 548 4231 secus
590 4176 868 4256 compellit
914 4178 1014 4235 sibi
1058 4180 1396 4239 extrinsecus
1432 4184 1623 4243 oculus
1670 4187 1967 4245 deservire.

391 4264 716 4339 Plerumque
777 4270 922 4325 enim
988 4270 1240 4342 quaelibet
1305 4288 1393 4330 res
1455 4275 1730 4334 innocenti
1791 4290 1972 4336 mente

391 4358 717 4429 respicitur,
769 4360 862 4425 sed
912 4361 967 4417 in
1026 4363 1143 4434 ipso
1180 4375 1471 4436 conspectu
1521 4370 1734 4427 animus
1772 4386 1972 4433 concu-

388 4451 693 4525 piscentiar
705 4452 883 4525 gladio
914 4455 1280 4514 confunditur.
1314 4458 1430 4517 Non
1451 4465 1595 4519 enim
1628 4464 1796 4520 David
1825 4464 1970 4523 Uriae

389 4546 669 4617 conjugem
692 4548 934 4605 studiose
960 4552 1230 4633 respexit,
1267 4554 1394 4625 quia
1426 4559 1844 4630 concupiverat,
1873 4560 1966 4616 sed

390 4638 569 4708 potius
599 4642 937 4712 concupivit,
969 4646 1094 4715 quia
1124 4646 1341 4704 incaute
1368 4650 1628 4721 respexit.
1655 4650 1809 4709 iusto
1840 4670 1969 4711 vero

392 4732 766 4789 retributionis
792 4737 1042 4792 examine
1084 4738 1177 4808 qui
1220 4743 1477 4797 exteriori
1506 4744 1840 4816 negligenter
1869 4748 1975 4803 uti-

2089 1969 2254 2026 Urias
2282 1987 2412 2027 vero
2435 1971 2720 2029 Judaicum
2753 1972 3007 2044 populum
3047 1972 3345 2043 signiﬁcat,
3375 1973 3467 2043 qui
3500 1973 3669 2029 inter-

2086 2072 2335 2133 pretatur
2372 2063 2466 2118 tua:
2510 2080 2625 2118 mea
2654 2064 2752 2118 Dei
2783 2079 2803 2120 :
2831 2063 3091 2120 Judaicus
3133 2065 3277 2119 enim
3306 2064 3538 2136 populus
3574 2065 3670 2135 qui

2086 2155 2152 2211 de
2176 2165 2399 2226 accepta
2444 2157 2577 2231 legis
2620 2159 2847 2214 scientia
2879 2158 3173 2223 extollitur,
3221 2160 3376 2229 quasi
3416 2160 3508 2216 Dei
3550 2160 3670 2218 luce

2086 2245 2365 2317 gloriatur.
2410 2246 2515 2302 Sed
2550 2247 2674 2304 huic
2716 2248 2883 2304 David
2929 2264 3152 2305 uxorem
3193 2250 3417 2304 abstulit
3458 2249 3672 2321 sibique

2086 2334 2397 2404 conjunxit,
2425 2335 2552 2406 quia
2601 2352 2761 2392 manu
2807 2337 2963 2393 fortis
3006 2338 3336 2409 Redemptor
3371 2356 3666 2411 apparens,

2085 2424 2212 2479 dum
2235 2425 2386 2481 de-se
2408 2426 2762 2496 spiritualiter
2781 2428 2954 2501 legem
2988 2430 3133 2503 loqui
3160 2432 3424 2497 innotuit,
3451 2447 3547 2503 per
3568 2432 3673 2489 hoc

2084 2517 2226 2585 quod
2254 2516 2412 2587 juxta
2440 2517 2681 2574 litteram
2714 2523 3059 2587 tenebantur,
3091 2501 3230 2578 hanc
3264 2538 3295 2576 a
3322 2501 3549 2578 iudaice
3570 2538 3670 2595 po-

2082 2606 2211 2677 pulo
2240 2616 2555 2663 extraneam
2601 2610 3031 2680 demonstravit,
3076 2612 3177 2667 sibi
3205 2612 3513 2683 conjunxit,
3541 2614 3671 2684 quia

2082 2714 2142 2755 se
2164 2715 2262 2770 per
2284 2685 2430 2756 illam
2456 2703 2806 2772 praedicatum
2835 2704 3150 2760 declaravit.
3173 2705 3359 2761 Uriam
3388 2717 3569 2762 tamen
3598 2706 3671 2763 ad

2083 2792 2300 2848 (Ιοηιυιιι
2332 2803 2517 2849 monet
2540 2795 2653 2862 ire,
2679 2804 2736 2852 et
2764 2797 2928 2866 pedes
2954 2796 3138 2853 lavare
3156 2839 3171 2864 ,
3197 2799 3327 2869 quia
3354 2798 3668 2855 incarnatus

2080 2883 2282 2940 ludatis
2324 2887 2603 2958 praecipit,
2652 2897 2713 2944 ut
2761 2890 2830 2945 ad
2879 2892 3268 2947 conscientiam
3315 2893 3568 2959 redeant,
3610 2900 3670 2948 et

2081 2976 2271 3032 sordes
2304 2993 2531 3049 operum
2560 2978 2774 3037 ﬂetibus
2816 2990 3064 3052 tergant;
3092 2991 3153 3037 ut
3175 2982 3484 3054 specialiter
3509 2997 3667 3039 man-

2082 3067 2205 3124 data
2231 3069 2368 3141 legis
2396 3072 2731 3145 intelligant,
2773 3082 2828 3130 et
2868 3083 2990 3145 post
3016 3084 3221 3130 tantam
3245 3076 3501 3131 duritiam
3529 3089 3671 3147 pra-

2081 3173 2360 3233 ceptorum
2384 3203 2401 3231 ,
2434 3163 2639 3221 fontem
2672 3167 2923 3237 baptismi
2958 3167 3331 3233 invenientes,
3372 3169 3440 3223 ad
3468 3183 3667 3239 aquam

2082 3269 2204 3327 post
2230 3256 2467 3313 laborem
2495 3270 2740 3314 currant.
2774 3259 2883 3315 Sed
2910 3260 3087 3326 Urias,
3110 3261 3202 3330 qui
3229 3275 3415 3316 arcam
3446 3260 3664 3318 Domini

2081 3361 2201 3403 esse
2230 3349 2331 3404 Stlb
2363 3349 2595 3419 pellibus
2635 3351 2912 3417 meminit,
2942 3352 3262 3422 respondet,
3288 3353 3412 3423 quia
3440 3354 3665 3408 domum

2081 3454 2235 3494 suam
2266 3439 2476 3496 intrare
2510 3458 2617 3497 non
2646 3443 2836 3513 possit.
2868 3442 3025 3512 Quod
3052 3442 3188 3498 dicit
3226 3462 3241 3498 :
3270 3443 3381 3514 Ego
3410 3443 3664 3499 mandata

2081 3532 2177 3587 Dei
2208 3533 2262 3588 in
2292 3535 2577 3590 sacriﬁciis
2601 3534 2914 3592 carnalibus
2948 3537 3137 3603 video,
3163 3543 3219 3592 et
3241 3536 3419 3595 redire
3447 3538 3514 3592 ad
3537 3551 3665 3593 con-

2080 3624 2361 3680 scientiam
2384 3641 2481 3697 per
2500 3627 2834 3697 spiritualem
2862 3608 3271 3700 intelligentiam
3294 3644 3399 3684 non
3423 3628 3661 3699 requiro.

2077 3715 2241 3784 Quasi
2266 3718 2418 3773 enim
2447 3734 2631 3774 arcam
2662 3718 2757 3774 Dei
2786 3734 2908 3775 esse
2924 3712 3047 3775 'sub
3074 3719 3305 3791 pellibus
3336 3720 3501 3786 dicit,
3532 3718 3660 3791 quia

2080 3818 2349 3880 praecepta
2393 3810 2489 3865 Dei
2522 3824 2628 3866 non
2657 3810 2761 3865 nisi
2790 3811 3097 3867 exhibendo
3140 3810 3499 3867 ministerium
3539 3825 3661 3866 car-

2078 3900 2216 3955 nalis
2250 3901 2502 3956 sacriﬁcii
2537 3901 2811 3973 intelligit.
2840 3900 2994 3957 Hunc
3024 3909 3207 3959 tamen
3232 3903 3410 3958 redire
3439 3902 3658 3958 domum

2076 3992 2348 4048 nolentem
2380 3993 2551 4048 David
2597 3994 2665 4049 ad
2696 4009 2938 4050 mensam
2966 4002 3155 4062 vocat,
3178 3995 3313 4065 quia
3342 4010 3463 4052 cum
3487 3992 3659 4051 Judai

2076 4084 2145 4137 ad
2195 4085 2585 4139 conscientiam
2619 4085 2816 4141 reverti
2861 4086 3251 4153 contemnant;
3291 4086 3541 4143 Christus
3574 4095 3657 4142 ta-

2074 4186 2197 4228 men
2224 4172 2522 4243 spiritualia
2552 4174 2814 4245 praedicat
2835 4173 3025 4232 dicens
3052 4194 3065 4229 :
3106 4174 3166 4232 Si
3187 4177 3463 4232 crederetis
3494 4175 3657 4245 Mosi,

2074 4267 2350 4321 crederetis
2398 4266 2623 4338 forsitan
2656 4278 2705 4324 et
2736 4269 2898 4337 mihi,
2946 4269 3011 4324 de
3052 4286 3134 4326 nte
3169 4271 3308 4325 enim
3335 4270 3424 4326 ille
3451 4273 3659 4344 scripsit

2074 4357 2259 4420 (loca.
2290 4360 2369 4430 v).
2405 4359 2605 4430 Legem
2636 4362 2782 4418 enim
2809 4361 3031 4419 Judaaus
3059 4370 3232 4429 tenet,
3262 4380 3387 4435 qua:
3423 4365 3544 4437 ejus
3568 4366 3657 4421 di-

2032 4480 2037 4487 ›
2072 4450 2350 4508 vinitatem
2371 4453 2629 4526 loquitur,
2658 4457 2747 4511 cui
2786 4449 3012 4513 credere
3048 4457 3391 4530 dedignatur.
3420 4457 3573 4516 Unde
3598 4467 3657 4516 et

2072 4539 2233 4599 Urias
2259 4542 2325 4598 ad
2347 4542 2482 4600 Joab
2508 4561 2632 4601 eum
2656 4546 2902 4616 epistolis
2924 4562 2993 4601 ex
3018 4547 3216 4617 quibus
3237 4548 3414 4604 occidi
3440 4549 3655 4617 debeat,

2074 4635 2333 4703 mittitur,
2388 4637 2514 4707 quia
2549 4636 2768 4694 Iudaeus
2811 4638 2986 4710 legem
3032 4647 3247 4710 portat,
3286 4655 3393 4711 qua
3432 4641 3656 4697 convin-

2073 4735 2231 4782 cente
2259 4727 2545 4782 moriatur.
2577 4726 2712 4784 Cum
2756 4729 2903 4784 enim
2950 4731 3204 4785 mandata
3232 4730 3371 4802 legis
3412 4732 3654 4788 retinens

394 4832 499 4889 tur,
531 4825 771 4880 interiori
795 4828 951 4884 oculo
974 4839 1229 4886 czecatur.
1263 4832 1418 4906 Saepe
1439 4846 1620 4892 autem
1642 4834 1753 4907 jam
1779 4840 1971 4895 intrin-
2036 4835 2053 4847 ’
2072 4819 2298 4890 implere
2320 4820 2534 4887 ηίιίιιινν
2565 4820 2679 4892 ipse
2700 4822 2873 4878 ἀεῖθτῑ
2885 4822 3151 4893 ἱυάίείιιηι
3180 4825 3323 4880 unde
3342 4826 3650 4883 damnetur-

388 4931 544 4973 secus
572 4916 1009 4988 concupiscentia
1041 4921 1373 4990 dominatur,
1402 4936 1454 4981 et
1484 4927 1831 4986 illecebratus
1851 4933 1968 4987 ani-
2070 4910 2211 4979 0"“
2240 4928 2370 4985 ⁸³Ἑο
2398 4928 2498 4983 Per
2538 4913 2742 4970 ramum
2788 4917 2932 4973 ismd
2960 4916 3129 4974 D‘Vid
3164 4919 3483 4976 sedem“?
3510 4920 3653 4989 Quid

384 5024 509 5065 mus
537 5009 603 5064 ad
632 5023 764 5064 usus
810 5024 936 5065 suos
981 5025 1176 5069 sensus
1219 5029 1510 5085 corporeus
1535 5016 1783 5073 famulari
1815 5035 1966 5076 more

2080 5003 2201 5060 Uria
2230 5008 2523 5062 mundius?
2545 5006 2651 5064 Sed
2671 5008 2739 5064 ad
2766 5010 3084 5081 mysterium
3114 5030 3127 5066 :
3158 5012 3292 5081 quid
3320 5013 3489 5069 David
3526 5029 3651 5077 san-

384 5100 688 5170 tyrannidis
724 5100 922 5173 exigit,
952 5102 1172 5173 suisque
1210 5106 1571 5177 voluptatibus
1611 5111 1798 5165 oculos
1842 5126 1963 5166 ser-

2080 5098 2249 5153 ctius?
2276 5099 2415 5167 Quid
2449 5100 2576 5157 Uria
2608 5100 2914 5156 inﬁdelius?
2940 5102 3081 5169 Quia
3113 5103 3203 5158 ille
3228 5119 3328 5175 per
3368 5105 3497 5161 vita
3532 5105 3624 5162 eul

387 5192 500 5247 vire
527 5193 832 5264 compellit,
869 5201 923 5248 et
966 5193 1230 5251 fenestras
1256 5196 1474 5253 luminis
1503 5201 1675 5275 aperit
1703 5201 1770 5257 ad
1815 5210 1965 5258 tene-

2080 5206 2188 5246 )am
2230 5191 2527 5262 prophetiae
2573 5193 2751 5265 signat
2776 5193 3141 5250 innocentiam
3164 5212 3180 5263 ;
3206 5205 3265 5252 et
3288 5196 3409 5253 itte
3440 5213 3538 5269 per
3566 5198 3651 5254 vi-

382 5286 508 5342 bras
544 5286 824 5342 caecitatis.
858 5285 1014 5343 Unde
1059 5290 1230 5344 sancti
1262 5290 1365 5344 viri
1396 5306 1517 5347 cum
1545 5293 1767 5348 sinistra
1808 5294 1957 5351 dele-

2080 5300 2132 5339 at
2164 5283 2527 5341 innocentiam
2562 5285 2617 5340 in
2650 5287 2935 5358 prophetia
2958 5288 3219 5358 exprimit
3250 5289 3486 5361 culpam.
3526 5291 3652 5348 Vin-

380 5376 616 5434 ctatione
635 5377 839 5447 pulsari
863 5394 922 5434 se
947 5380 1206 5445 sentiunt,
1224 5380 1337 5452 ipsa
1364 5396 1464 5451 per
1488 5399 1609 5454 qua:
1631 5382 1819 5441 formas
1846 5402 1963 5457 spe-

2080 5392 2149 5432 us
2168 5376 2313 5431 enim
2350 5377 2489 5431 sacri
2519 5376 2718 5447 eloquii
2745 5378 2825 5434 sic
2866 5387 3144 5436 transacta
3174 5391 3398 5447 narrat,
3424 5390 3485 5437 ut
3509 5397 3614 5438 ven
3633 5408 3648 5425 -

380 5472 491 5528 cies
540 5471 607 5526 ad
656 5481 890 5527 mentem
934 5473 1255 5545 ingreditur,
1307 5474 1604 5545 disciplina:
1646 5479 1958 5550 magisterio

2080 5483 2184 5523 .ura
2211 5468 2482 5538 exprimat
2513 5482 2528 5522 :
2558 5469 2637 5525 sic
2686 5469 2740 5524 in
2790 5468 2937 5526 facto
2979 5484 3093 5526 rem
3140 5473 3436 5542 approbat,
3488 5482 3551 5530 ut
3590 5474 3645 5528 in

380 5561 584 5616 lumina
614 5561 970 5633 restringunt,
1002 5580 1072 5619 ne
1092 5580 1273 5634 pravae
1303 5566 1612 5637 cogitationi
1646 5568 1778 5623 visio
1810 5567 1959 5625 leno-

2080 5562 2322 5635 nysterio
2369 5562 2731 5619 contradicat.
2784 5561 2878 5619 Sic
2931 5572 3083 5636 gesta
3131 5566 3385 5633 damnat,
3430 5574 3491 5622 ut
3530 5568 3647 5623 haec

378 5652 558 5707 cinata
580 5651 912 5709 l‘amuletur:
951 5670 1071 5726 quae
1112 5657 1155 5711 si
1187 5672 1427 5728 unquam
1472 5658 1746 5714 subtiliter
1771 5668 1953 5717 custo-
2061 5655 2289 5728 mystice
2314 5656 2549 5728 gerenda
2579 5656 2825 5711 suadeat.

379 5741 481 5798 diri
504 5742 808 5815 negligitur,
837 5745 1185 5817 cogitationis
1212 5747 1559 5805 immunditia
1582 5749 1650 5806 ad
1678 5750 1953 5823 operatio-
2129 5748 2294 5805 Vens.
2328 5748 2394 5803 15
2413 5780 2484 5790 -
2510 5745 2698 5805 Ponite
2728 5746 2931 5814 Uriant,
2954 5756 3062 5805 etc.
3090 5745 3310 5820 (Gens,
3343 5747 3436 5804 lib.
3471 5760 3644 5802 naut

379 5850 502 5897 nem
536 5836 752 5901 mouit.

2058 5843 2278 5911 Ιοηιι..
2304 5858 2425 5923 cap.
2455 5842 2569 5917 l0.)
2608 5841 2692 5897 Ad
2721 5842 2826 5899 hoc
2852 5842 2911 5898 in
2950 5840 3230 5917 Scriptura
3259 5840 3429 5899 David
3458 5849 3516 5896 et
3542 5838 3647 5899 Pe-
