4122 6350
412 429 514 490 573
1395 408 1659 471 GLOSSA
1700 406 2099 467 ORNNARIA.
2137 434 2209 447 --
2244 405 2375 462 ιω.
2418 403 2461 462 II
2500 401 2654 461 RBG.
3579 394 3682 454 57‘

414 546 480 604 tri
511 546 737 615 peccata
764 545 893 595 sunt
916 536 1104 601 indita,
1138 542 1197 590 ut
1218 531 1430 589 cautela
1452 530 1722 585 minorum
1751 527 1826 583 sit
1846 525 2003 582 ruina
2032 528 2082 588 Α
2106 525 2405 581 admissum
2444 524 2657 581 facinus
2685 520 2811 578 odio
2831 519 3150 585 habeamus,
3173 516 3346 589 magis
3367 532 3527 589 quam
3562 518 3715 574 ante'
3761 546 3767 551 -

417 610 704 708 majorum,
735 639 867 697 etc.,
907 645 1068 700 usque
1097 627 1166 681 ad
1191 632 1403 682 secreto
1428 636 1559 694 ergo
1580 617 2001 691 dispensationis
2103 618 2558 689 perpetmtlonem
2606 614 2987 678 dilexeramus,
3030 619 3087 667 et
3111 611 3182 667 ob
3212 610 3317 666 hoc
3360 610 3521 668 citius
3555 625 3687 666 con-

413 732 604 791 ordine
664 725 809 782 unde
861 723 1056 780 saevire
1100 718 1436 791 permittitur
1475 713 1737 784 iniquitas
1774 709 2000 776 diaboli,

418 827 542 885 inde
566 819 847 895 perﬁcitur
869 816 1178 888 benignitas
1213 812 1327 878 Dei,
1360 810 1487 880 quia
1515 808 1641 863 inde
1666 807 2008 895 obtemperat

417 892 640 972 nutibus
685 921 932 980 supernae
967 902 1178 977 gratiae,
1208 900 1353 957 unde
1379 903 1598 954 exercet
1636 895 1775 950 iram
1816 892 2009 948 volun-

423 1006 556 1063 tatis
590 1016 725 1059 sure.

1026 1080 1256 1142 CAPUT
1294 1080 1411 1137 XII.

495 1207 658 1265 Vens.
684 1203 774 1261 l5.
796 1232 869 1244 —-
890 1199 1137 1265 Dixitque
1162 1194 1380 1252 Nathan
1409 1190 1483 1246 ad
1504 1186 1694 1255 David,
1719 1195 1826 1243 etc.
1851 1184 2009 1258 (Ras.

426 1317 493 1359 ex
511 1295 709 1369 Each.)
737 1292 931 1353 Omnia
971 1297 1175 1354 tamen,
1216 1300 1338 1357 quae
1368 1298 1472 1354 pro
1500 1289 1725 1353 peccato
1754 1277 2013 1350 prmdicta

428 1399 555 1451 sunt
581 1391 652 1457 ei,
684 1385 1028 1459 postmodum
1068 1378 1338 1449 toleravit.
1376 1375 1520 1431 Deus
1561 1373 1819 1430 delictum
1851 1369 2010 1432 delet,

429 1484 525 1541 sed
550 1480 778 1538 inultum
805 1490 910 1531 non
958 1470 1177 1529 deserit.
1211 1468 1319 1523 Aut
1356 1469 1502 1523 enim
1527 1466 1693 1521 homo
1722 1464 1775 1518 in
1817 1478 1874 1518 se
1902 1475 2018 1531 poe-

431 1577 614 1634 niteiis
646 1571 822 1645 punit,
856 1576 949 1623 aut
977 1564 1120 1622 Deus
1169 1564 1284 1617 haec
1309 1576 1431 1616 cum
1476 1557 1696 1614 homine
1735 1552 2019 1609 vindicans

428 1642 686 1741 percutit.
720 1661 835 1717 Non
856 1658 1022 1732 igitur
1041 1662 1265 1729 peccato
1295 1650 1560 1723 parcitur,
1590 1646 1714 1717 quia
1748 1644 1868 1699 sine
1891 1642 2016 1696 vin-

432 1762 575 1818 dicta
606 1773 716 1814 non
752 1754 987 1810 laxatur.
1012 1749 1104 1805 Sic
1132 1748 1277 1803 enim
1310 1742 1477 1799 David
1508 1741 1697 1796 audire
1735 1746 1855 1809 post
1884 1750 2018 1790 con-
2044 1790 2048 1795 ,

434 1851 728 1909 fessionem
744 1844 961 1908 meruit,
990 1841 1243 1897 Dominus
1265 1832 1536 1891 transtulit
1554 1840 1821 1903 peccatum
1847 1838 2015 1891 tuum,

432 1954 490 2003 et
520 1904 709 1998 "tamen
742 1936 926 1994 multis
948 1904 1075 2006 post
1101 1928 1435 1987 cruciatibus
1470 1922 1703 1980 amictus
1758 1917 2019 1990 eﬁ‘ugiens
2047 1904 2095 1965 Β

436 2046 646 2095 reatum
671 2033 843 2104 culpa!
883 2043 1044 2100 quam
1078 2028 1490 2096 perpetraverat
1528 2014 1780 2073 exsolvit.
1812 2011 1903 2067 Sic
1924 2024 2023 2066 nos

435 2126 627 2185 salutis
668 2100 811 2179 unda
842 2137 871 2176 a
899 2117 1054 2189 culpa
1081 2114 1243 2186 primi
1273 2110 1516 2182 parentis
1545 2103 1895 2166 absolvimur,
1927 2100 2025 2156 sed

439 2412 531 2460 cat
556 2402 722 2458 etiam
752 2414 873 2454 cum
903 2395 1132 2451 relaxat.
1172 2392 1254 2447 Ab
1281 2389 1471 2445 electis
1499 2385 1646 2443 enim
1690 2383 1806 2438 suis
1832 2379 2024 2450 iniqui-

444 2504 618 2555 tatum
650 2490 892 2549 maculas
930 2489 1112 2543 studet
1146 2482 1434 2557 temporali
1468 2471 1761 2537 alllictioué
1789 2485 2026 2548 tergere,

446 2603 584 2661 quas
606 2588 659 2645 in
684 2585 767 2642 eis
796 2588 1062 2655 perpetuo
1084 2594 1190 2634 non
1212 2576 1325 2631 vult
1351 2575 1556 2630 videre.

509 2678 674 2735 Vens.
702 2677 791 2732 27.
809 2673 1138 2745 -Ηὶεἱημιε
1164 2669 1300 2727 Joab
1318 2668 1548 2732 nuntios,
1573 2673 1681 2720 etc.
1704 2659 2029 2736 (Ras.)ll:ec

442 2769 667 2827 victoria
700 2764 867 2822 David
897 2780 1059 2837 quam
1082 2761 1218 2819 Joab
1243 2759 1536 2823 inchoavit,
1570 2765 1704 2820 etc.,
1748 2770 1910 2826 usque
1958 2751 2028 2806 ad

443 2871 501 2919 et
522 2863 577 2918 in
597 2857 889 2931 Evangelio
928 2856 1145 2921 dicitur,
1174 2853 1298 2926 quia
1321 2849 1472 2906 multi
1492 2849 1696 2904 venient
1727 2846 1791 2900 ab
1819 2844 2030 2931 Oriente

443 2962 492 3008 et
508 2930 806 3012 Occidente,
829 2956 876 3001 et
898 2944 1192 3001 recumbent
1218 2957 1337 2997 cum
1365 2937 1654 3003 Abraham,
1677 2932 1834 2991 Isaac
1864 2941 1912 2987 et
1933 2930 2030 2985 Ja-

448 3046 539 3102 cob
564 3047 620 3100 in
642 3058 798 3114 regno
819 3038 1067 3095 caelorum
1095 3034 1310 3109 (Matth.
1344 3031 1484 3103 vm).

521 3133 656 3201 Urbs
684 3147 969 3207 aquarum,
1005 3138 1116 3184 etc.
1179 3127 1410 3195 Propter
1470 3115 1856 3177 abundantiam
1909 3128 2030 3185 qua:

449 3232 675 3290 ibi.erat
703 3245 877 3300 aquae,
912 3226 1020 3292 vel,
1049 3232 1109 3280 ut
1136 3223 1358 3296 quidam
1391 3220 1602 3283 dicunt,
1632 3214 1972 3288 populorum.

519 3320 683 3378 Vsus.
715 3318 805 3373 50.
832 3347 901 3359 —-
932 3315 1000 3371 Et
1026 3315 1168 3381 tulit,
1194 3321 1300 3369 etc.
1345 3310 1529 3384 (ΚΑΒ.)
1576 3308 1632 3363 lu
1664 3304 2032 3377 Paralipome-

451 3429 559 3470 non
611 3413 686 3467 ita
716 3410 914 3482 legitur
956 3426 971 3463 :
1007 3406 1145 3462 Tulit
1174 3402 1344 3459 David
1382 3415 1633 3456 coronam
1681 3395 1925 3451 Helclton
1968 3391 2034 3447 de

452 3507 619 3575 capite
646 3504 779 3575 ejus,
811 3511 858 3555 et
900 3498 1092 3555 invenit
1139 3497 1193 3552 in
1222 3513 1284 3551 ea
1318 3495 1436 3548 auri
1464 3491 1636 3564 pondo
1675 3488 1950 3550 talentum,
1984 3492 2035 3539 et

450 3595 852 3671 pretiosissimas
898 3604 1148 3663 gemmas.
1184 3584 1434 3659 Fecitque
1482 3583 1581 3639 sibi
1624 3581 1745 3635 inde
1788 3578 2035 3632 diadema

453 3669 505 3765 (ι
530 3688 662 3745 Par.
680 3687 793 3759 xx).
816 3685 933 3741 Non
962 3682 1208 3740 este-im
1232 3693 1429 3735 nomen
1450 3673 1730 3747 proprium
1765 3669 2033 3765 lldcbon,

454 3757 552 3836 sed
582 3757 973 3847 interpretatur
1004 3789 1096 3828 rex
1118 3786 1318 3827 eorum.
1346 3767 1610 3831 llelcbon,
1632 3772 1693 3819 ut
1712 3761 1897 3817 volunt
1918 3757 2040 3813 lite-

456 3873 611 3942 brzei,
646 3871 846 3927 idolum
898 3877 982 3923 est
1013 3864 1466 3926 Ammonitarum,
1510 3857 1665 3929 cujus
1715 3850 2039 3912 diadematis

457 3979 650 4021 aurum
662 3972 717 4020 et
739 3976 979 4035 gemmas
1000 3958 1169 4014 David
1199 3956 1399 4013 dicitur
1424 3948 1685 4008 auolasse
1706 3955 1764 4003 et
1780 3957 2041 4018 purgasse

458 4059 754 4116 secundum
793 4056 990 4126 legem,
1020 4062 1075 4109 et
1108 4051 1303 4107 fecisse
1323 4048 1425 4105 sibi
1460 4046 1729 4102 diadema.

1057 4190 1282 4249 CAPUT
1317 4187 1458 4245 Xlll.

535 4313 701 4371 Vras.
733 4309 786 4366 6.
826 4339 898 4350 ——
925 4305 1368 4365 Sorbitiuaculat.
1398 4303 1494 4360 Est
1532 4301 1675 4374 quod
1704 4299 1774 4355 ad
1816 4297 2044 4354 sorben-

469 4405 595 4463 dum
628 4413 814 4474 aptum
843 4411 949 4457 est.

539 4496 701 4553 Vens.
740 4494 826 4549 l4.
863 4523 930 4534 —
972 4490 1263 4564 Oppressit.
1316 4488 1502 4563 (RAB.)
1551 4487 1794 4543 Incestus
1835 4484 2049 4541 Amnon

471 4588 693 4658 majoris
726 4587 829 4642 lilii
846 4585 1016 4641 David
1048 4584 1100 4639 iu
1142 4597 1329 4639 sorore
1350 4597 1453 4637 sua
1488 4580 1726 4636 Thamar
1748 4587 1803 4634 et
1823 4574 2051 4648 parrici-

473 4683 618 4736 dium
651 4679 887 4735 Ahsalon
916 4680 969 4733 in
998 4678 1208 4733 Amnon
1248 4676 1431 4741 fratre,
1476 4681 1660 4730 monet
1690 4687 1788 4727 nos
1814 4679 1875 4725 ut
1901 4684 2049 4724 srm-

474 4789 573 4844 pcr
615 4781 772 4828 caute
812 4780 1060 4841 agninos,
1096 4784 1162 4824 ne
1205 4767 1339 4823 vitia
1390 4766 1447 4821 in
1481 4764 1636 4820 nobis
1664 4762 2048 4826 dominentur;

473 4876 528 4923 et
551 4867 801 4937 princeps
824 4864 1036 4934 peccati
1072 4862 1186 4934 (qui
1230 4860 1421 4917 falsam
1460 4872 1652 4930 pacem
1705 4851 2077 4926 periclitanti-'

476 4957 574 5011 bus
597 4956 847 5026 spondet)
890 4970 992 5010 nos
1032 4954 1324 5023 imparatos
1354 4949 1634 5005 inveniens
1672 4947 1738 5001 de
1766 4943 2055 5015 improviso

477 5049 609 5105 truci
636 5050 725 5103 iet.
752 5047 989 5103 Absalon
1030 5045 1175 5099 enim
1196 5053 1349 5115 pater
1362 5040 1509 5112 pacis
1540 5038 1621 5095 vel
1648 5039 1816 5108 patri:
1840 5051 1946 5105 pan
1980 5034 2058 5088 in-

480 5147 831 5210 terpretatur,
857 5136 1067 5193 Amnon
1088 5135 1315 5201 donant,
1346 5126 1585 5199 Thamar
1602 5127 1926 5184 amaritudo.
1952 5123 2058 5192 Qui

479 5232 620 5287 enim
650 5230 891 5285 membra
919 5243 1015 5287 sua
1044 5228 1209 5282 donat
1250 5224 1484 5289 libidini,
1508 5231 1565 5278 et
1589 5221 1758 5278 servit
1784 5215 2061 5288 iniquitati

482 5323 545 5375 ad
576 5322 946 5393 iniquitatem,
980 5320 1031 5375 iu
1055 5317 1262 5390 peccati
1292 5316 1709 5372 amaritudinem
1740 5312 1907 5375 cadit,
1934 5309 2063 5365 licet

483 5418 734 5475 inimicus
761 5433 820 5474 se
843 5417 997 5489 quasi
1024 5426 1233 5488 patrem
1258 5414 1406 5485 pacis
1424 5413 1697 5477 ostendat,
1717 5417 1774 5464 et
1800 5419 2064 5479 prospera

483 5524 583 5581 pro
630 5509 828 5564 talibus
874 5507 1032 5563 factis
1082 5506 1385 5578 promittat.
1422 5502 1655 5557 Necesse
1692 5508 1775 5556 est
1814 5499 1958 5555 enim
2000 5503 2064 5552 ut

485 5603 595 5659 cito
613 5603 681 5657 ad
704 5602 1078 5670 prouidentiam
1105 5601 1410 5663 redeamus,
1436 5612 1503 5652 ne
1522 5596 1661 5651 forte
1688 5593 1935 5650 diabolus
1964 5607 2064 5663 per

489 5694 752 5764 malignos
800 5693 1021 5763 spiritus
1076 5692 1128 5746 in
1175 5706 1364 5747 necem
1403 5697 1643 5744 nostram
1672 5686 1966 5758 conspiret,
2009 5690 2064 5740 et

490 5784 651 5840 morti
672 5793 944 5856 perpetua:
970 5784 1166 5840 tradat.

560 5876 721 5935 Vitas.
752 5878 839 5935 15.
871 5907 944 5919 -
991 5874 1059 5935 Et
1105 5893 1318 5933 exorant
1342 5891 1459 5933 eant
1486 5874 1690 5941 habuit,
1741 5883 1847 5930 etc.
1876 5871 1939 5931 Et
1966 5885 2066 5929 nos

2106 720 2397 781 sequemur
2420 709 2659 774 veniam,
2700 708 2747 763 si
2786 715 2964 762 tamen
2992 705 3046 760 in
3090 702 3198 758 alio
3222 703 3357 759 vitio
3383 702 3561 759 denuo
3581 692 3691 759 non

2107 804 2448 861 oﬂ‘endamus
2482 803 2628 859 sicut
2676 801 2889 857 Amnon
2920 817 2934 855 :
2965 798 3055 869 qui
3091 798 3218 869 quia
3263 804 3387 868 post
3427 796 3695 853 incestum

2108 894 2431 952 ebrietatem
2475 910 2585 950 non
2613 893 2825 959 vitavit,
2849 893 2920 948 ob
2954 891 3060 947 hoc
3096 898 3329 945 mortem
3360 904 3469 944 non
3496 889 3691 944 evasit.

2180 987 2349 1042 Vens.
2376 985 2464 1041 57.
2483 1015 2558 1029 -—
2578 983 2874 1040 Tholomai.
2900 982 3002 1038 llic
3028 981 3128 1037 fuit
3147 988 3304 1052 pater
3326 980 3548 1036 Maacha
3580 990 3697 1035 ma-

2110 1078 2213 1133 tris
2233 1077 2513 1144 Absalom,
2539 1091 2705 1148 quam
2744 1076 2934 1131 dicunt
2962 1073 3174 1129 Hebraei
3216 1072 3384 1128 David
3428 1072 3482 1127 in
3512 1071 3698 1143 praelia

2112 1171 2343 1242 cepisse,
2370 1177 2428 1226 et
2452 1168 2676 1226 czesarie
2713 1175 2770 1224 et
2809 1166 3080 1239 unguibus
3106 1165 3352 1236 praecisis
3399 1164 3698 1220 secundum

2112 1262 2287 1333 legem
2331 1261 2387 1316 in
2418 1276 2642 1317 uxorem
2686 1259 2790 1315 sibi
2820 1259 3079 1324 sociasse,
3113 1264 3170 1313 et
3216 1271 3286 1312 ex
3315 1272 3379 1313 ea
3409 1268 3700 1329 generasse

2121 1354 2364 1409 Thamar
2390 1360 2444 1408 et
2465 1352 2739 1408 Absalom.
2874 1423 2881 1430 _

2189 1446 2350 1502 Vsus.
2382 1446 2473 1501 39.
2500 1476 2571 1487 --
2592 1445 2945 1518 Cessavitque.
2975 1442 3035 1499 lu
3077 1441 3327 1506 llebrmo,
3351 1441 3569 1497 cessavit
3610 1454 3703 1495 rea:

2120 1539 2264 1594 exire
2292 1548 2404 1609 post
2434 1536 2704 1593 Absalom.
2731 1537 3059 1609 Perhibetur
3076 1534 3220 1590 enim
3247 1534 3413 1589 David
3438 1534 3589 1588 exire
3606 1546 3705 1587 vo-

2118 1607 2299 1685 luisse
2325 1637 2448 1698 post
2474 1628 2752 1692 Absalom,
2785 1635 2844 1682 ut
2864 1607 3144 1682 revocaret
3190 1641 3339 1690 eum,
3368 1624 3461 1680 sed
3506 1630 3705 1695 putans

2118 1722 2245 1793 quia
2277 1721 2490 1792 quoties
2536 1733 2662 1773 eum
2710 1718 2944 1782 videret,
2986 1725 3217 1772 mortem
3244 1716 3456 1771 Amnon
3488 1713 3557 1768 ad
3584 1727 3705 1778 me-

2119 1812 2349 1869 moriam
2377 1810 2679 1875 reduceret,
2703 1808 2938 1864 cessavit
2956 1806 3129 1861 exire.

2709 1897 2938 1955 CAPUT
2979 1894 3118 1952 XIV.

2190 1994 2355 2052 Vens.
2394 1992 2450 2048 ϐ.
2488 2021 2561 2033 -
2593 1990 2663 2045 Et
2691 1989 2923 2054 ancilla,
2948 1998 3054 2044 etc.
3086 1986 3368 2059 (illituum)
3405 1984 3571 2040 Aiunt
3594 1982 3705 2039 lie-

2118 2083 2250 2141 brtei
2296 2083 2438 2138 hanc
2478 2080 2760 2136 mulierem
2805 2094 2934 2135 vere
2981 2080 3117 2133 duos
3152 2077 3294 2132 tilios
3338 2075 3613 2139 habuisse,
3654 2080 3710 2131 et

2003 2223 2027 2235 -
2122 2190 2222 2246 pro
2242 2173 2564 2229 inmeditate
2590 2179 2850 2233 certasse,
2886 2178 2943 2225 et
2968 2169 3203 2224 alterum
3239 2168 3311 2223 ab
3332 2167 3504 2222 altero
3532 2169 3708 2222 inter-

2125 2274 2398 2336 emptum;
2429 2263 2624 2318 mulier
2654 2270 2833 2317 tamen
2858 2277 2916 2316 se
2946 2260 3001 2314 in
3036 2273 3267 2329 persona
3295 2258 3464 2313 David
3488 2256 3708 2328 posuit:

2125 2364 2180 2410 et
2220 2355 2359 2410 ﬁlios
2399 2354 2454 2409 in
2493 2368 2725 2425 persona
2753 2352 2968 2408 Amnon
2996 2358 3055 2406 et
3082 2350 3339 2405 Absalom
3385 2367 3397 2403 :
3431 2347 3712 2419 cognatio-

2127 2465 2249 2509 nem
2291 2463 2422 2505 vero
2466 2462 2588 2517 quae
2629 2445 2908 2517 consurgit
2932 2452 3122 2503 contra
3166 2441 3360 2508 lilium,
3394 2442 3449 2496 in
3478 2454 3711 2512 persona

2129 2541 2357 2599 aliorum
2389 2538 2621 2595 ﬁliorum
2648 2537 2838 2593 David.

2199 2631 2363 2687 Vsus.
2393 2628 2591 2686 9.—In
2621 2645 2723 2694 me,
2750 2626 2971 2682 Domine
3001 2625 3096 2683 nti.
3129 2622 3253 2697 (lo.)
3280 2622 3450 2692 Quasi
3472 2623 3712 2679 diceret:

2129 2723 2259 2793 quia
2298 2722 2435 2777 alter
2461 2722 2721 2776 adversus
2744 2719 2979 2775 alterqu
3011 2716 3270 2781 surrexit,
3315 2716 3369 2771 in
3394 2729 3481 2770 me
3505 2715 3578 2770 sit
3602 2713 3713 2771 ini-

2129 2814 2329 2886 quitas,
2364 2814 2407 2870 si
2456 2820 2634 2867 tamen
2659 2826 2780 2867 esse
2809 2811 3003 2876 debet';
3042 2810 3095 2867 in
3142 2818 3196 2865 te
3222 2817 3404 2865 autem
3428 2805 3577 2863 nulla
3616 2807 3714 2876 sit,

2129 2907 2256 2979 quia
2285 2906 2490 2976 absque
2512 2905 2669 2975 culpa
2693 2920 2772 2968 es,
2795 2911 2850 2959 et
2872 2903 3013 2959 sicut
3032 2915 3131 2972 ego
3150 2900 3356 2971 absque
3385 2897 3541 2969 culpa
3568 2912 3714 2966 sum,

2130 2998 2176 3055 si
2204 2997 2343 3052 alter
2374 2997 2515 3053 [ilius
2534 3011 2685 3053 meus
2714 2994 3031 3051 interfectus
3054 3003 3136 3050 est
3160 2994 3229 3049 ab
3250 2992 3442 3057 altero,
3474 2993 3554 3049 sic
3573 2998 3631 3048 et
3652 2998 3711 3046 tu

2133 3090 2180 3146 si
2205 3089 2461 3146 Absalom
2490 3088 2703 3145 Amnon
2728 3096 2903 3144 morte
2925 3088 3149 3160 dignum
3188 3085 3478 3147 interfecit.

2722 3181 2949 3238 CAPUT
2997 3180 3113 3237 XV.

2056 3256 2106 3322 ο
2207 3276 2373 3332 Vnus.
2404 3274 2455 3330 l.
2480 3271 2747 3346 —Igitur
2775 3282 2910 3344 post.
2963 3272 3181 3333 Duobus
3214 3272 3374 3331 annis
3412 3270 3615 3327 mansit
3664 3269 3722 3326 in

2136 3373 2475 3433 Hierusalem
2510 3379 2565 3427 et
2604 3385 2787 3442 regem
2820 3385 2928 3426 non
2968 3369 3133 3433 vidit,
3176 3368 3340 3426 tertio
3376 3367 3719 3424 introductus

2136 3474 2218 3522 est
2244 3479 2428 3523 coram
2459 3478 2607 3535 rege,
2646 3470 2842 3532 quarto
2879 3459 3010 3517 fecit
3032 3461 3135 3517 sibi
3163 3475 3357 3517 currus
3383 3469 3440 3515 et
3464 3459 3715 3529 equites:

2137 3572 2243 3631 quo
2274 3561 2547 3613 transacto
2572 3552 2777 3622 expulit
2806 3559 3017 3623 patrem
3054 3551 3121 3607 de
3150 3566 3336 3624 regno.
3364 3550 3476 3607 Nec
3508 3565 3608 3621 pro
3634 3563 3741 3606 se-

2139 3648 2387 3703 ductione
2417 3654 2472 3700 et
2503 3643 2880 3700 interiectione
2921 3642 3263 3699 sacerdotum
3305 3640 3511 3710 eiectus
3542 3648 3628 3696 est
3654 3639 3724 3699 de

2141 3754 2323 3812 regno,
2359 3741 2455 3794 sed
2473 3752 2573 3807 pro
2593 3735 2857 3795 adulterio
2878 3743 2933 3791 et
2958 3734 3274 3801 homicidio,
3294 3713 3508 3789 Nathan
3528 3740 3725 3789 cuncta

2142 3834 2490 3909 praedicente.
3308 3838 3322 3851 '

2214 3928 2373 3984 Vitas.
2395 3924 2652 3981 1—Port
2668 3924 3020 3997 quadraginta
3046 3932 3224 3981 autent
3243 3939 3431 3979 annos.
3446 3922 3722 3994 (Ηισςιιθιιι.⁹

2140 4030 2327 4094 quiest.
2352 4020 2408 4074 in
2432 4017 2582 4091 Reg.,
2620 4027 2751 4073 tom.
2783 4016 2892 4088 Ill.)
2916 4016 3375 4087 Quadragesimus
3405 4030 3579 4070 anuus
3600 4028 3729 4085 age-

2144 4113 2306 4169 batur
2339 4126 2405 4165 ex
2433 4123 2540 4179 quo
2580 4107 2707 4163 Saul
2752 4106 2900 4162 Nube
2933 4106 3207 4163 civitatem
3250 4106 3540 4172 subvertit,
3586 4114 3726 4172 etc.,

2145 4221 2306 4277 usque
2339 4203 2407 4257 ad
2435 4202 2584 4259 Isaac
2611 4211 2666 4259 et
2690 4200 2878 4256 Iacob.

2218 4296 2383 4352 Vsus.
2421 4294 2510 4351 25.
2537 4325 2611 4335 —
2643 4292 2712 4349 Et
2744 4293 3091 4363 deposuerunt
3142 4306 3345 4357 aream,
3395 4297 3502 4345 etc.
3556 4287 3630 4343 Ut
3656 4288 3727 4345 ab
3833 4292 3843 4301 “

2149 4387 2415 4443 Abiathar
2459 4385 2742 4443 sacerdote
2770 4383 3143 4441 consuleretur
3166 4383 3330 4449 Deus,
3368 4396 3478 4452 quo
3505 4379 3730 4436 deberet

2150 4481 2231 4539 ire
2258 4478 2448 4537 David.

2223 4568 2385 4629 Vsus.
2438 4568 2531 4625 25.
2584 4599 2654 4609 —
2682 4564 2875 4624 Sadoc.
2904 4563 3090 4621 Justus
3135 4565 3183 4623 is
3223 4573 3399 4638 gestat
3442 4579 3728 4638 personam

2156 4673 2487 4729 sanctorum,
2516 4663 2608 4734 qui
2651 4670 2895 4732 tempore
2934 4660 3201 4732 passionis
3240 4660 3454 4716 Domini
3503 4674 3730 4731 corpore

2153 4756 2370 4825 quidem
2406 4755 2793 4821 discesserunt,
2824 4767 3012 4810 verum
3042 4752 3332 4811 dilectione
3356 4752 3592 4825 separati
3624 4767 3730 4809 non

2155 4854 2299 4901 sunt.

2231 4935 2395 4993 Yaas.
2420 4935 2510 4993 '52.
2533 4966 2605 4978 —
2624 4935 2842 4993 causai.
2873 4937 3093 4994 Amicus
3129 4935 3321 4993 David.
3344 4935 3543 4993 Cbusai
3562 4936 3732 4993 inter-

2156 5038 2401 5103 pretatur
2442 5030 2720 5099 festinans,
2766 5031 2858 5100 qui
2897 5028 3194 5086 Jerusalem
3226 5038 3521 5092 revertens,
3551 5025 3734 5082 cousi-

2162 5121 2290 5176 lium
2313 5120 2635 5190 Acbitopbel
2661 5120 2971 5192 dissipavit,
2999 5121 3267 5194 signiﬁcat
3307 5118 3599 5191 discipulos
3630 5118 3734 5175 Do-

2163 5212 2295 5268 mini
2338 5225 2404 5267 cx
2448 5210 2648 5269 Iudaeis
2666 5212 2937 5278 occultos,
2955 5212 3327 5278 Nicodamum,
3355 5208 3555 5281 Ioseph
3578 5221 3634 5268 et
3662 5211 3738 5267 si-o

2167 5305 2340 5361 miles.

2748 5394 2977 5453 CAPUT
3016 5394 3152 5453 XVI.

2242 5512 2398 5569 Vnus.
2429 5511 2483 5577 9,
2516 5511 2605 5569 to.
2632 5540 2703 5555 —
2728 5511 2872 5577 Quid
2905 5510 3070 5565 mam
3099 5508 3258 5565 Solus
3286 5507 3468 5565 Abisai
3490 5507 3737 5590 dixerat:

2180 5602 2379 5658 Vadam
2412 5612 2465 5658 et
2490 5603 2794 5674 amputato.
2840 5602 2908 5657 Et
2948 5601 3116 5656 David
3165 5600 3347 5656 Abisai
3392 5608 3450 5654 et
3485 5598 3619 5655 Joab
3656 5612 3742 5656 ue-

2168 5694 2413 5765 spondit:
2446 5694 2588 5760 Quid
2616 5694 2781 5749 mihi?
2801 5691 3053 5761 Nunquid
3074 5691 3237 5747 vultis
3254 5690 3740 5747 interﬁcereistla

2162 5785 2307 5843 sicut
2326 5785 2680 5843 interfecistis
2705 5783 2923 5840 Abuer?

2238 5875 2513 5931 Dimiuite.
2554 5874 2747 5949 (Gate.
2798 5874 2893 5931 lib.
2938 5888 3051 5943 un
3093 5872 3313 5944 υκαι...
3346 5888 3472 5949 ap.
3511 5874 3592 5948 9.)
3632 5872 3739 5947 Qui
