4122 6350
472 348 578 406 875

984 345 1379 405 WALAFRIDI
1415 345 1660 402 STRABI
1698 345 1902 402 FULD.
1947 345 2114 404 MON.
2155 346 2308 402 OPP.
2352 345 2533 402 PARS
2572 347 2614 402 I.
2655 375 2725 388 --
2766 345 3228 404 THEOLOGICA.

3652 355 3760 410 576

470 467 764 524 verborum
806 466 1151 522 contumeliis
1193 483 1413 539 pressus
1463 467 1722 522 virtutem
1769 465 2051 536 patientia:
2080 466 2132 528 Α
2157 465 2360 521 brarum
2385 464 2582 535 quibus
2608 478 2708 536 pro
2735 464 3076 521 naturalibus
3117 465 3399 522 utebatur:
3449 480 3569 525 erat
3613 474 3760 530 enim

472 573 695 615 servare
737 573 843 614 non
881 566 1058 630 potest
1098 559 1179 613 vel
1212 557 1426 625 sulﬁcit,
1456 565 1588 624 etc.,
1619 574 1783 628 usque
1824 557 1892 612 ad
1935 573 2072 628 qua-

471 666 593 706 rum
645 651 984 717 interventu,
1015 651 1124 706 Deo
1167 651 1346 722 judice
1377 692 1391 717 ,
1419 665 1581 722 pmna
1640 649 1858 722 gravior
1903 649 2072 706 decli-

472 750 654 798 natur.

545 836 707 892 Vens.
739 836 827 892 15.
859 866 927 876 -
953 835 1126 894 Semei
1148 847 1345 892 autem.
1379 837 1564 910 (ΗΑΒ.)
1596 837 1696 894 Ηἰο
1725 846 1809 895 est
1851 837 2068 896 Nabath

473 937 630 999 pater
669 928 958 986 Jeroboam
1002 931 1298 986 secundum
1346 931 1626 998 Hebraaos,
1661 933 1754 1002 qui
1793 933 1935 989 ﬁlius
1980 931 2072 988 Je-

475 1021 606 1076 mini
636 1021 854 1088 dicitur,
871 1031 924 1078 et
957 1023 1009 1077 in
1046 1022 1161 1078 zelo
1188 1022 1382 1079 domus
1413 1023 1540 1080 Saul
1569 1026 1845 1081 maledicit
1874 1025 2066 1082 David.

474 1114 682 1171 Nomen
727 1129 857 1170 vero
901 1116 983 1170 avi
1028 1117 1145 1187 ejus
1197 1115 1394 1172 Jemini
1439 1117 1558 1172 fuit.
1609 1119 1726 1190 Ipse
1779 1119 1958 1175 Semei
2001 1137 2068 1176 ex

475 1207 616 1263 tribu
665 1205 921 1280 Ephraim
952 1207 1047 1262 ﬁlii
1085 1207 1299 1280 Ioseph
1339 1211 1590 1276 exstitit,
1637 1211 1781 1266 unde
1825 1212 1957 1267 dicit
2000 1213 2069 1269 ad

475 1300 645 1356 David
687 1319 700 1355 :
736 1300 950 1356 Primus
972 1303 1085 1356 ueni
1110 1303 1264 1356 hodie
1285 1304 1348 1358 de
1374 1304 1515 1357 omni
1539 1303 1676 1357 tribu
1703 1303 1919 1375 Ioseph.
1961 1305 2069 1362 Sed

475 1392 678 1459 Scmei,
709 1401 768 1447 ut
810 1393 1056 1462 superius
1081 1393 1298 1464 legitur,
1332 1395 1397 1450 dc
1424 1397 1747 1466 cognatione
1773 1395 1904 1450 Saul
1942 1397 2064 1452 fuit.

361 1485 364 1488 ’
476 1483 608 1539 Saul
637 1500 766 1540 vero
796 1485 860 1539 de
905 1485 1203 1556 Benjamin.
1253 1489 1309 1542 In
1349 1488 1516 1543 Esdra
1566 1488 1746 1544 Semei
1785 1490 1926 1546 ﬁlius
1976 1491 2067 1547 Cis

473 1573 693 1645 legitur,
726 1576 854 1646 quia
884 1586 938 1630 et
984 1576 1074 1634 Cis
1122 1587 1176 1633 et
1215 1577 1355 1634 Gera
1397 1579 1710 1643 vocabatur,
1755 1591 1910 1652 pater
1949 1585 2067 1656 ejus

472 1663 616 1722 ﬁlius
659 1663 877 1731 Jemini,
911 1667 961 1722 id
1005 1677 1088 1723 est
1129 1668 1407 1738 Benjamin
1443 1672 1531 1727 hic
1572 1673 1804 1744 legitur;
1857 1676 1954 1730 sed
1998 1677 2066 1732 de

473 1757 618 1812 tribu
662 1756 860 1829 Joscpb
890 1761 1096 1829 primus
1137 1763 1349 1819 venisse
1395 1765 1618 1833 dicitur,
1643 1767 1772 1837 quia
1807 1767 1862 1822 in
1915 1768 2059 1824 tribu

473 1845 672 1918 Joseph
705 1851 988 1908 habitavit.

546 1941 708 1997 Vens.
733 1942 820 1998 15.
843 1975 916 1984 -
935 1945 1256 2016 Achilophel.
1283 1949 1467 2021 (Rm)
1490 1951 1888 2022 Interpretatur
1903 1954 2062 2009 ruina

474 2030 680 2101 fratris.
711 2032 878 2090 Iudas
907 2037 972 2091 de
997 2039 1152 2094 ruina
1193 2040 1398 2097 Christi
1429 2058 1614 2114 agens,
1642 2046 1928 2101 consilium
1970 2047 2067 2102 de-

475 2123 556 2178 dit
593 2122 795 2182 Judaais
839 2128 1103 2186 adversus
1149 2131 1447 2200 Christum,
1492 2144 1721 2206 uterque
1765 2139 2062 2210 suspendio

476 2215 706 2274 interiit.

1020 2312 1281 2416 .CAPUT
1313 2317 1473 2374 XVII.

547 2425 712 2482 Vens.
744 2427 832 2482 I0.
860 2461 930 2470 —
961 2429 1028 2485 Et
1049 2432 1388 2502 fortissimus.
1418 2433 1697 2507 (Hrenox)
1717 2435 1776 2492 In
1801 2437 2064 2495 Hebraeo:

477 2515 823 2576 Fortissimus
868 2524 978 2593 ipse
1021 2526 1175 2595 cujus
1217 2535 1291 2580 est
1328 2543 1419 2580 cor
1446 2529 1598 2598 quasi
1627 2527 1704 2581 leo
1743 2546 1932 2598 pavore
1961 2529 2072 2583 sol-

477 2621 642 2678 retur,
671 2615 926 2670 subaudis
970 2633 1074 2670 non
1122 2617 1454 2674 fortissimus
1481 2620 1583 2675 istc
1615 2620 1784 2676 David
1816 2622 2071 2695 intelligi-

483 2711 590 2757 tur.
631 2703 816 2760 Undc:
851 2707 961 2762 Scit
992 2711 1149 2764 enim.

551 2795 698 2865 (lsm.
741 2797 795 2850 in
828 2797 918 2851 lib.
949 2798 978 2852 Ι
1010 2799 1163 2872 Reg.)
1198 2801 1506 2858 Secundum
1553 2804 1865 2876 allegoriam
1896 2807 2070 2861 consi-

483 2886 678 2941 derare
709 2897 946 2959 oportet,
996 2899 1125 2956 etc.,
1177 2910 1338 2962 usque
1371 2895 1439 2948 ad
1470 2912 1498 2948 a
1545 2896 1698 2966 cujus
1748 2894 1885 2951 facie
1938 2896 2075 2968 fugit

479 2976 728 3032 Christus
757 2981 972 3048 quando
998 2995 1117 3036 eam
1143 2983 1380 3039 deseruit
1405 2993 1458 3040 ct
1486 2986 1554 3040 ad
1582 2995 1770 3056 gentes
1813 2987 2046 3041 transiit.

551 3067 714 3125 Vens.
747 3071 834 3126 14.
857 3073 1208 3130 —Absalom.
1237 3076 1337 3130 Alii
1361 3077 1613 3133 Absalom
1641 3077 2076 3136 Judamtradito—

480 3179 591 3218 rem
617 3165 909 3236 accipiunt,
939 3183 1099 3237 quem
1133 3168 1382 3225 Christus
1411 3172 1630 3243 pertulit
1667 3181 1925 3243 tanquam
1953 3174 2071 3244 ejus

479 3258 838 3329 cogitationes
887 3261 1318 3332 ignoraverit,et
1367 3267 1674 3322 convivium
1723 3269 2072 3337 participavit

480 3351 554 3414 ei,
587 3352 640 3406 in
673 3368 780 3423 quo
825 3355 1069 3426 corporis
1099 3366 1155 3410 et
1193 3359 1471 3430 sanguinis
1518 3359 1744 3430 ﬁguram
1791 3360 2072 3430 discipulis

481 3445 902 3501 commendavit.
949 3448 1004 3502 In
1035 3450 1149 3519 ipsa
1175 3466 1305 3506 vero
1329 3452 1617 3507 traditione
1649 3453 1716 3507 ab
1744 3453 1862 3522 ipso
1916 3467 2074 3508 oscu-

479 3534 589 3588 lum
625 3539 857 3608 accepit,
886 3538 1007 3594 ideo
1057 3540 1311 3596 Absalom
1353 3559 1460 3613 pax
1490 3544 1635 3614 pacis
1685 3543 1903 3609 dicitur,
1941 3544 2072 3615 quia

478 3643 669 3698 pacem
697 3642 853 3700 pater
880 3633 1070 3688 habuit
1098 3650 1261 3704 quam
1294 3635 1383 3690 ille
1415 3651 1521 3690 non
1555 3636 1766 3690 habuit.

543 3721 869 3792 AchitOphel.
925 3723 1107 3796 (Ihm)
1156 3725 1255 3794 Qui
1315 3729 1580 3783 recedens
1631 3744 1660 3782 a
1713 3727 1906 3795 David,
1937 3737 2069 3794 etc.,

474 3826 640 3881 usque
668 3812 738 3865 ad
764 3801 906 3868 sictit
943 3815 1265 3886 Achitophel
1310 3818 1363 3872 in
1395 3819 1614 3889 propria
1650 3818 1810 3873 domo
1841 3835 2071 3889 suspen-

475 3900 566 3956 dio
597 3901 824 3969 interiit,
852 3905 944 3974 qui
981 3906 1035 3960 in
1063 3907 1237 3962 aliena
1269 3909 1395 3964 vitae
1440 3910 1610 3965 David
1640 3911 1930 3966 insidiatus
1961 3921 2066 3966 est.

476 3992 582 4058 Qui
607 3994 745 4048 enim
769 3995 901 4066 [odit
924 3997 1350 4066 {oveam,incidit
1381 4002 1436 4056 in
1462 4018 1598 4056 eam.
1626 3999 1696 4056 Et
1720 4003 1928 4058 insidiis
1960 4005 2070 4058 suis

475 4085 755 4155 capientur
775 4086 944 4158 iniqui
970 4086 1152 4160 (Prov.
1185 4105 1276 4157 x1;
1308 4091 1460 4163 xxv).

548 4173 768 4232 Chusai.
810 4179 934 4250 (In.)
982 4180 1270 4238 Arachites
1315 4185 1571 4254 antiquus
1612 4185 1821 4241 amicus
1872 4186 2065 4254 David,

473 4277 603 4336 etc.,
620 4288 781 4346 usque
794 4273 863 4327 ad
878 4281 936 4328 ut
957 4283 1344 4331 convertantur
1354 4276 1737 4333 beneﬁciorum
1759 4279 2063 4335 occasione.

549 4365 672 4437 (In.)
720 4365 873 4434 Quod
937 4377 1118 4424 autem
1187 4367 1480 4434 Jonathan,
1534 4370 1626 4441 qui
1677 4371 2068 4440 interpretatur

472 4458 726 4519 columba:
752 4461 984 4529 domum,
1007 4471 1062 4518 et
1090 4463 1380 4519 Achimaas
1423 4462 1591 4519 frater
1617 4463 1756 4533 ejus,
1789 4465 1855 4518 ad
1879 4463 2066 4535 explo-

2173 554 2416 613 claudus.

2244 647 2409 705 Vens.
2439 648 2528 705 29.
2558 680 2628 689 —
2660 648 2738 702 Tu
2757 658 2807 704 et
2833 649 2965 704 siba.
2992 648 3270 722 (ﬁnenem,
3298 661 3486 722 quam.
3519 651 3681 710 Hebr.
3706 657 3766 714 in

2173 741 2328 813 Reg.)
2373 742 2430 798 In
2478 742 2738 798 Hebraeo:
2775 743 2921 809 Dixi,
2950 743 3028 798 Tu
3048 754 3096 799 et
3143 745 3272 800 Siba
3302 747 3517 802 dividite
3549 767 3762 819 agrum.

2172 831 2322 899 Quod
2371 831 2561 898 David,
2587 835 2872 889 immemor
2929 833 3154 892 foederis
3187 846 3242 892 et
3281 835 3598 906 juramcnti,
3627 849 3763 909 etc.,

2170 940 2333 994 usque
2366 925 2434 978 ad
2482 926 2646 980 verba
2687 925 3015 997 obliquando
3064 929 3292 1000 protulit
3331 943 3518 988 contra
3547 933 3764 991 Altissi-

2173 1031 2341 1070 mum.
3123 1044 3125 1046 ·

2243 1109 2404 1165 Vens.
2447 1109 2534 1165 57.
2566 1141 2636 1150 -
2660 1109 2756 1167 Est
2788 1122 2984 1168 autem.
3032 1113 3130 1170 Est
3178 1125 3358 1190 autem
3402 1117 3456 1172 in
3490 1117 3763 1178 IIebr:eo:

2173 1200 2306 1255 Ecce
2349 1218 2527 1257 servus
2561 1215 2703 1258 tuus.
2737 1203 3002 1260 licbraice
3029 1205 3225 1278 legitur
3257 1204 3439 1263 Chime
3477 1211 3582 1264 lum
3626 1212 3770 1270 Cha-

2171 1309 2333 1358 naan,
2352 1295 2810 1354 onm.Chanaan
2841 1298 3231 1370 interpretatur
3254 1299 3564 1372 suspirans;
3594 1321 3771 1376 quan-

2169 1382 2258 1436 diu
2289 1399 2409 1438 cum
2441 1396 2596 1455 patre
2624 1386 2744 1458 fuit,
2776 1389 3060 1458 suspirans
3082 1402 3309 1447 vocatus
3332 1402 3444 1448 est:
3480 1406 3770 1468 postquam

2169 1489 2296 1529 vero
2325 1476 2390 1530 ad
2422 1477 2722 1532 doctrinam
2770 1479 2940 1534 David
2971 1483 3213 1548 transiit,
3243 1499 3350 1538 non
3379 1484 3638 1541 Chanaan
3671 1489 3768 1542 sed

2167 1567 2438 1650 Chamaan
2469 1579 2693 1626 vocatus
2734 1581 2840 1636 est,
2872 1573 2922 1627 id
2965 1583 3067 1640 est,
3098 1576 3290 1642 ﬁdelis,
3321 1587 3452 1645 etc.,
3477 1597 3640 1652 usque
3661 1582 3771 1636 ad:

2172 1659 2421 1730 Epirraim
2447 1672 2494 1715 et
2521 1661 2794 1719 Manasses
2825 1675 3076 1739 tanquam
3099 1667 3280 1725 Ruben
3309 1682 3357 1726 et
3382 1671 3594 1728 Simeon
3613 1683 3770 1729 erunt

2167 1753 2312 1806 mihi.
2346 1753 2569 1822 Magnus
2623 1755 2804 1828 itaque
2837 1757 3013 1815 Moses
3043 1768 3098 1816 et
3126 1759 3290 1818 Iosue
3320 1764 3436 1834 ejus
3486 1780 3774 1822 successor

2110 1852 2159 1911 Β
2189 1845 2453 1916 duplicem
2481 1848 2584 1904 illis
2615 1849 2920 1905 tribuerunt
2941 1861 3167 1909 sortem.
3203 1923 3205 1928 ι

2772 1961 3001 2019 CAPUT
3045 1963 3162 2018 XX.

2243 2068 2406 2124 Vens.
2453 2069 2506 2125 9.
2530 2102 2600 2111 —
2621 2071 2690 2126 Et
2732 2075 2917 2139 tenuit,
2948 2083 3055 2132 etc.
3089 2077 3320 2132 Dextera
3351 2085 3593 2134 mentum
3626 2088 3774 2135 tene-

2172 2178 2250 2228 re,
2278 2172 2360 2218 est
2398 2164 2553 2233 quasi
2583 2179 2647 2218 ex
2678 2166 3010 2238 benignitate
3037 2169 3290 2225 blandiri.
3348 2170 3454 2225 Sed
3486 2172 3770 2226 sinistram

2171 2255 2238 2310 ad
2296 2255 2530 2326 gladium
2579 2256 2786 2324 mittit,
2831 2260 2924 2330 qui
2962 2259 3196 2317 latenter
3259 2276 3327 2316 ex
3371 2261 3579 2316 malitia
3641 2275 3771 2332 pcr-

2172 2352 2325 2407 cutit.

2247 2451 2409 2508 Vens.
2436 2453 2524 2510 I9.
2557 2483 2626 2494 —-
2657 2451 2868 2506 Nonne.
2904 2450 3088 2522 (Βλιι.)
3116 2450 3222 2507 Iste
3252 2460 3338 2508 est
3387 2467 3566 2508 sermo
3604 2451 3768 2524 legis,

2175 2545 2227 2599 in
2261 2561 2365 2615 qua
2391 2545 2616 2615 jubetur
2632 2553 2691 2599 ut
2715 2545 2814 2598 lilii
2838 2543 2999 2599 Israel
3029 2545 3255 2614 ingressi
3280 2553 3480 2600 terram
3507 2545 3770 2601 Chanaan

2173 2638 2326 2706 prius
2351 2653 2540 2708 pacem
2569 2637 2820 2701 offerant,
2845 2645 2901 2691 et
2927 2651 3022 2690 eos
3068 2638 3158 2706 qui
3187 2652 3374 2706 pacem
3404 2637 3768 2707 susceperint,

2177 2730 2494 2785 tributarios
2522 2729 2763 2794 faciant;
2812 2744 2906 2783 eos
2947 2743 3077 2783 vero
3113 2729 3203 2801 qui
3251 2745 3378 2784 non'
3403 2730 3768 2799 susceperint,

2176 2822 2387 2876 deleant
2427 2841 2438 2875 :
2501 2823 2623 2877 ideo
2675 2822 2869 2876 mulier
2916 2822 3130 2892 sapiens
3179 2823 3516 2878 exclamasse
3568 2822 3772 2877 dicitur

2179 2909 2386 2966 Nonne.
2404 2911 2598 2980 Quasi:
2626 2911 2736 2966 Cur
2759 2911 2994 2966 destruis
3016 2912 3154 2967 hanc
3178 2913 3449 2968 civitatem
3475 2921 3769 2982 antequam

2177 3018 2362 3072 pacem
2414 3001 2610 3058 offeras
2662 3003 2958 3057 secundum
3015 3003 3232 3072 legem?
3278 3021 3377 3058 cur
3427 3020 3530 3060 non
3581 3018 3772 3060 servas

2177 3092 2348 3164 legem
2380 3091 2660 3158 Israelitis,
2694 3107 2815 3162 quae
2835 3093 2964 3148 olim
2995 3103 3209 3149 servata
3245 3103 3326 3149 est
3351 3094 3686 3166 alienigenis.

2233 3185 2414 3241 'Vens.
2447 3187 2536 3240 22.
2559 3217 2630 3227 —
2659 3186 2762 3252 Qui
2803 3187 3108 3242 abscissum.
3159 3188 3282 3258 (In.)
3332 3187 3557 3243 Reditus
3585 3189 3768 3259 populi

2176 3278 2243 3334 ad
2278 3279 2447 3334 David
2493 3289 2616 3350 post
2653 3279 3085 3336 interfectionem
3137 3280 3392 3347 Absalon,
3449 3289 3577 3342 etc.,
3606 3297 3768 3353 usque

2175 3373 2245 3427 ad
2280 3373 2334 3430 id
2358 3383 2443 3430 est
2465 3373 2743 3430 Christum
2771 3373 2966 3428 Filium
2999 3373 3094 3429 Dei
3124 3373 3284 3430 rediit

2611 3501 2649 3575 ξ
2763 3509 2992 3567 CAPUT
3038 3510 3180 3568 XXI.

2247 3619 2412 3676 Vens.
2441 3622 2493 3676 1.
2547 3652 2615 3662 -
2663 3619 2836 3676 Facta
2883 3631 2978 3676 est.
3035 3621 3219 3694 (ΗΑΒ.)
3266 3622 3460 3680 Fames
3511 3623 3654 3678 facta
3709 3625 3764 3679 in

2173 3714 2339 3769 Israel
2372 3726 2592 3784 propter
2613 3713 2964 3777 Gabaonitas,
2995 3723 3128 3781 etc.,
3160 3733 3322 3788 usque
3367 3717 3436 3771 ad
3481 3733 3548 3773 ne
3594 3717 3758 3772 vitam

2174 3817 2361 3858 eorum
2391 3818 2558 3872 prave
2586 3804 2925 3873 suggerendo
2955 3816 3307 3875 corrumpant
3331 3804 3580 3860 ulterius.

2245 3896 2410 3950 Vens.
2435 3895 2488 3951 8.
2519 3926 2588 3936 —
2623 3895 2761 3950 Tulit
2795 3897 2970 3968 itaque
2999 3913 3090 3950 rex
3114 3897 3266 3952 duos.
3302 3897 3403 3965 Qui
3449 3913 3570 3952 cum
3617 3898 3764 3970 Doeg

2173 3986 2408 4042 Idumazo
2438 3987 2614 4042 adhuc
2662 3987 2814 4057 pueri
2843 3987 3153 4043 sacerdotes
3181 3998 3234 4043 et
3261 3988 3594 4060 Gabaonitas
3620 3990 3764 4045 occi-

2173 4077 2388 4141 derunt,
2411 4078 2632 4132 Armoni
2662 4077 2866 4133 scilicet
2888 4086 2944 4132 et
2971 4077 3330 4148 Mipbiboseth

2241 4167 2410 4223 Filios
2436 4169 2631 4222 Michol
2655 4169 2800 4238 ﬁlim,
2829 4180 2935 4224 etc.
2967 4169 3113 4236 Quos
3136 4170 3346 4226 scilicet
3374 4171 3591 4237 Micbol,
3623 4186 3763 4227 uxor

2172 4261 2365 4328 David,
2392 4278 2510 4333 qua:
2533 4271 2586 4316 et
2608 4262 2736 4333 Egla
2760 4263 2976 4330 dicitur,
3008 4264 3286 4335 adoptavit
3309 4266 3409 4321 sibi
3442 4267 3580 4320 inter
3601 4265 3760 4332 ﬁlios,

2169 4370 2306 4425 quos
2338 4354 2521 4410 Merob
2561 4371 2716 4410 soror
2744 4355 2861 4426 ejus
2900 4358 2965 4412 de
2997 4358 3106 4413 ﬁlio
3138 4358 3405 4414 Berzcllai
3431 4360 3684 4431 suscepit.

2241 4445 2403 4502 Vens.
2438 4448 2522 4502 18.
2546 4478 2615 4486 -
2643 4445 2771 4502 Cob.
2828 4449 2981 4532 Quod
3012 4451 3400 4522 interpretatur
3423 4453 3588 4519 lacus,
3633 4453 3761 4524 quia

475 4552 702 4606 randum
754 4553 953 4610 factum
1006 4557 1259 4613 Absalom
1307 4566 1361 4613 ct
1422 4557 1588 4612 David
1643 4558 2061 4613 renuntiandum

2170 4542 2309 4596 sicut
2337 4542 2389 4595 in
2416 4541 2532 4596 lacu
2564 4541 2778 4597 leonum
2833 4544 2956 4614 quis
3002 4545 3255 4612 mittitur,
3284 4546 3360 4601 ita
3403 4548 3756 4620 semetipsum

2170 4631 2314 4652 μω.
2339 4631 2505 4652 πως-.
2533 4643 2707 4652 --_.__
2741 4632 2944 4652 ηιεμ-

473 4641 677 4698 decreti
725 4644 989 4716 fugientes
1030 4649 1305 4714 Absalom,
1339 4657 1471 4715 etc.,
1499 4665 1658 4720 usque
1693 4649 1761 4701 ad
1786 4657 1841 4703 et
1889 4648 2062 4703 homi-

480 4749 581 4789 nes
601 4750 633 4788 a
660 4739 1042 4805 persecutione
1063 4741 1236 4796 hostis
1259 4743 1489 4810 protecti
1518 4741 1840 4797 liberantur.

1047 4836 1276 4895 CAPUT
1309 4838 1492 4895 XVIII.

541 4914 705 4973 Vens.
721 4917 891 4973 9.—A
900 4919 1056 4973 ccidit
1076 4930 1248 4975 autem
1262 4931 1316 4975 ut
1335 4931 1627 4976 occurreret
1641 4920 1889 4976 Absalom
1903 4923 2062 4978 servis

475 5009 646 5066 David
671 5013 854 5066 sedens
884 5011 1048 5066 mulo.
1082 5012 1264 5085 (ΗΑΒ.)
1296 5013 1551 5069 Absalom
1581 5013 1728 5069 mulo
1772 5013 1982 5084 fugiens
2006 5013 2060 5069 in

475 5119 679 5174 quercu
729 5119 830 5175 per
889 5105 1164 5160 caesariem
1213 5106 1405 5174 capitis
1441 5121 1735 5176 suspensus
1767 5114 1880 5170 est,
1927 5115 2058 5172 etc.,

1963 4834 2052 4842 ...-

474 5288 836 5360 principatum
857 5291 1062 5361 pariter
1081 5299 1136 5346 et
1165 5290 1421 5370 populum
1450 5289 1768 5345 amiserunt.

1059 5379 1300 5438 CAPUT
1335 5379 1475 5438 XIX.

552 5478 707 5529 Vens.
737 5473 828 5528 22.
858 5505 928 5516 -
961 5474 1102 5541 Quid
1127 5476 1275 5530 mihi.
1325 5475 1574 5531 Timebat
1600 5474 1770 5531 David
1799 5476 1844 5532 si
1886 5476 2054 5533 inter-

2170 4631 2319 4687 misit
2339 4631 2505 4686 David
2527 4643 2714 4687 contra
2740 4632 2971 4687 Goliam.

2242 4721 2406 4776 Vens.
2433 4723 2972 4789 I9,20.—Tertium.
3005 4725 3189 4800 (Βη.)
3209 4725 3474 4802 Josephus
3503 4731 3568 4787 de
3595 4733 3757 4787 tertio

2127 4813 2132 4816 ’
2169 4817 2356 4889 prtelio
2386 4817 2459 4871 ita
2495 4816 2644 4882 dicit,
2677 4827 2806 4882 etc.,
2832 4835 2994 4890 usque
3033 4822 3103 4874 ad
3150 4822 3490 4879 Adeodatum
3518 4824 3755 4897 appella-

2169 4911 2311 4966 verit
2331 4910 2416 4966 vel
2442 4911 2735 4981 quemlibet
2757 4911 2922 4968 alium
2961 4915 3149 4982 etiam,
3178 4917 3441 4974 incertum
3468 4927 3570 4976 est.

2243 5003 2525 5070 Quantum,
2553 5004 2768 5060 Goliatb
2809 5006 3060 5074 iteratur,
3110 5009 3253 5080 quod
3281 5011 3391 5082 egit
3427 5011 3596 5068 David
3641 5014 3754 5083 pri—

2158 5095 2322 5150 mitus
2373 5105 2612 5166 tempore
2643 5097 2843 5152 Saulis.
2885 5099 3022 5154 Nam
3072 5099 3126 5154 in
3169 5099 3598 5173 Paralipomenis
3639 5120 3748 5160 non

474 5212 637 5266 usque
680 5196 748 5249 ad
770 5197 826 5251 in
852 5197 1243 5267 dispersionem
1264 5196 1503 5266 gentium
1531 5205 1932 5268 pertranseunt,
1956 5196 2056 5268 ipsi
2156 5190 2261 5244 nisi
2289 5190 2448 5246 tertio
2482 5191 2857 5261 principaliter
2880 5208 3147 5264 pugnasse
3177 5203 3364 5250 contra
3407 5196 3752 5254 Philisthaeos
3854 5248 3868 5258 .

2153 5282 2368 5354 legitur.

2228 5372 2411 5444 (Ihm)
2439 5372 2683 5440 Quatuor
2703 5375 2840 5430 bella
2865 5376 3034 5432 David
3057 5389 3112 5433 et
3137 5394 3415 5436 servorum
3445 5380 3585 5452 ejus,
3611 5391 3745 5449 etc.,

2162 5483 2325 5537 usque
2347 5467 2416 5520 ad
2447 5467 2625 5522 unde:
2676 5467 2824 5524 Vana
2872 5470 3016 5524 salus
3061 5470 3346 5527 bominum’.
3392 5471 3460 5528 1η
3512 5473 3620 5529 Deo
3663 5474 3747 5543 fa-

472 5568 726 5623 ﬁceretur
773 5565 973 5631 Semei,
1007 5567 1150 5637 quod
1198 5566 1390 5637 reliqui
1435 5567 1528 5637 qui
1575 5565 1828 5622 similiter
1867 5583 2053 5640 regem
2162 5562 2356 5616 ciemus
2381 5562 2710 5628 virtutem,et
2737 5564 2846 5633 ipse
2872 5563 2941 5618 ad
2969 5563 3191 5618 nihilum
3215 5565 3414 5620 reducit
3433 5566 3744 5622 tribulantes

473 5660 828 5726 offenderant,
861 5660 1064 5716 nollent
1095 5675 1218 5716 eum
1249 5661 1352 5717 sibi
1388 5659 1570 5717 facere
1593 5675 1802 5733 regem.

541 5755 704 5809 Vens.
735 5753 824 5809 24.
854 5785 924 5796 --
954 5754 1145 5810 Illotis.
1188 5755 1246 5811 In
1274 5755 1520 5823 Hebraeo,
1553 5756 1780 5826 infectis.
1823 5757 2053 5812 Fecerat

2161 5673 2254 5710 nos
2279 5653 2451 5726 (Psal.
2482 5661 2635 5722 cvn).

2229 5746 2648 5812 Bethlehemites,
2678 5754 2782 5801 etc.
2812 5745 2946 5815 Quia
2967 5745 3157 5804 Noemi
3185 5757 3240 5804 et
3264 5748 3411 5806 Ruth
3451 5765 3516 5806 ex
3546 5750 3741 5820 quibus

473 5844 619 5910 enim
649 5845 749 5900 sibi
775 5845 1133 5922 Miphiboseth
1154 5847 1360 5918 ligneos
1411 5849 1576 5926 pedes
1607 5849 1902 5908 secundum
1953 5847 2056 5908 He-
2158 5853 2312 5900 ortus
2355 5853 2461 5910 est,
2503 5850 2745 5922 tempore
2791 5842 3056 5898 ubertatis
3108 5857 3341 5900 reversae
3370 5852 3498 5902 sunt
3550 5843 3604 5902 in
3635 5843 3736 5910 Bev
