4122 6350
358 455 464 517 871

1352 454 1623 521 GLOSSA
1657 452 2052 519 ORDINANA-
2092 483 2160 502 -
2195 453 2321 519 ιω.
2362 455 2405 523 ιι
2440 454 2602 525 ΒΕΘ.

3518 455 3623 517 578

358 565 621 633 thlebem,
642 576 701 623 et
725 566 853 637 quia
902 583 1067 625 causa
1093 569 1249 641 panis
1273 567 1419 624 Ruth
1448 576 1593 639 .nota
1624 576 1738 635 est,
1766 567 1939 637 ,locus
1963 569 2017 633 Α
2042 563 2177 627 tium
2208 565 2551 651 praeferente,
2583 579 2693 641 uno
2728 524 2955 655 impetu,
2987 565 3039 622 id
3084 575 3170 622 est
3218 565 3485 623 sermonis
3524 565 3624 625 int—

358 656 449 714 ille
473 657 679 717 Domus
701 658 865 729 panis
899 666 1121 725 vocatus
1147 669 1274 723 est”
1301 658 1401 725 Vel
1429 659 1555 733 quia
1604 658 1793 719 Noemi
1822 673 1945 719 cum
2040 657 2194 727 peric
2226 657 2490 739 legionem
2516 658 2724 737 expulit
2752 658 3113 741 demunum._
3217 717 3223 723 _
3554 734 3579 741 Δ
3612 702 3619 731 π

355 762 498 803 nuru
523 745 655 804 illuc
682 762 902 805 reversa
938 750 1095 822 panis
1117 750 1503 808 abundantiam
1526 750 1583 811 in
1619 750 1778 809 domo
1798 749 1943 815 Boos

357 847 817 909 consecutam.“
854 865 879 890 ·-
1120 890 1125 901 .

464 978 471 1001 ι
612 970 621 985 ο
716 924 759 1003 ,ξ
943 933 1363 1001 CARUTXXII.

429 1038 594 1097 Vm.
620 1037 674 1095 ί.
697 1066 769 1095 -τ-
789 1022 1019 1097 Locutus
1044 1048 1140 1103 est,
1165 1046 1277 1094 etc.
1307 1036 1489 1113 (ιω.)
1519 1036 1681 1093 Solus
1697 1035 1940 1094 decimus

358 1129 619 1201 septimus
660 1127 902 1202 psalmus
929 1128 1180 1191 inelibris
1222 1128 1433 1201 Regum
1478 1127 1766 1199 reperitur,
1794 1135 1936 1194 .etc.,

356 1243 518 1300 usque
535 1226 606 1282 ad
630 1235 826 1284 etcum
848 1241 1053 1299 magna
1082 1226 1443 1283 exsultatione
1474 1225 1777 1285 divinitatis
1810 1240 1938 1287 con—

355 1334 513 1379 cessa
530 1334 760 1381 munera
782 1320 1089 1379 laudantur.
1114 1354 1121 1363 ε
1154 1358 1160 1371 .
1294 1358 1299 1365 .

921 1426 1365 1490 CAPUT-XXIII.
1412 1446 1419 1453 ‘

426 1530 591 1590 Vm.
616 1533 669 1589 l.
697 1558 768 1574 --
792 1528 925 1588 Hac
952 1542 1075 1589 sunt
1101 1540 1295 1588 autem.
1322 1532 1599 1608 (HIERON.)
1628 1532 1932 1590 Novissima

352 1635 500 1694 sunt,
551 1626 677 1698 quia
726 1634 849 1697 post
881 1626 1217 1697 psalterium,
1267 1634 1324 1683 et
1361 1634 1555 1684 caetera
1604 1636 1795 1693 metra,
1831 1627 1934 1682 hoc

348 1719 722 1792 composuisse
744 1729 973 1777 metrum
996 1721 1216 1788 dicitur,
1236 1720 1295 1777 in
1318 1734 1426 1793 quo
1445 1722 1523 1778 ait
1546 1738 1561 1776 :
1589 1722 1740 1777 Dixit
1764 1720 1931 1777 David

1595 896 1603 923 l

349 1812 495 1883 ﬁlius
529 1813 646 1870 Isai
662 1830 683 1871 :
709 1813 863 1870 Dixit
894 1816 992 1882 vir,
1017 1815 1103 1877 eui
1124 1817 1407 1871 constituta
1435 1826 1512 1871 est
1554 1815 1699 1871 scola
1722 1813 1931 1871 Christo
1982 1864 1995 1871 -

350 1906 450 1964 Dei
470 1908 659 1966 Iacob.

421 2003 606 2079 (ιω.)
641 2004 777 2073 Quia
802 2005 1049 2062 ultimam
1090 2006 1447 2064 confessionis
1472 2007 1684 2063 laudem
1724 2006 1928 2079 signiﬁ-

354 2106 504 2164 cant,
527 2113 690 2169 quam
715 2108 968 2170 superato
992 2100 1149 2157 hoste
1173 2107 1228 2156 et
1243 2107 1465 2171 peracta
1490 2099 1722 2157 victoria
1741 2100 1931 2156 mortis

347 2192 518 2248 sancti
539 2193 834 2249 cantabunt
857 2193 911 2248 in
936 2201 1219 2249 aeternum.
1252 2206 1257 2215 θ

416 2283 696 2357 Egregius.
727 2285 866 2355 Quia
913 2285 1340 2342 luculentissime
1386 2286 1452 2342 de
1478 2285 1701 2342 Christo
1747 2286 1844 2342 Dei
1873 2292 1930 2340 et

347 2379 413 2437 de
442 2380 817 2437 incarnatione
847 2380 965 2453 ejus
985 2394 1051 2436 ac
1071 2379 1440 2451 redemptione
1465 2379 1688 2436 humani
1715 2379 1929 2450 generis

342 2478 701 2550 prophetavit.
1530 2484 1537 2497 '
1786 2484 1791 2491 '

415 2567 582 2626 Vens.
613 2568 668 2625 3.
696 2598 771 2611 —
797 2567 867 2623 In
890 2568 1093 2624 timore.
1124 2568 1227 2637 Qui
1258 2568 1313 2624 in
1341 2566 1534 2624 timore
1560 2568 1654 2624 Dei
1678 2567 1924 2624 domina-

345 2661 545 2718 tionem
583 2660 638 2717 in
687 2661 917 2717 subditis
943 2670 1180 2727 exercet,
1230 2659 1370 2718 lucis
1412 2676 1577 2731 opera
1620 2676 1718 2731 per
1757 2660 1925 2717 solem

339 2753 563 2825 iustitia:
610 2753 909 2811 illuminata
944 2753 1172 2826 profert,
1204 2768 1308 2810 nec
1357 2752 1413 2809 in
1463 2754 1544 2809 eis
1597 2753 1803 2825 aliquid
1828 2754 1928 2809 ob-

342 2864 560 2906 scurum
589 2855 855 2915 remanet,
880 2847 973 2904 sed
998 2847 1168 2903 imbre
1190 2846 1429 2902 caelestis
1449 2846 1637 2918 gratim
1667 2845 1926 2919 irrigatus

340 2942 583 3013 germina
607 2941 865 2997 virtutum
885 2940 939 2995 in
969 2954 1132 2996 carne
1155 2940 1343 2995 vivens
1370 2938 1717 2994 fructiﬁcat.-

410 3034 579 3091 Vens.
615 3035 670 3092 5.
697 3067 769 3076 —
796 3034 909 3090 Nec
956 3032 1289 3106 ervilia.)
1335 3031 1437 3099 Qui
1475 3032 1530 3087 in
1562 3032 1679 3103 lege
1708 3032 1923 3089 Domini

338 3129 633 3185 meditatur
658 3129 746 3186 die
793 3143 858 3186 ac
906 3135 1086 3193 nocte,
1118 3124 1180 3182 ﬁt
1224 3126 1480 3197 tanquam
1527 3126 1731 3199 lignum
1774 3124 1922 3196 ’quod

338 3219 636 3292 plantatum
659 3219 814 3291 juxta
840 3232 1012 3290 aquas
1040 3216 1133 3273 dat
1161 3216 1395 3275 fructum
1418 3228 1575 3273 suum
1598 3218 1654 3273 in
1680 3225 1919 3289 tempore

338 3326 458 3378 suo,
497 3321 553 3367 et
578 3302 919 3382 quacunque
942 3309 1105 3366 faciet
1132 3306 1618 3381 prosperabuntur.

408 3403 575 3461 Vsus.
605 3404 662 3459 7.
690 3434 764 3446 —
783 3403 855 3458 Et
882 3403 930 3458 si
952 3404 1097 3475 quis.
1128 3401 1232 3470 Qui
1278 3402 1487 3459 scilicet
1509 3400 1919 3459 communicans

335 3495 572 3568 peccatis
600 3492 793 3552 alienis
818 3503 1037 3567 propter
1062 3493 1242 3550 cordis
1276 3495 1360 3551 sui
1415 3494 1692 3561 duritiam,
1723 3494 1921 3564 iniqui-

337 3595 511 3643 tatum
530 3588 770 3659 pondere
794 3587 1078 3658 premitur,
1107 3593 1160 3641 et
1192 3580 1387 3657 iaculis
1410 3596 1756 3658 peccatorum
1795 3600 1921 3642 con-

334 3678 558 3748 foditur,
609 3680 1058 3752 ejusque,.-opera
1089 3668 1308 3735 uternis
1350 3678 1569 3751 ignibus
1613 3678 1823 3751 dignay
1849 3675 1919 3734 ad

335 3772 566 3830 nihilum
590 3773 925 3846 redigentur.

406 3889 572 3946 Vsus.
603 3888 659 3947 8.
688 3918 760 3929 -—
782 3886 915 3944 Haec
959 3897 1080 3943 sunt
1106 3887 1341 3943 nomina.
1373 3887 1545 3960 08in.)
1576 3882 1805 3944 Texitur
1827 3904 1919 3944 ca-

336 3980 548 4054 talogus
575 3981 817 4037 virorum
864 3979 1086 4037 fortium
1131 3980 1186 4036 in
1237 3978 1409 4052 ﬁgura
1460 3988 1792 4047 sanctorum,
1823 3978 1917 4052 qui

333 4076 582 4147 quamvis
639 4076 905 4131 virtutum
973 4074 1304 4132 sublimitate
1357 4072 1678 4146 proﬁciant,
1736 4082 1917 4129 tamen

333 4181 507 4238 usque
532 4166 602 4223 ad
631 4166 1009 4223 excellentiam
1057 4167 1251 4222 divinae
1298 4164 1583 4222 Trinitatis
1612 4182 1718 4223 non
1754 4166 1918 4222 attin-

333 4268 489 4334 gunt.
524 4259 640 4316 Hoc
686 4268 771 4325 est
806 4258 953 4315 enim
994 4260 1140 4331 quod
1191 4258 1451 4331 scriptum
1483 4267 1569 4317 est
1594 4278 1607 4315 :
1636 4258 1821 4330 Usque
1848 4259 1914 4315 ad

334 4361 446 4410 tres
496 4352 703 4429 primos
751 4369 860 4410 non
912 4354 1177 4425 pervenit.
1217 4350 1351 4422 Quis
1403 4355 1545 4411 enim
1597 4355 1653 4410 in
1684 4355 1917 4412 nubibus

331 4446 635 4518 aequabitur
658 4446 888 4504 Domino
914 4446 970 4502 in
993 4446 1116 4503 ﬁliis
1142 4446 1279 4504 Dei?
1348 4508 1355 4517 ,

404 4536 671 4595 Fortium.
712 4539 790 4595 De
829 4538 916 4595 his
964 4537 1195 4596 fortibus
1239 4540 1316 4596 ait
1362 4540 1669 4614 Josephus:
1701 4540 1916 4598 Primus

331 4630 575 4688 omnium
626 4639 747 4688 erat
791 4614 1058 4687 Eusebius
1094 4629 1236 4688 ﬁlius
1286 4632 1594 4706 Achimaeae,
1622 4636 1714 4706 qui
1741 4635 1914 4690 aciem

331 4720 571 4776 hostium
596 4719 935 4791 'frequcnter
985 4721 1292 4793 irrumpens
1340 4702 1450 4781 non
1478 4702 1710 4781 eesSavit
1746 4726 1917 4783 donec

333 4818 639 4884 nongentds
666 4812 964 4871 occideret.
998 4812 1128 4870 Post
1162 4814 1307 4873 hunc
1350 4814 1472 4873 erat
1505 4812 1734 4874 Eleazai'
1777 4818 1920 4876 ﬁlius

331 4900 504 4970 Dodo,
526 4905 767 4976 quicum
795 4920 923 4977 rege
968 4905 1145 4961 fuerat
1171 4907 1224 4962 in
1253 4905 1481 4979 Sarpba.
1525 4907 1626 4963 llic
1657 4902 1919 4968 Israelitis

331 4994 753 5054 formidantibus
796 4996 1247 5073 Philisthinorum
1298 4999 1600 5055 exercitum
1629 5008 1684 5055 et
1708 4999 1918 5073 fugien-

331 5090 479 5146 tibus
501 5090 650 5148 solus
675 5090 897 5158 restitit,
943 5098 1000 5147 et
1049 5090 1252 5146 multos
1284 5090 1504 5158 occidit,
1552 5100 1613 5148 ut
1656 5093 1918 5165 sanguine

330 5183 636 5241 occisorum
665 5184 877 5257 gladius
899 5185 1017 5258 ejus
1054 5185 1289 5241 haereret
1314 5184 1368 5241 in
1394 5184 1636 5242 dextera.
1659 5185 1917 5244 lsraelitae

329 5289 464 5331 vero
489 5274 734 5332 videntes
768 5274 1085 5332 Palmstinos
1131 5275 1187 5331 in
1232 5276 1415 5348 fugam
1451 5291 1764 5345 conversos,
1818 5278 1914 5336 de—

331 5365 655 5423 scendentes
684 5365 752 5426 de
786 5366 1061 5423 montibus
1102 5367 1371 5437 persecuti
1410 5376 1677 5435 sunteas,
1717 5377 1772 5425 et
1792 5385 1917 5441 per-

329 5458 481 5515 venit
502 5457 763 5515 lsraelitis
780 5457 990 5516 famosa
1012 5459 1263 5516 victoria.
1288 5459 1504 5517 Tertius
1527 5460 1631 5517 fuit
1656 5461 1914 5520 Semreias

330 5549 477 5607 ﬁlius
502 5550 640 5618 Heli,
666 5553 759 5625 qui
787 5552 841 5608 in
863 5551 982 5609 loco
1003 5551 1235 5608 maxilla!
1254 5568 1377 5610 cum
1401 5552 1612 5611 Hebraei
1644 5555 1914 5628 fugerent,

329 5644 604 5701 exercitus
627 5643 1035 5701 Palaestinorum
1074 5644 1220 5701 solus
1246 5646 1485 5716 portavit
1511 5646 1647 5704 alios
1672 5657 1913 5720 proster-

329 5752 491 5806 nens,
514 5736 650 5794 alios
672 5737 727 5793 in
753 5736 935 5810 fugam
963 5747 1304 5813 convertens.

404 5827 544 5900 Ipse.
583 5828 768 5902 (ΚΑΒ.)
796 5830 957 5902 Virga
980 5830 1046 5887 de
1075 5831 1258 5887 radice
1281 5829 1433 5888 Jesse
1460 5832 1665 5903 absque
1690 5835 1916 5906 nuptiali

332 5937 499 5997 opere
513 5922 699 5982 ﬂorem
724 5925 965 5997 protulit,
998 5925 1088 5997 qui
1111 5925 1175 5982 de
1201 5942 1308 5983 uno
1334 5926 1551 5983 homine
1576 5936 1760 6001 typum
1790 5945 1918 6000 gen-

2114 734 2459 831 Tenerrimtts
2489 734 2637 825 ligni.
2667 752 2792 827 (10.)
2838 734 3148 837 Virtuslviri
3198 750 3391 807 bellica
3408 734 3471 805 iet
3505 734 3624 827 nio-

2041 841 2192 921 desta
2220 842 2738 929 signiﬁcaturheth
2767 845 3021 931 usqueadt
3052 844 3108 931 in
3130 840 3510 925 interfectione
3529 856 3622 898 oc-

2041 924 2407 1006 tingentorum
2439 924 2716 1003 fortitudo.
3008 1006 3013 1011 ,
3094 924 3107 933 ⁸
3162 996 3169 1005 .

2109 1020 2274 1080 Vitas.
2306 1024 2394 1080 ll.
2420 1056 2493 1067 .-
2518 1023 2728 1099 Semina
2748 1006 3197 1097 βιίκεζλιὶάίοηε.

2108 1113 2217 1188 Age
2239 1115 2327 1183 de,
2357 1106 2757 1199 etcaMeditans
2779 1118 2894 1201 sive
2924 1102 3191 1203 loquentia
3274 1120 3327 1203 μ’
3376 1188 3383 1201 ,
3448 1186 3458 1201 ι

2106 1206 2287 1262 Arari.
2304 1206 2626 1291 Montanus,
2658 1209 2751 1281 qui
2774 1217 2950 1283 gestat
2968 1200 3254 1291 personam
3274 1200 3483 1291 Christi
3503 1209 3620 1267 sive

2033 1300 2449 1375 praedicatorum
2473 1282 2610 1383 ejus.
2668 1346 2707 1383 ξε
2774 1376 2785 1383 _
3024 1366 3083 1383 τι
3184 1282 3191 1303 1
3306 1286 3311 1295 ’
3394 1378 3399 1383 π
3610 1368 3617 1375 .

2104 1390 2269 1450 Vens.
2318 1366 2406 1448 ιέ.
2436 1366 2713 1450 —_St'etit‘.
2741 1376 2927 1469 (inm)
2967 1366 3218 1483 Christus
3247 1368 3616 1483 cum:$piritu

2033 1487 2301 1547 sanctoin
2321 1501 2454 1557 agro
2473 1486 2731 1547 Ecclesiae
2754 1498 2906 1547 stans
2925 1478 3169 1547 inﬁrmos
3188 1492 3336 1557 velut
3354 1478 3617 1548 hordeum

2034 1583 2236 1644 tuetur,
2265 1576 2350 1633 vel
2389 1586 2538 1634 certe
2562 1581 2942 1636 verecundiam
2978 1564 3242 1651 castitatis
3272 1580 3618 1643 incontinen-

2035 1670 2179 1726 tibus
2210 1671 2367 1743 quasi
2393 1670 2634 1755 legentes
2662 1673 2840 1745 gladio
2866 1674 2979 1732 oris
3008 1682 3196 1755 contra
3226 1660 3497 1749 luxuriam
3526 1676 3619 1731 dc-

2031 1758 2226 1818 fendit.
2492 1748 2499 1755 ’
2936 1756 2965 1845 ἐ
3050 1752 3057 1759 ’
3140 1748 3145 1755 ’

2107 1852 2271 1911 Vens.
2297 1855 2384 1911 l5.
2414 1886 2485 1897 ——
2517 1855 2902 1929 Descenderam
2933 1867 3056 1912 tres.
3088 1857 3222 1914 Tres
3253 1846 3421 1914 fortes
3453 1873 3619 1929 supra

1888 1917 1897 2019 ξ
1957 1934 2008 1996 Β
2035 1946 2325 2012 nominati,
2371 1956 2426 2002 et
2465 1926 2720 2004 Jesboam
2753 1947 2895 2003 ﬁlius
2923 1946 3248 2016 Achamoni,
3280 1936 3443 2019 quem
3468 1917 3617 2005 lose-

2032 2040 2174 2111 phus
2205 2040 2493 2097 Eusebium
2516 2042 2685 2096 ﬁlium
2705 2041 2980 2099 Acbimeae
3005 2044 3269 2123 nominat.
3300 2045 3367 2100 Et
3391 2044 3618 2102 Eleazar

2033 2132 2179 2189 ﬁlius
2205 2133 2408 2201 Ahobi,
2437 2150 2597 2217 quem
2634 2134 2767 2191 dicit
2791 2135 2961 2205 ﬁlium
2978 2152 3098 2219 esse
3120 2135 3288 2203 Dodo,
3319 2147 3374 2193 et
3396 2137 3615 2195 Semma

2031 2222 2175 2281 ﬁlius
2194 2226 2329 2296 Age,
2359 2242 2518 2297 quem
2548 2227 2817 2285 Semeiam
2846 2229 3017 2285 ﬁlium
3049 2229 3166 2287 Heli
3196 2239 3372 2297 vocat.
3400 2230 3617 2315 Hebraei

2031 2327 2214 2383 autem
2261 2331 2373 2376 tres
2414 2321 2546 2376 istos
2591 2319 2929 2377 arbitrantur
2980 2321 3167 2389 fuisse,
3208 2323 3407 2391 Abisai,
3442 2323 3613 2389 ﬁlium

2031 2410 2259 2479 Sarviae,
2298 2420 2352 2469 et
2390 2412 2661 2471 Sobochai
2704 2412 3029 2479 Usatbitem,
3057 2423 3113 2470 et
3137 2398 3406 2495 Jonathan
3445 2413 3614 2471 ﬁlium

2030 2503 2291 2561 Sammaa
2314 2504 2503 2561 fratris
2530 2504 2721 2572 David,
2754 2504 2845 2576 qui
2879 2520 3039 2575 supra
3084 2507 3366 2561 memorati
3405 2514 3532 2562 sunt
3559 2506 3615 2564 in

2028 2600 2231 2673 prmliis
2244 2600 2711 2657 Philistbinorum.
2727 2599 2824 2655 Cui
2848 2581 3130 2655 sententiae
3150 2615 3450 2670 congruere
3466 2602 3615 2659 vide-

2030 2697 2118 2745 tur
2146 2690 2290 2761 quod
2319 2690 2566 2760 sequitur
2596 2707 2610 2744 :
2643 2688 2827 2744 Abisai
2856 2705 3058 2761 quoque
3096 2689 3263 2761 frater
3284 2689 3422 2746 Joab
3461 2691 3607 2762 ﬁlius

2029 2779 2258 2849 Servios,
2295 2790 2403 2838 etc.
2438 2781 2576 2837 Hinc
2604 2781 2749 2837 enim
2792 2789 3018 2852 apparet
3058 2783 3203 2853 quod
3238 2783 3426 2840 Abisai
3451 2785 3606 2856 prin-

2027 2888 2157 2945 ceps
2178 2881 2298 2929 erat
2333 2882 2390 2929 et
2418 2874 2727 2929 nominatus
2754 2872 2897 2928 inter
2926 2882 3037 2929 tres
3063 2880 3372 2944 sequentes.

2098 2964 2315 3037 (Casa)
2354 2965 2711 3039 Cogitandum
2734 2973 2840 3032 est,
2862 2975 2923 3020 ut
2948 2965 3038 3037 qui
3070 2965 3259 3022 illicita
3288 2968 3562 3026 commisit
3583 2985 3614 3026 a

2023 3057 2352 3129 quibusdam
2382 3057 2545 3113 etiam
2576 3056 2742 3113 licitis
2770 3056 3061 3123 abstineat,
3089 3066 3149 3112 ut
3170 3072 3268 3128 per
3293 3057 3396 3115 hoc
3427 3059 3617 3117 condi-

2026 3151 2131 3206 tori
2158 3166 2257 3208 suo
2294 3150 2612 3217 satisfaciat,
2647 3160 2707 3207 ut
2750 3151 2843 3222 qui
2885 3152 3158 3209 commisit
3198 3155 3490 3225 prohibita,
3519 3156 3615 3212 ab-

2024 3245 2234 3300 scindat
2275 3243 2377 3302 sibi
2417 3246 2579 3300 etiam
2627 3259 2906 3311 concessa,
2946 3252 3003 3300 et
3048 3261 3112 3321 se
3157 3248 3522 3318 reprehendat
3548 3249 3603 3305 in

2025 3336 2301 3405 minimis,
2333 3353 2494 3408 quem
2541 3337 2792 3395 meminit
2831 3353 3089 3410 peccasse
3117 3341 3169 3395 in
3200 3342 3475 3399 maximis.
3496 3341 3606 3399 Lex

2022 3425 2240 3484 Veteris
2268 3428 2602 3484 Testamenti
2629 3445 2852 3486 uxorem
2881 3429 3113 3485 alienam
3138 3433 3450 3507 concupisci
3480 3449 3608 3504 pro-

2022 3519 2175 3576 hibet
2207 3539 2220 3576 :
2251 3537 2281 3577 a
2312 3537 2438 3593 rege
2474 3536 2602 3577 vero
2637 3522 2797 3578 fortia
2838 3520 3018 3591 juberi
3064 3523 3325 3581 militibus
3353 3526 3435 3581 vel
3466 3525 3610 3582 desi-

2021 3611 2219 3668 derare
2267 3629 2495 3685 aquam,
2547 3630 2654 3669 non
2708 3615 3001 3686 poenaliter
3042 3624 3208 3673 vetat.
3263 3617 3431 3674 David
3480 3634 3610 3677 vero

2022 3705 2255 3762 alienam
2282 3722 2508 3765 uxorem
2535 3708 2845 3779 concupivit
2867 3718 2924 3765 et
2946 3710 3186 3778 abstulit,
3218 3708 3372 3781 cujus
3394 3713 3609 3785 culpam

2023 3794 2182 3865 digna
2212 3796 2440 3850 verbera
2481 3805 2607 3850 sunt
2636 3805 2845 3863 secuta,
2890 3804 2945 3851 et
2984 3796 3184 3873 malum
3225 3800 3369 3875 quod
3414 3816 3606 3873 perpe-

2024 3887 2209 3952 travit,
2255 3901 2353 3958 per
2376 3887 2716 3958 poenitentia:
2758 3887 2997 3967 lamenta
3038 3891 3295 3955 correxit.
3337 3889 3443 3963 Qui
3481 3908 3604 3953 cum

2023 3981 2182 4052 longe
2222 3990 2345 4052 post
2374 3991 2567 4057 contra
2606 3966 2843 4043 hosﬁum
2869 3966 3083 4069 cuneos
3108 3972 3268 4056 sedit,
3299 4004 3497 4061 aquam
3526 3968 3611 4057 ex.

2022 4088 2212 4129 eorum
2253 4073 2493 4130 cisterna
2534 4074 2897 4145 desideravit;
2922 4076 3078 4155 cujus
3103 4078 3265 4137 electi
3291 4080 3492 4147 milites
3521 4081 3608 4138 in-

2024 4173 2110 4220 tra
2135 4175 2385 4225 catervas
2418 4166 2657 4227 hosﬁum
2688 4168 3073 4249 irrumpentes,
3098 4188 3297 4244 aquam
3323 4190 3490 4246 quam
3517 4175 3610 4232 de-

2022 4256 2362 4313 sideraverat
2390 4299 2406 4325 ,
2460 4258 2615 4315 illaesi
2667 4260 3030 4332 pertulerunt.
3088 4261 3195 4337 Sed
3248 4264 3334 4323 vir
3386 4264 3611 4337 flagellis

2021 4348 2265 4417 eruditus
2300 4365 2360 4411 se
2386 4350 2637 4422 protinus
2679 4367 2805 4409 cum
2849 4353 3094 4429 periculo
3137 4354 3371 4413 militum
3408 4374 3604 4430 aquam

2021 4440 2359 4498 desiderasse
2403 4442 2771 4513 reprehendit,
2827 4458 3057 4514 eamque
3101 4442 3331 4502 Domino
3376 4446 3610 4506 fundens

2021 4532 2227 4590 libavit.
2255 4534 2311 4591 ln
2335 4536 2669 4592 sacriﬁcium
2698 4537 2843 4613 enim
2877 4538 3091 4613 Domini
3114 4538 3282 4599 eil‘usa
3314 4557 3455 4613 aqua
3479 4559 3609 4601 con-

2022 4640 2180 4681 versa
2202 4635 2305 4694 est,
2340 4626 2466 4697 quia
2496 4627 2712 4698 culpam
2741 4629 3196 4703 concupiscentiae
3224 4634 3483 4690 mactavit
3510 4651 3610 4707 per

2020 4719 2397 4791 pmnitentiam
2442 4734 2554 4776 sua:
2593 4721 3055 4792 reprehensionis.
3102 4723 3203 4793 Qui
3244 4740 3371 4799 ergo
3406 4744 3606 4785 concu-

2019 4812 2234 4885 piscere
2278 4812 2512 4869 alienam
2558 4814 2843 4886 conjugem
2893 4831 3000 4873 non
3052 4817 3250 4888 timuit,
3292 4830 3417 4893 post
3442 4822 3605 4878 etiam

2020 4908 2149 4980 quia
2180 4923 2379 4979 aquam
2404 4909 2768 4981 concupisset,
2803 4912 3041 4981 expavit.

2092 5001 2259 5056 Vsus.
2293 4999 2379 5055 16.
2409 5032 2480 5041 —
2510 4999 2618 5057 Sed
2658 5001 2857 5059 libavit.
2902 5003 3221 5077 Exemplum
3273 5006 3604 5063 fortitudinis

2018 5102 2075 5151 et
2099 5095 2422 5153 constantia:
2448 5094 2713 5153 militibus
2738 5096 2988 5166 praebuit,
3020 5098 3242 5177 vincens
3266 5108 3514 5155 naturam
3537 5116 3605 5157 ne

2019 5186 2213 5243 sitiens
2241 5185 2473 5252 biberet,
2505 5194 2566 5243 ut
2593 5188 2867 5245 exercitus
2896 5188 3044 5249 sitim
3075 5176 3307 5246 tolerare
3342 5189 3599 5248 disceret.

2089 5280 2316 5353 Mystice
2338 5295 2469 5337 vero
2495 5297 2692 5353 aquam
2722 5298 2831 5339 non
2873 5283 3112 5351 sitiebat,
3140 5283 3236 5340 sed
3266 5285 3600 5343 nasciturum

2020 5374 2077 5430 in
2107 5372 2423 5431 Bethlebem
2445 5375 2513 5431 de
2532 5374 2740 5448 virgine
2765 5374 3038 5433 Christum
3058 5375 3390 5447 praavidebat
3412 5393 3427 5433 :
3449 5377 3603 5448 cujus

2019 5466 2299 5523 lavacrum
2338 5474 2394 5523 et
2431 5467 2748 5539 sanguinem
2784 5469 3024 5525 sitiebat.
3065 5468 3277 5541 Aquam
3322 5486 3453 5545 ergo
3490 5485 3604 5529 non

2016 5558 2173 5627 bibit,
2205 5559 2300 5616 sed
2328 5558 2486 5616 fudit.
2520 5560 2757 5617 Sitiebat
2796 5560 2943 5617 enim
2969 5559 3177 5618 fontem
3215 5570 3477 5620 aeternum
3506 5563 3602 5635 qui

2019 5666 2128 5709 non
2158 5651 2415 5724 periculis
2442 5653 2709 5724 quaeritur
2746 5652 2962 5723 alienis,
3006 5654 3101 5712 sed
3145 5653 3321 5712 aliena
3360 5656 3601 5728 pericula

2016 5744 2204 5803 abluit.

2090 5840 2255 5895 Vsus.
2287 5840 2375 5897 {9.
2407 5870 2476 5882 —
2508 5836 2633 5895 lies
2657 5839 2874 5910 primos.
2907 5838 3134 5912 intelligi
3175 5838 3361 5897 volunt
3389 5842 3602 5913 sapien-

2019 5936 2184 5997 tiam,
2236 5931 2595 5987 humilitatem
2659 5937 2715 5986 et
2766 5928 3171 5999 fortitudinem,
3223 5932 3392 5991 David
3455 5936 3599 5991 enim
