4122 6350
521 446 632 510 379

1027 450 1427 510 WALAFRIDI
1463 448 1716 510 STRABI
1751 446 1961 508 FULD.
2002 449 2106 509 MOI

2211 446 2367 508 OPP.
2407 446 2589 507 PARS
2624 449 2669 507 1.
2706 478 2778 492 -
2827 446 3278 510 ΙἮΕΟιΟῦΙΟΔ.

523 560 669 618 sedit
711 561 1146 634 sapientissimus
1175 581 1191 620 :
1224 565 1340 636 ipse
1373 563 1505 637 ligni
1539 561 1888 630 vermiculus,
1916 560 1970 618 id
1999 568 2104 626 cst,
2134 563 2187 625 Α
2211 551 2583 628 subditorum,
2633 569 2777 630 etc.,
2821 580 2986 637 usque
3027 564 3099 620 ad
3138 575 3200 621 nt
3227 564 3370 621 sicut
3414 566 3804 639 magistrorum

522 656 745 714 humilis
789 658 1134 730 octingentos
1175 658 1452 715 interfecit
1493 658 1644 715 velut
1688 655 1880 723 fortis;
1911 654 1979 711 ad
2007 654 2110 711 has

523 756 638 806 tres
662 750 894 807 virtutes
922 767 1082 807 nemo
1107 751 1329 808 fortium
1356 750 1527 809 David
1551 752 1820 823 pervenit.

593 840 758 898 Vsus.
786 840 1208 898 20.—EtBana.
1226 843 1329 913 Qui
1352 852 1473 900 erat
1499 844 1764 919 magister
1783 842 1849 898 de
1868 838 2109 913 Capseel,

523 935 579 993 id
601 944 706 1002 est,
737 936 804 993 de
830 937 1252 1010 congregatione
1294 937 1390 992 Dei
1434 936 1491 992 in
1528 934 1744 993 Cerethi
1785 943 1841 991 et
1869 933 2109 1000 Pheleti,

522 1028 616 1100 qui
668 1029 1097 1100 interpretantur
1152 1028 1442 1084 occidentes
1491 1035 1550 1084 et
1589 1026 1932 1098 uivi/icantes.
1988 1022 2111 1095 Ipse

520 1126 779 1197 percussit
803 1140 943 1195 quos
978 1123 1430 1196 Paralipomenon
1471 1122 1608 1180 duos
1642 1120 1791 1177 Ariel
1818 1117 1975 1177 Moab
2012 1134 2112 1174 no-

521 1217 713 1274 minat.
739 1217 806 1273 lli
831 1233 963 1291 ergo
983 1217 1084 1274 viri
1103 1217 1387 1274 fortissimi
1416 1216 1633 1272 fuerunt
1653 1214 1708 1271 in
1731 1228 1899 1285 regno
1920 1210 2077 1267 Moab
2091 1252 2106 1277 ,

520 1309 668 1365 unde
706 1318 762 1367 et
798 1309 983 1366 leones
1019 1309 1294 1367 dicuntur.
1333 1307 1481 1365 Ariel
1530 1306 1677 1363 enim
1705 1303 1785 1361 leo
1816 1302 1915 1360 Dei
1944 1302 2112 1359 inter-

518 1410 785 1474 pretatur.

592 1492 661 1548 In
679 1494 872 1549 media.
906 1491 1174 1568 Iosephus
1211 1493 1303 1551 hic
1330 1490 1572 1567 apertius
1598 1490 1731 1549 dicit
1755 1489 1887 1563 quid
1922 1488 2105 1558 fuerit,

518 1584 746 1652 scilicet,
782 1586 1019 1642 cisterna
1061 1586 1226 1643 nimis
1271 1585 1575 1658 profunda,
1609 1591 1853 1655 tempore
1898 1580 2110 1656 hyemis

515 1677 660 1734 nivis
684 1694 880 1749 aggere
909 1686 1209 1749 coaaquata.
1240 1677 1299 1732 In
1329 1678 1470 1732 hanc
1512 1676 1596 1732 leo
1636 1674 1844 1730 inscius
1882 1671 2106 1738 decidit,

515 1778 573 1827 et
600 1771 890 1829 conclusus
931 1771 1124 1841 grandi
1168 1770 1352 1841 rugitu
1387 1768 1666 1826 clamavit.
1707 1767 1942 1822 Banaias
1974 1776 2106 1821 vero

2210 650 2354 709 facta
2384 652 2702 723 displicent,
2750 654 2832 711 ita
2871 655 3212 713 subditorum
3243 672 3400 715 mens
3436 673 3468 715 a
3503 660 3805 733 magisterii

2210 747 2518 803 reverentia
2546 762 2654 803 non
2682 749 2925 805 recedat.

2280 836 2556 911 (Ηιειιοκ.)
2605 837 2912 895 Notandum
2941 840 3066 912 quia
3106 841 3163 897 in
3204 841 3637 916 Paralipomcnis
3662 843 3803 920 legi-

2209 938 2337 988 tur:
2371 931 2512 988 Mille
2534 932 2701 989 millia
2730 943 2949 990 centum
2973 935 3142 991 millia
3176 938 3243 994 de
3270 938 3459 1006 Israel,
3489 949 3543 997 et
3576 942 3641 998 de
3662 941 3803 1001 Iuda

2210 1024 2569 1098 quadraginta
2616 1025 2958 1097 septuaginta
3001 1027 3171 1084 millia
3208 1044 3349 1101 quos
3388 1030 3804 1107 intelligendum

2209 1124 2295 1173 est
2339 1115 2476 1173 Joab
2520 1132 2874 1184 numerasse,
2920 1116 3017 1175 sed
3063 1116 3305 1178 noluisse
3357 1124 3652 1182 ostendere
3696 1125 3805 1184 nisi

2168 1210 2403 1283 ,quanti
2431 1209 2486 1266 in
2508 1209 2782 1267 Samuelis
2810 1209 2950 1268 libro
2977 1211 3312 1269 scribuntur.

2282 1308 2444 1367 Vsus.
2477 1309 2565 1366 10.
2586 1340 2659 1353 —
2685 1308 2955 1369 Percussit
2980 1322 3179 1379 autent,
3202 1322 3310 1370 etc.
3342 1312 3572 1388 (Alam,
3604 1315 3699 1373 lib.
3734 1316 3806 1375 de

2209 1396 2384 1464 Pium,
2414 1414 2534 1471 cap.
2565 1400 2644 1471 9.)
2675 1399 2917 1459 Contulit
2961 1415 3022 1459 se
3060 1403 3131 1461 ad
3168 1403 3430 1476 majorem
3474 1421 3694 1477 penam
3740 1418 3805 1463 ut

2205 1498 2392 1563 posset
2438 1505 2737 1561 provocare
2788 1492 3160 1553 clementiam.
3192 1494 3418 1557 Lenitur
3453 1499 3601 1559 enim
3651 1499 3805 1572 rigor

2202 1578 2449 1652 iustitiae,
2478 1592 2609 1649 etc.,
2641 1600 2804 1657 usque
2837 1584 2907 1640 ad
2951 1593 3008 1642 et
3049 1601 3179 1660 erga
3216 1587 3476 1661 populum
3519 1591 3805 1664 quassatio

2209 1673 2426 1732 ctelitus
2450 1674 2621 1732 etfusa
2648 1676 2976 1748 quiesceret.

2284 1775 2454 1833 Vsus.
2507 1777 2594 1833 ll.
2627 1806 2700 1819 —
2734 1777 2923 1836 Sermo
2968 1779 3206 1839 Domini.
3255 1782 3463 1854 (ιω.)
3506 1783 3565 1841 In
3612 1785 3804 1845 Exodo

516 1864 612 1936 qui
643 1880 768 1921 cum
797 1864 1008 1920 caeteris
1034 1864 1099 1919 ad
1131 1862 1498 1935 spectaculum
1519 1861 1685 1927 venit,
1718 1861 1773 1918 in
1807 1860 2100 1917 cisternam
2142 1940 2183 1949 Δ
2212 1866 2473 1937 scriptum
2494 1877 2600 1935 est,
2628 1877 2759 1935 etc.,
2790 1886 2952 1941 usque
2978 1870 3049 1926 ad
3079 1881 3402 1945 consumpta
3430 1884 3559 1931 sunt
3582 1885 3805 1949 septim-

516 1954 739 2022 desiliit,
768 1963 823 2010 et
856 1954 1065 2010 leonem
1092 1953 1389 2010 interfecit.
1418 1953 1675 2019 Banaias,
1721 1953 1815 2023 qui
1849 1951 2117 2022 interpre-
2141 1940 2191 2004 B
2216 1959 2365 2031 ginta
2398 1958 2587 2016 millia.

514 2054 664 2103 tatur
702 2048 998 2118 wdiﬁcator
1034 2047 1322 2111 Dominus,
1368 2044 1643 2102 Christum
1686 2043 1981 2117 signiﬁcat,
2010 2041 2104 2114 qui

514 2136 819 2197 Ecclesium
867 2136 1119 2193 aedificat.
1169 2135 1325 2193 Unde
1371 2133 1574 2191 Paulus
1618 2149 1633 2191 :
1675 2134 1775 2191 Dei
1820 2133 2104 2204 ludiﬁcatio

513 2230 660 2286 estis.
692 2228 793 2285 Hic
820 2228 874 2284 in
905 2237 1148 2300 tempore
1188 2227 1328 2282 nivis
1366 2235 1421 2281 et
1463 2225 1714 2298 frigoris,
1741 2240 1867 2282 cum
1897 2223 2108 2279 scilicet

513 2321 692 2395 gratia
720 2320 924 2378 Christi
954 2320 1158 2376 mundo
1187 2316 1550 2391 resplenduit,
1585 2326 1641 2374 et
1669 2316 1843 2389 frigus
1867 2314 2106 2371 Charita-

512 2415 586 2472 tis
626 2414 875 2471 homines
919 2411 1291 2485 refrigeravit,
1334 2411 1569 2477 leonem,
1598 2410 1651 2467 id
1682 2418 1797 2477 est,
1831 2406 2105 2465 diabolum

511 2505 809 2565 interfecit.
848 2504 1107 2560 Hebraeus
1136 2518 1265 2559 vero
1294 2503 1440 2558 hunc
1474 2492 1874 2558 leonem'Moab
1906 2498 2106 2556 intelli-

512 2600 614 2675 git,
638 2599 731 2672 qni
761 2599 816 2654 in
852 2597 1030 2654 medio
1059 2598 1326 2664 cisternae,
1355 2597 1409 2653 id
1431 2606 1535 2663 est,
1576 2597 1631 2652 in
1662 2596 1824 2652 domo
1865 2594 2102 2661 Domini,

509 2692 605 2749 ubi
636 2693 856 2748 tenebat
883 2706 1087 2746 cornua
1126 2690 1336 2757 altaris,
1379 2691 1594 2746 occisus
1623 2698 1727 2746 est.
1758 2688 1945 2746 Altare
1972 2704 2104 2746 vero

513 2784 750 2841 cisterna
775 2782 991 2847 dicitur,
1023 2782 1149 2855 quia
1190 2782 1331 2838 sicut
1360 2796 1499 2852 aqua
1541 2782 1794 2838 cisternae
1835 2781 2007 2838 abluit
2049 2790 2106 2837 et

512 2878 764 2943 mundat,
796 2877 869 2932 ita
898 2878 1266 2933 sanctuarinin
1302 2875 1512 2932 Domini
1551 2884 1744 2948 purgat
1769 2884 2015 2948 peccata.
2044 2874 2103 2931 In

515 2970 707 3028 diebus
733 2970 909 3033 nivis,
939 2970 1066 3041 quia
1107 2985 1203 3040 per
1234 2977 1465 3025 mortem
1515 2968 1753 3039 expiavit
1797 2974 2101 3038 peccatum.

514 3062 670 3120 Unde
704 3081 716 3115 :
751 3062 975 3119 Lavabis
1004 3080 1117 3127 me,
1166 3064 1310 3135 quod
1362 3063 1640 3135 impletum
1693 3071 1776 3119 est
1822 3063 1876 3118 in
1926 3062 2104 3119 medio

513 3155 793 3221 cisternae;
825 3164 874 3211 et
899 3172 1056 3227 super
1085 3156 1252 3209 nivem
1296 3154 1598 3221 dealbabor,
1630 3154 1775 3226 quod
1818 3154 2102 3226 impletum

510 3256 595 3303 est
619 3246 673 3302 in
697 3262 763 3301 eo
791 3244 936 3317 quod
971 3247 1047 3300 ait
1069 3245 1252 3300 diebus
1274 3246 1426 3301 nivis.

583 3337 747 3394 Vsus.
775 3337 938 3392 2l.—
955 3335 1133 3392 Virum
1168 3337 1501 3409 zEgyptium.
1544 3336 1872 3394 imitatorem
1895 3338 2104 3395 scilicet
2132 3322 2178 3386 C

510 3426 753 3502 Egyptii
783 3428 951 3484 Deum
992 3428 1452 3500 blasphemantis,
1485 3444 1648 3500 quem
1681 3428 1855 3486 Moses
1877 3430 2103 3502 jnbente

509 3522 740 3579 Domino
777 3520 1069 3587 interfecit,
1102 3520 1191 3576 ille
1212 3522 1353 3575 enim
1376 3521 1775 3592 blasphemavit
1798 3522 1987 3591 Deum,
2014 3522 2105 3578 hic

507 3615 827 3688 prophetam
856 3623 912 3670 et
942 3629 1144 3687 regem.

580 3704 831 3776 Dignum.
863 3702 1227 3775 Spectabatur
1268 3702 1413 3759 enim
1440 3710 1503 3758 ut
1532 3702 1578 3759 si
1608 3701 1905 3760 Jerusalem
1947 3717 2103 3775 egre»

509 3796 749 3862 deretur,
774 3795 1192 3857 interficeretur.

579 3888 830 3944 Hastam.
875 3886 1075 3960 Legem
1126 3886 1434 3958 Dei,quam
1473 3886 1519 3943 si
1566 3886 1860 3942 meditatus
1908 3887 2101 3943 fuisset

506 3981 883 4055 permanendo
933 3980 988 4035 in
1036 3979 1334 4036 Jerusalem
1382 3992 1492 4035 non
1544 3972 1779 4051 periret,
1829 3980 1924 4036 sed
1971 3980 2099 4050 quia

508 4080 839 4146 praeceptum
882 4072 1032 4144 regis
1073 4071 1420 4141 contempsit,
1451 4068 1686 4127 Banaias
1720 4070 1776 4127 in
1822 4070 2007 4143 virga,
2043 4070 2099 4126 id

506 4172 595 4222 est
648 4163 702 4219 in
756 4162 1086 4220 rectitudine
1129 4160 1356 4232 iustitiae
1404 4162 1474 4218 ad
1521 4177 1647 4218 eum
1694 4161 1992 4229 descendit,
2045 4169 2101 4218 et

506 4258 741 4323 hastam,
770 4272 934 4329 quam
964 4274 1070 4314 non
1098 4266 1247 4314 recte
1275 4257 1516 4325 tenebat,
1550 4260 1798 4315 extorsit.

575 4353 742 4410 Vsus.
772 4350 863 4406 23.
887 4383 959 4392 —
984 4350 1090 4418 Qui
1121 4360 1290 4407 erant.
1342 4350 1623 4407 Neminem
1667 4358 1910 4408 moverat
1953 4351 2096 4423 quod

505 4446 562 4502 in
591 4462 802 4501 summa
835 4460 941 4500 non
969 4444 1214 4515 triginta,
1236 4444 1329 4500 sed
1357 4453 1565 4515 septem
1587 4452 1641 4499 et
1666 4444 1886 4517 triginta
1910 4443 2096 4516 legun-

506 4544 614 4592 tur.
647 4535 890 4608 Triginta
934 4536 1079 4591 enim
1125 4546 1181 4590 et
1225 4545 1429 4608 septem
1479 4535 1730 4608 leguntur
1768 4536 1871 4592 hoc
1912 4536 2092 4592 modo.

509 4626 731 4697 Septem
760 4625 989 4691 scilicet,
1018 4624 1186 4682 fortes
1218 4626 1273 4682 hi
1306 4644 1319 4680 :
1348 4627 1535 4694 David,
1575 4627 1666 4697 qui
1695 4628 1895 4683 dicitur
1912 4627 2091 4683 Adeo-

507 4718 687 4780 datns,
712 4717 921 4781 Abisai,
944 4714 1544 4785 SobechaiJonathan,
1568 4717 1815 4784 Eleazar,
1838 4716 2089 4775 Semmaa
2118 4703 2172 4767 Ῑ)

506 4809 651 4864 illius
688 4808 835 4879 Agge
863 4809 932 4864 de
972 4810 1150 4873 Arari,
1177 4821 1232 4863 et
1258 4808 1505 4873 Banaias,
1537 4825 1664 4865 ecce
1701 4818 1927 4881 septem.
1963 4809 2089 4866 Tri-

507 4902 657 4975 ginta
686 4909 868 4957 autem
896 4900 951 4957 lii
974 4911 1101 4957 sunt
1127 4901 1309 4965 Asael,
1344 4901 1599 4958 Eleanam
1629 4911 1685 4958 et
1710 4902 1912 4959 caeteri.

582 4995 746 5050 Vens.
774 4994 865 5051 39.
891 5024 963 5036 -—
997 4992 1176 5050 Urius.
1222 4994 1323 5051 Hic
1369 4995 1591 5051 ultimus
1638 4988 1859 5066 ponitur
1888 5008 1986 5065 pro
2023 5010 2091 5051 eo

506 5088 653 5160 quod
697 5087 943 5158 sequitur
972 5106 986 5141 :
1020 5086 1088 5142 Et
1129 5087 1334 5142 addidit
1367 5088 1518 5158 furor
1558 5086 1803 5154 Domini,
1831 5099 1937 5142 etc.
1966 5085 2086 5142 lam

507 5179 653 5235 enim
676 5178 809 5234 ultio
829 5177 970 5235 facta
993 5177 1171 5235 fuerat
1202 5179 1253 5233 in
1278 5179 1445 5234 David
1475 5187 1532 5234 et
1562 5180 1616 5234 in
1644 5179 1805 5233 domo
1827 5176 1966 5249 ejus,
1995 5176 2091 5233 sed

506 5286 614 5327 non
644 5271 698 5328 in
722 5271 920 5345 populo
939 5272 1033 5344 qui
1057 5271 1141 5327 vel
1168 5286 1272 5327 non
1296 5271 1491 5328 restitit
1510 5271 1676 5326 David
1690 5269 1773 5326 vel
1793 5271 2087 5327 consensit.

1071 5403 1297 5461 CAPUT
1338 5402 1527 5459 XXIV.

577 5496 795 5574 (6336.,
816 5500 912 5558 lib.
935 5516 1042 5556 xxv
1072 5498 1292 5565 Moraf.,
1320 5514 1438 5570 cap.
1476 5496 1585 5569 14.)
1618 5497 1721 5555 Pro
1743 5500 2092 5573 qualitatibus

2277 2061 2445 2120 Vsus.
2482 2063 2568 2119 l3.
2590 2094 2662 2106 —
2681 2063 2807 2119 Aut.
2840 2064 2908 2123 Et
2935 2064 3151 2123 videtur
3171 2067 3299 2138 quia
3328 2067 3423 2141 qui
3459 2082 3601 2139 pane
3644 2068 3800 2126 verbi

2206 2152 2303 2210 Dei
2332 2169 2430 2225 per
2455 2154 2684 2225 gratiam
2716 2153 3049 2225 septiformis
3080 2155 3317 2227 Spiritus
3356 2173 3465 2213 non
3494 2166 3805 2229 pascuntur

2205 2256 2415 2317 septem
2438 2247 2598 2302 annis
2622 2247 2819 2303 famem
2844 2248 3130 2313 sustinent,
3154 2256 3210 2305 et
3238 2248 3333 2319 qui
3357 2248 3410 2307 in
3435 2248 3655 2307 nomine
3681 2247 3804 2303 'l‘ri-

2206 2339 2396 2395 nitatis
2421 2340 2729 2412 regenerati
2772 2356 2881 2397 non
2923 2348 3072 2409 sunt,
3103 2341 3374 2409 hostibus,
3405 2341 3459 2397 id
3484 2350 3569 2399 est
3593 2340 3801 2398 daemo-

2207 2429 2367 2485 nibus
2395 2431 2654 2487 resistere
2679 2446 2786 2486 non
2815 2430 3016 2498 valent;
3053 2431 3149 2488 sed
3167 2432 3473 2502 pestilentia
3502 2433 3831 2509 itnpietatis’

2209 2519 2480 2577 increduli
2510 2521 2837 2579 moriuntur.

2277 2621 2444 2679 Vsus.
2478 2620 2566 2677 l6.
2590 2653 2661 2663 —
2689 2622 2825 2679 Erat
2853 2633 3050 2680 autem.
3078 2623 3263 2697 (8η.)
3287 2623 3342 2681 1η
3369 2622 3804 2698 Paralipomenis

2205 2730 2421 2785 quoque
2445 2715 2708 2786 scriptum
2731 2723 2819 2773 est
2848 2732 2863 2770 :
2892 2715 3063 2772 Porro
3108 2716 3325 2789 angelus
3364 2716 3579 2775 Domini
3622 2718 3802 2775 uallat

2196 2807 2360 2878 juxta
2386 2824 2567 2863 aream
2595 2806 2781 2865 Ornan
2807 2808 3060 2865 Jebustei.
3094 2808 3399 2884 Leuansque
3422 2811 3595 2867 Dauid
3620 2812 3803 2869 oculos

2205 2915 2329 2954 suos
2368 2899 2495 2955 vidit
2522 2900 2769 2971 angelum
2798 2900 3009 2959 Domini
3035 2902 3174 2959 inter
3199 2903 3387 2959 calum
3419 2913 3467 2963 et
3504 2914 3721 2972 terram,
3749 2914 3805 2962 et

2205 2991 2537 3061 enaginatunt
2563 2990 2801 3062 gladium
2825 2992 2885 3047 in
2913 3009 3074 3049 manu
3103 2994 3244 3067 ejus,
3283 3005 3334 3053 et
3369 3012 3574 3053 versum
3615 3005 3801 3053 contra

2203 3080 2523 3139 Jerusalem.
2554 3081 2621 3138 Et
2644 3082 2945 3139 ceciderunt
2970 3094 3080 3140 tam
3101 3086 3211 3159 ipse
3231 3102 3391 3159 quant
3413 3087 3640 3159 majores
3669 3096 3802 3143 natu

2205 3175 2373 3233 vestiti
2414 3174 2601 3230 ciliciis
2649 3176 2803 3246 proni
2847 3176 2904 3232 in
2950 3186 3172 3247 terram,
3206 3179 3370 3251 juxta
3412 3195 3615 3237 aream.
3650 3178 3798 3236 Area

2207 3267 2425 3321 Areuna
2439 3265 2685 3323 Ecclesia
2712 3275 2797 3326 est
2824 3270 3069 3341 gentium
3096 3269 3151 3327 in
3180 3286 3287 3343 qua
3312 3281 3601 3345 postquam
3624 3271 3802 3331 altare

2211 3360 2333 3415 tidei
2362 3375 2523 3416 verus
2557 3359 2724 3416 David
2772 3362 2967 3426 erexit,
2994 3361 3285 3421 ostrifestim
3312 3379 3461 3423 mors
3498 3364 3802 3443 impietatis

2207 3450 2389 3509 cessit.
2421 3451 2573 3509 lianc
2598 3466 2787 3508 aream
2816 3453 2987 3509 David
3025 3453 3419 3529 quinquaginta
3450 3453 3599 3515 siclis
3625 3455 3799 3512 emit:

2205 3543 2331 3614 quia
2353 3541 2602 3603 Christus
2620 3559 2719 3617 per
2740 3543 3073 3616 septiformis
3083 3543 3319 3618 Spiritus
3340 3546 3572 3619 gratiam
3588 3547 3805 3607 cunctis

2206 3642 2418 3700 delictis
2445 3643 2665 3699 omissis
2692 3642 3051 3715 gentilitatem
3093 3643 3149 3701 in
3190 3643 3413 3703 domum
3448 3643 3555 3701 sibi
3588 3644 3796 3717 sempi-

2206 3743 2413 3790 ternam
2445 3736 2829 3792 sanctificavit.

2276 3837 2441 3894 Vsus.
2492 3838 2579 3894 18.
2627 3868 2700 3881 -
2745 3838 2977 3894 Areuna.
3011 3836 3138 3912 (ἰν.)
3183 3838 3578 3910 Interpretatur
3617 3854 3794 3895 area:

2203 3930 2388 3990 Ornan
2432 3948 2566 3988 vero
2604 3932 2780 3988 lumen
2818 3932 2986 3991 nobis.
3029 3931 3177 3991 Bene
3217 3947 3348 4005 ergo
3396 3929 3565 3989 David
3608 3931 3799 3991 volens

2201 4022 2421 4095 placare
2454 4022 2763 4093 Dominum,
2809 4021 2982 4079 altare
3024 4020 3248 4091 jubetnr
3284 4023 3339 4078 in
3381 4036 3509 4079 area
3537 4019 3796 4093 Areunze,

2200 4113 2288 4171 vel
2314 4113 2474 4169 Ornae
2500 4114 2854 4179 constituere,
2879 4114 3007 4187 quia
3037 4113 3196 4170 aliter
3219 4128 3327 4169 non
3362 4112 3608 4185 placatur
3651 4111 3798 4168 Deus

2201 4207 2270 4263 ab
2293 4207 2532 4273 homine,
2561 4207 2668 4263 nisi
2706 4207 2760 4263 in
2783 4222 2909 4265 area
2937 4207 3118 4263 cordis
3147 4222 3246 4278 per
3269 4205 3450 4263 lumen
3475 4214 3639 4264 recta:
3664 4204 3796 4262 fidei

2200 4309 2255 4355 et
2296 4315 2438 4355 verae
2483 4299 2788 4356 dilectionis
2832 4300 3127 4357 constituat
3168 4299 3341 4355 altare
3383 4297 3705 4355 humilitatis
3736 4297 3795 4357 in

2200 4406 2309 4462 quo
2353 4390 2548 4446 oﬂ'erat
2594 4390 2922 4447 sacriﬁcium
2960 4391 3252 4449 oblationis
3281 4401 3335 4447 et
3366 4391 3454 4465 lau
3478 4391 3572 4463 iis,
3606 4391 3791 4451 unde:

2200 4480 2532 4552 Sacri/icium
2552 4481 2727 4537 laudis
2750 4482 3119 4553 honorificabit
3144 4500 3244 4547 me,
3276 4491 3382 4539 etc.
3409 4476 3581 4553 (Psal.
3616 4481 3789 4552 sua).

2201 4573 2538 4644 Sacriﬁcium
2567 4572 2679 4628 Deo
2709 4574 2929 4646 spiritus
2954 4574 3360 4641 contribulatus,
3381 4584 3489 4631 etc.
3513 4572 3682 4647 (Ibid.
3710 4573 3791 4648 ι).

2198 4665 2338 4721 Area
2363 4666 2593 4721 Arettna:
2617 4665 2705 4722 vel
2733 4665 2914 4734 Ornaz,
2950 4666 3065 4737 ipsa
3090 4676 3175 4723 est
3201 4662 3522 4723 Jerusalem.

2268 4765 2431 4822 Vsus.
2456 4765 2547 4822 25.
2567 4765 2715 4821 --Et
2730 4764 3257 4825 obtulitltolocausla.
3273 4768 3413 4825 Hinc
3434 4769 3489 4825 in
3512 4768 3794 4843 Paralipo-

2194 4857 2369 4913 menis
2390 4858 2797 4914 tabernaculum
2811 4860 2955 4930 quod
2978 4851 3183 4915 fecerat
3197 4859 3407 4933 Moyses
3427 4860 3484 4917 in
3502 4861 3722 4917 deserto
3734 4869 3796 4919 et

2196 4948 2367 5006 altare
2383 4936 2818 5006 holocaustornm
2838 4967 2899 5006 ea
2921 4960 3239 5025 tempestate
3250 4962 3372 5008 erat
3383 4952 3438 5009 in
3453 4953 3669 5010 excelso
3680 4952 3795 5011 Ga-

2195 5041 2357 5107 baon,
2375 5050 2550 5101 etnon
2571 5044 2849 5116 prmi-aluit
2866 5043 3033 5100 David
3054 5045 3137 5101 ire
3151 5046 3217 5100 ad
3234 5046 3428 5113 altare,
3445 5057 3505 5103 ut
3525 5048 3787 5105 obsecra-

2195 5143 2279 5189 ret
2311 5135 2614 5190 Dominum.
2644 5135 2821 5191 Nimio
2841 5137 2986 5193 enim
3011 5137 3206 5193 timore
3231 5138 3412 5195 fuerat
3434 5138 3787 5211 perterritus.

2198 5226 2388 5281 videns
2413 5226 2650 5296 gladium
2682 5228 2855 5300 angeli
2878 5229 3117 5285 Domini.
3145 5230 3398 5303 Dixitque
3418 5230 3627 5287 David:
3656 5227 3786 5285 [Ith

2198 5330 2272 5375 est
2302 5320 2489 5375 domus
2516 5319 2631 5386 Dei,
2661 5329 2769 5375 etc.
2815 5320 2874 5377 1n
2915 5321 3021 5393 hoc
3056 5321 3178 5379 loco
3201 5322 3497 5379 secundum
3526 5320 3786 5377 Hebraeus

2192 5409 2365 5465 voluit
2387 5410 2663 5466 Abraham
2692 5410 2892 5469 oderre
2931 5413 3101 5469 filium
3130 5428 3255 5471 cum
3287 5413 3434 5471 aries
3460 5412 3641 5471 subito
3681 5426 3781 5488 ap-

2193 5503 2374 5559 naruit
2405 5521 2419 5558 :
2450 5518 2612 5576 quem
2644 5520 2929 5563 assumens
2957 5507 3151 5563 obtulit
3181 5523 3281 5581 pro
3314 5507 3449 5569 illis.
