4122 6350
343 469 445 538 58f

1308 470 1576 535 GLOSSA
1614 470 2012 535 0RDlNARlA.
2052 505 2123 518 —
2155 474 2290 534 LIB.
2323 470 2389 534 lll
2426 474 2603 534 ΠΕΟ.

3490 473 3598 532 582

1308 678 1627 820 ILIBER
1694 739 2053 821 REGUM
2129 739 2608 820 TERTIUS.

1614 908 1988 975 Secundum
2021 909 2327 974 Hebraeos

1494 1073 1840 1141 PRIMUS
1899 1074 2421 1143 MALACHIM.

1731 1220 2219 1241 η

850 1301 1079 1362 CAPUT
1117 1299 1411 1360 PBIIUI.

424 1436 584 1497 Vsus.
613 1438 663 1493 Ι.
686 1467 759 1479 -
783 1432 853 1491 Et
877 1452 970 1491 rea:
990 1435 1161 1492 David
1190 1442 1453 1492 senuerat.
1479 1434 1753 1510 (limitem,
1776 1435 1927 1507 epist.

347 1534 419 1590 ad
453 1531 826 1604 Nepotianum,
858 1538 988 1587 tom.
1018 1529 1086 1604 Ι.)
1113 1527 1303 1587 Nonne
1330 1529 1429 1586 tibi
1462 1528 1679 1586 videtur
1707 1528 1753 1585 si
1782 1527 1930 1584 occi-

346 1626 564 1683 dentem
610 1623 858 1695 sequaris
900 1622 1157 1690 litteram,
1197 1622 1513 1696 ﬁgmentum
1538 1636 1659 1679 esse
1686 1620 1771 1678 vel
1797 1619 1931 1677 atel-

346 1718 594 1774 lanarum
626 1712 881 1771 ludicra?
919 1713 1184 1786 Frigidus
1215 1730 1380 1770 senex
1427 1715 1732 1771 obvolvitur
1759 1710 1930 1768 vesti-

346 1810 566 1875 mentis,
589 1816 645 1865 et
673 1808 777 1864 nisi
798 1807 1084 1879 complexu
1112 1807 1525 1866 adolescentulos
1550 1823 1659 1864 non
1684 1805 1927 1878 tepescit.

348 1906 575 1963 Vivebat
618 1906 796 1962 adhuc
831 1904 1150 1971 Betbsabee,
1188 1910 1315 1968 etc.,
1361 1919 1524 1974 usque
1567 1900 1637 1956 ad
1680 1908 1737 1957 et
1780 1899 1932 1955 Raab

350 1999 609 2055 meretrix
641 1998 696 2054 in
720 2004 845 2071 typo
871 1996 1129 2052 Ecclesia'
1158 1993 1439 2051 retieulam
1467 1992 1786 2066 mysterium
1815 2005 1932 2045 san-

350 2089 527 2162 guinis
554 2087 948 2155 continentem,
980 2095 1040 2141 ut
1063 2083 1282 2143 Je'richo
1313 2080 1790 2157 pereunte'domus
1817 2079 1934 2151 ejus

350 2175 672 2245 Salv'aretur,
689 2178 966 2251 appendit,
989 2178 1132 2234 unde
1152 2178 1217 2234 de
1232 2176 1434 2234 sanctis
1459 2176 1659 2233 dicitur
1679 2194 1692 2231 :
1720 2173 1792 2230 Hi
1813 2180 1934 2231 sunt

346 2272 436 2345 qui
466 2280 713 2328 venerunt
748 2270 813 2327 de
848 2270 1024 2327 calore
1057 2270 1244 2327 domus
1273 2268 1478 2326 Rechab
1502 2267 1555 2341 (1
1582 2266 1710 2324 Par.
1740 2266 1835 2342 ιι).
1867 2267 1936 2323 Et

346 2365 505 2422 alibi:
529 2362 712 2436 Ignem
734 2364 846 2420 veni
866 2365 1067 2420 mittere
1090 2362 1146 2419 in
1166 2374 1361 2419 terram
1386 2358 1677 2439 (Lchu),
1694 2371 1825 2429 etc.,
1841 2361 1934 2433 qui

352 2456 561 2514 scilicet
582 2456 634 2511 in
657 2455 1043 2528 discipulorum
1073 2456 1237 2529 corde
1259 2466 1553 2512 succensus
1579 2454 1806 2526 cogebat
1840 2467 1934 2508 eos

347 2546 568 2604 dicere:
595 2545 784 2603 Nonne
807 2564 897 2602 cor
916 2556 1151 2602 nostrum
1173 2547 1364 2602 ardens
1397 2554 1511 2601 erat
1537 2542 1937 2619 (lbid.,xx1v)'!

416 2633 650 2708 Cumque
677 2636 987 2707 aperiretur,
1017 2640 1126 2691 etc.
1158 2633 1329 2691 David
1359 2635 1587 2691 nimium
1617 2632 1789 2703 frigus
1814 2648 1935 2704 per-

349 2723 490 2791 tulit,
524 2724 611 2781 vel
640 2726 765 2796 quia
808 2725 873 2780 de
911 2724 1218 2781 senioribus
1248 2733 1409 2781 natus
1456 2731 1540 2782 est
1583 2723 1928 2796 parentibus,

348 2816 436 2874 vel
478 2817 606 2889 quia
646 2810 875 2872 multum
916 2816 971 2872 in
1018 2817 1205 2887 prmlio
1235 2817 1553 2887 sanguinem
1584 2815 1817 2883 fuderat,
1848 2812 1932 2872 vel

346 2907 525 2981 potius
553 2918 621 2963 ex
652 2923 761 2978 quo
789 2907 1040 2981 angelum
1064 2909 1358 2965 caedentem
1384 2908 1643 2981 populum
1662 2908 1819 2975 vidit,
1838 2924 1933 2981 pa-

348 3014 479 3057 vore
520 3000 828 3056 vehementi
874 3000 1171 3068 contabuit,
1202 3002 1347 3057 unde
1395 3002 1449 3058 in
1492 3001 1934 3060 incommoditate

348 3089 567 3162 frigoris
588 3106 760 3163 usque
787 3092 853 3148 ad
886 3099 1115 3147 mortem
1144 3095 1466 3164 permansit.

420 3182 584 3239 Vens.
616 3181 669 3238 5.
691 3213 765 3224 —
782 3182 1016 3237 Adonias
1040 3192 1236 3239 autem.
1264 3178 1554 3241 Judaicum
1582 3186 1836 3259 pepulum
1860 3186 1934 3243 si-

350 3275 586 3349 gniﬁcat,
619 3274 711 3346 qui
738 3273 913 3346 major
942 3273 1086 3330 filius
1111 3289 1233 3331 esse
1262 3274 1496 3341 videtur,
1526 3277 1652 3348 quia
1677 3277 1827 3347 prior
1852 3276 1936 3332 le-

349 3381 470 3438 gem
498 3364 756 3436 suscepit,
788 3374 843 3422 et
868 3364 1123 3438 gentilem
1158 3365 1434 3438 pepulum,
1461 3369 1554 3440 qui
1582 3382 1680 3440 per
1707 3369 1934 3440 gratiam

348 3456 445 3514 Dei
474 3459 744 3530 posterior
768 3466 995 3515 vocatus
1030 3465 1144 3525 est,
1192 3468 1487 3529 spernens,
1521 3472 1579 3516 se
1609 3461 1780 3517 solum
1811 3477 1934 3519 cum

348 3546 581 3604 Domino
608 3561 841 3620 regnare
887 3548 1120 3619 putavit.
1166 3547 1405 3605 Adonias
1448 3550 1593 3606 enim
1639 3551 1937 3607 dominator

349 3638 591 3694 dominus
642 3640 1051 3710 interpretatur.
1102 3638 1210 3696 Sed
1251 3639 1509 3697 Ecclesia:
1538 3643 1768 3715 populus
1813 3658 1935 3698 cum

348 3744 479 3787 vero
502 3728 809 3796 Salomone,
837 3731 888 3786 id
916 3742 996 3788 est
1017 3732 1246 3803 pacilico
1268 3741 1479 3798 nostro,
1504 3734 1658 3805 cujus
1685 3734 1799 3804 ipse
1818 3748 1939 3789 cor-

348 3838 451 3897 pus
479 3834 581 3890 est,
612 3838 711 3896 per
739 3823 975 3879 divinam
1005 3825 1400 3880 ordinationem
1447 3824 1502 3880 in
1542 3841 1772 3898 regnum
1804 3826 1937 3882 sub-

350 3914 612 3979 stituitur,
643 3915 709 3969 de
736 3926 845 3985 quo
876 3915 1072 3969 merito
1096 3914 1336 3986 perﬁdia:
1363 3912 1537 3988 major
1565 3914 1727 3984 ﬁlius,
1757 3916 1812 3972 id
1854 3922 1938 3972 est

350 4006 503 4078 prior
529 4005 778 4078 populus,
814 4006 1203 4078 prtecipitatur.

971 4160 1202 4219 CAPUT
1239 4161 1304 4219 Π.

426 4273 593 4331 Vitas.
625 4274 677 4329 5.
711 4305 781 4316 —
815 4273 894 4330 Tu
919 4292 1140 4348 quoque.
1171 4277 1340 4332 David
1379 4277 1633 4350 praecepit
1661 4276 1938 4335 Salomoni

356 4364 425 4420 de
447 4361 594 4433 jnsta
626 4365 986 4421 retributione
1012 4378 1199 4421 eorum
1229 4368 1321 4438 qui
1348 4367 1453 4423 sibi
1479 4368 1670 4424 solatio
1699 4368 1938 4436 fuerunt,

354 4453 441 4510 vel
472 4452 671 4523 injuste
698 4465 1018 4525 nocuerunt,
1058 4473 1194 4528 quos
1222 4459 1337 4529 ipse
1366 4461 1638 4530 patienter
1667 4461 1935 4518 toleravit.

356 4546 426 4603 Et
453 4551 735 4621 prophetia
765 4551 966 4606 indicat
999 4554 1127 4624 quid
1158 4554 1284 4609 mali
1317 4554 1369 4608 in
1410 4556 1591 4611 futuro
1618 4555 1736 4612 fieri
1774 4572 1937 4628 opor-

358 4650 469 4699 teat
496 4643 582 4698 vel
605 4645 756 4710 boni,
786 4647 930 4715 quod
959 4658 1120 4703 verus
1156 4647 1409 4704 Salomon
1438 4648 1698 4720 implebit.
1718 4648 1938 4705 Interim

358 4742 538 4790 tamen
572 4737 831 4805 patientia
874 4738 965 4793 Dei
1006 4754 1149 4811 saepe
1174 4739 1345 4797 bonos
1371 4740 1616 4798 tribulari
1636 4784 1651 4810 ,
1682 4744 1942 4814 reprobos

356 4824 570 4882 deliciis
592 4828 670 4882 uti
696 4829 965 4885 concedit.

357 4920 375 4937 '
430 4914 597 4973 Vens.
621 4918 709 4975 l9.
729 4946 803 4961 -—
833 4918 980 4975 Venit
1003 4936 1125 4993 ergo
1149 4920 1434 4979 Bellisabee
1453 4925 1522 4979 ad
1546 4940 1734 4996 regem.
1759 4924 1940 5000 (ΗΑΒ.)

356 5006 601 5062 Adonias
629 5009 927 5066 Bethsabee
951 5011 1364 5076 interveniente,
1396 5020 1503 5069 etc.
1525 5054 1541 5079 ,
1567 5029 1728 5086 usque
1749 5015 1818 5069 ad
1844 5030 1944 5073 nec

356 5097 447 5154 lex
491 5114 655 5169 quam
699 5101 871 5160 Judaei
917 5103 1021 5160 sibi
1062 5102 1382 5175 adiutricem
1424 5106 1568 5179 apud
1611 5106 1782 5164 Deum
1823 5122 1945 5166 esse
1995 5121 1999 5126 ’

356 5200 720 5339 ορῧιιῗὲἒιὲἰ.
743 5314 815 5329 σ-
836 5284 906 5341 Et
937 5302 1042 5342 non
1064 5287 1369 5359 egredieris,
1389 5297 1496 5346 etc.
1518 5288 1770 5362 Praecipit
1791 5291 1945 5350 nobis

2631 1310 2873 1383 .cspur
2910 1313 2996 1371 ut.

2034 1436 2044 1468 ς
2106 1416 2270 1477 Vens.
2302 1419 2358 1478 ι.
2393 1453 2467 1464 -
2489 1422 2631 1480 Abiit
2659 1426 2833 1499 itaque
2853 1427 3126 1486 Salomon.
3156 1430 3214 1487 ln
3241 1430 3463 1491 Gabaon
3489 1442 3614 1495 erat

2031 1512 2302 1570 excelsum
2332 1518 2653 1587 maximum,
2705 1520 2796 1578 ubi
2844 1532 2962 1580 erat
3007 1526 3438 1598 tabernaculum,
3467 1533 3611 1603 quod

2033 1606 2164 1665 fecit
2194 1609 2371 1669 Moses
2392 1655 2408 1681 ,
2455 1623 2511 1670 et
2536 1615 2707 1674 altare
2736 1634 2967 1689 :eneum,
3000 1637 3164 1694 super
3184 1626 3326 1696 quod
3358 1626 3612 1687 Salomon

2032 1700 2266 1759 offerens
2290 1704 2435 1762 mille
2459 1708 2666 1764 hostias
2695 1710 2933 1767 divinum
2971 1716 3171 1771 meruit
3206 1718 3505 1776 oraculum.

2104 1791 2271 1851 Vens.
2301 1796 2387 1851 l4.
2403 1829 2469 1838 —
2486 1798 2548 1855 Si
2569 1810 2744 1855 autem
2764 1802 3111 1861 ambulaveris
3137 1806 3191 1861 in
3214 1806 3311 1863 uiis
3334 1809 3483 1878 meis,
3505 1817 3612 1868 etc.

2033 1885 2251 1959 Absque
2270 1888 2648 1949 observatione
2671 1894 3048 1952 mandatorum
3076 1897 3192 1966 Dei,
3210 1900 3435 1972 adipisci
3457 1916 3617 1961 nemo

2034 1990 2216 2052 potest
2244 1982 2433 2054 longos
2464 1984 2600 2055 dies,
2631 1986 2683 2043 id
2706 1996 2789 2044 est
2813 1989 3219 2047 beatitudinem.

2107 2074 2334 2147 (ϐιαία,
2363 2077 2454 2133 lib.
2484 2094 2580 2135 vm
2613 2078 2808 2138 Morel.
2832 2123 2848 2150 ,
2877 2097 2996 2154 cap.
3029 2084 3149 2157 17.)
3178 2084 3473 2157 Postquam
3512 2085 3619 2144 Do-

2036 2169 2216 2227 minus
2243 2173 2446 2228 erroris
2476 2175 2645 2231 nostri
2672 2177 2927 2233 tenebras
2967 2176 3089 2234 luce
3131 2190 3242 2234 sua:
3283 2181 3616 2252 cognitionis

2036 2260 2297 2329 illustrat,
2325 2271 2455 2329 etc.,
2484 2280 2648 2361 usque
2674 2265 2744 2320 ad
2768 2274 2828 2322 ut
2854 2266 2922 2323 ad
2948 2270 3229 2340 promissae
3255 2270 3617 2345 incorruptio-

2035 2354 2122 2410 nis
2150 2356 2508 2412 substantiam
2536 2354 2915 2415 réformemur.

2108 2444 2312 2516 (litem,
2345 2448 2495 2518 epist.
2531 2448 2627 2504 151
2651 2488 2668 2516 ,
2698 2457 2827 2505 ιοηι.
2855 2448 2923 2522 1.)
2958 2449 3187 2519 Quidam
3221 2462 3503 2511 autumant
3527 2468 3620 2513 su-

2035 2550 2135 2608 per
2161 2534 2502 2610 Synagogam
2540 2549 2596 2596 et
2636 2540 2932 2597 Ecclesiam
2965 2543 3067 2598 hoc
3092 2558 3213 2603 esse
3236 2545 3575 2605 sentiendum
3599 2588 3615 2616 ,

2038 2634 2172 2693 etc.,
2197 2640 2360 2701 nsque
2388 2629 2457 2684 ad
2486 2633 2783 2688 notandum
2807 2648 3021 2707 quoque
3048 2637 3178 2706 quid
3198 2635 3343 2694 dicat
3371 2638 3613 2698 Ecclesia

2033 2724 2219 2775 contra
2251 2719 2608 2795 Synagogam.

2104 2810 2268 2866 Vens.
2304 2812 2386 2867 l7.
2407 2814 2480 2853 —'
2498 2811 2613 2886 Ego
2635 2824 2682 2870 et
2711 2815 2920 2872 mulier.
2946 2815 3083 2885 Quia
3114 2827 3237 2892 post
3264 2822 3618 2879 resurrectio.

2032 2914 2157 2956 nem
2201 2899 2497 2961 Salvatoris
2537 2920 2642 2960 una
2683 2906 2749 2963 de
2788 2916 3020 2978 utroque
3050 2909 3251 2982 populo
3293 2920 3618 2985 congregata

2033 3000 2132 3049 est.
2174 2993 2465 3067 Eleganter
2504 3012 2634 3055 vero
2678 2998 2963 3070 adjunxit:
3007 3002 3195 3074 Peperi
3235 3005 3377 3076 apud
3411 3022 3527 3060 eam
3562 3006 3621 3061 in

2034 3082 2293 3138 cubiculo.
2325 3084 2563 3142 Ecclesia
2594 3089 2738 3143 enim
2764 3090 2832 3146 de
2859 3091 3133 3162 gentibus,
3171 3106 3291 3164 quas
3317 3108 3423 3151 non
3454 3094 3619 3152 habe-

2035 3172 2130 3228 bat
2154 3173 2327 3244 legem
2356 3180 2412 3231 et
2443 3179 2758 3249 prephetas,
2798 3181 3011 3251 peperit
3036 3181 3091 3237 in
3121 3182 3283 3240 domo
3310 3198 3615 3258 synagogas,

2036 3278 2138 3321 nec
2177 3281 2396 3338 egressa
2437 3270 2620 3327 estde
2652 3271 2931 3339 cubiculo,
2974 3273 3069 3330 sed
3118 3274 3381 3347 ingressa.
3427 3276 3619 3334 Unde:

2035 3352 2338 3413 Introduxit
2376 3376 2457 3414 me
2492 3376 2584 3415 rea:
2609 3361 2662 3416 in
2687 3362 2983 3418 cubiculum
3013 3380 3168 3420 suum
3199 3364 3377 3438 (Cant.
3404 3367 3487 3440 ιι).
3517 3368 3616 3425 Et:

2035 3444 2377 3504 lntroducam
2402 3462 2449 3506 te
2470 3452 2523 3507 in
2548 3452 2762 3509 domum
2785 3457 2970 3511 matris
2991 3472 3118 3513 mea:
3136 3497 3152 3525 ,
3181 3471 3227 3514 et
3247 3458 3303 3515 in
3323 3459 3624 3520 cubiculum

2036 3534 2170 3605 ejus,
2202 3554 2319 3609 quw
2339 3543 2567 3610 concepit
2593 3560 2673 3597 me
2701 3543 2864 3615 (Ibid.
2884 3586 2900 3611 ,
2930 3548 3039 3618 ιιι).

2106 3626 2292 3701 (ΗΑΒ.)
2338 3629 2396 3685 Si
2434 3634 2747 3689 consideres
2786 3635 3019 3692 Pilatum
3049 3636 3319 3696 lavantem
3347 3654 3541 3698 manus
3567 3649 3626 3700 et

2039 3718 2345 3775 dicentem:
2387 3721 2619 3778 Mundus
2658 3740 2752 3796 ego
2796 3742 2913 3781 sum
2943 3746 2976 3782 a
3004 3732 3260 3800 sanguine
3290 3730 3430 3803 justi
3462 3733 3623 3806 hujus

2039 3811 2255 3883 (Matth.
2296 3814 2497 3886 xxvii):
2539 3827 2596 3871 et
2622 3818 2995 3874 centurionem
3040 3820 3388 3879 conﬁtentem
3435 3843 3449 3880 :
3493 3822 3624 3882 Vere

2036 3906 2122 3961 hic
2147 3917 2258 3962 erat
2285 3905 2459 3963 Filius
2484 3908 2579 3965 Dei
2610 3910 2806 3981 (Marc.
2833 3913 2944 3985 xv),
2988 3924 3044 3971 et
3074 3930 3190 3984 eos,
3216 3917 3309 3989 qui
3340 3928 3467 3974 ante
3495 3935 3624 3991 pas.-

2039 3998 2246 4055 sionem
2274 4015 2373 4070 per
2411 4000 2718 4074 Philippum
2750 4006 3033 4062 Dominum
3073 4011 3256 4068 videre
3286 4012 3624 4082 desiderant,

2040 4047 2246 4055 _--__-._
2316 4047 2363 4056 ν-
2411 4047 2435 4056 -
2629 4047 2718 4058 .....
2750 4047 3033 4062 πωπω...
3081 4047 3256 4068 ..νων
3286 4047 3602 4070 “came”...

1940 4047 2008 4125 sc
2037 4104 2146 4145 non
2173 4047 2403 4163 ambigis
2430 4047 2662 4162 primrurm
2690 4095 2963 4165 peperisse
2993 4096 3331 4168 Ecclesiam;
3375 4110 3429 4158 et
3458 4054 3617 4174 post:

2038 4189 2225 4237 natum
2268 4181 2523 4253 p0pulum
2553 4183 2863 4242 Iudaeorum
2883 4229 2899 4255 ,
2930 4204 3030 4260 pro
3057 4206 3166 4261 quo
3194 4192 3455 4275 Dominus
3494 4210 3619 4265 pre-

2038 4272 2293 4327 cabatur:
2320 4271 2502 4334 Pater.
2528 4276 2738 4347 ignosce
2759 4278 2887 4345 illis,
2909 4290 3042 4347 ete.,
3075 4289 3130 4336 et
3146 4271 3496 4340 crediderunt
3516 4302 3623 4341 una

2039 4363 2129 4419 die
2158 4364 2262 4420 tria
2292 4365 2460 4421 millia
2489 4375 2546 4422 et
2570 4368 2675 4422 alia
2703 4370 2945 4441 quinque
2967 4372 3155 4427 millia.

2115 4455 2335 4529 (ϐακε.)
2359 4458 2462 4513 Per
2488 4470 2695 4516 matres
2724 4461 2987 4519 lactantes
3006 4466 3141 4520 ordo
3163 4467 3468 4537 doctorum,
3491 4481 3622 4538 etc.,

2040 4562 2205 4618 usque
2251 4547 2321 4601 ad
2368 4549 2469 4618 ipsi
2516 4550 2753 4620 integros
2788 4560 2846 4607 et
2874 4554 3116 4611 viventes
3150 4557 3291 4615 ﬁlios
3334 4563 3626 4633 recipiunt,

2042 4636 2259 4707 quando
2288 4639 2342 4692 in
2373 4654 2626 4711 supremo
2647 4639 2854 4711 judicio
2876 4659 2939 4699 ex
2974 4660 3162 4703 eorum
3190 4652 3301 4706 vita
3331 4654 3627 4723 perfectam

2043 4727 2456 4785 retributionem
2482 4742 2868 4802 assequuntur.

2115 4820 2281 4879 Vsus.
2311 4825 2398 4880 19.
2419 4856 2491 4867 -
2511 4825 2779 4884 Mortuus.
2808 4828 3014 4903 (ΗΑΒ.)
3048 4831 3181 4888 Dum
3209 4836 3353 4891 enim
3382 4836 3514 4910 legis
3543 4854 3630 4895 se-

2045 4911 2230 4981 quitur
2273 4915 2676 4970 observantiam
2723 4926 2779 4972 et
2825 4923 3057 4990 gratiam
3100 4922 3374 4996 Evangelii
3412 4929 3630 4998 copulat

2045 5004 2179 5074 legi,
2209 5005 2554 5062 tenebrarum
2583 5023 2771 5065 errore
2804 5023 3063 5084 cooperta
3091 5026 3193 5072 est.

2117 5091 2283 5151 Vitas.
2315 5096 2407 5152 20.
2427 5126 2501 5138 —
2524 5097 2665 5156 Tulit
2691 5101 2886 5171 filium.
2913 5103 3126 5174 Vivum,
3151 5107 3356 5164 scilicet
3380 5127 3395 5163 :
3435 5124 3540 5167 non
3568 5122 3628 5170 ut

2045 5188 2370 5260 possideret,
2398 5192 2494 5246 sed
2520 5200 2578 5247 ut
2607 5195 2896 5253 occideret.
2925 5197 3042 5256 Non
3066 5201 3211 5257 enim
3238 5201 3369 5259 fecit
3398 5204 3502 5262 hoc
3530 5206 3626 5265 lilii

2046 5292 2263 5347 amore,
2288 5280 2383 5337 sed
2410 5282 2538 5339 odio
2563 5287 2793 5342 aemulae.

358 5387 525 5431 verus
566 5372 825 5433 Salomon
862 5379 1230 5437 habitantibus
1262 5382 1319 5436 in
1355 5380 1653 5439 Jerusalem
1675 5425 1691 5451 ,
1732 5400 1802 5441 ne
1838 5400 1937 5441 un-

2121 5368 2287 5428 νεεδ.
2314 5371 2406 5428 2i.
2430 5405 2499 5417 —
2519 5374 2688 5443 Quem
2715 5378 3016 5451 diligentius
3044 5383 3273 5449 intuens,
3299 5392 3405 5441 etc.
3442 5386 3625 5461 (Rm)

359 5479 527 5537 quam
554 5470 921 5541 egi-eniam”.
952 5471 1107 5539 Quod
1136 5472 1183 5529 gi
1214 5472 1453 5545 [υεωηι
1489 5490 1591 5532 nos
1630 5477 1787 5534 nobis
1814 5486 1940 5535 ante
1968 5462 2016 5475 “’
2049 5462 2296 5536 Longum
2322 5476 2407 5522 est
2424 5470 2712 5526 ostendere
2731 5472 3004 5541 quomodo
3029 5488 3128 5544 per
3156 5474 3380 5532 Paulum
3409 5486 3466 5533 et
3493 5477 3628 5534 alios

361 5557 613 5630 subjecti,
648 5577 755 5618 non
800 5563 922 5621 ideo
949 5565 1314 5636 egrediamur,
1341 5575 1402 5622 ut
1430 5583 1720 5639 sequamur
1751 5568 1938 5642 fugiti~

361 5665 556 5709 verum
584 5655 836 5729 vestigia,
876 5671 948 5713 ao
974 5657 1104 5715 dum
1128 5658 1378 5717 voluntas
1400 5661 1614 5719 salvere
1640 5662 1907 5737 fugientes
1926 5706 1942 5732 ,

358 5743 469 5817 ipsi
491 5758 799 5816 pereamus,
815 5748 947 5819 quin
965 5749 1147 5820 potius
1165 5751 1367 5807 mortui
1396 5752 1659 5824 sepeliant
1678 5765 1942 5824 mortuos,

360 5839 419 5888 οι
436 5834 891 5894 scandalizatum
910 5837 1148 5905 oculum,
1162 5843 1629 5914 manum,pedem,
1644 5843 1773 5903 dum
1794 5846 1945 5913 licet,

364 5938 623 5986 eruamus
646 5938 702 5987 ot
726 5929 1108 5989 abscindamus
1132 5947 1165 5988 ει
1188 5931 1366 5991 nobis.

2050 5553 2453 5614 ecclesiasticos
2490 5558 2818 5618 intellexerit
2860 5562 3101 5619 Ecclesia
3143 5579 3252 5647 gon
3294 5580 3417 5624 esse
3454 5566 3623 5647 ilium

2051 5663 2242 5717 suum,
2275 5649 2369 5721 qui
2410 5650 2701 5709 timebatur
2743 5654 2798 5709 in
2845 5654 2995 5727 lege,
3047 5645 3189 5713 etin
3225 5658 3347 5715 luce
3377 5645 3630 5732 cognovit

2051 5756 2215 5812 quem
2240 5743 2297 5800 in
2322 5743 2564 5802 tenebris
2592 5761 2702 5804 non
2723 5746 2962 5805 videbat.
3002 5748 3130 5807 Duae
3164 5750 3449 5817 mlieres,
3493 5768 3630 5824 qua-

2058 5848 2177 5888 rum
2206 5849 2313 5889 una
2342 5835 2631 5893 dilectione
2654 5837 2899 5905 ardebat,
2923 5838 2977 5895 in
3003 5839 3175 5897 altera
3199 5842 3470 5900 simulatio
3501 5846 3630 5899 sub.

2052 5929 2289 5997 tepebat,
2319 5927 2623 5985 Ecclesiam
2648 5929 2908 6002 ﬁgurant,
2931 5940 2986 6023 et
3009 5932 3345 6009 Synsgogam
3376 5936 3491 5995 sive
3518 5937 3629 5993 ha-
