4122 6350
966 426 1361 490 κνΑιΑιειιιω
1403 427 1650 488 STRABI
1688 428 1892 488 FULD.
1935 427 2054 490 M0!

2157 426 2295 488 DPP.
2334 429 2515 489 PARS
2551 429 2594 485 l.
2629 457 2704 477 συ-
2738 424 3196 489 THEOLOGICA.

3628 432 3730 479 584

469 537 695 594 reticam
714 537 1058 616 pravitatem,
1075 555 1304 610 quarum
1331 549 1558 610 utraque
1578 548 1634 595 et
1655 555 1783 596 suos
1803 540 2052 612 nequiter
2077 541 2128 602 Α
2157 541 2571 614 manifestatque
2595 551 2952 607 sacramenta,
2979 557 3100 612 qua:
3120 539 3339 596 fuerunt
3367 543 3681 600 abscondita
3701 559 3734 600 a

463 631 761 688 nutriendo
787 632 1075 698 interimit,
1107 641 1163 687 et
1187 633 1393 689 alienos
1417 649 1699 704 quousque
1720 634 1912 705 perdat
1941 635 2055 690 alli-

463 727 662 786 ciendo
680 729 990 800 persuadet.
1009 729 1158 785 lnter
1179 732 1315 786 duas
1339 731 1594 788 mulieres
1621 728 1899 798 Dominus,
1925 729 2053 786 dum

464 820 521 878 id
541 821 683 892 quod
700 819 908 890 justum
933 831 1018 878 est
1043 822 1239 893 spiritu
1269 823 1382 879 oris
1406 823 1489 880 sui
1513 824 1734 890 dirimit,
1763 822 2054 893 unicuique

465 914 610 986 quod
646 913 874 970 debetur
900 916 1157 972 restituit.

535 1005 700 1062 Vens.
733 1007 824 1062 24.
849 1007 1087 1062 —Dixit
1109 1025 1249 1080 ergo.
1283 1006 1465 1081 (ΚΑΒ.)
1499 1007 1773 1063 Simulatis
1794 1007 2050 1078 ignoran-

465 1099 598 1155 tiam
626 1101 894 1156 humanos
921 1116 1021 1172 pro
1045 1100 1454 1172 dispensatione
1479 1100 1662 1156 carnis
1681 1099 1904 1154 metitur
1925 1095 2055 1152 alie-

461 1203 604 1261 ctus,
636 1194 776 1249 sicut
825 1203 880 1250 et
907 1193 1022 1248 ibi:
1053 1192 1155 1248 Ubi
1199 1195 1420 1264 posuisti
1453 1209 1570 1248 eum
1602 1191 1786 1265 (Joan.
1817 1190 1954 1264 xx)?
1988 1189 2054 1246 Et

461 1283 624 1340 alibi:
653 1283 886 1350 Quis'me
915 1285 1078 1356 tetigit
1109 1283 1264 1354 (Luc.
1295 1284 1458 1357 vui)?

535 1373 698 1430 Vens.
731 1375 917 1430 25.—
947 1375 1194 1432 Dividite.
1238 1377 1364 1450 (1ο.)
1409 1377 1606 1434 Tentat
1657 1385 1910 1436 naturam
1959 1394 2054 1434 na-

463 1476 599 1523 tura:
629 1471 912 1537 Dominus,
935 1479 990 1526 et
1020 1471 1134 1526 vult
1164 1473 1463 1528 secundum
1491 1473 1775 1543 utriusque
1800 1472 2052 1528 volunta-

461 1568 592 1627 tem,
618 1560 886 1618 viventem
913 1562 1102 1630 lilium,
1129 1563 1182 1616 in
1219 1562 1388 1635 legem
1414 1563 1753 1635 gratiamque
1778 1562 2049 1620 dividere:

459 1672 568 1712 non
597 1657 740 1728 quod
784 1657 1010 1732 probet,
1042 1659 1139 1714 sed
1167 1658 1234 1713 ad
1271 1657 1601 1731 arguendam
1635 1656 1934 1738 Synagogte
1959 1674 2053 1713 ea-

460 1751 727 1808 lumniam
754 1753 855 1808 hoc
879 1767 938 1808 se
962 1752 1098 1808 velle
1127 1752 1277 1807 dicit.

532 1845 701 1902 Vens.
732 1845 1089 1906 26.—Dia:it
1151 1858 1348 1902 autem.
1394 1845 1547 1918 (ln.)
1603 1845 1873 1912 Ecclesia,
1935 1861 2054 1916 qua:

2155 636 2364 692 saeculis
2388 645 2444 692 et
2465 637 2902 708 generationibus
2922 677 2937 702 ,
2965 645 3025 690 ut
3054 635 3464 694 consideremus
3504 637 3736 692 beatitu-

2153 729 2331 784 dinem
2362 728 2698 800 angelorum;
2729 728 3017 786 utilitatem
3037 728 3608 794 hominum,astutiam
3631 730 3737 784 da:-

2152 836 2394 886 monum,
2425 829 2500 889 et,
2542 823 2897 892 reprobantes
2925 821 3071 893 quod
3091 819 3293 876 malum
3323 829 3436 890 est,
3467 831 3739 878 sectemur

2153 912 2298 984 quod
2327 905 2532 969 bonum
2557 920 2660 970 est.

2781 982 3008 1040 CAPUT
3044 985 3109 1040 γ.

2225 1096 2390 1154 Vens.
2414 1098 2468 1154 5.
2491 1129 2560 1140 -
2585 1097 2655 1154 Et
2679 1100 2804 1171 quia
2830 1117 2933 1154 non
2962 1100 3186 1170 potuerit
3210 1098 3474 1168 ludiﬁcare
3499 1101 3736 1169 domum,

2153 1200 2260 1246 etc.
2291 1191 2479 1262 (BEDA,
2511 1201 2698 1261 quiest.
2727 1192 2783 1244 in
2812 1189 2902 1243 lib.
2945 1188 3100 1262 Reg.)
3145 1189 3348 1245 Domus
3387 1205 3547 1260 quam
3584 1191 3742 1248 Salo-

2154 1298 2278 1340 mon
2308 1283 2620 1348 :edilicavit,
2668 1281 2925 1336 Ecclesia:
2954 1281 3123 1351 tlgnra
3151 1280 3274 1344 fuit,
3307 1291 3438 1347 etc.,
3473 1300 3632 1352 usque
3669 1284 3740 1338 ad

2154 1376 2209 1431 in
2231 1374 2556 1449 quibusdam
2583 1384 2928 1443 remunerata
2950 1390 3072 1430 cum
3095 1375 3303 1446 angelis
3329 1375 3606 1432 hominum
3627 1392 3746 1434 cer-

2155 1467 2356 1522 tamina
2389 1453 2744 1546 demonstret.
3071 1519 3076 1528 ,

2226 1557 2350 1631 (Ιι).,
2377 1557 2472 1614 lib.
2501 1559 2564 1612 de
2587 1547 2776 1630 teniplo
2804 1557 3002 1638 Salom.
3026 1600 3042 1626 ,
3070 1575 3188 1630 cap.
3223 1559 3313 1633 l.)
3341 1559 3493 1616 Hanc
3520 1561 3742 1617 domum

2155 1651 2489 1723 spiritualem
2537 1653 2701 1709 etiam
2752 1654 3162 1709 tabernaculum
3211 1655 3266 1708 in
3315 1670 3499 1711 eremo
3540 1655 3746 1710 factum

2155 1745 2444 1810 signiﬁcat,
2484 1755 2626 1809 etc.,
2674 1764 2836 1815 usque
2873 1745 2942 1800 ad
2975 1757 3030 1803 et
3074 1747 3302 1803 salutem
3334 1748 3572 1803 omnium
3609 1764 3744 1820 gen—

2157 1836 2290 1890 tium
2321 1837 2376 1891 in
2412 1836 2629 1893 Christo
2660 1821 2842 1894 multis
2877 1839 3052 1893 modis
3087 1839 3339 1894 ostendat
3373 1850 3427 1894 et
3460 1824 3692 1911 ligni-et:

463 1942 566 1998 scit
606 1958 761 1997 suum
793 1958 947 2010 esse,
991 1944 1223 2000 libenter
1264 1944 1516 2000 concedit
1541 1943 1775 2009 acutulae,
1809 1953 1869 1997 ut
1904 1942 2050 1996 vivat

2225 1927 2387 1984 Vens.
2420 1930 2472 1984 6.
2497 1961 2565 1970 —
2591 1925 2824 2000 Prwcipe
2863 1931 3026 2009 igitur
3054 1941 3109 1984 ut
3135 1932 3423 2002 prmcilant
3451 1933 3599 1998 mihi,
3632 1942 3741 1988 etc.

462 2034 656 2090 saltem
687 2035 830 2107 apud
851 2051 996 2101 eam,
1025 2052 1094 2092 ne
1123 2036 1264 2092 inter
1290 2036 1464 2109 legem
1487 2036 1691 2091 divisus
1709 2043 1765 2091 et
1791 2034 2047 2106 gratiam,

461 2123 665 2181 Christi
706 2142 966 2183 mucrone
995 2128 1256 2195 feriatur,
1307 2129 1486 2184 unde:
1527 2127 1664 2182 Ecce
1706 2145 1799 2198 ego
1846 2125 2050 2181 Paulus

461 2215 579 2271 dico
617 2217 795 2283 vobis,
834 2220 960 2290 quia
1001 2219 1048 2272 si
1093 2219 1256 2290 legem
1301 2219 1616 2286 observatis,
1647 2216 1884 2274 Christus
1912 2215 2051 2272 vobis

463 2307 595 2363 nihil
617 2311 852 2380 proderit
888 2309 1090 2384 (Galat.
1114 2312 1192 2384 v).

1079 2421 1308 2504 CAPUT
1357 2445 1447 2504 tv.

533 2577 698 2638 Vens.
720 2581 809 2636 22.
824 2581 1063 2638 —Cibus
1087 2583 1408 2639 Salomonis.
1434 2583 1616 2656 (ΗΑΒ.)
1640 2584 1884 2641 Refectio
1903 2583 2053 2640 Chri-

461 2672 556 2739 sti,
585 2673 678 2742 qui
713 2673 953 2742 pascitur
975 2684 1119 2729 recta
1144 2675 1249 2729 tide
1269 2684 1324 2730 et
1351 2677 1610 2746 operibus
1637 2676 1810 2742 bonis,
1837 2691 1956 2747 qua:
1975 2675 2050 2731 illi

462 2762 708 2834 quotidie
733 2762 1030 2820 otl'eruntur
1059 2767 1126 2820 ab
1149 2765 1391 2822 Ecclesia
1422 2767 1710 2822 Catholica.

535 2851 700 2908 Vens.
730 2853 821 2908 25.
849 2885 918 2895 —-
949 2853 1144 2928 Viginti
1171 2857 1340 2912 boves.
1367 2857 1489 2931 (10.)
1509 2857 1897 2914 Praulicatores
1916 2857 2051 2914 Novi

461 2944 801 3002 Testamenti
821 2992 834 3014 ,
865 2948 957 3019 qui
986 2950 1138 3018 quasi
1170 2950 1507 3021 geminatum
1549 2950 1873 3022 Decalogum
1914 2951 1966 3005 in
1993 2965 2053 3005 se

459 3039 704 3106 habent,
736 3056 860 3096 cum
897 3039 1104 3097 Novum
1132 3053 1186 3097 et
1219 3041 1384 3098 Vetus
1426 3043 1834 3100 Testamentum
1869 3059 2053 3114 aequa-

460 3130 589 3186 liter
615 3131 914 3203 praadicant
943 3133 1086 3204 pleni
1116 3133 1405 3190 dilectione
1428 3134 1524 3190 Dei
1553 3144 1609 3191 et
1637 3135 1888 3206 proximi.

532 3222 769 3295 Excepta
798 3224 1422 3290 venationesV'enatione
1462 3227 1793 3282 diversorum
1837 3227 2048 3282 anima-

2153 2017 2336 2091 (ΗΑΒ.)
2366 2019 2520 2076 Servi
2558 2019 2740 2076 Hiram
2766 2023 3127 2092 praecidentes
3151 2024 3344 2078 cetlros
3375 2022 3651 2079 Salomoni
3679 2026 3746 2080 de

2152 2111 2379 2182 Libano,
2413 2120 2543 2179 etc.,
2582 2129 2744 2190 usque
2771 2114 2839 2167 ad
2877 2113 3069 2169 melius
3097 2115 3377 2185 gentilium
3405 2132 3621 2173 errores
3649 2134 3747 2172 no-

2152 2214 2365 2272 verant,
2404 2214 2458 2260 et
2481 2205 2601 2261 ideo
2633 2207 2980 2262 artiliciosius
3013 2209 3417 2286 expugnabant.

2226 2299 2343 2356 Scis
2371 2300 2508 2353 enim
2533 2302 2792 2371 quomodo
2821 2318 2924 2388 ηοίι
2969 2314 3044 2356 est
3084 2304 3138 2358 in
3180 2287 3375 2376 populo
3405 2324 3517 2376 meo
3548 2308 3628 2363 vir
3654 2309 3748 2380 qui

2154 2392 2348 2447 nouerit
2394 2391 2572 2462 ligna,
2617 2403 2726 2448 etc.
2775 2393 2963 2464 (Beas,
3003 2405 3060 2449 ut
3089 2399 3294 2469 supra.)
3335 2397 3627 2454 Dicendum
3665 2409 3752 2455 est

2153 2485 2306 2555 prius
2335 2483 2402 2539 de
2431 2484 2700 2555 Operariis
2737 2485 2940 2556 templi,
2983 2487 3076 2558 qui
3104 2489 3188 2542 vel
3231 2491 3373 2545 unde
3406 2490 3623 2546 fuerunt
3645 2535 3659 2558 ,
3692 2502 3751 2548 et

2154 2578 2222 2633 de
2255 2579 2366 2648 ipsa
2406 2580 2654 2644 materia,
2709 2589 2815 2635 etc.
2839 2623 2854 2648 ,
2884 2597 3047 2652 usque
3094 2582 3163 2636 ad
3187 2639 3192 2644 _
3214 2583 3485 2649 triticum,
3516 2586 3748 2654 scilicet,

2154 2669 2304 2724 verbi
2341 2668 2469 2734 Dei,
2517 2669 2698 2724 oleum
2747 2662 3052 2738 charitat'is,
3094 2659 3366 2744 unctionis
3413 2685 3468 2732 et
3513 2675 3752 2748 Spiritus

2155 2761 2330 2818 sancti
2367 2761 2804 2818 illuminationis.
2961 2827 2963 2838 ί
3579 2823 3581 2826 ,

2227 2855 2394 2910 Vens.
2425 2855 2512 2910 10.
2538 2886 2612 2895 —-
2635 2855 2825 2928 Itaque
2871 2854 3058 2912 Hiram
3099 2858 3259 2912 dabat
3302 2858 3578 2915 Salomoni
3606 2860 3750 2930 ligna

2153 2947 2369 3003 cedrina
2410 2957 2457 3001 et
2501 2946 2644 3019 ligna
2676 2948 2918 3019 abiegno,
2955 2950 3117 3026 juxta
3147 2967 3371 3016 omnem,
3401 2961 3509 3008 etc.
3541 2951 3748 3023 Tyrus.

2152 3041 2297 3093 unde
2340 3054 2434 3093 rex
2481 3037 2692 3106 Hiram,
2733 3039 2907 3118 insula
2935 3051 3018 3096 est
3046 3041 3227 3096 dedita
3257 3042 3628 3113 negotiationi,
3659 3042 3753 3099 ubi

2152 3141 2314 3189 erant
2335 3132 2526 3203 optimi
2556 3133 2913 3188 fabricatores
2941 3131 3233 3205 lignorum,
3259 3135 3350 3208 qui
3383 3135 3584 3190 dabant
3605 3133 3752 3204 ligna

2155 3225 2396 3296 pretiosa
2430 3223 2761 3295 accipientes
2790 3224 3015 3298 cibaria.
3041 3221 3240 3279 Vivont
3260 3225 3402 3280 enim
3431 3241 3535 3280 non
3561 3241 3752 3298 agrum

459 3313 592 3370 lium
639 3323 764 3369 sunt
811 3315 903 3385 qui
939 3331 1005 3371 ex
1036 3315 1262 3371 diversis
1301 3317 1551 3387 gentibus
1579 3318 1820 3387 quotidie
1849 3319 2054 3376 retibus
2080 3315 2126 3378 C
2159 3316 2406 3381 colendo,
2437 3316 2530 3372 sed
2559 3297 2926 3386 negotiando.‘
2956 3317 3031 3371 lbi
3073 3326 3156 3370 est
3199 3331 3355 3371 mons
3383 3315 3642 3382 Libanus,
3683 3317 3755 3372 de

459 3407 738 3481 Eiangelii
781 3424 878 3479 per
907 3409 1218 3484 spiritualcs
1245 3418 1536 3468 venatores
1564 3413 1884 3480 capiuntur,
1914 3421 1970 3468 et
1997 3413 2052 3468 in

464 3511 682 3573 pastum
717 3501 1018 3557 Salvatoris
1046 3503 1384 3574 rediguntur.

538 3597 706 3658 Vens,
733 3595 822 3650 26.
859 3627 930 3635 -
963 3595 1353 3668 Quadraginta,
1404 3606 1510 3654 etc.
1550 3597 1656 3654 Per
1697 3599 2055 3672 quadraginta

467 3697 717 3760 tempora
745 3690 939 3759 prisca:
964 3690 1100 3762 legis
1142 3690 1529 3762 designantur,
1562 3707 1723 3760 quam
1763 3693 1940 3748 Moses
1969 3710 2053 3750 ac-

465 3789 724 3851 cepturus
758 3779 1027 3850 jejunavit
1056 3782 1414 3853 quadraginta
1456 3783 1680 3849 diebus,
1728 3793 1784 3840 et
1829 3786 2057 3855 pepulus

462 3870 553 3938 qui
601 3884 666 3925 ea
711 3869 1117 3938 instruebatur,
1151 3872 1512 3943 quadraginta
1553 3875 1713 3930 annis
1747 3875 1802 3930 in
1843 3877 2056 3933 deserto

463 3959 584 4014 fuit.

539 4052 604 4106 Et
630 4051 930 4110 duodecim.
963 4053 1065 4110 Hic
1096 4071 1356 4112 numerus
1379 4071 1620 4127 praesens
1653 4067 1866 4130 tempus
1887 4061 2054 4132 signi-

464 4146 623 4211 ﬁcat,
675 4147 728 4202 in
777 4162 888 4219 quo
933 4147 1232 4220 apostolica
1266 4147 1514 4205 doctrina
1549 4148 1684 4206 Novi
1720 4151 2056 4222 ,Testamenti

463 4241 718 4311 pupulum
747 4241 938 4297 nutrit.

536 4333 702 4390 Vens.
731 4333 821 4389 28.
846 4365 917 4375 —
939 4332 1240 4404 Hordeum,
1272 4345 1383 4395 etc.
1404 4338 1483 4395 Ne
1501 4339 1630 4410 quid
1655 4339 1792 4397 desit
1815 4340 1871 4394 in
1897 4339 2058 4396 domo

466 4428 631 4499 regis,
661 4429 796 4483 ordo
821 4428 1240 4498 praedicatorum
1275 4431 1564 4488 scribendo
1601 4441 1656 4490 et
1685 4432 1954 4502 loquendo
1982 4431 2059 4485 la-

468 4523 647 4586 borat,
682 4531 742 4576 ut
767 4523 821 4576 in
844 4538 1032 4579 mensa
1057 4524 1273 4583 Domini
1300 4525 1557 4593 abundet,
1578 4528 1722 4583 unde
1749 4525 2059 4581 nutriantur

468 4615 675 4669 ﬁdeles.

2157 3408 2312 3477 cujus
2335 3407 2494 3478 lignis
2519 3407 2660 3462 facta
2683 3407 2981 3463 estdomus
3005 3408 3238 3462 Domini.
3260 3407 3414 3468 Unde
3437 3417 3489 3462 et
3512 3409 3754 3466 Libanus

2156 3501 2358 3557 dicitur
2385 3501 2456 3556 ibi
2485 3519 2497 3554 :
2540 3500 2720 3572 Aperi,
2749 3499 2965 3564 Libane,
2991 3511 3168 3572 portas
3197 3511 3316 3555 luas
3347 3499 3534 3571 (Zach.
3576 3502 3677 3574 x1).

2227 3594 2394 3649 Vens.
2425 3594 2509 3649 15.
2538 3625 2611 3635 -
2633 3594 2908 3666 Elegitque
2935 3609 3027 3648 rea:
3058 3593 3331 3666 Salomon.
3361 3594 3550 3666 (BEDA,
3584 3608 3639 3650 ut
3656 3613 3753 3652 su-

2155 3706 2274 3760 pra,
2305 3703 2427 3758 cap.
2457 3687 2538 3758 3.)
2579 3686 2696 3741 Non
2730 3686 2931 3742 frustra
2969 3688 3250 3756 operarios
3292 3689 3357 3744 de
3397 3689 3544 3744 omni
3587 3689 3754 3746 Israel

2157 3782 2344 3854 elegit,
2370 3792 2502 3846 etc.,
2523 3798 2688 3854 usque
2715 3782 2784 3836 ad
2808 3782 2862 3836 in
2885 3798 2992 3852 qua
3015 3798 3169 3838 tuens
3197 3783 3434 3840 ﬁdelium
3463 3803 3495 3839 a
3522 3783 3754 3842 Domino

2158 3875 2473 3945 quotidiana
2507 3874 2868 3930 illustratione
2893 3875 3050 3944 quasi
3079 3876 3208 3931 luna
3235 3892 3266 3931 a
3299 3876 3410 3933 sole
3441 3879 3750 3950 respicitur.

2233 3968 2518 4038 Operarios
2551 3968 2616 4022 de
2656 3967 2798 4022 omni
2841 3965 3030 4032 Israel,
3063 3979 3110 4023 et
3140 3980 3250 4024 erat
3279 3971 3495 4026 indictio
3535 3973 3755 4042 triginta

2157 4059 2328 4115 millia
2358 4061 2607 4115 virorum.
2629 4059 2694 4116 Hi
2725 4070 3044 4131 operatores
3067 4072 3225 4118 erant
3249 4065 3526 4136 proselyti.
3547 4065 3752 4121 Horum

2159 4153 2406 4222 magistri
2439 4153 2506 4208 de
2544 4152 2780 4223 ludatis,
2821 4154 2950 4226 quia
2988 4172 3096 4212 non
3125 4154 3253 4212 fecit
3280 4173 3606 4228 quemquam
3635 4175 3756 4215 ser-

2159 4245 2276 4300 vire
2299 4245 2366 4300 de
2401 4244 2587 4300 Israel.

2231 4337 2400 4393 Vens.
2430 4339 2520 4393 M.
2542 4369 2614 4379 —
2639 4338 2929 4394 Adoniram
2962 4349 3074 4394 erat
3102 4356 3260 4410 super
3281 4339 3642 4410 hujuscemodi
3670 4343 3757 4396 in-

2159 4432 2461 4486 dirtionem.
2494 4429 2686 4500 (BEDA,
2713 4429 2866 4502 ibid.)
2899 4429 3158 4502 Dominus
3175 4445 3328 4486 meus
3353 4433 3621 4488 excelsus.
3653 4432 3758 4490 llic

2159 4533 2239 4578 est
2272 4523 2543 4586 Christus,
2577 4521 2668 4591 qui
2700 4500 2966 4591 operariis
2992 4500 3174 4591 templi
3215 4524 3578 4592 prmponitur,
3609 4533 3754 4593 etc.,

2162 4630 2325 4685 usque
2367 4613 2435 4666 ad
2482 4621 2542 4666 ut
2587 4607 2945 4668 orationibus
2968 4623 3022 4669 et
3056 4612 3277 4683 jejuuiis
3309 4630 3543 4684 superno
3570 4615 3755 4686 inspe-

540 4707 704 4760 V‘ens.
735 4706 824 4761 32.
850 4738 922 4748 —
942 4707 1012 4762 Et
1042 4709 1255 4780 fuerunt
1287 4713 1526 4768 carmina
1557 4713 1691 4784 ejus.
1723 4712 1947 4768 Constat
1969 4727 2054 4768 ne-

2167 4680 2316 4760 ctere
2345 4712 2400 4758 et
2427 4702 2706 4772 visitatore
2731 4701 2894 4774 digna
2927 4705 3018 4784 sit:

467 4813 574 4867 que
631 4797 872 4852 carmina
925 4815 1099 4870 neque
1127 4802 1524 4873 disputationes
1556 4804 1858 4861 Salomonis
1898 4804 2062 4862 hodie

468 4903 611 4943 esse.

543 4981 786 5053 Quinque
829 4982 1023 5039 millia.
1077 4985 1306 5058 Propter
1348 4989 1588 5059 quinque
1631 5005 1853 5056 sensus,
1902 5005 2057 5061 quos,

467 5077 558 5148 qui
592 5077 654 5131 in‘
676 5078 906 5134 diversis
936 5080 1232 5136 virtutibus
1261 5081 1402 5138 bene
1436 5084 1602 5154 regit,
1634 5085 1825 5140 beatus
1863 5093 1977 5150 est,
2007 5092 2062 5139 et

465 5181 567 5240 per
592 5184 685 5224 eos
705 5171 862 5240 quasi
892 5170 1136 5227 carmina
1166 5172 1406 5243 quinque
1438 5174 1607 5228 millia
1634 5174 1862 5231 Domino
1889 5175 2056 5232 canit.

541 5259 706 5315 Vsus.
738 5261 827 5318 55.
850 5283 922 5302 —'
949 5261 1270 5334 Hyssopum.
1310 5263 1494 5336 (ll/ta.)
1535 5265 1809 5338 Hyssopus
1829 5309 1844 5334 ,
1892 5268 2059 5324 herba

469 5354 690 5410 humilis
732 5365 790 5410 et
834 5372 966 5411 saxo
998 5357 1243 5421 haerens,
1288 5367 1418 5424 etc.,
1474 5375 1635 5429 usque
1663 5361 1730 5413 ad
1761 5372 1887 5416 tunc
1914 5362 2059 5416 enim

471 5448 718 5514 cedrum,
753 5447 807 5503 id
831 5458 934 5514 est,
968 5450 1338 5520 arrogantiam
1372 5450 1551 5505 simul:
1586 5451 1862 5507 inclinavit
1893 5467 2060 5522 usque

467 5540 540 5596 ad
573 5539 939 5597 humilitatem
965 5542 1220 5614 hyssopi,
1266 5542 1321 5599 id
1347 5551 1430 5600 est
1447 5583 1461 5611 ,
1487 5558 1658 5615 usque
1684 5545 1750 5600 ad
1773 5545 2058 5601 stultitiam

468 5636 667 5692 crucis.

542 5723 610 5778 Et
649 5724 920 5782 disseruit.
981 5728 1105 5801 (11).)
1154 5729 1345 5786 Omnia
1387 5731 1526 5786 enim
1585 5729 1728 5785 nuda
1775 5741 1824 5785 et
1872 5741 2054 5804 aperta

468 5825 592 5869 sunt
614 5815 819 5873 Christo
847 5817 1036 5891 (Hebr.
1067 5820 1165 5892 tv).
1196 5821 1446 5894 Disputat
1474 5830 1676 5889 autem,
1715 5838 1838 5880 eum
1871 5825 2056 5896 singu-

471 5899 648 5963 lorum
686 5909 954 5968 rationem
998 5913 1157 5980 nobis
1202 5915 1456 5987 proponit
1494 5915 1549 5974 in
1593 5913 1892 5990 Scripturis
1917 5919 2051 5985 suis,

2239 4798 2406 4852 Vens.
2442 4795 2531 4850 15.
2553 4827 2620 4835 -
2653 4793 2702 4848 F
2707 4806 2893 4849 uerunt
2926 4781 3099 4862 itu'que
3129 4796 3400 4854 Salomoni
3424 4808 3760 4872 septuaginta

2166 4889 2335 4945 millia
2366 4905 2568 4954 eorum,
2591 4890 2684 4959 qui
2711 4905 2870 4942 onera
2891 4891 3190 4959 portabant,
3217 4899 3265 4944 et
3295 4893 3556 4962 octoginta
3584 4892 3760 4947 millia

2167 4983 2485 5038 latomorum
2513 4983 2567 5036 in
2589 4980 2996 5051 mentm-(BEN,
3015 4982 3168 5052 ibid.)
3193 4982 3304 5038 Nec
3319 4986 3756 5055 plaeteteundum

2168 5077 2312 5146 quod
2367 5075 2728 5146 septuaginta.
2763 5082 2830 5130 et.
2871 5074 3150 5145 octoginta
3203 5073 3365 5128 millia
3419 5075 3756 5145 portantium

2166 5182 2332 5223 onera
2361 5177 2415 5220 et
2442 5166 2769 5220 latomorum
2793 5181 2915 5220 cum
2939 5165 3242 5236 praepositis
3264 5165 3377 5220 suis
3402 5165 3762 5223 norrfoerunt

2160 5261 2455 5326 Israelita),
2501 5271 2647 5325 etc.,
2693 5275 2852 5330 usque
2899 5259 2968 5316 ad
3015 5259 3246 5326 Quidam
3289 5270 3532 5330 utraque
3554 5261 3759 5318 virtute

2161 5357 2374 5428 praediti
2419 5355 2486 5410 ad
2515 5370 2651 5425 opus
2696 5353 2890 5409 domus
2923 5352 3139 5408 Domini
3171 5354 3540 5420 conveniunt;
3570 5352 3713 5407 unde
3739 5367 3757 5406 :

2163 5449 2422 5521 Corripite
2469 5450 2757 5520 inquietos,
2803 5447 3146 5503 consolamini
3193 5446 3589 5518 pusillanimes,
3643 5457 3756 5503 etc.

2164 5542 2217 5616 (1
2255 5542 2412 5598 Thes.
2442 5541 2518 5614 v).

2235 5634 2598 5690 Latomorum.
2657 5634 2870 5708 (Bentt,
2918 5632 3096 5708 ibid.).
3146 5633 3362 5708 Latomi
3414 5643 3543 5689 sunt
3580 5648 3756 5689 meso-

2162 5746 2253 5787 res
2300 5729 2560 5801 lapidum,
2591 5739 2723 5797 etc.,
2767 5746 2932 5800 usque
2959 5730 3030 5784 ad
3055 5731 3183 5801 quia
3219 5729 3362 5788 eruti
3390 5729 3457 5785 de
3485 5735 3762 5797 potestate

2163 5826 2512 5882 tenebrarum
2565 5824 2636 5879 ad
2669 5837 2862 5880 arcem
2893 5822 3154 5881 virtutum
3183 5839 3306 5896 qua;
3329 5831 3416 5879 est
3449 5821 3510 5878 'in
3543 5819 3758 5876 unitate

2161 5919 2420 5980 Ecclesiae
2437 5919 2802 5992 pervenimus.
