4122 6350
336 391 442 451 585

1295 381 1556 441 GLOSSA
1598 377 1989 436 ORllllMltlA.
2030 409 2099 418 -—
2139 378 2265 435 LIB.
2304 378 2369 434 Ill
2408 377 2567 435 REG.

3485 381 3594 437 586

405 509 571 564 Vens.
614 504 700 560 l6.
731 504 1027 576 —Absque
1053 500 1363 574 pt‘wposilis.
1398 495 1677 566 Priepositi
1733 504 1911 547 autem
1944 495 1990 552 Α
2018 502 2239 560 peracto
2280 494 2478 562 pascha
2523 499 2688 563 cmptt
2733 505 3001 547 (nutricare
3040 492 3256 548 domum
3302 493 3512 550 Domini
3539 504 3599 554 et

335 609 464 660 sunt
486 615 656 656 sacrre
692 598 986 669 Scriptura:
1011 595 1316 651 conditores
1340 606 1567 662 quorum
1601 586 1916 659 magisterio

333 693 614 752 erudimur
649 691 848 747 inscios
872 689 1090 754 docere,
1113 693 1510 758 contemptores
1534 684 1827 753 corripere,
1860 689 1918 737 et

333 784 584 843 invicem—
595 797 763 837 onera
791 788 974 836 nostra
1003 787 1240 849 portare.

405 876 587 932 Trium
639 873 883 930 millium.
938 871 1166 942 Propter
1206 869 1366 926 ﬁdem
1415 867 1716 931 Trinitatis,
1751 880 1914 936 quam

334 974 520 1022 saneta
554 963 770 1034 eloquia
814 961 1133 1033 prtedicant.
1189 959 1342 1028 Quod
1388 959 1441 1014 in
1491 956 1916 1028 Paralipomenis

334 1059 435 1115 tria
479 1056 648 1111 millia
692 1053 935 1111 sexcenti
983 1051 1174 1123 scripti
1218 1059 1368 1117 sunt,
1413 1050 1480 1106 ad
1527 1047 1915 1120 perfectionem

330 1163 519 1207 eorum
563 1147 807 1220 respicit.
841 1143 1101 1200 Senarius
1139 1142 1306 1207 enim,
1329 1141 1383 1195 in
1417 1154 1525 1211 quo
1548 1138 1731 1194 mundi
1764 1152 1916 1192 como

332 1241 508 1312 pletus
540 1246 628 1294 est
667 1245 908 1300 ornatus,
938 1234 1177 1306 perfecta
1207 1233 1472 1288 bonorum
1503 1245 1666 1324 opera
1707 1227 1915 1302 signiﬁ-

332 1336 420 1385 cat
451 1344 467 1383 :
500 1338 557 1384 et
605 1329 731 1398 quia
780 1335 970 1383 sancta
1021 1324 1302 1396 Scriptura
1353 1338 1478 1378 cum
1512 1320 1626 1377 'ﬁde
1671 1320 1915 1376 veritatis

330 1437 495 1494 opera
527 1421 753 1493 iustitia:
781 1421 939 1476 docet
979 1417 1245 1482 habenda,
1274 1424 1423 1470 recte
1463 1413 1736 1485 praepositi
1783 1428 1915 1484 ope-

331 1529 450 1569 rum
482 1510 665 1581 templi
715 1511 816 1564 tria
849 1509 1016 1564 millia
1043 1518 1100 1563 et
1123 1506 1361 1563 sexcenti
1393 1505 1632 1560 fuerunt.

401 1603 570 1659 Vsus.
619 1601 702 1655 i7.
726 1630 797 1640 —
829 1599 1186 1668 Prwcepitque
1224 1612 1314 1651 res:
1346 1607 1402 1649 ut
1430 1595 1686 1650 tollerent.
1715 1595 1910 1664 (BEDA,

329 1691 483 1762 ibid.)
507 1689 592 1745 Ad
613 1688 988 1745 aediﬁcandum
1011 1688 1229 1744 domum
1251 1685 1463 1741 Domini
1493 1685 1670 1757 primo
1690 1685 1832 1757 ligna
1864 1691 1919 1738 et

330 1783 535 1854 lapides
580 1781 647 1836 de
697 1789 879 1836 monte
917 1779 1218 1846 caeduntur,
1245 1789 1376 1842 etc.,
1409 1793 1572 1850 usque
1615 1777 1686 1830 ad
1731 1776 1914 1832 unde:

2017 592 2363 638 consecratus
2387 583 2611 654 mystica
2633 582 2970 638 solemnitate
2993 583 3218 654 populus
3236 583 3383 639 misit
3403 599 3599 642 manus

2019 673 2085 728 ad
2117 675 2403 746 mysticum
2433 691 2588 744 opus.

2087 764 2383 834 Addi/icore
2394 767 2562 838 coepit.
2581 765 2703 835 (ln.,
2725 766 2880 837 ibid.)
2901 766 3002 822 Ubi
3026 767 3348 823 :ediﬁcatum
3372 769 3444 824 sit
3467 777 3600 826 tem.

2017 857 2163 927 plum
2193 859 2246 912 in
2292 857 2719 930 Paralipomeuis
2748 859 3143 928 manifestatur,
3167 871 3301 930 etc.,
3328 880 3489 937 usque
3527 865 3598 920 ad

2018 951 2113 1007 sed
2145 952 2367 1006 interme
2391 953 2560 1022 pacis,
2589 969 2748 1024 quam
2777 968 2902 1010 cum
2926 955 3204 1011 conditore
3231 971 3329 1011 suo
3351 956 3595 1024 haberet,

2018 1059 2239 1116 compos
2263 1043 2457 1100 effecta
2481 1053 2582 1099 est.

2091 1135 2223 1203 Qum
2246 1145 2631 1208 prmparaverat
2662 1135 2848 1202 David,
2875 1144 2979 1193 etc.
3008 1137 3303 1193 Paraverat
3326 1139 3472 1193 enim
3495 1139 3602 1194 Da-

2018 1229 2106 1285 vid
2131 1227 2431 1299 psallendo,
2457 1235 2787 1299 paraverunt
2817 1229 2908 1284 alii
2951 1230 3230 1300 propheta:
3255 1229 3602 1301 gaticinando

2019 1320 2200 1374 locum
2227 1319 2456 1375 Domino
2485 1336 2498 1372 :
2538 1334 2665 1375 vero
2694 1318 2900 1375 scilicet
2944 1320 3243 1385 Salomoni,
3269 1321 3324 1375 in
3358 1337 3466 1392 quo
3503 1321 3601 1376 do-

2018 1426 2165 1465 mum
2199 1409 2510 1475 aediﬁcaret,
2552 1409 2677 1480 quia
2711 1409 2874 1466 corda
2896 1411 3200 1465 auditorum
3227 1411 3328 1466 fide
3353 1411 3606 1467 institue-

2019 1507 2164 1564 runt,
2189 1508 2472 1555 monentes
2496 1500 2915 1555 utincarnatum
2959 1500 3053 1556 Dei
3095 1501 3286 1557 Filium
3323 1501 3464 1557 ﬁdeli
3505 1502 3603 1559 de-

2018 1591 2236 1647 votione
2281 1591 2640 1658 susciperent.
2669 1590 2822 1648 Unde
2856 1609 2868 1645 :
2899 1591 3087 1648 Levate
3117 1594 3293 1648 oculos
3331 1605 3525 1650 uestros
3554 1603 3606 1650 et

2019 1682 2182 1736 ridete
2209 1682 2466 1754 regiones,
2488 1683 2611 1754 quia
2631 1682 2766 1738 alba:
2785 1694 2902 1738 sunt
2930 1684 3038 1753 iam
3068 1684 3136 1738 ad
3161 1703 3412 1742 messem:
3437 1697 3485 1742 et
3516 1688 3608 1759 qui

2022 1777 2186 1841 metit,
2226 1775 2512 1830 mercedem
2537 1777 2724 1846 accipit
2748 1793 2768 1830 :
2788 1786 2836 1831 et
2865 1788 3142 1849 congregat
3174 1779 3432 1848 fructum”
3449 1780 3501 1835 in
3529 1781 3610 1834 ui-

333 1875 755 1947 Superwdificati
802 1889 959 1944 super
1003 1872 1403 1942 fundamentum
1461 1869 1816 1941 apostolorum
1871 1880 1921 1926 et
1949 1877 1997 1937 Β
2024 1878 2131 1921 tam
2174 1878 2446 1934 retentam,
2473 1878 2528 1923 ut
2573 1870 2662 1940 qui
2705 1871 2924 1924 seminat
2955 1871 3112 1925 simul
3160 1871 3388 1944 gaudeat
3427 1882 3475 1926 et
3515 1872 3608 1944 qui

331 1967 704 2038 prophetarum
731 1963 949 2036 (Ephes.
979 1961 1064 2034 ιι).

399 2058 626 2128 Lapides
655 2055 902 2129 grandes.
927 2052 1293 2127 (anA,ibid.,
1323 2067 1443 2124 cap.
1468 2051 1548 2125 4.)
1576 2050 1673 2108 Vel
1717 2051 1923 2122 lapides

330 2147 576 2221 pretiosi,
599 2147 852 2220 grandes,
877 2144 1157 2217 quadrati,
1177 2144 1340 2215 primi
1367 2151 1496 2200 sunt
1531 2143 1800 2216 magistri,
1830 2143 1923 2214 qui

331 2242 400 2298 ab
436 2243 556 2314 ipso
579 2241 810 2298 Domino
842 2240 1066 2298 audiere
1089 2240 1316 2296 verbum
1340 2238 1553 2295 salutis.
1584 2237 1919 2310 Superpositi

331 2348 465 2391 vero
497 2333 719 2389 ordines
743 2331 980 2404 lapidum
1009 2330 1095 2386 vel
1121 2329 1390 2402 lignorum
1431 2337 1718 2400 sequentes
1744 2345 1924 2386 sacer-

335 2427 486 2484 dotes
515 2425 602 2482 vel
624 2425 895 2490 doctores,
921 2438 1151 2496 quorum
1185 2421 1569 2496 praedicatione
1595 2423 1794 2479 crescit
1817 2422 1924 2478 Ec-

341 2517 505 2574 clesia
529 2523 582 2572 et
603 2523 830 2572 ornatur
848 2513 1160 2569 virtutibus.

413 2608 572 2680 (Ras.
599 2621 668 2662 ex
693 2604 851 2678 Bed.)
879 2603 1038 2674 Quali
1087 2611 1266 2660 autem
1313 2603 1497 2661 colore
1527 2602 1750 2660 fuerunt
1790 2603 1925 2674 lapi-

338 2700 452 2767 des,
476 2708 606 2765 etc.,
637 2713 799 2769 usque
835 2696 906 2750 ad
933 2709 1174 2751 marmor
1212 2695 1502 2769 candidum
1542 2709 1611 2750 ex
1656 2709 1763 2766 quo
1794 2709 1925 2750 con-

337 2766 543 2843 structa
578 2794 664 2843 est
701 2766 893 2843 domus
915 2783 1229 2850 electorum,
1265 2766 1539 2840 actioiiem
1580 2783 1834 2839 mundam
1870 2791 1928 2839 et

338 2877 728 2938 conscientiam
757 2877 826 2934 ab
850 2875 996 2931 omni
1024 2889 1178 2932 naevo
1204 2876 1569 2948 corruptionis
1606 2877 1924 2949 castigatam

339 2972 634 3046 signiﬁcat;
664 2973 850 3028 unde:
882 2969 1200 3026 Mundemus
1246 2985 1340 3024 nos
1383 2969 1448 3024 ab
1493 2971 1634 3024 omni
1680 2969 1926 3041 inguina»-

337 3075 530 3132 mento,
561 3073 668 3120 etc.
700 3061 788 3134 (II
824 3059 951 3118 Cor.
978 3060 1102 3132 vn).

408 3157 476 3212 In
495 3155 896 3227 fundamentum
915 3154 1113 3225 templi.
1129 3152 1294 3225 (Βειιι
1305 3151 1479 3225 ,ibid.)
1492 3150 1925 3208 Fundamentum

2029 1959 2171 2013 metit
2204 1957 2386 2030 (Joan.
2418 1959 2515 2031 ιν).
2561 1959 2715 2027 Quod
2741 1960 2873 2015 dicit
2902 1979 2916 2015 :
2945 1959 3143 2016 chate
3171 1962 3358 2018 oculos
3395 1972 3610 2019 vestros

2027 2060 2082 2106 et
2121 2051 2296 2108 videte
2334 2051 2512 2108 locum
2537 2053 2630 2123 qui
2656 2061 2878 2122 paratus
2902 2061 2986 2109 est
3013 2055 3082 2109 ad
3110 2055 3480 2112 :ediﬁcandam
3520 2057 3613 2111 do-

2025 2158 2197 2211 mum,
2229 2150 2283 2198 et
2326 2143 2420 2214 qui
2469 2143 2701 2200 aediﬁcat
2744 2145 3005 2212 docendo,
3034 2147 3340 2202 mercedem
3389 2147 3610 2218 accipit,

2026 2245 2083 2292 et
2124 2243 2417 2309 congregat
2465 2236 2668 2308 lapides
2717 2238 2980 2308 pretiosos
3015 2240 3068 2294 in
3110 2239 3277 2295 vitam
3306 2248 3609 2296 aeternam:

2029 2338 2090 2385 ut
2131 2338 2186 2384 et
2208 2329 2300 2401 qui
2329 2336 2487 2400 parat
2512 2329 2690 2385 locum
2732 2330 2959 2387 aediﬁcio
2984 2331 3140 2388 simul
3179 2333 3411 2404 gaudeat
3435 2342 3490 2389 et
3517 2335 3612 2406 qui

2026 2421 2276 2487 aediﬁcat,
2319 2421 2371 2476 id
2417 2429 2502 2477 est
2543 2421 2810 2492 propheta
2853 2432 3140 2480 venturum
3175 2425 3478 2495 pmdicens
3509 2443 3522 2479 :
3556 2435 3616 2482 et

2025 2512 2302 2583 apostolus
2320 2513 2623 2584 praedicans
2648 2512 2935 2570 Dominum
2969 2515 3292 2582 venientem,
3317 2533 3425 2573 una
3449 2517 3611 2573 simul

2027 2605 2280 2661 mercede
2310 2606 2611 2676 potiantur.

2100 2695 2169 2751 In
2197 2696 2542 2768 longitudine,
2571 2707 2678 2756 etc.
2725 2697 3028 2771 Longitudo
3055 2700 3246 2756 domus
3286 2700 3611 2774 longanimi-

2029 2794 2194 2842 tatem
2225 2787 2479 2844 Ecclesia:
2503 2789 2795 2862 signiﬁcat,
2835 2806 2938 2861 qua
2978 2791 3251 2861 patienter
3276 2793 3503 2848 adversa
3539 2802 3617 2849 to-

2027 2879 2188 2946 lerat,
2232 2881 2402 2937 donec
2448 2883 2516 2938 ad
2557 2882 2788 2953 patriam
2831 2883 3131 2954 perveniat.
3158 2882 3285 2938 Haec
3327 2895 3411 2939 est
3460 2900 3616 2940 sexa-

2028 2975 2176 3046 ginta
2205 2974 2528 3040 cubitorum,
2561 2976 2688 3047 quia
2723 2976 2970 3032 senarius
3013 2975 3403 3048 pcrfectionem
3447 2979 3617 3035 bono-

2030 3085 2152 3124 rum
2177 3084 2403 3140 opcrum
2433 3069 2728 3140 signiﬁcat;
2752 3071 2878 3141 quia
2899 3071 3159 3126 debemus
3178 3086 3274 3142 per
3295 3071 3616 3144 longanimi-

2030 3169 2196 3216 talem
2219 3163 2294 3216 ita
2317 3162 2542 3217 adversa
2569 3161 2818 3229 tolerare,
2837 3171 2899 3217 ut
2916 3155 3020 3234 per
3036 3164 3172 3218 bona
3192 3179 3358 3234 opera
3378 3165 3612 3234 promis-

343 3259 427 3307 est
455 3248 724 3313 Christus,
751 3255 882 3314 etc.,
900 3262 1062 3318 usque
1085 3244 1154 3300 ad
1191 3253 1252 3298 ut
1277 3241 1502 3312 abiectis
1527 3243 1726 3307 verbis,
1769 3241 1927 3298 factis
1955 3239 1999 3303 Ο
2031 3268 2148 3310 sam
2179 3254 2412 3324 patriam
2443 3268 2752 3309 mereamur
2781 3255 3006 3310 inn-are.

339 3341 863 3414 cogitationibusque
907 3336 1279 3408 supervacuis,
1319 3335 1390 3390 ad
1422 3334 1750 3406 portandum
1789 3348 1930 3390 onus

338 3434 594 3491 Ecclesia:
623 3433 768 3505 digni
792 3431 944 3487 ﬁant.

411 3527 574 3582 Vens.
614 3526 701 3581 18.
729 3521 990 3578 —Porro
1033 3519 1192 3576 Giblii
1231 3528 1660 3592 praeparaverunt
1694 3518 1839 3591 ligna
1880 3529 1931 3575 et

340 3616 560 3686 lapides.
587 3614 745 3687 (Ras.
783 3627 850 3669 ex
871 3611 1028 3678 Bed.,
1044 3608 1198 3682 ibid.)
1225 3608 1411 3665 Giblos
1432 3616 1517 3664 est
1544 3608 1739 3664 civitas
1761 3608 1928 3662 Plite-

342 3711 502 3770 nicis.
528 3717 658 3774 etc.,
684 3722 846 3777 usque
870 3705 939 3760 ad
986 3719 1084 3760 nec
1135 3701 1503 3758 sanctuarium
1547 3699 1796 3765 Domino,
1835 3698 1932 3754 sed

342 3805 556 3862 ruinam
579 3803 683 3859 sibi
707 3799 958 3864 aediﬁcat,
983 3797 1075 3868 qui
1104 3797 1299 3853 docere
1329 3793 1609 3866 praesumit
1647 3792 1791 3864 quod
1814 3792 1932 3863 ipse

344 3914 456 3956 non
478 3897 684 3952 didicit.

415 3990 497 4046 Ad
542 3986 914 4058 wdiﬁcandum
948 3983 1181 4038 domum.
1235 3979 1357 4053 (ln.,
1381 3979 1536 4051 ibid.)
1577 3978 1708 4035 Post
1740 3978 1932 4033 funda-

344 4091 587 4141 mentum
613 4081 679 4137 de
707 4079 909 4136 talibus
947 4075 1328 4147 compositum,
1359 4073 1672 4130 :ediﬁcanda
1710 4081 1792 4129 est
1837 4073 1934 4128 do-

343 4191 469 4234 mus
495 4171 812 4246 praeparatis
846 4171 1008 4241 lignis
1033 4177 1088 4225 et
1130 4167 1416 4238 lapidibus,
1466 4174 1522 4222 et
1554 4165 1742 4221 ordine
1767 4164 1933 4221 collo-

345 4269 506 4334 catis,
536 4265 628 4338 qui
650 4265 718 4321 de
748 4280 845 4320 suo
883 4263 990 4319 situ
1024 4259 1105 4316 vel
1143 4258 1404 4315 abstracti
1450 4266 1596 4323 sunt,
1637 4257 1762 4328 quia
1813 4263 1936 4326 post

345 4359 522 4431 prima
558 4356 683 4412 ﬁdei
725 4354 1050 4418 rudimenta,
1082 4359 1207 4422 post
1251 4348 1446 4406 collata
1492 4348 1546 4404 in
1580 4349 1735 4404 nobis
1778 4346 1934 4416 juxta

348 4453 655 4524 exemplum
686 4449 998 4506 sublimium
1043 4446 1282 4501 virorum
1320 4443 1671 4498 fundamenta
1719 4440 1936 4496 humili-

350 4546 500 4610 tatis,
521 4542 799 4599 addendus
819 4547 904 4596 est
925 4540 978 4594 in
1004 4538 1172 4592 altum
1194 4536 1373 4606 paries
1392 4535 1658 4590 bonorum
1683 4548 1930 4603 operum,

2115 3342 2308 3414 Viginti
2345 3345 2565 3400 cubitos.
2614 3345 2841 3416 Propter
2891 3347 3158 3419 geminam
3207 3347 3490 3406 charitatis
3535 3349 3618 3406 di-

2033 3437 2313 3503 stantiam,
2338 3452 2444 3506 qua
2473 3437 2641 3492 Deum
2672 3437 2942 3509 diligimus
2971 3449 3024 3495 et
3052 3438 3377 3510 proximum.

2105 3527 2174 3583 In
2210 3527 2509 3582 latitudine.
2536 3528 2789 3585 Latitudo
2815 3530 3139 3587 charitatem
3184 3531 3470 3603 signiﬁcat,
3495 3548 3620 3605 qum

2035 3620 2258 3678 dilatato
2287 3621 2407 3676 sinu
2436 3623 2632 3676 mentis
2657 3622 2862 3678 amicos
2891 3623 2947 3678 iu
2997 3623 3125 3688 Deo,
3154 3633 3210 3679 et
3257 3625 3506 3682 inimicos
3536 3627 3619 3682 di-

2034 3713 2152 3785 ligit
2187 3721 2412 3783 propter
2445 3712 2614 3768 Deum
2657 3714 2829 3770 donec
2861 3715 2930 3771 ad
2981 3730 3169 3785 pacem
3218 3717 3495 3773 conversis
3533 3718 3618 3773 vel

2033 3805 2278 3861 funditus
2301 3805 2607 3873 exstinctis,
2635 3821 2757 3861 cum
2789 3805 2922 3862 solis
2947 3806 3137 3862 amicis
3173 3807 3406 3879 gaudeat
3429 3808 3484 3862 in
3513 3807 3618 3865 Do-

2034 3897 2203 3953 mino.

2105 3987 2275 4062 (Bene
2295 4029 2311 4055 ,
2339 3988 2493 4062 ibid.)
2514 3989 2840 4058 Notandum,
2869 3991 2994 4063 quia
3020 3993 3235 4064 triginta
3263 3994 3432 4051 cubiti
3463 3997 3619 4054 altitu

2036 4081 2177 4138 dinis
2203 4097 2309 4136 non
2335 4095 2508 4154 usque
2535 4082 2601 4136 ad
2631 4089 2834 4137 tectum
2862 4083 3067 4154 templi,
3091 4085 3181 4140 sed
3204 4100 3376 4155 usque
3413 4085 3479 4140 ad
3502 4104 3619 4144 cu:-

2033 4170 2286 4227 naculum
2313 4170 2540 4227 inferius
2560 4173 2957 4244 pertingebant.
2987 4175 3183 4245 Aperte
3206 4176 3348 4230 enim
3373 4177 3425 4231 in
3455 4177 3621 4232 Para-

2035 4261 2320 4332 lipomenis
2360 4262 2620 4332 scriptum
2654 4274 2737 4318 est
2763 4263 2904 4334 quod
2931 4263 3158 4318 altitudo
3187 4273 3404 4320 centum
3429 4267 3620 4336 viginti

2037 4351 2342 4408 cubitorum
2381 4361 2518 4418 erat,
2547 4352 2614 4408 de
2640 4353 2792 4423 cujus
2839 4354 2916 4408 rei
2946 4355 3304 4409 sacramentis
3343 4355 3522 4425 aptius
3563 4358 3619 4413 in

2037 4445 2281 4515 sequenti
2312 4444 2654 4510 tractabitur,
2705 4444 2796 4499 ubi
2825 4445 2892 4499 ad
2931 4444 3166 4500 medium
3198 4447 3535 4504 caenaculqu
3565 4459 3621 4505 ct

2039 4539 2259 4596 tertium
2284 4537 2531 4594 lectionis
2558 4537 2690 4593 ordo
2711 4537 3036 4607 pervenerit.

349 4645 406 4692 et
435 4604 588 4706 quasi
614 4630 969 4704 superpositis
993 4629 1096 4684 sibi
1129 4604 1358 4682 invicem
1389 4625 1670 4681 ordinibus
1694 4622 1932 4694 lapidum
1959 4604 2013 4664 Ῑ)
2114 4629 2352 4701 Τήρξηια
2380 4629 2600 4683 cum“,
2641 4604 2868 4699 Ρτδριει.
2889 4627 3050 4684 ﬁdem
3096 4629 3398 4698 Trinitatis,
3429 4633 3483 4687 in
3525 4649 3620 4690 ω-

349 4725 740 4801 proﬁciendum
766 4721 834 4778 de
854 4721 1055 4776 virtute
1082 4719 1137 4773 in
1157 4718 1433 4772 virtutem.

991 4827 1219 4886 CAPUT
1252 4826 1338 4880 Vl.

425 4929 589 4986 Vens.
615 4929 668 4984 1.
695 4958 765 4968 -
792 4925 1017 4980 Factum
1043 4932 1118 4977 est
1163 4920 1341 4992 igitur.
1367 4919 1524 4990 (Ras.
1552 4932 1621 4974 ex
1643 4916 1798 4981 Bed.,
1838 4915 1930 4971 lib.

352 5021 420 5076 de
440 5016 650 5091 Templo
671 5015 894 5080 Salom.,
921 5028 1042 5083 cap.
1069 5009 1149 5080 5.)
1179 5008 1265 5063 Fit
1290 5007 1732 5063 commemoratio
1753 5020 1935 5076 egres-

355 5110 525 5169 sionis
547 5107 617 5164 de
644 5107 898 5180 Egypto,
932 5114 1062 5169 etc.,
1093 5117 1254 5172 usque
1275 5099 1345 5153 ad
1377 5113 1477 5153 nec
1505 5097 1788 5168 Scriptura
1818 5111 1938 5167 quae

355 5203 584 5276 gratiam
613 5198 749 5256 Novi
775 5195 1110 5254 Testamenti
1141 5192 1419 5247 intimaret
1445 5191 1499 5245 in
1523 5187 1728 5246 Veteri.

427 5295 577 5349 Anno
599 5299 808 5364 quarto.
851 5288 1056 5358 Quarto
1081 5301 1224 5342 anno
1257 5283 1400 5356 regis
1430 5281 1737 5339 Salomonis
1776 5281 1942 5351 ctepit

355 5382 616 5440 mdiﬁcari
659 5381 852 5438 domus
882 5395 897 5434 :
921 5378 1048 5449 quia
1080 5383 1204 5449 post
1234 5375 1503 5446 expletam
1530 5373 1731 5429 Christi
1762 5373 1940 5428 incar-

355 5474 596 5532 nationis
621 5471 1082 5543 dispensationem
1109 5469 1164 5525 in
1191 5475 1424 5539 quatuor
1461 5465 1764 5538 Evangeliis
1802 5465 1939 5521 scri-

358 5575 534 5640 ptam,
566 5565 732 5621 misso
764 5562 972 5636 Spiritu
1017 5568 1207 5618 sancto
1239 5558 1495 5616 Ecclesiae
1522 5566 1794 5614 structura
1820 5573 1937 5615 cte-

398 5657 461 5714 it.

357 5671 611 5804 lmiense
646 5744 743 5802 Zio
774 5746 906 5818 (ipse
932 5753 1008 5800 est
1035 5743 1270 5815 mensis).
1298 5741 1491 5814 (Βιιιιιι,
1516 5739 1755 5814 ibidem.)
1783 5740 1938 5810 Quod

363 5856 549 5902 mense
574 5839 834 5906 secundo,
857 5847 990 5905 etc.,
1013 5853 1176 5908 usque
1203 5836 1273 5890 ad
1311 5836 1453 5892 unde
1484 5843 1632 5905 patet
1659 5835 1785 5907 quia
1815 5855 1940 5897 mox

682 5932 957 5993 Ps'raon.
1003 5929 1203 5993 CXIII

2035 4726 2125 4796 jus
2150 4724 2358 4780 visione
2384 4731 2579 4778 cuncta
2607 4719 2874 4777 desideria
2903 4721 3016 4792 spei
3045 4732 3246 4778 nostrae
3289 4726 3622 4796 suspendan-

2041 4828 2147 4872 tur.
2179 4815 2388 4887 Singuli
2421 4813 2633 4870 numeri
2657 4827 2756 4884 per
2797 4813 2981 4869 decem
3020 4813 3466 4885 multiplicantur,
3491 4817 3617 4887 quia

2040 4922 2138 4978 per
2183 4906 2342 4962 ﬁdem
2387 4913 2442 4961 et
2490 4905 2790 4960 custodiam
2837 4903 2972 4976 legis
3021 4905 3280 4976 patientia
3334 4907 3624 4964 salubriter

2039 5007 2324 5056 exercetur
2357 5013 2371 5052 :
2399 4998 2639 5054 charitas
2667 4997 2898 5053 viriliter
2921 4997 3177 5066 ardescit,
3203 5008 3261 5056 et
3298 5015 3422 5072 spes
3461 4999 3623 5057 subli-

2044 5090 2206 5146 miter
2230 5090 2296 5146 ad
2319 5098 2524 5145 aeterna
2546 5089 2772 5161 rapitur.

2115 5191 2183 5246 In
2211 5191 2510 5246 altitudine.
2552 5190 2792 5247 Altitudo
2821 5192 3088 5264 signiﬁcat
3123 5207 3276 5266 spem
3312 5194 3624 5250 retributio-

2043 5286 2130 5342 nis
2161 5285 2376 5351 futurae,
2405 5299 2502 5357 pro
2530 5299 2638 5355 qua
2659 5300 2917 5356 prospera
2939 5286 3026 5342 vel
3058 5287 3281 5341 adversa
3305 5288 3616 5352 contemnit,

2045 5379 2216 5434 donec
2236 5377 2416 5432 videat
2442 5377 2582 5432 bona
2608 5376 2821 5431 Domini
2852 5377 2907 5432 in
2940 5384 3083 5434 terra
3123 5377 3437 5434 viventium.

2114 5467 2279 5523 Vens.
2311 5467 2365 5522 5.
2392 5496 2466 5510 -—
2491 5463 2734 5522 Porticus
2777 5475 2913 5534 erat,
2942 5476 3049 5522 etc.
3078 5466 3154 5522 De
3201 5468 3306 5524 hac
3347 5466 3402 5522 in
3451 5465 3620 5522 Para-

2042 5559 2329 5631 lipomenis
2356 5560 2430 5615 ita
2474 5558 2736 5630 scriptum
2768 5577 2780 5611 :
2810 5555 3082 5612 Portieum
3113 5575 3230 5614 vero
3254 5568 3374 5614 ante
3397 5556 3624 5628 frontem

2040 5671 2158 5726 quae
2190 5651 2499 5709 tendebatur
2524 5652 2582 5706 in
2605 5650 2818 5722 longum
2857 5650 3012 5718 iuxta
3047 5666 3346 5705 mensuram
3379 5648 3624 5704 latitudi-

2044 5747 2126 5802 nis
2149 5748 2444 5801 cubitorum
2472 5744 2654 5815 viginti
2677 5741 2762 5814 (11
2786 5739 2972 5796 Paral.
3004 5744 3108 5814 ιιι).
3143 5741 3298 5797 Patet
3339 5757 3470 5814 ergo
3494 5740 3625 5812 quin

2041 5838 2283 5911 porticus
2303 5837 2408 5893 ista
2439 5834 2507 5890 ad
2531 5832 2850 5892 orientalem
2887 5832 3069 5904 templi
3115 5843 3324 5903 partem
3353 5833 3494 5891 facta
3517 5842 3621 5890 est.

3077 5927 3150 5989 19
