4122 6350
992 375 1389 459 ἮᾼΙΛῈΒΙΒΙ
1429 372 1677 433 STRABI
1714 371 1922 431 FULD.
1965 372 2073 430 ΜΟ]

2175 371 2325 431 OPP.
2364 374 2545 433 PARS
2578 376 2621 432 1.
2662 406 2732 420 -
2764 375 3232 436 THEOLOGICA.

3632 396 3639 405 '
3671 383 3783 446 588

500 492 780 564 Templum
803 493 951 549 enim
971 504 1191 548 versum
1220 492 1288 547 ad
1324 492 1589 547 orientem
1630 498 1749 544 erat
1772 488 1914 546 sicut
1933 496 1989 543 et
2008 496 2085 544 ta-
2110 493 2163 553 Α
2187 491 2269 547 vis
2294 491 2505 548 dicatur
2532 507 2549 547 :
2577 492 2692 547 Noe
2720 494 2798 549 vir
2816 495 3078 565 perfectus
3106 496 3165 550 in
3198 478 3622 567 generationibus
3646 505 3783 579 suis,

500 586 849 646 bernaculum
877 584 1258 653 :habebatque
1301 584 1499 639 ostium
1544 582 1611 637 ab
1650 583 1859 638 oriente
1896 590 2085 637 contra

501 681 698 736 ostium
743 678 951 747 templi,
982 675 1137 746 juxta
1174 674 1486 747 Joscphum,
1522 676 1599 730 ita
1624 684 1684 731 ut
1728 675 1807 731 sol
1847 677 2087 746 aequino-

500 771 677 829 ctialis
696 771 882 825 oriens
905 768 1130 823 directis
1158 767 1433 823 radiomm
1464 767 1621 822 lineis
1658 781 1755 837 per
1790 767 1927 823 ostia
1958 767 2083 831 tria,

497 865 756 936 porticus,
812 861 1039 925 scilicet,
1078 859 1261 931 templi
1298 867 1357 914 et
1411 858 1635 921 oraculi,
1687 870 1871 915 arcam
1922 865 2087 913 testa-

500 956 667 1013 menti
690 952 1055 1027 perfunderet.
1088 952 1369 1022 Templum
1401 951 1699 1008 Ecclesiam
1723 950 1939 1023 ﬁgurat,
1963 962 2085 1022 por-

499 1047 639 1102 ticus
662 1061 783 1116 quae
804 1053 928 1099 ante
955 1041 1211 1113 templum
1234 1042 1385 1111 prior
1408 1041 1589 1097 lumen
1612 1041 1743 1096 solis
1766 1040 2080 1112 recipiebat,

498 1137 645 1192 illam
687 1134 946 1191 Ecclesiae
970 1141 1182 1204 partem
1229 1147 1349 1203 qua:
1391 1130 1603 1188 Domini
1653 1132 2084 1188 incarnationem

494 1229 775 1299 praecessit
803 1246 817 1283 :
848 1229 903 1283 in
925 1242 1029 1298 qua
1056 1227 1382 1299 patriarchae
1418 1235 1472 1281 et
1512 1226 1789 1296 prophetat
1817 1226 2082 1280 orientem

490 1321 713 1393 justitiae
735 1320 903 1376 solem
925 1319 1087 1390 primi
1109 1325 1487 1389 susceperunt,
1512 1326 1568 1373 et
1586 1316 1830 1372 nascenti
1854 1316 2082 1371 Domino

496 1413 550 1466 in
571 1426 736 1467 carne
753 1407 1384 1480 vivendo,pra:dicando,
1408 1407 1697 1473 nascendo,
1721 1415 1777 1462 et
1806 1406 2083 1462 moriendo

495 1502 861 1559 testimonium
898 1503 1263 1573 praebuerunt.

578 1593 768 1665 Viginti
810 1594 1107 1651 cubitorum
1155 1595 1499 1666 longitudinis
1524 1636 1538 1662 ,
1582 1594 1743 1665 juxta
1780 1609 2082 1647 mensuram

490 1685 787 1740 latitudinis
812 1685 1008 1757 templi.
1042 1685 1231 1756 (Bentt,
1263 1685 1357 1741 lib.
1397 1684 1461 1739 de
1486 1694 1641 1756 temp.
1671 1681 1899 1747 Salom.,
1918 1696 1969 1737 c.
2000 1680 2080 1752 6.)

494 1780 633 1847 Quia
688 1776 899 1848 antiqui
959 1775 1091 1846 justi
1161 1778 1216 1832 in
1260 1776 1521 1848 patientia
1554 1783 1610 1832 et
1670 1773 2082 1847 longanimitate

2194 590 2287 637 et:
2329 582 2480 637 Beati
2514 584 2842 639 immaculati
2864 586 2919 639 in
2947 588 3052 651 via,
3082 594 3138 641 et
3182 587 3573 659 hujuscemodi,
3603 594 3785 658 nullus

2190 687 2319 729 vere
2347 675 2620 745 perfectus
2646 684 2703 730 et
2729 676 2846 731 sine
2877 676 3091 732 macula
3114 678 3259 734 viam
3296 679 3457 749 hujus
3475 682 3604 740 vitae
3630 685 3785 745 ince-

2192 765 2322 821 dere
2343 773 2541 836 potest.
2569 765 2686 822 Non
2728 775 2812 823 est
2834 767 2977 824 enim
3003 769 3094 839 qui
3120 768 3283 826 faciat
3326 771 3550 843 bonum,
3576 784 3633 834 et
3671 794 3783 838 non

2188 866 2398 927 peccet.
2431 856 2536 913 Sed
2580 861 2870 914 secundum
2914 856 3075 927 hujus
3099 862 3361 932 temporis
3392 864 3612 922 modum
3654 883 3785 941 per.

2189 950 2317 1008 fecti
2346 959 2403 1008 et
2429 952 2759 1008 immaculati
2802 962 3093 1037 vocantur,
3124 954 3219 1025 qui
3266 966 3395 1013 tunc
3437 972 3567 1016 vere
3611 962 3785 1033 perﬁ.

2188 1043 2429 1106 ciuntur,
2458 1059 2579 1099 cum
2606 1045 2840 1101 nexibus
2864 1047 3109 1116 corporis
3133 1046 3364 1104 absoluti
3397 1049 3466 1106 ad
3494 1050 3782 1113 immorta-

2166 1136 2296 1191 -lem
2321 1138 2514 1194 domus
2542 1138 2755 1194 Domini
2777 1139 3028 1195 decorem
3056 1143 3421 1211 pervenerint.

2261 1225 2421 1282 Vens.
2450 1227 2589 1283 8.-
2607 1227 2811 1284 Ostium
2834 1229 3525 1306 lateris.(BsnA,ibid,cap.
3540 1236 3622 1310 8.)
3651 1236 3755 1308 Qui
3779 1274 3784 1279 -

2188 1318 2309 1373 dam
2340 1320 2483 1375 hunc
2505 1320 2677 1376 locum
2717 1320 2858 1376 male
2883 1320 3264 1393 intelligentes,
3293 1332 3425 1391 etc.,
3450 1340 3612 1399 usque
3629 1329 3700 1384 ad
3724 1339 3785 1389 et

2194 1410 2331 1466 bene
2360 1426 2527 1467 unum
2575 1412 2797 1476 ostium,
2841 1421 3062 1485 propter
3094 1430 3387 1472 consonam
3436 1419 3490 1474 in
3524 1422 3783 1482 omnibus

2193 1502 2396 1557 sanctis
2426 1503 2585 1558 ﬁdem
2618 1512 2673 1559 et
2698 1504 3040 1561 dilectionem
3064 1506 3334 1563 veritatis.

2255 1597 2614 1653 Ascendebrmt
2653 1599 2708 1653 in
2751 1600 2980 1655 mediam
3030 1603 3353 1657 caenaculum
3383 1614 3430 1660 et
3458 1622 3492 1660 a
3515 1605 3684 1661 medio
3725 1607 3783 1664 in

2185 1689 2415 1743 tertium.
2469 1687 2539 1744 Et
2580 1690 2881 1761 aediﬁcavit.
2907 1690 3074 1764 (BEDA
3125 1692 3279 1768 ibid.)
3303 1693 3607 1752 Notandum
3632 1701 3783 1771 quod

2183 1778 2405 1849 triginta
2431 1781 2599 1836 cubiti
2629 1780 2931 1839 altitudinis
2974 1784 3041 1841 de
3064 1799 3171 1856 quo
3213 1800 3375 1857 supra
3401 1787 3620 1860 legitur,
3644 1800 3781 1859 etc.,

489 1867 900 1938 exspectabant,
923 1875 1056 1931 etc.,
1088 1882 1251 1938 usque
1295 1867 1366 1921 ad
1412 1874 1591 1922 tamen
1627 1865 1926 1921 doctrinam
1966 1863 2083 1933 ejus
2109 1858 2159 1919 B
2186 1870 2443 1940 asque-ad
2472 1871 2598 1942 quia
2628 1884 2864 1928 consona
2902 1882 3086 1930 mente
3107 1883 3163 1931 et
3186 1892 3321 1933 voce
3362 1858 3554 1937 omnes
3581 1858 3781 1939 divinae

491 1958 679 2015 audire
703 1967 760 2013 et
785 1964 1129 2013 sacramenta
1156 1957 1437 2028 percipere
1463 1955 1842 2026 nequiverunt.

565 2052 727 2107 Vens.
751 2052 806 2107 4.
830 2081 899 2093 --—
924 2048 1206 2106 Fenestras
1243 2049 1502 2120 obliquat.
1528 2048 1651 2121 (ln.,
1676 2048 1829 2113 ibid.,
1851 2060 1970 2116 cap.
2000 2046 2078 2117 7.)

490 2146 721 2200 Sanctos
755 2145 1009 2199 doctores
1049 2143 1248 2214 quibus
1296 2149 1476 2197 mente
1520 2139 1907 2196 excedentibus
1945 2138 2076 2206 Deo,

488 2249 690 2290 arcana
727 2232 1032 2290 cmlestium
1073 2232 1364 2303 specialius
1390 2232 1575 2287 videre
1601 2228 1937 2286 conceditur.
1977 2227 2081 2296 Qui

485 2329 617 2383 dum
643 2341 764 2395 quae
790 2326 847 2380 in
875 2323 1091 2381 occulto
1133 2323 1338 2388 vident,
1364 2321 1579 2392 publice
1624 2320 1888 2391 pandunt,
1922 2319 2081 2389 quasi

482 2425 741 2488 suscepto
768 2416 971 2473 lumine
1013 2414 1145 2471 solis
1182 2413 1437 2469 fenestra:
1463 2421 1661 2467 cuncta
1698 2409 1885 2481 templi
1915 2424 2081 2479 pene-

486 2509 644 2567 tralia
685 2507 915 2579 replent.
955 2506 1111 2566 Unde
1151 2506 1403 2575 obliquae,
1445 2503 1499 2559 id
1541 2510 1644 2570 est,
1673 2502 1817 2557 intus
1858 2500 2081 2555 latiores

486 2602 655 2657 fuisse
684 2600 1041 2671 perhibentur
1071 2616 1084 2652 :
1113 2597 1238 2667 quia
1260 2597 1351 2668 qui
1382 2595 1547 2665 jubar
1566 2608 1818 2663 superna:
1836 2601 2082 2647 contem-

485 2690 740 2762 plationis
752 2690 833 2745 vel
855 2690 924 2743 ad
943 2695 1274 2744 momentum
1297 2680 1547 2756 percipit,
1560 2699 1689 2740 mox
1713 2683 1889 2740 sinum
1902 2683 2085 2738 cordis

486 2781 718 2852 amplius
747 2779 1066 2851 castigando
1105 2778 1317 2843 dilatat,
1344 2786 1400 2833 et
1419 2777 1487 2833 ad
1516 2776 1721 2848 majora
1747 2775 2080 2847 capessenda

484 2872 671 2929 solerti
708 2871 1098 2927 exercitatione
1130 2877 1420 2941 praeparat.

554 2965 721 3021 Vatis.
735 2962 939 3020 5.--Ει
962 2962 1477 3033 αιάὲρεαυίι,θιθ.(11).
1491 3002 1505 3026 ,
1521 2960 1675 3030 ibid.)
1698 2960 1823 3016 Haec
1842 2959 2079 3015 tabulata

483 3058 536 3112 in
580 3055 870 3127 Evangelio
903 3055 992 3109 tibi
1034 3054 1294 3110 Dominus
1319 3062 1559 3108 tentatur
1583 3068 1613 3107 a
1634 3051 1865 3115 diabolo,
1889 3051 2079 3121 pinna-

481 3148 601 3205 cula
646 3147 825 3217 templi
874 3155 1156 3210 vocantur,
1186 3154 1315 3211 etc.,
1345 3161 1509 3216 usque
1535 3145 1603 3200 ad
1648 3159 1879 3215 quorum
1912 3143 2080 3198 niaxi-

2180 1959 2487 2029 maiestatis
2510 1962 2738 2034 gloriam
2767 1964 3166 2023 collaudabunt.

2252 2054 2418 2110 Vens.
2448 2056 2501 2111 9.
2527 2056 2998 2130 u—Laquearibus.
3018 2052 3384 2132 (Bsna,ibid.,
3413 2082 3533 2141 cap.
3563 2067 3642 2141 9.)
3669 2066 3780 2126 La-

2118 2210 2121 2215 ,
2181 2148 2403 2215 quearia
2430 2158 2558 2204 sunt
2587 2150 2849 2219 tabulata,
2879 2166 2999 2225 quae
3030 2171 3225 2229 magno
3255 2158 3452 2215 decore
3475 2159 3779 2232 composita

2180 2244 2237 2292 et
2275 2244 2488 2306 ornata,
2519 2242 2586 2297 ab
2620 2241 2864 2300 inferiori
2908 2257 3067 2316 parte
3100 2248 3346 2309 trabibus
3387 2250 3694 2325 ai'ﬁguntur,
3720 2260 3781 2309 et

2174 2328 2521 2399 quia‘ternaa
2587 2328 2886 2391 altitudinis
2916 2337 3121 2394 domus
3168 2340 3382 2396 Domini
3434 2340 3577 2398 facta
3625 2348 3775 2413 erat,

2172 2424 2339 2474 terna
2364 2419 2602 2477 habebat
2648 2421 2942 2494 laquearia.
2977 2425 3192 2484 Sanctis
3235 2428 3638 2489 sublimioribus
3669 2434 3777 2492 sci-

2183 2509 2330 2577 licet,
2355 2529 2585 2583 quorum
2607 2532 2744 2587 opus
2771 2526 2827 2573 et
2852 2519 3096 2575 doctrina
3116 2521 3326 2578 cunctis
3348 2523 3403 2579 in
3427 2525 3624 2596 templo
3650 2541 3779 2598 pro-

2178 2604 2381 2674 posita,
2406 2606 2563 2676 quasi
2590 2607 2799 2680 longius
2828 2608 2881 2665 in
2911 2611 3021 2668 alto
3045 2614 3432 2691 przeeminent;
3459 2619 3774 2691 quicunque

2173 2695 2585 2764 intercedendo,
2633 2700 2974 2759 exhortando
2999 2745 3014 2771 ,
3056 2690 3265 2762 animas
3309 2692 3649 2767 inﬁrmorum
3682 2690 3775 2768 ine

2182 2785 2461 2855 deﬁciant,
2486 2799 2791 2864 protegant.
2872 2806 2879 2813 ’
3052 2806 3059 2811 ’
3438 2802 3447 2809 ”

2253 2878 2518 2961 Cedrinis.
2534 2882 2660 2956 (10.,
2676 2887 2829 2961 ibid.)
2844 2888 3049 2947 Cedrus
3062 2893 3224 2950 arbor
3249 2895 3617 2966 imputribilis,
3634 2908 3770 2969 etc.,

2173 2982 2349 3043 ‘usque
2391 2976 2460 3029 ad
2509 2977 2610 3032 nisi
2650 2978 2876 3051 diligere
2923 2982 3091 3039 Deum
3141 3000 3208 3041 ex
3260 2990 3374 3045 toto'
3423 2990 3606 3059 corde,
3657 3002 3771 3049 tota

2180 3064 2381 3208 :tnima,
2438 3075 2548 3123 tota
2605 3070 2849 3139 virtute,
2906 3085 2961 3129 et
3006 3066 3311 3146 proximqu
3361 3088 3616 3153 tanquam
3670 3099 3774 3141 nos

2204 3170 2346 3208 psos.
2588 3180 2599 3185 -

2203 3170 2346 3225 psos.

481 3258 623 3296 niani
647 3250 854 3313 partem
886 3255 1080 3295 uxores
1106 3239 1389 3309 reliquisse
1410 3238 1732 3309 completius
1759 3237 1927 3293 sancti
1958 3236 2079 3293 Ste-
2105 3225 2151 3288 C
2254 3247 2418 3303 νεηε,
2476 3250 2562 3304 ιο,
2606 3283 2675 3294 _
2721 3251 3035 3311 Ταοαιαωη,
3088 3275 3245 3330 super
3299 3277 3502 3317 omnem
3553 3264 3769 3321 domum

476 3335 640 3406 pliani
687 3341 918 3390 testatur
946 3331 1195 3397 historia,
1223 3331 1314 3385 ubi
1340 3330 1574 3387 feminas
1597 3328 1785 3383 eadem
1812 3327 2072 3399 religione

362 3456 376 3473 κ
478 3427 739 3498 pollentes
766 3440 873 3480 non
904 3423 1185 3494 conjuges,
1212 3421 1307 3477 sed
1332 3421 1524 3477 viduas
1547 3434 1739 3475 eorum
1763 3417 2015 3489 appellat.

548 3535 760 3591 Latera.
794 3534 917 3607 (19.,
960 3533 1119 3606 ibid.)
1150 3534 1225 3587 Id.
1259 3538 1343 3588 cst
1372 3528 1651 3595 luriculas,
1680 3544 1749 3585 ne
1791 3528 1915 3600 quis
1940 3527 2070 3583 inde

476 3628 637 3684 facile
665 3628 735 3683 ad
762 3625 1023 3681 inferiora
1051 3624 1341 3690 decideret,
1390 3629 1477 3678 etc
1508 3663 1524 3687 ,
1554 3636 1717 3693 usque
1756 3620 1825 3675 ad
1854 3618 2067 3683 Latere,

477 3724 529 3778 id
562 3731 669 3787 cst,
692 3735 879 3775 muros
920 3719 1003 3774 vel
1042 3717 1337 3782 cancellos,
1381 3715 1467 3770 vel
1511 3712 1787 3778 luriculas,
1816 3713 2069 3770 doctores

478 3814 532 3867 in
559 3810 812 3866 tabulatis
837 3809 1111 3874 sedentes,
1142 3806 1233 3877 qui
1258 3805 1326 3861 ad
1360 3804 1807 3862 circumstantem
1842 3802 2070 3857 inferius

475 3902 734 3975 populum
758 3900 1246 3957 concionabantur.

548 3995 715 4052 Vsus.
745 3993 799 4050 6.
814 3992 1094 4047 --Trabes
1118 4001 1292 4045 autem
1314 3990 1487 4059 posuit
1509 3989 1565 4043 in
1585 3988 1745 4042 domo
1764 4000 1859 4058 per
1878 3985 2069 4042 circui-

475 4099 589 4147 tum
636 4087 949 4159 forinsecus.
1000 4081 1372 4156 (Bsna,ibid.)
1406 4079 1608 4135 Domus
1655 4090 1777 4149 quat
1822 4076 2064 4132 tabulata

473 4188 720 4253 portant,
743 4187 874 4245 etc.,
897 4193 1060 4248 usque
1079 4176 1147 4230 ad
1165 4183 1223 4229 et
1242 4182 1423 4228 tamen
1445 4187 1514 4227 ex
1534 4171 1614 4228 eis
1639 4184 1760 4243 quae
1773 4166 2061 4240 loquendo,

477 4274 707 4347 agendo,
730 4271 818 4328 vel
846 4269 1101 4342 patiendo
1144 4266 1277 4323 foris
1316 4264 1628 4330 ostendunt,
1656 4262 1960 4318 invenimus
1982 4275 2067 4317 sa-

476 4369 607 4425 lutis
639 4367 920 4422 auxilium.

552 4465 765 4528 Trabes,
792 4473 925 4527 etc.,
963 4462 1272 4532 forinsecus.
1302 4456 1490 4511 Tanta:
1529 4449 1879 4524 longitudinis
1922 4457 2060 4515 erat,

476 4572 536 4616 ut
574 4560 752 4629 capita
781 4571 969 4611 earum
1014 4552 1317 4609 forinsecus
1353 4546 1747 4619 prominerent.
1775 4542 1833 4598 in
1876 4543 2063 4599 inﬁmo

476 4654 667 4708 ordine
691 4650 995 4704 cubitorum
1024 4652 1248 4715 septem,
1280 4643 1333 4697 in
1362 4641 1540 4697 medio
1569 4654 1684 4703 sex,
1716 4638 1768 4692 in
1807 4650 2061 4707 supremo

477 4745 736 4814 quinque,
767 4750 827 4795 ut
869 4741 921 4795 in
963 4737 1228 4807 capitibus
1274 4748 1460 4789 earum
1505 4729 1745 4788 tabulata
1775 4740 2063 4800 compone-

478 4845 686 4895 rentur,
712 4844 820 4889 nan
841 4832 1011 4886 muris
1032 4827 1217 4899 templi
1238 4826 1426 4894 inﬁxa,
1457 4825 1551 4882 sed
1565 4823 1719 4893 juxta
1743 4836 1927 4879 muros
1950 4831 2089 4905 trag

474 4931 635 4986 bibus
666 4941 786 4998 qua:
815 4927 880 4982 de
910 4924 1081 4980 muris
1113 4923 1381 4987 exierant,
1417 4920 1777 4993 superposita.

546 5018 712 5075 Vens.
742 5019 795 5073 7.
817 5047 888 5059 —-
915 5016 1114 5071 Domus
1154 5024 1351 5080 autem,
1375 5025 1478 5070 etc.
1510 5014 1635 5070 Haec
1679 5014 1745 5069 ad
1782 5006 1924 5068 illam
1953 5010 2057 5068 Ec-

476 5114 654 5170 clesiae
680 5119 886 5183 partem
921 5124 1043 5178 quae
1086 5115 1209 5178 post
1238 5104 1417 5161 saeculi
1442 5106 1655 5161 labores
1683 5112 1738 5160 et
1762 5104 2059 5160 certamina

477 5207 543 5262 ad
591 5212 791 5260 aeterna
836 5200 1056 5273 praemia
1096 5199 1294 5254 meruit
1328 5197 1591 5254 introduci
1635 5196 1852 5269 proprie
1890 5196 2059 5265 perti-

344 5298 357 5311 '
475 5302 629 5351 nent.
675 5292 815 5348 Nihil
841 5293 986 5348 enim
1015 5290 1361 5361 inquinatum
1387 5289 1614 5344 intrabit
1660 5289 1715 5343 in
1748 5286 1898 5341 illam
1921 5286 2059 5341 civi-

474 5396 663 5443 tatem.
1080 5404 1089 5423 '
1172 5402 1177 5413 '

547 5477 617 5533 Et
638 5474 863 5532 matteas
887 5484 937 5530 at
966 5473 1185 5529 securis.
1218 5469 1359 5539 Quia
1398 5471 1489 5525 hic
1510 5468 1788 5524 tundimur
1814 5468 2057 5524 adversi-

477 5568 682 5623 tatibus
694 5574 754 5623 et
771 5563 1053 5635 disciplina
1078 5561 1324 5617 veritatis
1344 5570 1682 5624 exercemur,
1697 5567 1760 5613 ut
1780 5557 1889 5614 illic
1903 5558 2059 5630 juxta

2174 3339 2403 3410 quinque
2418 3341 2605 3397 cubitis
2617 3342 2933 3401 altitudinis.
2962 3345 3311 3425 (BsnA,ibid.)
3329 3348 3429 3413 Hic
3453 3370 3768 3427 supremum

2174 3430 2344 3499 ipsius
2371 3433 2561 3489 domus
2604 3443 2807 3492 tectum
2854 3438 3074 3507 dicitur,
3100 3452 3229 3509 etc.,
3256 3462 3419 3517 usque
3462 3447 3533 3503 ad
3559 3447 3617 3502 in
3658 3451 3769 3521 spi-

2174 3525 2279 3578 ritu
2311 3534 2358 3577 et
2391 3524 2582 3581 virtute
2601 3524 2755 3583 Eiiae.
3218 3542 3231 3551 ‘
3406 3538 3415 3547 ‘

2244 3614 2407 3673 Vsus.
2434 3618 2519 3673 15.
2536 3618 2688 3674 -Ει
2718 3622 2999 3693 wdiﬁcavit
3018 3627 3261 3697 parietes.
3293 3627 3472 3701 (Bsn.,
3497 3628 3651 3706 ibid.)
3672 3628 3765 3690 ln-

2171 3707 2438 3803 tritisecus
2467 3713 2683 3783 quidem
2701 3715 2893 3772 domus
2918 3718 3081 3774 cedro
3117 3728 3235 3776 erat
3258 3723 3475 3793 vestita,
3504 3734 3639 3795 etc.,
3670 3745 3763 3784 us-

2168 3801 2271 3869 que
2299 3801 2368 3855 ad
2409 3802 2504 3857 sed
2533 3818 2639 3859 non
2656 3805 2856 3862 habent
2880 3822 3014 3877 quos
3025 3820 3257 3881 portent.

2242 3892 2481 3950 Parietes
2528 3898 2734 3954 domus.
2778 3898 3107 3971 Operiuntur
3132 3920 3255 3960 cum
3302 3906 3467 3963 corda
3516 3908 3756 3966 ﬁdelium

2169 3992 2354 4043 amore
2380 3989 2639 4047 virtutum
2679 3994 3001 4051 redundant.
3036 3994 3189 4053 Sicut
3228 3999 3375 4056 enim
3417 4002 3610 4058 cedrus
3634 4019 3762 4076 per-

2168 4081 2341 4139 fectos
2379 4084 2680 4156 signiﬁcat,
2725 4088 2797 4143 ita
2838 4088 2972 4146 lodls
3006 4093 3344 4162 opportunis,
3383 4093 3761 4153 celsitudinem

2166 4174 2460 4243 virtutum,
2488 4177 2683 4248 quibus
2724 4178 2792 4235 ad
2820 4179 3068 4237 eamdem
3106 4185 3422 4253 pervenitur
3467 4186 3763 4256 perfectio-

2166 4280 2289 4323 nem
2298 4309 2310 4322 .

2184 4374 2187 4381 ·
2239 4361 2283 4414 Α
2317 4365 2628 4433 pavimento.
2661 4362 2941 4437 Teguntur
2970 4370 3150 4423 omnia
3178 4369 3361 4441 lignis,
3389 4386 3419 4425 a
3446 4373 3760 4442 pavimento

2169 4453 2360 4508 domus
2388 4470 2560 4526 usque
2597 4456 2663 4510 ad
2701 4458 3070 4513 summitatem
3106 4461 3373 4530 parietum
3401 4470 3455 4516 et
3481 4478 3651 4537 usque
3688 4463 3760 4520 ad

2168 4542 2466 4614 laquearia,
2493 4560 2614 4600 cum
2636 4545 2792 4602 electi
2816 4564 2846 4602 a
2873 4548 3062 4619 primis
3085 4550 3206 4605 ﬁdei
3239 4550 3558 4611 rudimentis
3587 4569 3763 4625 usque

2170 4634 2237 4690 ad
2272 4634 2663 4705 perfectionem
2692 4637 2847 4694 bonae
2885 4640 3138 4708 actionis,
3170 4650 3224 4697 et
3254 4658 3428 4714 usque
3453 4645 3518 4699 ad
3551 4646 3763 4717 ingres-

2167 4743 2285 4784 sum
2310 4730 2502 4800 patriae
2529 4731 2766 4787 ccclesiis
2797 4733 3051 4788 insudant
3076 4734 3329 4804 operibus
3359 4737 3537 4804 bonis,
3571 4756 3693 4796 cum
3726 4759 3761 4799 a

2167 4819 2358 4889 primis
2379 4820 2542 4891 justis
2562 4837 2733 4892 usque
2755 4821 2822 4877 ad
2846 4823 3067 4881 ultimos
3092 4827 3147 4882 in
3172 4831 3641 4888 consummatione
3663 4848 3763 4889 sa:-

2166 4911 2271 4967 euli
2312 4927 2501 4969 omnes
2539 4914 2832 4970 virtutibus
2877 4918 3126 4985 student,
3158 4930 3389 4991 quarum
3434 4920 3628 4981 merito
3675 4927 3761 4982 di-

2165 5012 2295 5061 cere
2337 5007 2611 5064 audeant:
2641 5006 2835 5063 Christi
2883 5010 3046 5067 bonus
3095 5013 3228 5070 odor
3266 5030 3448 5071 sumus
3496 5017 3608 5073 Deo
3657 5018 3759 5093 (II

2170 5094 2292 5150 Cor.
2324 5112 2363 5151 ιι
2377 5096 2419 5167 ).

2242 5187 2309 5242 Et
2358 5191 2485 5244 texit
2516 5190 2889 5261 pavimentum.
2917 5193 3096 5264 (8111).,
3126 5194 3280 5270 ibid.)
3307 5196 3422 5255 Hoc
3447 5198 3502 5255 in
3541 5198 3756 5256 Paralio

2167 5282 2414 5351 pomenis
2440 5280 2653 5352 plenius
2698 5285 2961 5355 scriptum
2998 5295 3117 5353 est,
3147 5295 3281 5356 etc.,
3311 5304 3477 5361 usque
3502 5293 3572 5347 ad
3614 5295 3749 5351 sub-

2159 5368 2341 5438 iunxit
2367 5387 2381 5426 :
2408 5369 2578 5441 Super
2604 5373 2779 5428 omnia
2806 5384 2981 5430 autem
3008 5376 3317 5433 obaritatem
3343 5380 3612 5448 hebetatas,
3640 5391 3749 5439 etc.

2165 5462 2219 5535 (Ι
2250 5463 2382 5518 Tim.
2412 5480 2453 5532 ις
2480 5462 2594 5519 σοι.
2620 5468 2727 5538 in).

2232 5555 2396 5611 Vens.
2416 5557 2893 5629 16.—-/Ediﬁcavit
2908 5560 3106 5632 viginti.‘
3126 5556 3474 5634 (Bnn.,ibid.,
3487 5580 3609 5639 cap.
3633 5565 3753 5641 to.)

476 5660 730 5717 meritum
756 5659 889 5714 locis
922 5657 1179 5726 congruis
1207 5655 1580 5724 disponamur,
1608 5658 1663 5706 et
1704 5652 2063 5724 castigatione
2161 5648 2314 5720 Quod
2336 5651 2599 5719 tabulata,
2626 5662 2756 5719 etc.,
2785 5672 2947 5725 usque
2989 5656 3059 5709 ad
3085 5666 3139 5711 et
3171 5657 3274 5714 hoc
3316 5674 3415 5731 per
3457 5668 3623 5719 totam
3646 5660 3757 5723 Eo-

478 5760 727 5808 cessante
752 5748 869 5803 solo
910 5746 1115 5802 amoris
1136 5742 1343 5818 glutino
1367 5758 1474 5814 quo
1501 5743 1565 5798 ad
1588 5743 1819 5801 invicem
1841 5744 2057 5813 copule-
2158 5740 2336 5800 desire
2367 5742 2702 5799 latitudinem
2734 5744 2940 5799 ditiusae
2972 5760 3067 5816 per
3096 5748 3304 5804 orbem.

480 5854 621 5903 mur,
650 5852 760 5893 uno
798 5834 1002 5901 impleti
1047 5835 1237 5904 spiritu
1282 5834 1687 5906 perfunduntur.
1719 5834 1826 5894 Sed
1863 5848 2057 5907 quam-

2230 5837 2392 5893 Vsas.
2410 5836 2495 5893 l7.
2517 5833 2789 5892 -—Porro.
2818 5838 2936 5911 (ln.,
2966 5834 3119 5913 ibid.)
3142 5838 3339 5897 Decem
3363 5852 3556 5914 quater
3578 5841 3745 5900 ducta
