4122 6350
374 338 484 395 589

1359 336 1627 411 GLOSSA
1664 335 2060 421 ΟΒΒΙΝΑΒΙᾼ.
2102 367 2172 378 -
2211 336 2338 394 LIB.
2378 336 2444 393 lll
2486 338 2645 393 RBG.

3538 282 3672 398 590.
3728 291 3741 302 .

378 452 738 531 quadraginta
770 406 995 517 faciunt,
1023 458 1154 518 etc.,
1181 467 1341 523 usque
1384 451 1452 505 ad
1492 450 1790 523 quadratus
1835 465 1967 505 vero
2071 449 2168 516 vit,
2231 450 2375 506 unde
2421 458 2476 507 et
2524 448 2803 505 cherubim
2840 449 3128 515 dicuntur,
3194 451 3247 506 il
3299 459 3405 517 εει,
3454 452 3643 509 multi-

370 549 616 609 mundus
629 548 684 604 in
697 562 806 619 quo
816 561 916 621 pro
926 547 1114 604 eadem
1127 546 1454 618 acquirenda
1468 556 1761 603 certamus.
1780 546 1933 605 Unde
1948 564 1962 601 :
2004 534 2013 541 ’

374 641 459 701 De
488 641 782 713 regionibus
805 640 1131 712 congregavit
1167 656 1274 695 eos.
1301 639 1345 694 A
1369 638 1494 694 solis
1521 648 1639 694 ortu
1674 648 1724 695 ct
1754 655 1966 706 occasu,

370 732 446 793 ab
467 731 725 803 Aquilone
744 740 794 788 ct
818 730 953 785 mari
981 727 1153 803 (Psal.
1173 729 1302 799 CVI).

450 821 619 879 Vens.
654 820 740 879 18.
763 850 835 863 -
864 820 933 876 Et
958 821 1112 877 cedro
1147 822 1333 877 omnis.
1394 820 1601 879 Cedrus
1630 819 1968 891 insuperabi-

370 913 487 997 μω
532 912 795 969 virtutum
841 918 1178 967 venustatem
1217 910 1429 983 signat,
1459 924 1566 981 quo
1600 908 1744 981 ligno
1790 909 1968 965 omnis

368 1005 572 1061 .domus
596 1004 925 1061 intrinsecus
945 1001 1193 1068 vestitur,
1220 1017 1346 1059 cum
1368 1002 1530 1058 corda
1553 1001 1823 1073 justorum
1853 1001 1967 1056 solo

366 1100 646 1161 .bonorum
669 1115 895 1173 operum
921 1114 1108 1157 amore
1131 1098 1423 1156 nitescunt.

452 1190 663 1248 Habeas
686 1199 1010 1247 tornaturas.
1037 1190 1394 1261 (Βεω,ἱὸἰά.,
1410 1204 1529 1261 cap.
1552 1189 1608 1245 ll
1625 1188 1663 1260 .)
1684 1186 1967 1245 Habetdo—

367 1300 499 1341 mus
526 1284 583 1339 in
618 1283 813 1339 tabulis
839 1283 1076 1339 cedrinis
1104 1292 1416 1340 tornaturas
1441 1298 1571 1338 suas
1598 1292 1653 1338 et
1680 1280 1965 1353 iuncturas

378 1373 728 1441 fabrefactas,
755 1389 879 1430 cum
908 1373 1066 1435 electi
1096 1375 1163 1431 ad
1190 1360 1423 1431 invicem
1444 1373 1811 1447 pulcherrima
1840 1374 1967 1429 cha-

378 1468 556 1524 ritatis
592 1466 783 1541 copula
834 1476 1143 1541 nectuntur,
1183 1477 1243 1524 ut
1277 1469 1515 1525 habeant
1561 1484 1659 1524 cor
1700 1484 1867 1523 unum
1909 1476 1967 1524 et

358 1561 615 1625 animam
636 1576 821 1617 unam.
841 1560 1159 1619 Tornatura:
1185 1563 1331 1619 enim
1360 1578 1482 1632 quae
1512 1560 1783 1633 iuncturis
1809 1563 1966 1618 tabu-

374 1652 550 1709 larum
576 1662 942 1724 opponuntur,
974 1666 1036 1709 ut
1070 1670 1236 1710 unum
1280 1654 1578 1711 tabulatum
1623 1653 1717 1711 ﬁat
1741 1670 1806 1710 ex
1848 1669 1962 1713 om-

376 1742 554 1809 nibus,
581 1742 754 1809 oﬁlcia
788 1752 916 1799 sunt
943 1743 1227 1801 charitatis
1256 1745 1453 1817 quibus
1494 1753 1681 1803 sancta
1708 1744 1962 1801 fraterni-

2068 540 2266 612 plicata
2322 542 2571 608 scientia,
2619 538 2703 598 vel
2745 542 2983 598 scientiae
3024 542 3328 598 multitudo.
3359 544 3434 599 De
3481 544 3647 618 lignis

2067 639 2330 696 olivarum
2359 649 2485 697 sunt
2505 641 2656 707 facti,
2685 640 2810 712 quia
2846 641 3021 697 lucem
3062 640 3216 697 nobis
3256 640 3497 698 scientiae
3546 644 3646 698 tri:-

2046 731 2260 811 buunt,
2276 730 2501 802 iuvante
2527 730 2740 787 ﬂamma
2767 731 3050 787 charitans
3074 729 3190 797 Dei,
3214 718 3333 801 qum
3356 746 3451 802 per
3474 730 3646 804 Spiri-

2044 832 2182 885 ,tum
2213 821 2529 879 diﬂ‘unditur
2549 823 2604 879 in
2638 823 2892 880 cordibus
2917 823 3134 879 nostris.

2138 913 2328 970 Decem
2356 914 2668 970 cubitorum.
2712 913 2879 987 (Βεωι
2926 913 3079 987 ibid.)
3105 913 3300 969 Decem
3337 914 3645 972 cubitorum

2068 1006 2367 1062 altitudinis
2386 1014 2535 1072 sunt,
2563 1007 2688 1077 quia
2720 1006 2942 1061 denario
2962 1014 3179 1062 aeterna:
3214 1008 3339 1064 vita:
3366 1004 3646 1077 fruuntur,

2069 1101 2330 1157 habentes
2365 1099 2677 1156 inviolatam
2717 1099 3014 1155 conditoris
3066 1099 3373 1171 imaginem,
3431 1111 3647 1159 servata

2067 1193 2359 1249 sanctitate
2388 1200 2443 1248 ct
2462 1191 2698 1265 iustitia,
2730 1200 2786 1247 et
2805 1191 3035 1247 veritate
3062 1191 3115 1247 in
3141 1206 3248 1262 qua
3273 1192 3477 1251 conditi
3498 1201 3644 1248 sunt.

2067 1283 2335 1340 Denarius
2361 1284 2507 1338 enim
2528 1282 2714 1339 decem
2746 1282 2916 1338 obolis
2949 1290 3184 1349 constat,
3213 1290 3269 1338 et
3289 1283 3569 1339 continere
3590 1283 3649 1339 in

2066 1390 2126 1431 se
2154 1375 2297 1448 regis
2326 1389 2523 1431 nomen
2556 1382 2613 1430 et
2630 1373 2923 1447 imaginem
2955 1375 3253 1431 consuevit.
3297 1373 3422 1431 Ideo
3462 1373 3649 1448 ﬁgura:

2066 1467 2217 1539 regni
2242 1466 2481 1523 caelestis
2509 1465 2782 1538 congruit,
2810 1466 2901 1520 ubi
2937 1466 3115 1538 angeli
3154 1467 3209 1521 in
3245 1465 3481 1539 imagine
3512 1482 3645 1524 cou-

2040 1557 2259 1619 .ditoris
2282 1558 2350 1612 ad
2378 1572 2543 1628 quam
2573 1556 2702 1614 facti
2723 1566 2866 1621 sunt,
2897 1572 3112 1629 semper
3133 1566 3385 1625 manent,
3416 1565 3470 1613 et
3489 1558 3649 1615 electi

2038 1648 2333 1723 ‘homines,
2357 1648 2646 1721 imaginem
2673 1663 2835 1720 quam
2865 1650 3139 1720 peccando
3162 1650 3481 1715 amiserunt,
3510 1650 3649 1707 reci-

2061 1740 2240 1809 piunt,
2271 1737 2611 1795 unde:(.'um
2651 1739 2985 1811 apparuerit,
3032 1739 3228 1795 similes
3272 1740 3322 1794 ei
3361 1740 3556 1795 erimus
3598 1750 3649 1797 ct

360 1842 459 1901 _tas
484 1833 790 1905 copulatur,
819 1843 875 1889 et
902 1834 955 1889 in
1000 1850 1163 1909 unam
1192 1834 1395 1893 Christi
1423 1835 1642 1891 domum
1660 1818 1788 1892 toto
1830 1835 1961 1891 orbe
1988 1826 2037 1891 Β
2062 1830 2353 1887 uidebimus
2375 1846 2495 1885 eum
2515 1829 2650 1885 sicut
2674 1839 2751 1885 est
2780 1828 2960 1901 (Joan.
2997 1826 3103 1900 ιιι).
3180 1880 3189 1893 ,

379 1931 646 1979 terrarum
671 1924 1037 1996 componitur.

444 2011 759 2071 Ctelaturas.
800 2015 978 2088 Opera
1035 2025 1349 2089 sanctorum
1410 2017 1697 2075 manifesta
1735 2032 1959 2088 expres-

356 2107 526 2175 ,sione
545 2107 737 2177 quales
764 2109 876 2169 sint
904 2108 958 2165 in
986 2109 1292 2181 exemplum
1320 2109 1442 2165 aliis
1478 2109 1781 2180 proferunt.
1808 2109 1961 2166 Unde

354 2196 570 2261 ,Paulus
616 2207 673 2257 et
722 2197 881 2259 factis
925 2209 982 2255 et
1033 2201 1194 2257 dictis
1237 2216 1297 2256 se
1350 2201 1406 2257 in
1465 2199 1772 2272 exetnplum
1830 2217 1961 2271 pro-

373 2291 543 2362 ponit.

356 2410 383 2445 σς
445 2381 639 2439 Omnia
663 2382 911 2447 cedrinis,
934 2393 1039 2439 etc.
1066 2383 1354 2455 (ln.,ibid.)
1379 2382 1611 2455 Lapides
1622 2384 1851 2454 parietis
1875 2384 1961 2441 vel

354 2474 763 2545 :paviluentum,
786 2482 843 2530 et
868 2474 1084 2541 tabulas,
1112 2483 1167 2529 et
1191 2490 1411 2539 aurum,
1433 2485 1565 2539 etc.,
1603 2491 1763 2553 usque
1810 2482 1865 2531 et
1892 2475 1963 2530 ad

374 2566 469 2636 qui
499 2566 730 2638 gratiam
758 2565 1033 2636 Evangelii
1072 2566 1313 2641 perfecte
1340 2576 1716 2636 susceperunt,
1757 2576 1963 2645 :etcrua

354 2657 485 2715 .vita
508 2657 714 2727 pariter
740 2656 1111 2728 perfruuntur.
1692 2654 1701 2661 ’

350 2794 361 2803 .
444 2748 611 2805 Vens.
639 2748 724 2805 l9.
746 2747 1142 2805 ——0raculum.
1166 2749 1346 2822 (Br-30.,
1374 2750 1527 2823 ibid.)
1550 2748 1845 2807 Oraculum
1868 2749 1962 2806 ubi

372 2849 495 2898 erat
538 2856 689 2908 arca,
726 2849 863 2908 etc.,
891 2837 1051 2914 usque
1087 2843 1157 2896 ad
1206 2843 1298 2914 qui
1335 2852 1459 2914 post
1513 2843 1961 2898 resurrectionem

373 2933 673 2991 ascendens
710 2932 765 2989 in
798 2933 997 2989 celum
1021 2948 1240 2989 carnem
1273 2942 1546 3005 sumptam
1577 2934 1643 2989 de
1669 2932 1879 3005 virgine
1901 2932 1959 2989 in

350 3027 549 3093 .Pau-is
580 3027 806 3087 dextera
836 3028 1137 3085 collocavit.

350 3164 367 3173 _
444 3120 611 3179 Vitas.
632 3121 724 3181 20.
742 3151 817 3163 —-
840 3119 1013 3177 Porro
1040 3118 1334 3175 oraculum.
1362 3118 1506 3175 Bene
1526 3126 1705 3175 autem
1732 3117 1961 3174 interior

2064 1972 2071 1979 .
2135 1926 2300 1981 Vsus.
2330 1926 2422 1981 24.
2446 1956 2515 1966 -
2544 1925 2789 1997 Quinque
2816 1926 3133 1987 cubitorum.
3172 1926 3292 1998 (ln.,
3335 1926 3493 1999 ibid.)
3532 1926 3649 1985 Ala:

2033 2031 2185 2081 __cum
2210 2017 2263 2071 in
2294 2024 2607 2073 sanctorum
2630 2016 2909 2083 hominum
2935 2014 3161 2088 ﬁguram
3186 2024 3486 2086 ponuntur,
3511 2027 3647 2086 etc.,

2062 2123 2225 2177 usque
2256 2106 2324 2163 ad
2354 2107 2447 2177 qui
2481 2107 2782 2183 promissus
2802 2115 2886 2163 est
2908 2106 3033 2163 vitae
3058 2106 3358 2165 cultoribus
3377 2149 3392 2176 ,
3424 2109 3650 2166 veniunt
3744 2158 3751 2163 .

2063 2197 2369 2253 denarium.

2134 2288 2236 2345 Ala
2260 2290 2454 2345 cherub
2482 2289 2670 2347 altera.
2702 2289 2958 2347 Geminas
2988 2290 3191 2345 habent
3237 2290 3372 2358 alas,
3408 2291 3537 2364 quia
3568 2304 3648 2350 te-

2028 2387 2333 2447 ,stamenta
2360 2396 2514 2452 aeque
2560 2396 2661 2452 per
2697 2396 2957 2453 prospera
2996 2390 3053 2435 et
3092 2381 3341 2449 adversa,
3372 2382 3649 2441 indefesso

2032 2471 2341 2555 .proposito
2387 2485 2604 2545 semper
2655 2471 2724 2526 ad
2770 2469 3008 2527 coelestia
3060 2471 3354 2527 tetendisse
3378 2481 3435 2528 et
3457 2488 3647 2544 perve-

2030 2563 2207 2629 misse
2234 2565 2533 2632 declarant,
2561 2564 2687 2634 quia
2717 2565 2819 2620 hoc
2861 2564 3001 2619 idem
3042 2564 3156 2620 suis
3188 2564 3528 2623 auditoribus
3566 2566 3648 2623 fa-

2030 2655 2313 2735 .ciendum
2344 2672 2463 2713 esse
2492 2656 2886 2714 demonstrant.

2134 2749 2299 2805 Vens.
2323 2749 2414 2805 25.
2433 2750 2704 2805 --Decem
2729 2767 2933 2823 quoque
2952 2749 3266 2805 cubitorum.
3287 2749 3475 2824 (BEDA,
3490 2752 3647 2825 ibid.)

2026 2840 2169 2913 tAlti
2197 2849 2324 2896 sunt
2344 2842 2531 2898 decem
2559 2843 2777 2909 cubitis,
2803 2843 2928 2913 quia
2968 2857 3065 2912 per
3092 2842 3499 2900 observantiam
3545 2846 3649 2901 Dc-

2028 2933 2239 3005 _,calogi
2262 2932 2373 2988 Deo
2398 2934 2742 2990 serviendum
2771 2934 3090 3005 praedicant,
3123 2936 3250 3006 quia
3280 2936 3391 2992 Deo
3414 2935 3649 2993 ﬁdeliter

2061 3027 2361 3082 servientes
2381 3026 2568 3082 aeterni
2613 3025 2765 3098 regni
2798 3026 3023 3083 denario
3074 3027 3498 3083 remunerandus
3525 3043 3647 3086 esse

2061 3117 2371 3174 ostendunt.

346 3214 567 3281 -.dornns
606 3178 798 3285 viginti
845 3212 1044 3269 cubitis
1079 3211 1239 3284 longa
1277 3220 1394 3278 est,
1439 3226 1538 3283 pro
1568 3210 1824 3283 mysterio
1866 3178 2037 3283 ge-d
2133 3207 2256 3280 (10.,
2287 3207 2442 3283 ibid.)
2496 3207 2565 3263 Et
2612 3224 2762 3279 opus.
2819 3208 2935 3264 Duo
2986 3206 3114 3262 facti
3158 3217 3315 3263 erant
3364 3208 3645 3266 cherubim

373 3303 536 3358 mina:
565 3303 895 3369 dilectionis,
916 3302 984 3358 de
1005 3317 1111 3373 qua
1133 3301 1245 3371 jam
1277 3302 1479 3359 dictum
1506 3309 1611 3367 est,
1637 3316 1756 3371 quae
1781 3301 1833 3356 in
1858 3302 1962 3357 hac

344 3397 481 3457 .vita
498 3413 571 3454 ex
596 3408 752 3471 parte
768 3399 1013 3453 'maxima
1035 3397 1266 3453 illustrat
1287 3397 1580 3454 electorum
1608 3406 1839 3462 mentes,
1865 3397 1962 3453 sed

374 3487 431 3547 in
494 3490 674 3560 patria
723 3490 1063 3546 cessantibus
1112 3489 1341 3545 aliarum
1398 3489 1657 3545 virtutum
1704 3489 1961 3560 operibus

352 3584 488 3655 mola
514 3593 727 3657 regnat.

444 3676 549 3737 Sed
590 3688 641 3735 ct
684 3677 874 3735 altare.
919 3676 1225 3750 (la.,ibid.,
1255 3692 1373 3747 cap.
1413 3676 1524 3749 12.)
1568 3676 1960 3749 Thymiamatis

350 3767 607 3835 scilicet,
628 3776 758 3834 etc.,
784 3784 947 3839 usque
971 3767 1041 3831 ad
1076 3766 1207 3837 quid
1230 3775 1410 3825 autem
1436 3766 1593 3837 lapis,
1619 3766 1839 3835 cedrus,
1862 3782 1957 3822 au-

370 3873 602 3929 rumque
625 3859 950 3932 signiﬁcent,
976 3873 1138 3928 supra
1168 3858 1370 3915 dictum
1398 3865 1503 3912 est.

350 3994 359 4001 .
442 3949 606 4007 Vsus.
632 3950 820 4006 2Ι.’--
837 3950 1063 4005 Domum
1089 3965 1293 4021 quoque
1314 3959 1436 4004 ante
1456 3947 1750 4005 oraculum.
1775 3948 1953 4022 (350.,

344 4042 526 4115 .ibid.)
554 4042 757 4099 Domus
784 4052 910 4099 ante
938 4042 1217 4099 oraculum
1243 4056 1376 4096 auro
1404 4048 1545 4097 tecta
1583 4048 1686 4108 est,
1710 4050 1841 4107 etc.,
1868 4058 1955 4095 us-

370 4152 471 4208 que
502 4135 573 4190 ad
616 4137 759 4192 unde
788 4153 802 4191 :
834 4134 946 4207 Ego
980 4135 1199 4206 diligam
1243 4150 1393 4202 eum,
1430 4144 1480 4189 et
1526 4133 1871 4204 manifestabo
1904 4135 1955 4189 ei

370 4228 644 4298 meipsum.
676 4226 744 4281 Et
776 4227 973 4282 iterum
1013 4246 1026 4281 :
1082 4224 1230 4281 Venit
1270 4228 1402 4281 hora
1445 4242 1563 4281 cum
1590 4226 1711 4297 jam
1753 4243 1857 4281 non
1899 4227 1955 4281 in

346 4321 651 4392 ,procsrbiis
676 4320 863 4393 loquar
888 4321 1053 4387 vobis,
1078 4329 1182 4378 etc.
1211 4318 1394 4392 (loun.
1423 4335 1544 4388 nv;
1570 4320 1704 4394 xvr).

440 4410 839 4483 quuisuaureis.
874 4413 999 4485 (In.,
1043 4412 1199 4485 ibid.)
1226 4412 1376 4473 Clavi
1405 4420 1587 4471 autem
1639 4420 1765 4471 sunt
1817 4428 1955 4483 prac-

370 4513 526 4576 eepta
564 4504 871 4570 charitatis,
902 4513 1033 4571 etc.,
1064 4520 1225 4576 usque
1262 4504 1332 4559 ad
1358 4504 1451 4574 qui
1482 4518 1699 4559 rursum
1740 4505 1805 4560 ad
1830 4521 1954 4576 per-

372 4592 660 4650 fectionem
688 4595 909 4650 veniens
941 4598 1007 4650 de
1042 4596 1210 4653 clavis
1228 4595 1529 4651 dilectionis
1560 4595 1638 4651 ait
1666 4613 1679 4649 :
1711 4595 1954 4651 Miltiau-

344 4687 763 4755 iamneiamne
784 4686 919 4752 Deo,
944 4697 1047 4743 etc.
1080 4685 1255 4757 (Psal.
1279 4701 1467 4751 cxvm,
1493 4685 1608 4755 72).

442 4777 606 4839 γεω.
638 4777 727 4837 22.
759 4809 829 4819 -
857 4777 1106 4850 Nihilque
1147 4786 1258 4832 erat
1303 4777 1356 4830 in
1397 4776 1606 4845 templo.
1640 4776 1762 4845 (ln.,
1797 4776 1951 4847 ibid.)

348 4867 496 4927 .ﬂac
523 4869 578 4927 in
616 4868 1045 4939 Paralipomenis
1086 4868 1298 4939 plenius
1340 4867 1677 4937 explicantur
1700 4856 1782 4938 (Ῑι
1818 4866 1945 4921 Par.

342 4963 477 5032 ⁵ιιι),
501 4969 632 5029 etc.,
660 4979 824 5034 usque
854 4963 922 5016 ad
954 4978 972 5016 :
1002 4971 1049 5017 et
1076 4978 1195 5033 quia
1220 4977 1428 5016 sursum
1459 4972 1577 5014 sunt
1619 4960 1814 5030 sapite,
1848 4978 1951 5016 non

340 5070 486 5128 ‘M
511 5070 670 5125 super
690 5064 886 5108 terram
910 5052 1049 5123 (Col.
1084 5052 1188 5125 tu).

457 5144 605 5201 leas.
633 5146 723 5201 25.
757 5176 824 5186 -
851 5144 1129 5199 Cherubim
1155 5144 1220 5198 de
1260 5143 1437 5214 lignis.
1475 5142 1600 5215 (In.,
1632 5143 1785 5209 ibid.,
1826 5159 1946 5214 cap.

338 5236 784 5309 .13.)Angelicae
822 5237 1100 5309 dignitatis
1143 5235 1459 5293 vocabulum
1492 5244 1606 5302 est,
1657 5243 1713 5291 et
1751 5236 1950 5292 dicitur

370 5331 726 5402 singulariter
751 5329 957 5387 cberub
978 5369 994 5395 ,
1028 5328 1308 5399 pluraliter
1335 5328 1639 5385 cherubim.
1685 5326 1790 5384 Per
1815 5329 1947 5386 che-

336 5421 549 5487 _ntbim
583 5436 714 5495 ergo
745 5420 985 5492 angelica
1012 5420 1315 5487 ministeria
1345 5435 1467 5491 quae
1505 5419 1770 5476 conditori
1806 5434 1948 5489 sem-
2017 5462 2039 5471 μ

368 5526 469 5585 per
509 5512 772 5568 assistunt
818 5512 873 5566 in
918 5511 1096 5576 cmlis,
1134 5518 1367 5580 possunt
1422 5510 1669 5584 intelligi.
1714 5541 1787 5555 --
1834 5509 1950 5571 Oli-

2061 3308 2286 3370 propter
2330 3299 2668 3355 consortium
2712 3298 2995 3355 charitatis
3051 3298 3481 3371 signiﬁcandum,
3510 3308 3640 3368 etc.,

2062 3409 2225 3464 usque
2242 3392 2313 3447 ad
2335 3391 2531 3464 quibus
2550 3399 2672 3464 post
2691 3391 2896 3465 frigora
2930 3402 2985 3448 ει
3020 3393 3271 3450 tenebras
3302 3391 3640 3462 idololatriae,

2060 3481 2237 3536 lucem
2262 3482 2509 3538 veritatis
2537 3497 2865 3554 cognoscere
2888 3482 3072 3537 datum
3092 3491 3196 3538 est.

2132 3571 2255 3644 (ln.,
2279 3570 2436 3643 ibid.)
2478 3571 2714 3628 Possunt
2734 3588 2833 3645 per
2884 3573 2992 3629 duo
3016 3573 3296 3629 cherubim
3322 3573 3429 3628 duo
3452 3571 3644 3629 Testa-

2060 3675 2244 3721 menta
2284 3664 2526 3737 ﬁgurari,
2577 3674 2708 3734 etc.,
2751 3682 2913 3739 usque
2959 3667 3028 3721 ad
3077 3666 3172 3723 sed
3213 3667 3339 3738 quia
3369 3665 3542 3737 major
3570 3667 3642 3723 sit

2059 3755 2327 3812 festivitas
2356 3756 2583 3813 interna:
2602 3757 2954 3814 beatitudinis
2980 3758 3048 3815 de
3083 3750 3357 3815 consortio
3392 3744 3642 3815 adunata‘.

2022 3904 2029 3913 ,
2059 3844 2440 3903 fraternitatis.

2130 3958 2197 4013 In
2218 3960 2388 4015 medio
2415 3959 2592 4032 templi
2629 3960 2915 4018 interioris.
2962 3963 3088 4033 (ln.,
3124 3962 3278 4036 ibid.)
3297 3962 3639 4021 Manifestum

2057 4058 2226 4107 estex
2258 4052 2549 4121 praedictis,
2580 4062 2713 4119 etc.,
2740 4068 2902 4125 usque
2933 4055 3002 4109 ad
3042 4068 3165 4110 eam
3197 4054 3497 4111 dilectionis
3517 4071 3640 4128 gra-

2060 4143 2190 4198 tiam
2218 4160 2324 4215 qua
2352 4159 2411 4200 se
2437 4142 2760 4200 alterutrum
2786 4145 3237 4216 complectuntur,
3264 4146 3539 4218 exprimit.

2128 4253 2291 4310 Vens.
2337 4254 2426 4309 27.
2454 4286 2520 4296 -
2552 4255 2918 4311 Extendcbant
2961 4266 3134 4311 autem
3186 4258 3324 4323 alas,
3380 4268 3486 4313 etc.
3513 4257 3635 4330 (Im,

2056 4348 2211 4419 ibid.)
2239 4348 2754 4404 Extenduntautem
2776 4349 3059 4404 cherubim
3100 4351 3167 4403 ad
3208 4359 3499 4406 utrumuue
3542 4366 3636 4421 pa-

2058 4439 2249 4493 rietem
2272 4438 2479 4493 oraculi
2510 4438 2644 4502 alas,
2665 4446 2797 4503 etc.,
2824 4454 2987 4509 usque
3015 4440 3084 4492 ad
3119 4440 3412 4508 scriptores
3448 4454 3637 4498 eorum

1972 4558 2031 4629 1)
2052 4534 2166 4603 jam
2190 4543 2477 4605 regnantes
2494 4548 2627 4629 cum
2665 4532 3197 4629 Domino‘ipsumque
3238 4534 3515 4591 laudantes
3547 4550 3638 4591 cu.

2058 4638 2173 4679 ram
2200 4632 2397 4695 gerunt
2429 4624 2637 4689 salutis,
2663 4622 3065 4693 interpellantes
3090 4637 3190 4693 pro
3209 4625 3382 4682 nobis.

2128 4741 2291 4796 Vens.
2323 4741 2411 4795 28.
2436 4770 2509 4785 -
2537 4739 2687 4795 Tcxit
2726 4757 2928 4813 quoque
2967 4740 3251 4797 cherubim.
3302 4743 3633 4802 Circumdati

2056 4843 2181 4890 ειιοιι
2209 4848 2361 4899 auro,
2391 4835 2515 4905 quia
2539 4834 2815 4905 praeclaris
2842 4835 3163 4905 scriptorum
3194 4850 3415 4891 suorum
3451 4842 3632 4910 operi-

2024 4932 2029 4939 ‘
2058 4926 2160 4980 bus
2184 4923 2501 4980 conﬁrmata
2533 4932 2616 4978 est
2647 4924 2943 4979 auctoritas
2969 4933 3437 4991 testamentorum,
3462 4931 3634 4983 mani-

2061 5015 2254 5072 festata
2309 5023 2491 5069 autem
2534 5028 2629 5084 per
2673 5016 2860 5069 orbem
2903 5015 3139 5087 cognitio
3185 5025 3269 5070 est
3328 5017 3630 5074 divinarum

2057 5108 2487 5179 Scripturarum,
2516 5105 2601 5162 vel
2628 5106 2838 5161 interna
2894 5106 3063 5177 gloria
3106 5107 3405 5163 ccelestium
3463 5111 3628 5179 agmi-

2054 5214 2203 5254 num.
2238 5197 2537 5269 Utrumque
2565 5198 2706 5252 enim
2757 5197 3041 5254 cherubim
3076 5206 3130 5253 et
3156 5197 3397 5266 angelos,
3422 5200 3630 5256 scilicet

2055 5300 2110 5348 et
2142 5298 2464 5365 testamenta
2496 5289 2784 5360 signiﬁcat.
3108 5286 3113 5292 ’

2127 5406 2291 5463 Vsus.
2312 5407 2402 5462 29.
2418 5435 2490 5445 -—
2504 5404 2731 5485 Sculpsit
2758 5404 2916 5459 variis
2941 5401 3225 5485 cmlaturis.
3257 5403 3445 5476 (Βεω,
3473 5406 3626 5475 ibid.,

2053 5518 2172 5575 cap.
2198 5500 2663 5573 ll.)Scu|puntur
2685 5496 2926 5573 parietes
2970 5504 3143 5559 torno,
3192 5505 3325 5564 etc.,
3371 5515 3531 5571 usque
3558 5499 3628 5554 ad

2016 5596 2216 5667 .longo
2250 5608 2349 5649 usu
2394 5592 2653 5649 virtutum
2692 5589 2989 5645 exercitata
3018 5587 3224 5645 didicit.
3276 5588 3354 5643 Et
3398 5589 3624 5661 palmas.

2016 5740 2029 5747 -
2054 5689 2180 5762 (ln.,
2222 5686 2375 5756 ibid.)
2412 5684 2623 5739 Palmas
2666 5682 2818 5745 facit,
2860 5695 2981 5737 cum
3042 5679 3358 5735 memoriam
3409 5690 3629 5738 mternae

2056 5779 2506 5839 remunerationis
2553 5785 2861 5829 szmetorum
2935 5771 3203 5827 utentibus
3286 5768 3492 5845 inﬁgit,
3572 5783 3632 5851 ut

370 5621 576 5667 verum.
633 5605 771 5673 Quia
816 5603 991 5675 angeli
1048 5603 1223 5673 gratia
1280 5601 1547 5671 spirituali
1596 5610 1723 5657 sunt
1776 5602 1947 5668 uncti,

330 5710 445 5771 ..με
510 5710 747 5767 unquam
806 5701 1055 5751 arescant
1118 5692 1185 5745 ab
1231 5706 1417 5747 amore
1476 5690 1592 5756 Dei,
1652 5707 1787 5761 quos
1832 5693 1950 5753 luce

371 5787 612 5843 cmlcstis
656 5786 932 5859 sapientia:
979 5799 1100 5839 mox
1162 5785 1275 5853 ipse
1321 5783 1412 5853 qui
1474 5782 1698 5848 creavit,
1755 5785 1941 5855 imple-
