4122 6350
497 367 595 423 59l

994 359 1385 417 WALAFRIDI
1421 355 1670 440 STRABI
1707 355 1912 413 FULD.
1955 355 2120 413 MON.
2162 357 2314 415 OPP.
2353 360 2533 419 PARS
2569 362 2612 418 l.
2651 390 2722 403 —
2759 355 3218 417 THEOLOGICA.

3645 355 3758 413 592

497 495 565 536 eo
602 478 781 534 minus
825 475 895 532 ab
943 491 1084 530 arca:
1127 473 1350 544 ,ἰυειίιῑίθ
1384 471 1600 537 cadam.
1627 486 1734 542 Quo
1771 469 2077 527 mercedem
2103 471 2647 547 A‘supernorumque
2668 477 2866 532 civium
2893 489 2993 529 nos
3030 470 3298 528 introduci
3333 469 3704 527 desideramus
3735 487 3752 527 :

491 568 716 640 justitia:
755 579 970 637 semper
993 573 1119 619 ante
1145 563 1330 618 oculos
1358 561 1576 617 habent.

570 659 641 714 Et
673 659 906 729 picturas
937 655 1131 709 varias.
1147 653 1302 709 Facit
1323 653 1564 722 picturas
1590 651 1769 706 varias
1791 650 1942 720 quasi
1957 665 2081 721 pro-

498 750 769 808 minentes
797 747 862 802 de
882 746 1089 817 pariete
1113 752 1170 800 et
1195 743 1557 816 egredientes,
1585 758 1706 797 cum
1733 757 1922 797 omnes
1943 740 2080 795 mul-

502 842 713 898 tifarias
741 840 998 894 virtutum
1027 837 1373 907 operationes
1405 836 1651 892 fidelibus
1671 836 1879 900 tribuit,
1906 834 2080 890 visce-

501 950 563 990 ra
596 931 804 988 scilicet
837 929 1244 994 misericordiae,
1266 927 1672 998 benignitatem,
1697 926 2075 992 humilitatem,

501 1018 1241 1094 patientiam,'modestiam,
1289 1027 1420 1082 etc.,
1475 1033 1631 1087 super
1681 1018 1859 1071 omnia
1905 1026 2079 1071 autent

502 1112 835 1176 charitatem,
864 1125 980 1181 qua!
1009 1117 1084 1163 est
1105 1106 1365 1162 vinculum
1415 1107 1747 1178 perfectionis
1793 1105 1932 1178 (Col.
1968 1105 2074 1177 ιιι).

479 1204 596 1260 ‘Hte
623 1205 872 1269 virtutes,
906 1218 1026 1258 cum
1073 1203 1125 1256 in
1165 1209 1370 1254 tantam
1400 1200 1588 1255 electis
1629 1200 2077 1254 consuetudinem

500 1296 771 1360 venerint,
800 1303 860 1349 ut
886 1292 1202 1348 naturaliter
1229 1291 1404 1346 insitae
1422 1291 1737 1356 videantur,
1766 1291 1894 1361 quid
1933 1291 2081 1345 aliud

501 1405 665 1460 quam
699 1389 826 1458 quia
861 1395 920 1441 ut
959 1386 1184 1456 picturae
1219 1384 1412 1439 domus
1457 1383 1666 1438 Domini
1709 1383 2080 1453 prominentes

502 1467 578 1536 de
589 1480 795 1550 pariete
817 1477 1051 1532 exeunt?
1073 1477 1210 1543 Quia
1243 1477 1409 1529 verba
1439 1483 1671 1545 etapera
1691 1473 1946 1528 veritatis
1973 1487 2078 1526 non

501 1572 678 1628 adhuc
713 1572 781 1626 ab
810 1569 930 1624 aliis
973 1569 1314 1624 extrinsecus
1357 1567 1592 1628 discunt,
1639 1565 1732 1620 sed
1760 1565 1975 1619 sibimet
2000 1564 2081 1617 in-

506 1664 613 1718 fixa
645 1662 906 1718 radicitus
931 1670 1121 1730 parata
1149 1675 1360 1730 semper
1386 1660 1453 1713 ab
1480 1659 1686 1713 intimis
1716 1657 1926 1718 cordis.
1961 1672 2082 1727 quae

502 1766 629 1812 sunt
651 1756 856 1827 agenda
882 1754 968 1810 vel
995 1754 1235 1810 docenda
1285 1753 1587 1824 proferunt.
1624 1750 1871 1807 Diximus
1899 1759 2079 1807 autem

2181 567 2257 622 ita
2283 567 2613 623 introitusin
2645 565 2924 637 templum,
2950 563 3244 636 primordia
3285 569 3486 618 nostra:
3527 578 3757 618 conver-

2178 657 2350 713 sionis
2376 659 2443 714 ad
2493 658 2686 721 Deum,
2733 657 2949 728 quando
3000 656 3053 711 in
3105 661 3428 726 praesentem
3455 653 3757 710 Ecclesiam

2179 751 2464 806 intramus.
2494 749 2597 805 lste
2635 751 2936 822 ingressum
2960 756 3210 804 nostrum
3240 748 3307 804 ad
3335 745 3519 811 fidem,
3545 745 3638 802 ille
3665 747 3759 802 de-

2181 843 2357 914 signat
2383 843 2450 898 ad
2482 857 2651 913 spem.
2700 841 2853 898 Unde
2903 848 3086 912 postes
3127 837 3288 907 hujus
3322 838 3575 893 introitus
3618 853 3758 907 qua-

2182 933 2486 1006 drangulati
2537 941 2662 988 sunt
2706 940 2926 1003 propter
2975 941 3208 1000 quatuor
3255 928 3530 1000 Evangelii
3566 928 3756 996 libros,

2182 1041 2414 1097 quorum
2439 1027 2682 1082 doctrina
2712 1025 2764 1079 in
2813 1025 2915 1080 ﬁde
2962 1024 3210 1080 veritatis
3240 1023 3540 1078 erudimur.
3574 1019 3760 1077 Postes

2184 1118 2248 1172 de
2281 1119 2454 1190 lignis.
2489 1118 2679 1189 (BEDA,
2716 1117 2870 1190 ibid.)
2909 1115 3326 1188 Quadrangulos
3359 1124 3580 1186 propter
3625 1129 3763 1185 qua-

2183 1219 2306 1265 tuor
2355 1211 2561 1265 scilicet
2606 1209 2932 1280 principales
2987 1210 3245 1274 virtutes,
3297 1215 3422 1271 etc.,
3482 1222 3646 1277 usque
3689 1204 3761 1259 ad

2181 1309 2374 1372 quarta
2403 1312 2522 1372 post
2564 1300 2905 1372 prudentiam
2924 1341 2940 1367 ,
2967 1298 3334 1354 fortitudinem
3366 1305 3421 1352 et
3447 1305 3760 1366 temperan-

2182 1395 2336 1459 tiam,
2357 1394 2567 1466 justitia
2598 1394 2861 1462 sequitur.

2251 1485 2420 1542 Vens.
2443 1486 2534 1542 54.
2557 1518 2626 1527 -
2649 1485 2992 1540 Altrinsecus.
3045 1483 3182 1552 Quia
3207 1483 3275 1537 ad
3303 1482 3533 1537 invicem
3583 1478 3760 1551 respi-

2183 1579 2351 1644 ciunt,
2384 1588 2444 1634 ut
2464 1595 2568 1633 una
2593 1579 2710 1633 sine
2739 1578 2907 1632 altera
2940 1576 3126 1632 haberi
3157 1592 3261 1630 non
3288 1574 3478 1645 possit.
3507 1573 3765 1628 Exterius

2182 1669 2384 1724 ostium
2412 1668 2630 1724 dilectio
2659 1668 2924 1730 fraterna,
2968 1666 3194 1722 interius
3231 1665 3459 1719 divina:
3498 1663 3624 1732 quia
3671 1661 3760 1717 illa

2183 1760 2334 1830 prior
2385 1767 2658 1830 tempore,
2717 1757 2833 1812 haec
2883 1756 3166 1812 sublimior
3219 1754 3524 1825 dignitate:
3566 1761 3623 1808 et
3667 1767 3766 1822 per

501 1849 645 1920 quod
668 1847 964 1919 pavimenti
985 1847 1290 1918 aequalitas,
1321 1847 1576 1901 humilem
1608 1846 1952 1902 concordiam
1975 1844 2084 1900 fra-
2109 1841 2158 1901 B
2187 1849 2334 1904 illam
2381 1849 2449 1904 ad
2506 1849 2649 1904 hanc
2697 1849 2931 1903 intratur
2964 1866 2978 1902 :
3011 1846 3136 1917 quia
3191 1845 3245 1900 in
3300 1859 3486 1900 amore
3529 1843 3765 1915 proximi

500 1941 770 2000 ternitatis
793 1940 1063 2014 signiﬁcat
1092 1959 1106 1995 :
1133 1940 1224 1994 ubi
1264 1956 1386 1994 cum
1431 1940 1538 1995 sint
1560 1935 1727 1994 Judaei
1756 1939 1839 1994 vel
1870 1946 2080 2010 gentes,

477 2033 717 2090 barbari
744 2041 800 2088 et
829 2032 1070 2103 Scythae,
1099 2031 1252 2086 liberi
1276 2038 1330 2085 et
1355 2030 1520 2095 servi,
1542 2028 1750 2084 nobiles
1778 2035 1834 2084 et
1874 2026 2085 2097 ignobi-

501 2125 584 2183 les
613 2145 625 2178 :
653 2125 833 2181 cuncti
860 2140 918 2180 se
944 2125 998 2178 in
1044 2122 1263 2179 Christo
1307 2135 1428 2176 esse
1471 2119 1689 2184 fratres,
1741 2129 1795 2174 et
1834 2116 2083 2175 eumdem

498 2226 710 2290 patrem
757 2216 961 2272 habere
999 2214 1052 2269 in
1083 2213 1236 2270 caelis
1281 2211 1602 2283 gloriantur.
1645 2209 2085 2266 Concordissima

500 2308 645 2364 enim
675 2307 954 2363 humilitas
985 2320 1338 2376 supernorum
1378 2305 1576 2360 civium
1613 2301 1741 2359 nulli
1783 2302 1944 2358 dubia
1978 2312 2082 2358 est.

501 2399 664 2455 Texit
687 2414 816 2470 ergo
840 2397 1094 2454 Salomon
1119 2397 1488 2468 pavimentum
1516 2395 1709 2451 domus
1731 2410 1865 2450 auro
1892 2395 1946 2450 in
1969 2409 2087 2451 ora-

501 2491 626 2548 culo
672 2490 1040 2554 intrinsecus,
1089 2498 1145 2544 et
1189 2489 1244 2544 in
1293 2488 1490 2558 templo
1541 2488 1926 2542 extrinsecus:
1961 2486 2086 2556 quia

501 2580 753 2636 Christus
778 2579 999 2651 angelos
1028 2588 1085 2634 et
1108 2579 1318 2634 animas
1357 2577 1627 2646 iustorum
1681 2579 1734 2632 in
1765 2576 1938 2642 ctelis,
1964 2576 2086 2646 ple-

500 2675 659 2729 nario
686 2673 827 2728 dono
855 2670 1202 2742 perfectionis
1232 2669 1491 2740 implevit,
1519 2677 1574 2723 et
1600 2669 2007 2739 peregrinantes
2031 2667 2087 2722 in

500 2763 700 2837 saeculo
731 2763 880 2818 cives
902 2762 1094 2832 patriae
1141 2761 1405 2825 caelestis,
1457 2759 1734 2831 signaculo
1784 2757 2088 2814 dilectionis

499 2861 728 2918 aeterno,
756 2868 786 2906 a
814 2849 1123 2907 mortalium
1155 2851 1362 2906 vilitate
1389 2850 1642 2905 secrevit.
1675 2848 1831 2905 Unde
1858 2861 1873 2902 :
1903 2847 1970 2902 In
1988 2847 2087 2902 hoc

501 2956 812 3017 cognoscent
843 2961 1041 3011 omnes,
1065 2945 1192 3016 quia
1213 2943 1457 3014 discipuli
1481 2943 1580 2997 mei
1609 2943 1754 3010 estis,
1781 2943 1827 2997 si
1847 2940 2085 2997 dilectio-

501 3054 619 3093 nem
651 3038 938 3092 habueritis
967 3037 1036 3090 ad
1056 3037 1274 3091 invicem
1305 3033 1488 3106 (Joan.
1515 3032 1656 3104 xm).

580 3127 744 3183 Vens.
773 3127 864 3183 3i.
887 3158 956 3168 —
979 3125 1049 3180 Et
1091 3127 1147 3180 in
1174 3126 1409 3196 ingressu
1458 3123 1703 3190 oraculi,
1747 3130 1854 3178 etc.
1894 3120 2087 3196 (BEDA,

2184 1941 2431 2007 discitur,
2460 1941 2694 2012 qualiter
2719 1941 2968 1996 conditor
2997 1939 3189 1994 debeat
3213 1938 3405 1992 amari.

2254 2031 2324 2086 Et
2353 2041 2630 2104 utrumque
2652 2033 2862 2086 ostium.
2895 2029 3084 2106 (Bson,
3114 2028 3266 2100 ibid.)
3297 2027 3435 2096 Quia
3456 2026 3509 2082 in
3537 2033 3766 2096 utraque

2185 2121 2474 2178 dilectione
2519 2121 2626 2175 duo
2669 2129 2795 2174 sunt
2828 2117 3199 2189 principaliter
3236 2114 3592 2178 observanda,
3628 2122 3763 2180 etc.,

2185 2229 2348 2280 usque
2377 2213 2446 2266 ad
2479 2213 2602 2282 quia
2633 2211 2916 2267 exstinctis
2943 2209 3184 2282 peccatis
3205 2207 3458 2263 omnibus
3494 2206 3564 2262 ad
3607 2205 3766 2262 littus

2185 2316 2240 2363 et
2260 2306 2584 2362 soliditatem
2613 2306 2871 2360 virtutum
2900 2312 3259 2358 transeamus.

2259 2397 2424 2472 (BEDA
2482 2398 2570 2452 ubi
2626 2393 2830 2467 supra.)
2879 2393 3184 2450 Notandum
3238 2391 3383 2462 quod
3439 2390 3494 2446 in
3541 2402 3766 2461 egressu

2185 2489 2389 2546 oraculi
2443 2489 2550 2544 duo
2604 2489 2857 2543 dicuntur
2908 2485 3074 2542 fuisse
3121 2484 3279 2550 ostia,
3323 2492 3452 2550 etc.,
3501 2497 3667 2553 usque
3695 2481 3767 2535 ad

2187 2578 2332 2634 aliud
2355 2579 2598 2652 mysterii
2631 2579 3088 2649 dispensationem
3113 2575 3483 2649 prastigurans.

2257 2668 2326 2723 Et
2352 2685 2407 2724 se
2433 2669 2671 2724 invicem.
2707 2668 2804 2724 Vel
2833 2669 3030 2724 ostium
3073 2667 3216 2737 quod
3262 2681 3323 2722 se
3348 2665 3579 2720 invicem
3608 2671 3766 2719 tene-

2185 2759 2280 2815 bat
2307 2760 2573 2831 aperitur,
2599 2776 2720 2814 cum
2744 2775 2841 2830 per
2871 2759 3233 2814 ministerium
3262 2757 3632 2828 praedicatoris
3656 2757 3770 2813 dis-

2187 2850 2430 2906 cernitur
2453 2851 2582 2923 quid
2631 2851 2848 2921 proprie
2877 2851 2944 2906 ad
2970 2851 3333 2921 cognitionem
3361 2849 3507 2914 ﬁdei,
3539 2850 3668 2920 quid
3695 2849 3768 2904 ad

2185 2945 2400 2999 vivendi
2443 2945 2748 3000 castitatem
2775 2945 3067 3016 pertineat,
3091 2958 3211 3014 quae
3237 2952 3466 3013 utraque
3491 2951 3771 3014 nequeunt

2187 3035 2450 3107 separari,
2480 3045 2535 3092 et
2556 3037 2700 3106 quod
2722 3051 2911 3106 parum
2939 3037 3032 3100 sit,
3057 3035 3426 3105 proximorum
3458 3033 3602 3090 mala
3629 3033 3769 3091 tole-

2188 3145 2331 3198 rare,
2357 3139 2411 3186 et
2440 3130 2520 3186 eis
2547 3131 2689 3185 bona
2717 3144 2825 3184 non
2856 3127 3222 3193 commodare,
3252 3141 3375 3182 cum
3413 3127 3528 3182 haec
3571 3127 3770 3182 certis-

499 3220 655 3286 ibid.,
709 3235 828 3292 cap.
877 3217 989 3291 l5.)
1020 3217 1172 3275 Unus
1217 3225 1338 3272 erat
1379 3216 1659 3288 ingressus
1682 3255 1698 3282 ,
1738 3216 1836 3272 sed
1873 3215 2084 3272 duobus
2112 3203 2158 3266 (ἶ
2190 3225 2326 3280 sime
2383 3223 2592 3280 soleant
2633 3224 2688 3278 in
2723 3224 2886 3280 corde
2917 3221 3282 3294 perfectorum
3325 3221 3772 3279 indissolubiliter

497 3313 655 3368 ostiis
683 3310 1054 3375 claudebatur,
1083 3317 1215 3374 etc.,
1251 3324 1413 3379 usque
1449 3307 1518 3360 ad
1566 3308 1674 3362 imo
1708 3320 1897 3362 omnes
1925 3305 2084 3361 electi

495 3418 596 3476 per
621 3418 774 3458 arma
799 3403 936 3459 lucis
963 3411 1018 3458 et
1036 3400 1256 3472 pietatis
1282 3399 1490 3455 aditum
1513 3399 1615 3454 sibi
1637 3398 1826 3468 patria:
1851 3397 2087 3453 caelestis

502 3497 777 3570 aperiunt.

572 3587 689 3640 Duo
709 3583 897 3640 ostiola
927 3584 990 3637 de
1013 3583 1155 3654 ligno
1177 3582 1453 3638 olivarum.
1492 3580 1615 3653 (ιιι,
1639 3579 1793 3652 ibid.)
1815 3579 1932 3635 Duo
1959 3587 2087 3635 sunt

499 3678 716 3744 ostiola,
745 3677 876 3749 quia
899 3677 1067 3732 Deum
1118 3683 1174 3730 et
1218 3675 1525 3746 proximum
1557 3673 1786 3745 diligunt
1833 3673 2006 3745 angeli
2031 3684 2087 3729 et

499 3769 751 3825 homines
774 3769 970 3833 sancti,
993 3765 1399 3838 nequejanuam
1427 3767 1552 3822 vita:
1568 3767 1670 3822 nisi
1693 3782 1790 3836 per
1815 3767 2086 3838 geminam

502 3859 848 3914 dilectionem
876 3868 1104 3928 possunt
1125 3860 1347 3914 intrare.
1379 3857 1477 3914 Vel
1511 3859 1638 3930 quia
1677 3859 1958 3928 utriusque
1986 3873 2086 3928 po-

502 3949 619 4020 puli
651 3948 916 4014 fidelibus,
956 3948 1174 4013 Judaeis,
1225 3949 1453 4014 scilicet,
1483 3957 1540 4005 et
1595 3948 1843 4022 gentibus
1897 3949 2086 4004 eadem

500 4039 627 4094 vitae
652 4037 822 4107 janua
856 4047 1149 4094 reseratur.

583 4129 863 4202 Postesque
901 4129 1236 4200 angulorum.
1286 4129 1476 4185 Postes
1518 4130 1722 4185 habent
1767 4129 2086 4200 angulorum

503 4225 764 4296 quinque,
816 4224 944 4294 quia
993 4238 1100 4278 non
1153 4223 1326 4280 solum
1375 4223 1584 4278 animas
1627 4222 1920 4277 electorum
1966 4223 2088 4279 aula

501 4318 744 4374 cmlestis
765 4317 980 4388 recipit,
1014 4317 1108 4373 sed
1139 4325 1196 4372 et
1237 4317 1556 4388 corporibus
1598 4316 1883 4372 immortali
1915 4316 2084 4388 gloria

499 4408 744 4483 praeditis
761 4409 815 4466 in
833 4408 1040 4480 judicio
1084 4407 1230 4464 fores
1265 4407 1461 4480 aperit,
1491 4407 1730 4478 quinque
1771 4407 1917 4463 enim
1961 4415 2088 4462 sunt

500 4500 750 4572 corporis
775 4515 984 4558 sensus.
1009 4499 1108 4556 Vel
1133 4507 1362 4570 uterque
1387 4499 1557 4571 postis
1597 4498 1802 4555 oraculi
1833 4497 1973 4554 altus
2000 4507 2086 4555 est

501 4596 742 4668 quinque
763 4596 1096 4660 cubitorum,
1124 4595 1250 4666 quia
1281 4593 1412 4651 solis
1449 4593 1555 4650 illis
1601 4608 1847 4664 superna:
1894 4593 2084 4664 patriae

502 4686 761 4743 introitus
789 4685 1067 4757 panditur,
1094 4685 1186 4755 qui
1216 4685 1467 4740 omnibus
1511 4685 1756 4755 corporis
1799 4693 1856 4739 et
1905 4685 2085 4740 cordis

504 4777 753 4833 sensibus
773 4777 999 4832 Domino
1023 4777 1266 4832 serviunt
1295 4791 1308 4830 :
1335 4777 1579 4846 corporis
1606 4777 1812 4832 scilicet
1845 4791 1964 4832 cum
1986 4793 2086 4848 per

503 4869 599 4925 eo's
619 4867 822 4938 aliquid
855 4883 955 4938 pro
981 4867 1072 4922 illa
1101 4875 1299 4938 agunt;
1327 4868 1506 4922 cordis
1537 4883 1690 4930 vero.
1719 4884 1842 4923 cum
1881 4868 2082 4934 sobrie,

503 4959 746 5028 ctjnste,
781 4967 835 5013 et
864 4958 949 5028 pie
977 4957 1217 5027 cogitant
1264 4957 1330 5012 de
1379 4957 1458 5012 cis
1506 4973 1603 5027 per
1655 4958 1799 5030 ipsos
1843 4959 2085 5029 corporis

504 5066 696 5105 sensus
720 5064 881 5119 agere
908 5049 1228 5104 decernunt.

578 5141 743 5194 Vens.
791 5139 881 5194 52.
922 5172 992 5180 -
1029 5139 1358 5211 Anaglypha.
1416 5139 1607 5196 Posset
1655 5140 1758 5196 dici
1807 5141 2080 5212 sculptura

504 5229 650 5284 facta
705 5231 758 5286 in
800 5228 1058 5300 junctura
1106 5231 1428 5295 tabularum,
1483 5232 1576 5286 sed
1621 5231 1770 5302 large
1800 5233 2080 5304 accipitur.

503 5320 697 5397 (Bson,
727 5321 881 5392 ibid.)
909 5323 1186 5396 ’Δνάγλυφα
1216 5321 1515 5393 anaglypba
1533 5320 1717 5377 Graece
1735 5362 1751 5388 ,
1781 5321 1971 5379 Latine
1999 5325 2081 5380 di-

504 5420 706 5469 cuntur
740 5412 1030 5478 calatum,
1062 5421 1192 5479 etc.,
1226 5429 1390 5484 usque
1415 5415 1485 5467 ad
1515 5413 1706 5468 horum
1729 5414 1924 5471 intuitu
1947 5431 2081 5472 con-

506 5504 660 5560 tinuo
688 5504 913 5575 vestigia
943 5513 1126 5560 nostra
1153 5505 1410 5576 regimus.

575 5593 741 5650 Vens.
773 5594 862 5650 55.
892 5627 960 5635 -
988 5594 1236 5667 Fecitque
1263 5597 1318 5650 in
1349 5598 1585 5651 introitu.
1621 5595 1774 5654 Sicut
1809 5600 2082 5673 ingressus

503 5683 708 5740 oraculi
733 5698 841 5754 quo
865 5685 934 5740 ad
956 5700 1140 5740 arcam
1173 5685 1387 5740 Domini
1412 5686 1802 5760 cherubimque
1828 5693 2080 5760 perveni-

507 5783 616 5840 tur,
647 5775 928 5836 introitum
954 5776 1076 5836 ctnli
1100 5776 1396 5850 significat,
1437 5793 1544 5851 quo
1589 5780 1654 5836 ad
1697 5781 1956 5840 visionem
1987 5785 2082 5842 Dei

2187 3332 2528 3390 permanere.

2261 3409 2426 3465 Vens.
2457 3409 2546 3466 35.
2574 3441 2644 3450 —
2671 3409 2740 3463 Et
2763 3408 2980 3480 sculpsit
3010 3409 3297 3464 cherubim.
3329 3407 3458 3464 Haec
3486 3423 3649 3480 supra
3670 3425 3772 3465 ex-

2189 3503 2363 3574 posita
2389 3514 2534 3565 sunt,
2567 3501 2692 3571 quia
2721 3501 2776 3555 in
2809 3500 3107 3571 parietibus
3152 3503 3368 3566 domus,
3421 3509 3478 3554 et
3512 3500 3567 3554 in
3609 3500 3768 3557 ostiis

2191 3592 2534 3648 interioribus
2559 3593 2759 3646 eaedem
2790 3593 3016 3662 picturae
3035 3591 3118 3647 vel
3139 3591 3410 3647 caelatura
3435 3589 3594 3648 facta
3607 3601 3766 3659 sunt;

2189 3683 2316 3752 quia
2358 3683 2546 3738 eadem
2575 3697 2776 3737 arcana
2810 3681 2966 3747 fidei,
3015 3681 3168 3752 spei,
3209 3690 3263 3737 et
3301 3683 3606 3749 charitatis,
3646 3699 3768 3753 qua

2189 3773 2447 3828 sublimes
2470 3783 2526 3827 et
2551 3772 2776 3843 perfecti
2797 3770 3101 3827 sublimiter
3127 3771 3380 3842 capiunt,
3407 3781 3464 3828 et
3495 3788 3615 3844 qua
3643 3786 3767 3829 om-

2189 3881 2286 3919 nes
2313 3863 2470 3920 electi
2499 3863 2657 3934 plene
2685 3863 2738 3918 in
2760 3875 2963 3918 aeterna
2992 3862 3202 3918 visione
3236 3865 3573 3934 percipiunt,
3599 3865 3770 3921 etiam

2189 3955 2589 4013 catechizandis
2621 3955 2842 4009 rudibus
2863 3970 2962 4025 pro
2992 3969 3089 4011 suo
3123 3955 3319 4026 cuique
3356 3965 3512 4026 captu
3550 3957 3767 4012 discen-

2190 4047 2256 4102 da
2289 4055 2344 4102 et
2376 4045 2683 4102 confitenda
2717 4046 3026 4108 traduntur,
3049 4054 3110 4100 ut
3129 4047 3301 4102 sacris
3328 4047 3524 4103 initiati
3566 4057 3771 4119 myste-

2189 4137 2307 4202 riis,
2327 4137 2650 4207 quandoque
2673 4137 2740 4192 ad
2760 4137 3020 4208 capienda
3045 4151 3109 4193 ea
3135 4154 3254 4210 qua:
3283 4139 3368 4209 pie
3397 4139 3767 4206 crediderunt,

2188 4227 2525 4300 proveniant.
3167 4299 3170 4302 ι

2257 4318 2423 4390 Vens.
2449 4319 2537 4375 56.
2564 4349 2636 4361 --
2664 4321 2972 4392 Αῐάὸίὶεαυὶι
2999 4323 3216 4377 atrium.
3253 4322 3419 4393 (Βεωι
3453 4324 3542 4378 ubi
3578 4341 3766 4395 supra,

2188 4425 2308 4480 cap.
2339 4410 2450 4483 16.)
2483 4411 2558 4468 De
2583 4412 2824 4468 interiori
2861 4412 3002 4468 atrio
3035 4412 3272 4469 breviter
3320 4413 3581 4485 loquitur,
3628 4425 3766 4482 etc.,

2190 4516 2352 4572 usque
2381 4501 2450 4556 ad
2478 4502 2619 4558 unde
2644 4503 2888 4574 sequitur
2921 4521 2936 4559 :
2967 4503 3273 4573 λεΕάὶΙὶοαυὲι
3305 4506 3502 4560 atrium
3537 4507 3763 4563 interius

2187 4592 2352 4647 tribus
2374 4593 2643 4648 ordinibus
2677 4593 2728 4665 (I
2750 4592 2872 4650 Cor.
2902 4595 2984 4670 ιι).

2257 4686 2328 4741 Et
2355 4705 2457 4742 uno
2486 4689 2689 4744 ordine.
2723 4689 2874 4747 Unus
2893 4693 3027 4748 ordo
3051 4693 3316 4765 lignorum
3339 4695 3486 4752 cedri
3515 4695 3654 4752 bona
3681 4705 3770 4754 est

2186 4779 2430 4862 Operatio
2451 4779 2568 4834 sine
2594 4782 2938 4851 corruptione
2964 4784 3326 4842 simulationis
3351 4787 3617 4853 exhibita,
3645 4776 3768 4844 sine

2189 4869 2343 4938 cujus
2378 4871 2677 4940 adjectione
2705 4873 2859 4942 ﬁdes,
2891 4892 3032 4947 spes,
3062 4886 3118 4932 et
3171 4878 3409 4935 charitas
3454 4895 3579 4935 vera
3634 4895 3760 4937 esse

2189 4980 2296 5018 non
2325 4973 2519 5034 potest.
2552 4965 2719 5037 Ligna
2746 4968 2891 5023 enim
2913 4971 3058 5026 cedri
3085 4981 3306 5042 propter
3333 4972 3514 5029 odoris
3534 4975 3767 5044 gratiam

2189 5063 2243 5110 et
2273 5055 2659 5125 imputribilem
2687 5068 2894 5114 naturae
2921 5062 3216 5130 potentiam
3237 5103 3252 5127 ,
3279 5066 3764 5132 perseverantiam,

2188 5156 2242 5201 et
2293 5146 2494 5202 famam
2542 5149 2643 5218 piae
2682 5140 2914 5206 actionis
2961 5152 3262 5222 designant.
3311 5154 3489 5225 Usque
3545 5155 3610 5209 ad
3660 5156 3766 5212 hoc

2188 5238 2384 5292 atrium
2441 5239 2679 5294 universi
2725 5243 3091 5298 conscendunt
3135 5245 3313 5311 electi,
3361 5247 3450 5317 qui
3490 5246 3612 5309 fide,
3645 5263 3765 5318 spe,

2186 5329 2452 5386 charitate
2494 5337 2552 5386 et
2595 5346 2777 5403 opere,
2811 5335 2919 5390 Deo
2961 5336 3177 5406 placere
3219 5347 3495 5410 appetunt,
3529 5342 3632 5396 hoc
3658 5340 3768 5394 alta

2193 5420 2512 5476 meritorum
2561 5423 2734 5494 gratia
2788 5427 3174 5483 transcendunt
3234 5429 3492 5498 perfecti,
3543 5445 3666 5485 cum
3710 5429 3767 5484 in

2191 5520 2344 5568 tanto
2368 5513 2628 5568 virtutum
2657 5514 2893 5571 culmine
2916 5517 3226 5588 proﬁciunt,
3259 5529 3316 5574 ut
3349 5520 3531 5576 dicere
3558 5519 3767 5576 audito—

2191 5603 2340 5660 ribus
2391 5606 2640 5677 possint:
2674 5606 2975 5663 lmitatores
3027 5611 3128 5664 mei
3177 5621 3337 5666 estote
3389 5612 3521 5667 sicut
3571 5622 3621 5668 et
3668 5627 3765 5684 ego

2191 5701 2387 5760 Christi
2442 5702 2496 5776 (I
2545 5702 2665 5758 Cor.
2721 5705 2828 5776 tv);
2857 5713 2949 5761 et:
2985 5705 3212 5763 Nescitis
3258 5710 3507 5780 quoniam
3553 5709 3768 5781 angelos

2183 5793 2558 5866 judicabimus,
2595 5805 2790 5867 quanto
2822 5797 2986 5868 magis
3013 5797 3291 5854 sa'cularia
3315 5797 3476 5864 (Ibid.
3507 5799 3601 5872 v1).
