4122 6350
418 402 521 458 593

1399 395 1664 453 GLOSSA
1703 395 2100 454 0RDINARIA.
2139 427 2211 439 —
2245 397 2374 453 ue.
2415 353 2667 453 lli-REG.

3569 406 3672 465 59b

407 573 410 576 ,
485 513 650 570 Vens.
681 513 770 570 58.
799 541 868 553 -—
891 510 1012 583 Ipse
1051 520 1125 568 est
1166 511 1376 566 metuis.
1425 509 1593 580 (BEDA
1636 511 1721 564 ubi
1777 512 1984 580 supra.)
2013 513 2064 572 Α
2089 525 2154 565 ex
2197 508 2486 566 virtutibus
2530 517 2860 574 nascuntur,
2899 516 2953 563 et
2992 509 3137 580 quod
3173 514 3343 569 sancti
3399 517 3673 576 ambulant

413 608 686 679 Quaeritur
709 603 976 677 quomodo
1007 605 1220 662 dicatur
1241 605 1430 660 domus
1456 604 1667 660 Domini
1704 604 1757 658 in
1803 617 1986 658 mense

409 712 605 759 octavo
627 696 864 771 perfecta
900 697 954 752 in
983 698 1132 753 omni
1169 709 1333 768 opere
1365 712 1491 762 suo,
1530 705 1670 760 etc.,
1712 711 1874 767 usque
1917 693 1986 748 ad

409 795 552 850 unde
581 791 749 850 David
780 791 1054 846 Psalmum
1083 805 1180 862 pro
1220 798 1416 845 octava
1457 787 1776 853 intitulavit,
1824 801 1986 858 quem

408 901 506 958 pro
535 894 681 940 metu
728 882 915 954 judicii
957 880 1229 946 cantavit,
1280 879 1507 934 dicens:
1541 877 1780 942 Domine,
1830 894 1892 932 ne
1931 876 1986 930 in

407 978 587 1049 furore
613 985 704 1030 tuo
728 990 921 1046 arguas
951 989 1052 1038 me,
1084 987 1246 1043 neque
1273 970 1328 1025 in
1357 971 1440 1024 ira
1473 980 1564 1024 tua
1614 968 1870 1039 corripias
1904 983 1987 1023 me

415 1070 581 1128 'Psal.
607 1069 706 1140 vi).

477 1159 887 1230 Ediﬁcavitque
905 1173 1040 1213 eam.
1067 1155 1202 1226 Quia
1223 1153 1461 1210 Ecclesia
1486 1160 1597 1208 toto
1619 1151 1777 1223 hujus
1801 1149 1984 1208 seaculi

407 1261 666 1322 tempore,
695 1248 839 1320 quod
868 1256 1072 1318 septem
1098 1247 1306 1301 dierum
1332 1245 1559 1300 circuitu
1587 1242 1885 1313 peragitur,
1916 1257 1984 1298 ex

405 1342 594 1399 electis
616 1338 949 1397 construitur
974 1337 1257 1392 animabus
1285 1354 1297 1390 :
1325 1344 1378 1389 et
1407 1335 1460 1388 in
1492 1335 1598 1388 ﬁne
1620 1334 1803 1390 saeculi
1825 1348 1983 1389 suum

406 1435 796 1492 incrementum
826 1432 894 1485 ad
916 1429 1078 1484 ﬁnem
1099 1428 1366 1500 perducit.
1403 1426 1499 1482 Vel
1523 1428 1591 1482 ob
1633 1426 1985 1498 signiﬁcatio-

405 1542 528 1584 nem
554 1526 742 1596 gratiai
772 1522 1088 1594 spiritualis,
1112 1537 1210 1592 per
1233 1537 1396 1590 quam
1433 1518 1703 1584 Ecclesia,
1726 1517 1899 1574 solum
1925 1524 1986 1572 ut

402 1619 478 1676 sit
503 1616 761 1681 Ecclesia,
790 1614 1054 1686 percipit:
1084 1613 1207 1683 quia
1241 1614 1358 1668 sine
1392 1612 1548 1667 donis
1583 1610 1846 1681 Spiritus,
1889 1625 1985 1665 ne-

405 1726 494 1766 mo
518 1709 696 1765 ﬁdelis
715 1707 876 1775 eﬁici,
906 1707 992 1762 vel
1020 1708 1178 1764 ﬁdem
1214 1701 1434 1762 scrvare
1455 1747 1469 1772 ,
1506 1706 1592 1761 vel
1632 1705 1824 1760 merito
1855 1703 1982 1760 ﬁdei

405 1801 475 1858 ad
497 1816 753 1858 coronam
773 1799 996 1872 justitia:
1021 1806 1204 1870 potest
1231 1797 1535 1870 pervenire.

998 1932 1224 1990 CAPUT
1261 1933 1368 1988 Vll.

468 2067 697 2124 Domum
742 2076 919 2122 autem
963 2064 1198 2120 mulieris
1227 2066 1294 2121 vi.
1331 2064 1635 2136 (Ben.,lib.
1683 2063 1748 2120 de
1795 2063 1983 2135 templo

399 2161 600 2222 Saloni.
622 2203 638 2228 ,
669 2176 787 2232 cap.
816 2161 939 2243 17;)
969 2159 1224 2216 Ecclesiae
1243 2201 1256 2224 ,
1289 2159 1498 2215 scilicet
1544 2159 1857 2230 prresentis,
1887 2173 1985 2228 pro

397 2271 502 2326 qua
525 2255 774 2311 Christus
798 2254 880 2309 vir
909 2271 1038 2310 suus
1081 2263 1254 2308 morte
1293 2262 1510 2324 gustata
1542 2253 1781 2308 surrexit
1807 2295 1822 2320 ,
1850 2260 1982 2318 etc.,

396 2367 560 2422 usque
579 2350 649 2403 ad
673 2348 772 2404 zEs
800 2349 943 2404 enim
972 2356 1058 2404 est
1082 2345 1236 2402 valde
1262 2345 1505 2402 durabile
1533 2354 1589 2401 et
1611 2360 1886 2401 sonorum.

419 2497 422 2500 .
470 2442 630 2498 Vsus.
655 2441 823 2495 M.—
841 2438 986 2495 Fecit
1010 2456 1160 2494 omne
1181 2455 1331 2509 opus.
1359 2438 1496 2506 Quia
1526 2439 1703 2494 sancti
1729 2437 1984 2496 doctores

399 2535 527 2590 dum
577 2536 875 2590 ministerio
916 2535 1071 2600 verbi
1115 2533 1345 2589 ﬁdeliter
1388 2535 1674 2599 insistunt,
1701 2549 1837 2604 opus
1887 2532 1984 2588 Dei

397 2635 712 2697 operantur,
741 2627 868 2696 quia
893 2625 1160 2696 loquendo
1201 2623 1334 2681 foris
1374 2625 1518 2679 viam
1564 2625 1811 2681 veritatis
1857 2639 1985 2694 ape-
2055 2659 2066 2670 κ

398 2722 544 2776 riunt
579 2722 718 2786 illis,
747 2736 883 2791 quos
911 2723 1026 2793 ipse
1049 2721 1195 2776 intus
1217 2721 1537 2776 illustrando
1564 2720 1630 2775 ad
1656 2720 1818 2774 vitam
1847 2735 1984 2790 pra:-

399 2812 670 2868 ordinavit
706 2820 985 2868 aeternam.
1035 2812 1186 2869 Unde
1213 2827 1228 2866 :
1261 2811 1375 2883 Ego
1408 2811 1664 2883 plantavi,
1692 2810 1878 2881 Apollo
1904 2812 1981 2866 ri-

398 2905 558 2976 gavit,
585 2903 842 2960 Dominus
864 2914 1036 2958 autem
1059 2903 1430 2958 incrementum
1450 2903 1590 2958 dedit
1616 2901 1700 2976 (II
1725 2900 1848 2958 Cor.
1877 2901 1980 2975 ut).

475 2997 631 3051 Vsus.
663 2995 750 3050 15.
774 3026 844 3035 -
871 2993 934 3048 Et
965 2994 1141 3063 ﬁnxit.
1186 2992 1340 3065 (Ben.
1368 2993 1454 3048 ubi
1497 3010 1678 3064 supra,
1703 3009 1820 3065 cap.
1870 2993 1980 3064 18.)

401 3087 657 3142 Columna
681 3097 806 3143 ante
838 3085 983 3142 fores
1005 3085 1186 3157 templi
1215 3086 1400 3141 decem
1421 3093 1476 3140 ct
1500 3093 1624 3140 octo
1649 3085 1844 3140 cubitis
1872 3084 1981 3140 alta

399 3190 502 3245 est,
550 3189 684 3245 etc.,
741 3195 902 3250 usque
945 3178 1013 3232 ad
1039 3193 1069 3231 a
1109 3186 1259 3233 recta
1297 3178 1382 3232 via
1428 3194 1533 3247 qua
1563 3177 1630 3232 ad
1658 3177 1981 3248 promissam

400 3270 631 3340 patriam
658 3269 957 3341 gradimur,
990 3268 1096 3323 ulla
1129 3269 1182 3322 in
1213 3276 1367 3339 parte
1395 3269 1746 3324 declinemus.

475 3363 680 3428 Decem,
710 3370 816 3418 etc.
846 3361 954 3418 Ter
985 3362 1128 3416 enim
1160 3362 1274 3416 seni
1304 3362 1489 3416 decem
1518 3371 1574 3416 et
1599 3370 1720 3416 octo
1748 3361 1979 3418 faciunt:

403 3455 523 3520 tria,
557 3453 764 3509 scilicet
792 3454 859 3509 ad
896 3453 1055 3508 ﬁdem
1085 3454 1355 3523 pertinent
1383 3461 1604 3522 propter
1633 3451 1981 3520 Trinitatem;

401 3561 495 3600 sex
517 3546 584 3600 ad
608 3545 999 3616 operationem,
1028 3546 1154 3616 quia
1183 3561 1276 3601 sex
1299 3545 1489 3600 diebus
1517 3543 1693 3602 factus
1715 3554 1800 3600 est
1821 3561 1983 3601 mun-

402 3636 524 3701 dus,
574 3637 676 3692 tria
722 3652 821 3707 per
867 3653 964 3693 sex
1018 3637 1473 3708 multiplicantur,
1523 3652 1645 3692 cum
1687 3638 1864 3709 justus
1916 3654 1984 3694 ex

402 3727 506 3784 ﬁde
540 3729 671 3784 vivit
715 3737 771 3784 et
797 3729 1158 3798 cognitionem
1189 3727 1290 3798 piae
1329 3728 1452 3784 ﬁdei
1495 3727 1734 3783 cumulat
1761 3742 1986 3784 exsecu-

403 3821 545 3878 tione
567 3821 718 3877 bonte
749 3822 998 3877 actionis.

476 3916 544 3969 Et
585 3916 746 3973 linea.
795 3914 984 3984 (BEDA,
1013 3912 1167 3984 ibid.)
1201 3910 1398 3967 Norma
1430 3909 1737 3983 apostolica:
1765 3910 1984 3966 institu-

403 4007 566 4064 tionis
607 4007 778 4062 ambit
822 4006 1132 4062 columnam
1163 4012 1475 4075 utramque,
1505 4019 1627 4059 cum
1659 4003 1847 4058 doctor
1893 4000 1988 4057 Ju-

402 4099 532 4154 daeis
563 4099 648 4154 vel
694 4099 944 4171 gentibus
981 4097 1276 4169 praedicare
1323 4097 1550 4160 missus,
1581 4110 1644 4150 ea
1673 4104 1879 4151 tantum
1910 4095 1989 4150 fa-

402 4205 528 4247 cere
547 4199 703 4246 curat
727 4198 782 4245 et
818 4190 1034 4256 docere,
1085 4206 1206 4260 quae
1256 4206 1354 4261 per
1393 4187 1666 4260 apostolos
1693 4188 1901 4258 accepit
1931 4196 1990 4244 et

402 4282 591 4338 didicit
619 4282 882 4339 Ecclesia.
923 4280 1059 4336 Nam
1105 4282 1194 4352 qui
1224 4281 1382 4337 aliter
1417 4282 1645 4346 docere,
1676 4280 1858 4336 vivere
1903 4279 1988 4336 vel

402 4374 701 4444 praedicare
751 4373 1002 4440 voluerit,
1046 4382 1100 4428 et
1137 4365 1431 4443 apostolica
1473 4373 1688 4428 decreta
1732 4383 1989 4442 Spernere

405 4465 489 4519 vel
512 4479 610 4535 pro
639 4464 792 4520 libito
825 4479 922 4520 suo
952 4479 1090 4519 nova
1127 4471 1386 4527 statuere,
1417 4479 1523 4517 non
1552 4472 1636 4517 est
1659 4461 1908 4518 columna
1933 4463 1988 4517 in

407 4554 607 4625 templo
650 4555 743 4610 Dei
783 4572 796 4610 :
844 4555 971 4626 quia
1006 4555 1133 4610 dum
1189 4554 1485 4623 apostolica
1540 4554 1787 4609 instituta
1832 4553 1986 4624 sequi

404 4646 736 4712 contemnit,
766 4647 850 4700 vel
880 4646 1123 4702 exilitate
1163 4646 1391 4710 inertim,
1424 4643 1505 4699 vel
1537 4643 1786 4700 elationis
1835 4658 1987 4714 gros-

405 4739 638 4795 situdine
694 4738 974 4796 duodecim
1036 4738 1340 4794 cubitorum
1399 4737 1556 4792 linea:
1621 4751 1730 4792 non
1793 4749 1990 4792 conve-

404 4833 504 4890 nit.

477 4922 641 4981 Vnus.
673 4924 760 4979 tti.
782 4953 854 4966 —-
873 4922 1014 4987 Duo,
1042 4931 1152 4978 etc.
1177 4922 1302 4994 (ln.,
1331 4921 1486 4994 ibid.)
1507 4919 1695 4992 Capita
1710 4919 1992 4977 columna-

406 5034 552 5085 rum,
579 5026 714 5084 etc.,
751 5034 915 5089 usque
962 5017 1032 5072 ad
1070 5015 1396 5088 evangelica:
1425 5013 1773 5086 perfectionis
1797 5021 1882 5070 est
1909 5013 1991 5070 in-

407 5114 510 5168 sita
531 5113 724 5185 gratia.

483 5201 648 5259 Vens.
670 5205 754 5258 t7.
772 5233 844 5244 —
864 5201 1110 5274 Septena,
1133 5212 1238 5258 etc.
1264 5200 1387 5274 (ln.,
1409 5198 1562 5272 ibid.)
1579 5197 1693 5256 Hoc
1712 5198 1769 5255 in
1788 5197 1995 5256 Parali-

409 5298 752 5368 pomenisita
783 5297 1042 5368 scriptum
1067 5304 1174 5361 est,
1195 5302 1328 5361 etc.,
1356 5309 1517 5365 usque
1546 5291 1616 5348 ad
1652 5291 1779 5363 quia
1808 5299 1994 5364 patres

410 5390 693 5460 utriusque
717 5388 1022 5444 testamenti
1043 5402 1139 5461 per
1151 5386 1383 5459 gratiam
1398 5386 1556 5440 unius
1578 5382 1812 5455 Spiritus
1831 5382 1994 5454 septi-

409 5481 619 5547 formis,
650 5487 711 5536 ut
728 5488 914 5536 essent
951 5480 1107 5537 electi
1147 5485 1494 5550 acceperunt.

482 5573 647 5630 Vsus.
667 5574 828 5630 l8.—
850 5573 914 5628 Et
927 5573 1078 5627 duos.
1103 5571 1226 5644 (ln.)
1245 5569 1504 5626 Videntur
1524 5567 1894 5640 malagranata
1913 5565 1997 5620 fa-

413 5678 501 5726 cta
521 5684 639 5726 esse
654 5671 706 5724 in
735 5669 964 5724 circuitu
989 5666 1358 5738 capitellorum
1377 5680 1405 5719 a
1420 5662 1848 5734 parteinferiori,
1862 5668 1915 5715 et
1928 5674 1998 5744 ex

353 5822 356 5826 ,
415 5764 546 5834 ipsis
575 5761 973 5836 malisgranatis
998 5760 1129 5815 oriri
1163 5757 1419 5814 retiacula
1457 5772 1470 5809 :
1518 5755 1714 5825 quibus
1748 5751 1998 5823 capitella

414 5871 481 5913 ex
526 5865 680 5928 parte
728 5856 909 5928 aliqua
957 5861 1287 5923 tegerentur,
1317 5852 1557 5920 signatur
1585 5848 1728 5921 quod
1767 5847 1999 5906 virtutes

2085 599 2150 654 de
2175 601 2359 654 uirtute
2379 601 2433 655 in
2455 600 2694 655 virtutem
2720 598 2894 672 (Psal.
2920 601 3170 674 Lxxxnt).

2157 691 2282 763 (ln.,
2312 691 2465 763 ibid.)
2491 691 2606 747 Duo
2633 691 2852 748 ordines
2871 701 3028 748 erant
3053 694 3516 772 retiaculorum'jn
3540 715 3678 774 gyro

2087 782 2342 852 capitelli,
2359 793 2486 849 etc.,
2512 799 2674 854 usque
2686 783 2755 838 ad
2783 789 2837 838 et
2862 783 2919 840 in
2941 782 3023 839 eis
3039 798 3162 843 auat
3184 784 3536 858 intelligimus
3562 788 3674 848 late

2158 882 2249 929 tet.

2158 889 2249 929 let.

2085 889 2224 1020 μυί
2249 975 2492 1035 tegerent.
2516 965 2638 1039 (ln.,
2659 966 2812 1039 ibid.)
2826 967 2961 1023 Cum
2979 967 3183 1024 dictum
3201 968 3272 1026 sit
3291 969 3360 1026 de
3376 969 3676 1040 retiaculis,

2083 1067 2215 1126 etc.,
2269 1075 2430 1130 usque
2473 1061 2542 1114 ad
2596 1069 2720 1131 apte
2765 1061 3108 1132 subjungitur
3144 1080 3158 1116 :
3189 1057 3464 1132 Capitella'
3498 1074 3677 1121 autent

2083 1168 2199 1224 qua:
2220 1161 2367 1206 erant
2394 1168 2549 1223 super
2571 1154 2747 1222 capita
2772 1151 3159 1218 columnarum,
3187 1159 3292 1209 etc.

2155 1261 2669 1333 Malogranatorum.
2725 1263 2856 1331 Qum
2905 1281 3013 1320 uno
3065 1263 3199 1319 foris
3257 1265 3461 1323 cortice
3507 1266 3678 1326 multa

2084 1350 2312 1409 interius
2337 1369 2502 1426 grana
2543 1355 2920 1422 circumdant,
2947 1365 3076 1424 etc.,
3109 1375 3270 1430 usque
3308 1359 3377 1414 ad
3422 1359 3516 1416 sed
3554 1376 3677 1433 qua:

2084 1445 2232 1502 intus
2264 1454 2349 1500 est
2386 1445 2542 1513 ﬁdei,
2583 1447 2730 1518 spei,
2779 1456 2835 1504 et
2871 1447 3211 1518 dilectionis,
3247 1457 3680 1524 caeterorumquc

2083 1537 2252 1594 animi
2286 1539 2547 1595 bonorum
2568 1542 2742 1612 gratia
2771 1560 2878 1598 non
2905 1546 3165 1601 cernitur.

2153 1652 2323 1708 Vsus.
2372 1653 2554 1708 19.—
2603 1654 2806 1722 Quasi,
2852 1666 2962 1713 etc.
3009 1658 3132 1730 (ln.,
3183 1661 3338 1733 ibid.)
3385 1661 3491 1719 Per
3538 1664 3674 1729 lilia,

2084 1742 2306 1799 claritas
2359 1759 2604 1814 supernae
2661 1747 2854 1817 patriae
2899 1756 2956 1804 et
2984 1749 3411 1810 immortalitatis
3449 1753 3673 1812 ﬁoribus

2010 1863 2058 1926 Β
2084 1834 2333 1892 redoleas
2380 1835 2618 1907 paradisi
2671 1837 2990 1909 designatur
3034 1841 3346 1908 amoenitas,
3393 1851 3528 1910 etc.,
3586 1860 3676 1900 us-

2083 1945 2183 2002 que
2213 1931 2282 1984 ad
2320 1930 2445 2000 quia
2483 1945 2591 1986 non
2645 1929 2750 1986 nisi
2803 1945 2900 2000 per
2943 1931 3294 2005 Evangelium
3339 1943 3522 2007 optata
3569 1950 3675 1992 vox

2084 2019 2177 2075 illa
2198 2021 2400 2080 mundo
2429 2021 2687 2089 insonuit,
2719 2021 3089 2080 Paenitentiam
3112 2025 3272 2096 agite,
3302 2033 3408 2084 etc.
3453 2027 3672 2098 (Matth.

2083 2113 2192 2186 ιιι).
2249 2113 2316 2170 In
2380 2114 2604 2185 porticu.
2678 2114 2984 2172 Notandum
3042 2126 3225 2172 autem
3275 2118 3330 2172 in
3387 2119 3490 2174 hac
3545 2135 3674 2176 sen-

2083 2207 2254 2263 tentia
2299 2205 2730 2276 Paralipomenis
2775 2208 2918 2276 quod
2961 2208 3149 2263 eadem
3197 2210 3440 2279 porticus
3489 2211 3674 2281 templi

2083 2298 2249 2354 etiam
2276 2297 2602 2353 vestibulum
2625 2296 2808 2368 templi
2839 2306 3086 2354 vocatur.
3136 2299 3288 2355 Unde
3313 2318 3326 2354 :
3355 2299 3504 2356 Inter
3521 2301 3677 2356 vesti-

2083 2389 2263 2443 bulum
2285 2398 2336 2443 et
2359 2387 2527 2444 altare
2561 2387 2870 2460 plorabant;
2915 2389 2969 2445 id
2997 2398 3114 2456 est,
3150 2390 3292 2447 inter
3315 2392 3588 2462 porticum
3615 2404 3673 2449 et

2082 2482 2272 2537 altare.

2153 2597 2318 2653 Vsus.
2348 2596 2439 2652 20.
2460 2627 2531 2638 —
2551 2596 2621 2652 Et
2647 2613 2858 2651 rursum
2888 2597 3041 2669 (Ben.
3072 2597 3163 2653 ubi
3193 2598 3399 2671 supra.)
3431 2598 3674 2667 Quorum

2084 2689 2288 2745 scilicet
2338 2689 2550 2745 factura
2597 2690 2857 2759 perennis
2905 2691 3058 2760 regni
3104 2691 3493 2746 sublimitatem
3533 2692 3676 2747 desi-

2085 2787 2236 2850 gnat,
2267 2787 2400 2845 etc.,
2425 2795 2590 2850 usque
2623 2779 2692 2833 ad
2718 2779 2813 2834 sed
2845 2779 2972 2848 quia
3005 2778 3094 2834 illa
3125 2779 3356 2836 societas
3389 2781 3674 2850 utriusque

2081 2871 2262 2942 populi
2287 2871 2534 2927 ﬁdelibus
2563 2871 2835 2934 tribuitur,
2877 2880 3024 2928 recte
3049 2871 3398 2944 subiungitur
3441 2892 3454 2927 :
3503 2873 3677 2930 Μαιο-

2082 2971 2442 3032 granatorum.
2487 2961 2778 3034 (lo.,ibid.)
2809 2962 2868 3017 ln
2892 2963 3263 3034 malogranato
3305 2974 3476 3021 totam
3507 2965 3676 3037 signi-

2085 3053 2211 3108 ﬁcat
2252 3053 2580 3121 Ecclesium,
2606 3062 2738 3118 etc.,
2771 3071 2932 3126 usque
2954 3056 3022 3109 ad
3059 3063 3114 3110 et
3160 3057 3444 3128 utriusque
3489 3054 3676 3128 populi

2085 3147 2285 3202 electos
2325 3147 2378 3202 in
2419 3164 2522 3202 una
2562 3149 2915 3204 beatitudinis
2941 3164 3066 3205 arce
3100 3149 3382 3222 colligunt.

2010 3224 2057 3287 Ο
2159 3241 2491 3298 Columnam.
2525 3243 2648 3315 (ln.,
2679 3244 2832 3315 ibid.)
2871 3243 3105 3300 Dextera
3135 3243 3385 3300 columna
3423 3245 3676 3302 doctores

2087 3337 2379 3408 primitiva:
2431 3337 2685 3393 Ecclesiae
2721 3337 3013 3408 signiﬁcat,
3049 3347 3180 3405 etc.,
3216 3355 3379 3410 usque
3425 3338 3497 3393 ad
3539 3337 3677 3394 nihil

2087 3428 2364 3484 industriae
2391 3428 2578 3483 saltem
2607 3428 2672 3482 ad
2705 3428 3080 3499 intelligendos
3098 3443 3286 3484 eorum
3314 3427 3511 3498 quibus
3536 3442 3677 3498 pra:-

2086 3519 2178 3574 lati
2211 3529 2337 3575 sunt
2362 3534 2596 3575 errores.

2159 3610 2306 3668 Fecit
2340 3629 2560 3684 quoque.
2593 3610 2716 3682 (lo.,
2745 3611 2897 3681 ibid.)
2930 3611 3043 3666 lloc
3069 3626 3219 3666 mare
3236 3610 3292 3664 in
3318 3608 3546 3681 ﬁguram
3576 3610 3678 3665 ba-

2085 3704 2268 3776 ptismi
2300 3702 2500 3756 factum
2533 3711 2642 3767 est,
2665 3711 2798 3767 etc.,
2826 3719 2987 3774 usque
3011 3703 3081 3756 ad
3112 3717 3236 3758 cum
3265 3702 3408 3757 hunc
3431 3701 3489 3757 in
3514 3701 3674 3759 vinea

2088 3797 2460 3852 laborantibus
2482 3797 2720 3851 dandum
2751 3813 2872 3852 esse
2899 3797 3170 3868 praedixit.

2157 3890 2318 3945 Vnus.
2347 3888 2440 3944 ‘25.
2457 3888 2582 3942 —A
2604 3887 2744 3942 labio
2766 3905 2926 3959 usque
2949 3889 3018 3942 ad
3039 3889 3255 3944 labium.
3273 3888 3410 3958 Quia
3437 3904 3470 3944 a
3494 3890 3674 3961 primo

2086 3978 2365 4049 baptizato
2392 3981 2447 4036 in
2477 3982 2697 4037 nomine
2723 3981 2850 4038 Jesu
2873 3982 3080 4039 Christi
3120 4000 3293 4056 usque
3323 3983 3391 4039 ad
3421 3984 3673 4041 ultimum

2088 4071 2180 4141 qui
2211 4071 2264 4126 in
2297 4071 2402 4128 ﬁne
2431 4073 2614 4129 saeculi
2643 4069 2952 4130 crediturus
2973 4083 3028 4129 et
3051 4075 3408 4146 baptizandus
3430 4087 3534 4142 est,
3559 4092 3677 4132 om-

2089 4163 2174 4220 nis
2201 4165 2439 4221 ﬁdelium
2468 4168 2690 4234 chorus,
2721 4169 2966 4223 eamdem
2997 4169 3244 4223 veritatis
3271 4170 3414 4223 viam
3441 4170 3675 4240 ingredi,

2088 4261 2144 4309 et
2168 4268 2509 4311 communem
2552 4258 2713 4313 debet
2749 4273 2972 4328 sperare
2999 4274 3026 4311 a
3064 4257 3290 4315 Domino
3315 4256 3545 4325 iustitia:
3583 4273 3676 4314 co-

2091 4363 2304 4404 ronam.

2161 4436 2403 4503 Quinque
2431 4439 2745 4494 cubitorum.
2778 4439 2913 4506 Quia
2957 4437 3219 4508 quidquid
3255 4438 3374 4492 visu
3400 4478 3414 4502 ,
3448 4439 3674 4505 auditu,

2092 4545 2269 4604 gustu,
2293 4536 2545 4603 odoratu,
2569 4545 2821 4606 tactuque
2850 4535 3233 4606 delinquimus,
3258 4539 3429 4608 gratia
3462 4539 3553 4593 Dei
3579 4556 3676 4596 no-

2015 4589 2066 4650 n
2091 4625 2174 4679 bis
2205 4640 2300 4694 per
2327 4625 2655 4681 ablutionem
2707 4625 2904 4680 viviﬁci
2947 4625 3114 4681 fontis
3153 4626 3383 4682 relaxat.
3417 4628 3523 4682 Sed
3566 4645 3676 4685 non

2092 4713 2288 4771 suﬁicit
2315 4716 2713 4786 praeteritorum
2746 4715 2996 4771 remissio
3020 4726 3390 4785 peccatorum,
3425 4719 3526 4773 nisi
3555 4720 3680 4789 quis

2092 4805 2347 4877 deinceps
2373 4806 2529 4862 bonis
2577 4806 2792 4862 studeat
2835 4806 3126 4878 operibus;
3165 4806 3401 4878 alioquin
3431 4808 3680 4863 diabolus

2091 4898 2182 4968 qui
2213 4897 2423 4953 exierat
2452 4898 2518 4954 de
2539 4897 2780 4965 homine,
2811 4877 2860 4954 si
2887 4899 3032 4955 hunc
3057 4914 3090 4954 a
3118 4900 3278 4956 bouis
3294 4877 3553 4970 operibus
3581 4916 3679 4955 va-

2098 5004 2226 5046 care
2261 4989 2479 5056 viderit,
2515 4989 2872 5062 multiplicius
2903 4990 3075 5058 redit,
3107 4999 3165 5047 et
3211 4991 3342 5047 facit
3381 4990 3679 5046 novissima

2101 5083 2246 5139 illius
2272 5083 2458 5154 pejora
2483 5082 2792 5154 prioribus;
2825 5083 2966 5139 unde
2995 5081 3246 5138 subditur
3271 5101 3284 5136 :

2171 5194 2241 5249 Et
2269 5193 2516 5249 resticula
2550 5193 2763 5265 triginta
2792 5193 3086 5248 cubitorum
3125 5193 3359 5262 cingebat
3399 5190 3552 5245 illud.
3589 5190 3682 5244 Di-

2101 5287 2326 5359 sciplina
2352 5285 2652 5370 caelestium
2681 5293 3074 5356 praeceptorum
3109 5297 3217 5353 qua
3253 5297 3283 5334 a
3310 5281 3679 5353 voluptatibus

2102 5376 2420 5447 religamur;
2447 5376 2586 5431 unde
2611 5393 2625 5430 :
2653 5373 2946 5429 Funiculus
2968 5371 3158 5443 triplex
3177 5371 3396 5442 difﬁcile
3417 5372 3679 5443 rumpitur

2103 5469 2270 5544 (Eccl.
2296 5471 2394 5541 tv),
2422 5469 2548 5540 quia
2573 5469 2886 5525 observatio
2911 5466 3287 5522 mandatorum
3317 5480 3436 5536 quae
3473 5463 3527 5520 in
3557 5478 3680 5520 corb
3719 5517 3724 5528 ,

2101 5563 2256 5618 dibus
2285 5561 2581 5620 electorum
2609 5561 2737 5627 ﬁde,
2766 5559 3054 5615 dilectione
3072 5599 3087 5624 ,
3113 5571 3209 5628 spe
3236 5571 3484 5627 superare
3511 5556 3678 5612 retri-

2098 5651 2338 5711 butionis
2368 5655 2577 5711 ﬁrmata
2610 5663 2714 5720 est,
2746 5651 2894 5708 nullo
2922 5659 3099 5723 potest
3122 5649 3402 5706 obstaculo
3435 5649 3675 5704 dissolvi.

2101 5747 2372 5802 Resticula
2413 5763 2558 5802 mare
2596 5745 2796 5809 ambit,
2825 5758 2947 5798 cum
2983 5751 3381 5797 sacramentum
3425 5740 3681 5811 baptismi
3781 5779 3802 5796 .

2099 5841 2240 5914 quod
2262 5840 2592 5910 accepimus,
2611 5837 2713 5908 piis
2725 5833 2980 5906 operibus
3001 5832 3213 5890 munire
3233 5832 3526 5889 studemus.
3553 5830 3684 5894 Haec
