4122 6350
436 360 550 421 595
937 345 1331 407 WALAFRIDI
1374 340 1623 410 STRABI
1660 321 1867 395 FULD.
1907 331 2087 391 MON.‘
2115 332 2265 391 OPP.
2304 332 2485 391 PARS
2522 334 2565 389 Ι.
2605 363 2676 375 -—
2712 329 3173 389 THEOLOGICA.
3592 314 3704 383 ’596
3772 281 3785 287 ο

434 476 662 550 triginta
689 472 997 529 cubitorum
1024 476 1130 533 est,
1161 464 1451 537 quinquies
1470 461 1614 517 enim
1648 458 1765 515 seni
1799 454 2018 525 triginta
2042 446 2097 514 Δ
2121 466 2419 522 eorumque
2439 465 2803 516 successores,
2826 448 3125 518 iniunctum
3152 444 3257 503 sibi
3285 441 3562 516 Evangelii
3588 443 3706 502 otii-

435 569 660 641 faciuut.
706 564 935 633 Senario
980 568 1157 616 autem
1204 558 1259 612 iu
1303 572 1409 626 quo
1434 552 1697 609 Dominus
1738 545 2013 603 hominem

433 661 587 728 fecit,
615 637 739 715 cum
768 670 876 711 non
907 660 1075 717 esset,
1100 658 1156 705 et
1189 646 1381 704 refecit
1409 659 1531 700 cum
1566 641 1845 714 periisset,
1870 637 2014 692 bona

433 753 677 827 operatio
706 757 891 807 nostra
921 746 1204 817 ﬁguratur.
1232 742 1300 797 Et
1328 755 1420 795 sex
1444 752 1542 810 per
1567 736 1807 807 quinque
1832 728 2017 787 multi-

432 849 727 925 plicantur,
744 852 805 907 ut
830 843 897 901 ad
920 841 1140 921 triginta
1170 835 1509 907 perveniant,
1530 846 1655 888 cum
1679 840 1869 886 omnes
1894 839 2019 883 cor-

432 940 582 1025 poris
610 923 802 1021 sensus
829 934 1024 991 divinis
1053 931 1448 1003 subiunguntur
1470 923 1737 996 imperiis.

433 1042 439 1047 λ
503 1054 677 1111 Aliter
704 1072 718 1109 :
750 1061 834 1108 ter
863 1050 984 1109 deni
1024 1047 1229 1104 faciunt
1260 1044 1479 1115 triginta
1499 1082 1513 1107 ,
1543 1048 1599 1095 et
1628 1050 1797 1110 genus
1822 1033 2017 1089 buma-

432 1163 563 1229 uum
607 1152 728 1218 post
769 1126 1029 1199 diluvium
1057 1140 1123 1194 de
1145 1134 1403 1209 progenie
1443 1133 1604 1187 trium
1640 1129 1874 1182 ﬁliorum
1902 1122 2016 1179 Noe

432 1217 773 1297 latitudinem
800 1235 967 1290 totius
983 1231 1131 1287 orbis
1154 1227 1413 1299 implevit.
1442 1223 1568 1279 Sem
1592 1221 1790 1292 quippe
1804 1217 2023 1283 Asiam,

432 1336 604 1394 Cham
629 1332 868 1389 Africam
891 1372 905 1395 ,
932 1326 1126 1400 Japhet
1162 1321 1373 1381 soboles
1414 1319 1680 1387 Europam
1726 1316 1779 1368 et
1812 1309 2019 1367 insulas

433 1428 602 1486 maris
627 1423 881 1483 obtinuit.
902 1420 971 1476 Et
996 1418 1122 1490 quia
1146 1411 1399 1485 baptismi
1427 1406 1744 1482 mysterium
1775 1417 1899 1459 cum
1931 1414 2019 1455 ex-

433 1521 710 1580 secutione
737 1518 964 1587 operum
989 1521 1047 1567 et
1067 1525 1163 1581 spe
1192 1504 1498 1575 caelestium
1531 1497 1744 1555 cunctis
1770 1501 1890 1551 erat
1923 1506 2019 1546 na-

435 1613 670 1672 tionibus
691 1605 1127 1667 ministraudum,
1158 1597 1417 1655 resticula
1444 1593 1665 1666 triginta
1686 1587 2015 1649 cubitorum,

432 1720 584 1761 mare
612 1703 667 1758 in
701 1704 807 1770 quo
837 1695 1135 1767 baptismus
1156 1688 1509 1761 ﬁgurabatur,
1537 1679 1805 1752 cingebat.
1834 1675 1941 1731 Sed
1958 1680 2022 1729 et

432 1793 525 1852 hic
557 1766 1075 1856 dicendumgquod
1124 1779 1389 1836 Dominus
1435 1788 1557 1830 cum
1604 1778 1750 1826 esset
1796 1766 2018 1837 triginta

433 1900 702 1944 annorum
732 1880 881 1937 venit
913 1878 979 1934 ad
1006 1874 1361 1946 baptismum,
1394 1869 1485 1939 qui
1516 1864 1773 1937 quoniam
1804 1874 1904 1915 suo
1926 1858 2020 1914 ba-

433 1979 687 2050 ptismate
701 1972 845 2044 quod
863 1966 1186 2025 tricenarius
1198 1959 1409 2030 accepit
1421 1956 1750 2029 baptismum
1771 1959 2022 2006 nostrum

434 2042 794 2131 consecravit,
826 2070 975 2119 recte
1003 2070 1173 2122 mare,
1216 2052 1362 2125 quod
1412 2057 1656 2105 nostrum
1690 2042 2029 2115 baptismum"

434 2156 733 2232 ﬁgurabat,
768 2153 991 2223 triginta
1026 2147 1333 2203 cubitorum
1368 2140 1529 2196 restis
1567 2130 1923 2197 circumibat,
1961 2137 2027 2185 ut

433 2224 833 2323 signiﬁcaretur
856 2243 997 2298 dono
1021 2237 1162 2293 illius
1182 2234 1272 2305 qui
1301 2231 1633 2302 baptismum
1659 2224 1779 2281 sine
1797 2228 2033 2293 peccato.

432 2312 626 2400 subiit,
655 2324 981 2406 baptismum
1015 2326 1175 2384 nobis
1207 2323 1264 2378 in
1289 2335 1415 2377 eum
1453 2312 1805 2374 credentibus
1839 2312 1892 2366 in
1936 2323 2023 2365 re-

431 2429 745 2487 missionem
792 2428 1139 2495 peccatorum
1168 2411 1432 2471 dedicari.

504 2564 571 2619 Et
595 2560 886 2630 sculptura.
910 2554 1046 2609 Cum
1083 2547 1403 2620 praedictum
1441 2543 1551 2607 sit,
1587 2537 1729 2609 quod
1758 2522 2020 2591 resticula

432 2654 652 2725 triginta
681 2622 987 2705 cubitorum
1014 2653 1167 2696 mare
1197 2631 1533 2692 circumierit
1552 2670 1567 2695 ,
1594 2635 1652 2683 et
1684 2640 1830 2681 nunc
1856 2622 2021 2678 adda-

434 2713 535 2801 ιιιῖ
549 2742 691 2816 quod
719 2737 991 2807 sculptura
1022 2733 1137 2787 haec
1164 2726 1353 2784 subter
1380 2720 1580 2776 labiqu
1607 2716 1808 2788 posita,
1830 2713 2018 2767 decem

431 2803 630 2895 cubitis
680 2803 959 2891 ambierit,
1004 2832 1156 2895 patet
1209 2818 1335 2889 quia
1380 2829 1477 2869 vas
1526 2814 1643 2866 erat
1686 2808 1739 2862 in
1799 2803 2018 2859 modum

366 2960 383 2965 -
430 2893 626 3005 phialae
662 2936 961 2997 expansum
984 2893 1039 2973 et
1067 2912 1345 2975 diffusum,
1378 2906 1521 2979 quod
1553 2918 1583 2958 a
1609 2900 1831 2971 triginta
1865 2893 2020 2951 cubi-

432 2991 503 3082 iis
528 2991 790 3080 circuitus
815 3029 951 3086 quos
985 3009 1219 3067 habebat
1252 3006 1309 3059 in
1338 3001 1506 3066 labia,
1531 3009 1704 3067 usque
1733 2993 1802 3047 ad
1827 2991 2017 3045 decem

430 3128 516 3176 est
542 3124 810 3173 coactum.
834 3080 1136 3176 -Sculptura
1165 3105 1343 3153 autem
1375 3092 1625 3150 histriata
1652 3096 1733 3144 est
1769 3099 1891 3156 qua:
1921 3080 2020 3136 ali-

2114 542 2255 598 cium
2282 549 2533 613 prompta
2558 540 2846 596 devotione
2873 537 3118 610 implent.

2183 633 2435 705 Equibus
2481 643 2606 687 tres.
2646 631 2783 699 Quia
2827 630 2883 685 in
2931 628 3205 685 universis
3250 625 3502 697 quadrati
3551 624 3704 683 orbls

2114 727 2358 800 partibus
2404 725 2564 781 ﬁdem
2604 723 2903 796 pradicant
2951 720 3256 777 Trinitatis.
3303 717 3445 774 Hinc
3481 728 3704 789 quoque

2113 821 2340 892 apostoli
2372 819 2678 885 duodecim,
2702 817 2757 873 id
2786 824 2871 872 est
2896 824 3090 886 quater
3116 811 3257 869 terni
3281 820 3410 868 sunt
3427 810 3587 867 electi
3606 852 3623 880 ,
3642 818 3704 868 ut

2115 906 2277 968 ﬁdem
2306 919 2361 968 et
2387 910 2786 966 confessionem
2820 894 3105 963 Trinitatis
3128 920 3229 977 per
3252 910 3489 976 quatuor
3514 901 3705 959 mundi

2114 1002 2301 1075 plagas
2324 1001 2766 1075 evangelizautes
2784 1040 2799 1066 ,
2822 998 3163 1069 baptizarent
3201 1002 3615 1067 omnes-gentes
3646 992 3706 1050 in

2117 1095 2334 1152 nomine
2353 1094 2553 1161 Patris,
2582 1102 2639 1149 et
2662 1091 2807 1157 Filii,
2822 1100 2879 1147 et
2900 1090 3137 1161 Spiritus
3160 1087 3355 1144 sancti.
3384 1086 3627 1154 Quorum
3648 1092 3707 1142 et

2119 1201 2494 1243 successorum
2523 1200 2746 1241 suorum
2771 1182 2965 1247 verba,
2988 1186 3144 1237 actus
3158 1188 3213 1235 et
3240 1177 3525 1249 passiones
3546 1172 3706 1232 facile

2120 1277 2173 1332 in
2211 1276 2464 1347 praisenti
2494 1274 2677 1330 videre
2716 1282 2773 1329 et
2816 1284 3144 1343 cognoscam
3183 1269 3416 1340 legendo
3438 1266 3701 1322 valemus.

2120 1367 2251 1436 Quae
2273 1370 2413 1425 vero”
2430 1366 2551 1423 illos
2580 1367 2634 1422 in
2667 1364 2850 1422 futuro
2876 1372 3094 1422 maneat
3113 1362 3284 1436 gloria
3311 1359 3703 1426 retributionis,

2121 1463 2362 1519 nondum
2391 1463 2574 1518 videre
2602 1473 2907 1535 possumus.

2193 1550 2357 1610 Vsus.
2389 1552 2481 1608 26.
2530 1582 2601 1592 —
2629 1549 2965 1607 Crassitudo.
3011 1548 3177 1618 (Bito.
3211 1546 3301 1602 ubi
3347 1543 3556 1625 supra.)
3600 1542 3706 1611 Qui

2122 1644 2400 1700 lavacrum
2422 1643 2675 1713 baptismi
2691 1641 2759 1697 ad
2777 1640 3005 1697 salutem
3021 1646 3077 1696 et
3088 1638 3256 1695 vitam
3270 1637 3518 1707 suscipit,
3544 1635 3707 1691 ﬁdem

2123 1746 2179 1792 et
2198 1752 2347 1806 spem
2369 1742 2425 1790 et
2440 1734 2762 1790 charitatem
2783 1733 2945 1789 debet
2962 1732 3184 1797 habere,
3198 1728 3529 1800 sinequibus
3547 1740 3709 1784 neruo

2045 1822 2095 1885 Β
2124 1837 2303 1900 potest
2334 1836 2484 1883 recte
2522 1826 2769 1897 operari;
2802 1824 2945 1881 unde
2981 1821 3342 1893 subiungitur,
3370 1816 3703 1874 Grossitudo.

2124 1922 2263 1990 Quia
2296 1921 2493 1975 robore
2537 1919 2700 1983 ﬁdei,
2733 1918 2880 1988 spei,
2915 1925 2972 1973 et
3001 1914 3282 1971 charitatis
3310 1912 3557 1969 munitur
3579 1924 3707 1981 per-

2124 2012 2303 2082 ceptio
2338 2010 2617 2082 baptismi,
2663 2022 2839 2079 neque
2867 2007 3027 2064 aliter
3052 2006 3355 2078 proﬁcuum
3395 2016 3519 2059 esse
3561 2002 3706 2058 acci-

2121 2095 2397 2174 pientibus
2421 2102 2747 2168 ostenditur,
2776 2100 2882 2157 nisi
2900 2099 3094 2155 barum
3114 2099 3382 2154 virtutum
3408 2095 3566 2151 ﬁrma
3590 2108 3710 2151 cer-

2123 2194 2299 2248 titudo
2320 2203 2558 2248 mentem
2586 2191 2967 2262 accipientium
2996 2198 3052 2246 et
3077 2204 3306 2260 corpora
3328 2187 3635 2244 conﬁrmet.

2195 2285 2342 2340 Lilii.
2377 2285 2501 2357 (l0.,
2532 2284 2685 2355 ibid.)
2723 2282 2921 2338 Lilium
2968 2281 3266 2338 comitante
3304 2280 3490 2336 odoris
3535 2278 3721 2352 gratia

2122 2379 2409 2459 candidum
2450 2377 2689 2435 colorem
2735 2376 2900 2444 foris,
2930 2384 3064 2443 etc.,
3101 2391 3266 2446 usque
3303 2374 3374 2430 ad
3404 2373 3550 2430 unde
3582 2373 3711 2428 sub-

2123 2474 2317 2599 dubii
2328 2543 2514 2599 millia
2544 2543 2695 2597 batos
2724 2540 2961 2613 capiebat
2993 2548 3043 2594 et
3071 2539 3178 2594 tria
3204 2536 3400 2604 millia,
3438 2545 3548 2593 etc.
3581 2537 3711 2609 00.,

2123 2638 2276 2711 ibid.)
2300 2638 2465 2694 Batus
2490 2637 2841 2694 Hebraeorum
2867 2649 3121 2692 mensura
3147 2643 3258 2701 est,
3286 2641 3421 2700 etc.,
3448 2649 3613 2704 usque
3639 2632 3712 2687 ad

2122 2732 2366 2801 ejusdem
2388 2731 2538 2802 mgni
2571 2729 2705 2784 facit
2733 2742 2856 2784 esse
2880 2726 3196 2798 participes.

2190 2823 2355 2878 Vsus.
2388 2822 2480 2877 27.
2502 2849 2575 2861 --
2599 2818 2725 2892 (10.,
2755 2818 2912 2890 ibid.)
2941 2817 3085 2873 Mille
3112 2808 3506 2889 pel-fectiouem
3540 2814 3713 2886 signia

2122 2914 2281 2981 ﬁcat,
2308 2915 2434 2985 quia
2462 2912 2748 2969 denarium
2777 2911 3106 2983 quadratum
3146 2907 3380 2966 solidum
3423 2907 3577 2964 facit.
3611 2907 3715 2964 De-

2121 3007 2234 3063 cies
2273 3004 2419 3060 enim
2465 3005 2690 3070 decem,
2722 3010 2941 3059 centum
2971 3000 3210 3068 faciunt,
3247 3015 3369 3072 qua:
3394 3000 3568 3070 ﬁgura
3594 2997 3715 3068 jam

2124 3099 2409 3171 quadrata,
2431 3098 2525 3154 sed
2548 3098 2727 3153 adhuc
2751 3094 2933 3168 plana.
2962 3093 3163 3150 Verum
3192 3102 3254 3149 ut
3285 3093 3340 3148 in
3368 3091 3717 3147 altitudinem

430 3225 568 3286 quas
595 3219 779 3263 rerum
812 3197 1069 3256 ίιίειοτίθε
1090 3193 1355 3286 mitam":
1384 3184 1537 3243 Unde
1575 3196 1675 3253 Ρθτ
2048 3187 2095 3250 C
2127 3198 2313 3265 surgat
2339 3198 2395 3247 et
2414 3189 2585 3246 solida
2614 3185 2900 3254 efficiatur,
2930 3185 3230 3256 multiplica
3252 3194 3471 3241 centum
3492 3198 3593 3255 per
3619 3182 3716 3239 de-

429 3272 709 3361 bistriatas
724 3295 920 3367 quibus
943 3304 1094 3346 mare
1112 3281 1482 3341 circumdatur
1505 3272 1752 3344 exempla
1772 3273 2019 3342 priorum

428 3364 760 3465 temporum
790 3390 1097 3459 signantur,
1143 3392 1266 3450 quae
1302 3373 1461 3431 nobis
1482 3377 1609 3427 sunt
1642 3364 1934 3428 intuenda,
1959 3368 2021 3415 ut

426 3452 708 3543 videamus
731 3452 926 3552 quibus
954 3472 1211 3546 Operibus
1245 3468 1315 3523 ab
1359 3463 1514 3521 initio
1542 3457 1717 3517 sancti
1752 3456 1864 3511 Deo
1895 3452 2019 3525 pla-

429 3585 692 3645 cuerunt,
725 3550 832 3646 qua
860 3565 1230 3627 obstinatione
1265 3558 1437 3630 iniqui
1462 3557 1521 3613 in
1548 3550 1846 3611 sceleribus
1886 3561 2015 3619 per-

432 3642 800 3733 duraveruni,
847 3668 1051 3735 quanta
1089 3654 1407 3714 infelicitate
1450 3646 1666 3720 reprobi
1713 3642 2014 3715 perierunt.

430 3761 713 3833 Quomodo
740 3730 794 3812 in
819 3730 1048 3811 esordio
1074 3747 1350 3805 nascentis
1381 3738 1565 3798 saeculi
1590 3737 1726 3794 Cain
1752 3734 1823 3790 ob
1864 3730 2020 3786 mali-

592 3852 811 3910 invidiae
834 3849 1143 3908 damnatus,
1168 3836 1304 3895 Abel
1327 3833 1550 3906 iustitiae
1572 3828 1773 3885 merito
1790 3838 2018 3882 corona-

433 3960 543 4015 tus,
573 3943 810 4002 Lamech
837 3939 907 3995 ob
949 3933 1274 3991 adulterium
1316 3937 1371 3984 et
1402 3921 1756 3981 homicidium
1795 3914 2019 3973 maledi-

434 4008 575 4106 eius,
600 4035 784 4094 Enoch
814 4032 884 4088 ob
912 4027 1144 4103 gratiam
1168 4020 1387 4096 pietatis
1416 4018 1485 4073 ad
1513 4013 1825 4089 paradisum
1860 4008 2019 4064 redu-

431 4144 574 4199 ctus,
603 4130 771 4186 Cbam
799 4135 919 4196 post
951 4118 1208 4177 diluvium
1235 4115 1305 4169 ob
1328 4111 1664 4183 impietatem
1695 4107 2016 4164 detestatus,

430 4194 571 4283 Sem'
584 4230 640 4279 et
668 4194 864 4290 Japhet
887 4228 985 4285 pro
1005 4207 1264 4277 obsequio
1286 4200 1604 4259 reverentiae
1641 4203 1903 4269 perpetua
1928 4194 2019 4249 be-

429 4284 753 4375 nedictione
780 4284 995 4370 donati,
1024 4301 1301 4357 Abraham
1344 4295 1469 4351 ﬁdei
1513 4292 1710 4349 merito
1742 4290 1919 4347 haeres
1945 4284 2020 4341 di-

428 4411 571 4467 vinae
596 4401 971 4479 promissionis
986 4398 1231 4481 eli'ectus,
1250 4401 1448 4450 caetera
1470 4389 1710 4462 gentium
1733 4382 2020 4441 multitudo

432 4517 533 4576 pro
555 4477 874 4555 inﬁdelitate
908 4491 1118 4547 relicta.
1152 4477 1490 4543 Adveniente
1519 4493 1736 4552 quoque
1762 4477 1819 4532 in
1850 4488 2019 4530 carne

2125 3298 2268 3349 cem,
2296 3291 2354 3338 et
2381 3281 2521 3337 ﬁunt
2546 3280 2716 3335 mille.
2762 3277 2884 3348 Quo
2930 3291 3164 3333 numero
3212 3275 3425 3332 stabilis
3466 3281 3522 3330 et
3563 3272 3717 3330 velut

2123 3377 2389 3449 quadrata
2411 3375 2684 3446 iustorum
2712 3371 3043 3429 conscientia
3081 3371 3345 3443 signatur.
3374 3367 3719 3437 Quocunque

2122 3469 2271 3526 enim
2297 3466 2514 3524 iufertis
2542 3467 2893 3538 quadratum,
2933 3464 3132 3529 stabit,
3162 3463 3249 3519 sic
3270 3462 3487 3517 annuus
3513 3458 3717 3515 electo-

2118 3576 2244 3619 rum
2272 3560 2421 3617 uulla
2457 3559 2759 3616 tentatione
2787 3572 2817 3613 a
2843 3566 2987 3615 statu
3014 3553 3365 3613 rectitudinis
3396 3549 3712 3613 inclinatur.

2197 3652 2267 3708 Et
2288 3651 2431 3724 fecit.
2457 3651 2580 3724 (10.,
2610 3649 2765 3716 ibid.,
2792 3664 2912 3721 cap.
2954 3647 3071 3719 20.)
3103 3635 3393 3702 Multi'ﬁrie
3422 3641 3723 3712 multisque

2122 3746 2300 3804 modis
2347 3744 2536 3802 eadem
2589 3750 2790 3800 nostrae
2834 3741 3024 3797 salutis
3071 3744 3417 3795 sacramenta
3472 3734 3716 3806 ﬁguran-

2124 3832 2249 3905 tur,‘
2271 3846 2403 3904 etc.,
2434 3852 2597 3908 usque
2624 3835 2694 3890 ad
2723 3834 2909 3890 divino
2941 3831 3070 3889 fecit
3097 3843 3286 3887 amore
3308 3826 3640 3884 fervescere.

2194 3928 2319 4003 (10.,
2348 3928 2503 4001 ibid.)
2528 3927 2685 3996 Quod
2712 3926 2780 3982 ad
2795 3924 3092 3995 portandas
3111 3922 3318 3979 lateres
3342 3920 3531 3977 decem
3551 3918 3717 3974 bases

2121 4031 2249 4082 sunt
2280 4020 2440 4077 factae
2462 4061 2477 4085 ,
2502 4027 2636 4087 etc.,
2680 4033 2844 4090 usque
2879 4032 2948 4070 aa
2987 4014 3083 4072 sed
3126 4028 3238 4069 uno
3280 4010 3580 4080 eodemque
3616 4021 3718 4063 no-

2122 4117 2270 4172 mine
2298 4116 2467 4173 Deum
2506 4111 2723 4168 Patrem
2770 4118 2992 4182 propter
3030 4106 3193 4162 unius
3232 4104 3433 4160 donum
3478 4099 3718 4171 Spiritus

2124 4202 2464 4266 invocantes.

2195 4296 2439 4387 Quatuor
2474 4314 2768 4370 cubitorum
2807 4308 3170 4383 longitudinis.
3212 4304 3335 4377 (10.,
3381 4302 3537 4377 ibid.)
3569 4302 3712 4371 Qua-

2123 4421 2404 4468 ternorum
2448 4405 2755 4462 cubitorum
2800 4410 2919 4459 erat
2943 4397 3222 4472 longitudo
3262 4406 3320 4453 et
3352 4394 3585 4452 latitudo
3620 4393 3717 4449 ba—

2125 4503 2289 4564 sium,
2332 4499 2456 4569 quia
2503 4496 2910 4568 prmdicatores,
2961 4491 3077 4547 sive
3124 4486 3353 4543 adversa
3395 4482 3599 4550 mundi,
3660 4490 3716 4536 et

432 4551 683 4656 Domino,
706 4587 888 4643 ludam
908 4598 1007 4655 pro
1027 4579 1251 4651 perﬁdia
1276 4574 1511 4646 repulsa,
1541 4569 1814 4664 gentilitas
1841 4565 2018 4637 gratia
2046 4551 2100 4611 D
2561 4586 2752 4653 enim,
2800 4593 2855 4640 et
2896 4551 3147 4640 imorum
3185 4577 3533 4652 pmwﬁum
3583 4573 3719 4631 foris

433 4686 503 4744 ad
532 4684 759 4741 salutem
786 4680 1031 4741 reducta,
1067 4680 1122 4728 et
1152 4667 1485 4741 huiusmodi,
1525 4680 1646 4735 qua;
1692 4660 1748 4717 in
1792 4667 2021 4727 utroque

433 4781 759 4838 testamento
806 4768 1036 4827 solerter
1087 4760 1427 4819 considerata
1469 4753 1727 4813 studiosis
1770 4756 2018 4833 prosunt.

430 4874 557 4932 Ideo
573 4868 798 4927 forsitan
822 4864 927 4921 duo
942 4864 1068 4915 sunt
1085 4856 1305 4912 ordines
1327 4851 1727 4922 scalpturarum
1742 4843 2023 4901 histriata-

434 4980 556 5023 rum
584 4962 639 5016 in
671 4957 810 5017 mari
846 4964 1029 5018 aeneo,
1070 4959 1132 5003 ut
1162 4947 1253 5016 qui
1276 4944 1424 5000 fonte
1465 4937 1805 5011 baptismatis
1830 4930 2021 4989 imbuti

435 5065 559 5115 sunt
573 5090 594 5121 ,α
610 5052 895 5120 utriusque
926 5038 1240 5099 testamenti
1263 5032 1569 5092 auscultent
1588 5027 1875 5085 historias:
1899 5024 2023 5081 ideo

435 5116 623 5205 decem
652 5116 957 5200 cubitorum
1003 5139 1163 5190 erant
1208 5131 1261 5184 in
1303 5142 1462 5199 gyro,
1491 5131 1552 5178 ut
1584 5133 1936 5193 quoscunque
1964 5116 2020 5171 in

437 5240 646 5297 eisdem
667 5232 910 5291 historiis
934 5229 1144 5285 deditos
1170 5221 1335 5293 iussis
1352 5216 1669 5275 caelestibus
1694 5212 1936 5277 obedire,
1966 5220 2024 5265 et

435 5342 552 5391 tota
584 5328 882 5386 intentione
921 5323 989 5377 ad
1032 5326 1269 5389 superna
1306 5311 1532 5384 praemia
1574 5318 1870 5377 suspensos
1899 5316 2023 5375 pro-

437 5423 734 5499 spexeriut,
761 5416 961 5476 imitari
987 5410 1341 5469 contendant.

509 5541 674 5597 Vsus.
700 5534 792 5591 25.
814 5563 882 5573 ——
904 5528 1214 5585 Duodecim.
1244 5525 1399 5599 (Βευ.
1448 5522 1536 5577 ubi
1564 5517 1768 5600 supra).
1794 5516 2025 5590 Aposto-

438 5635 526 5693 lus
553 5628 934 5702 evangelistas,
964 5623 1075 5677 imo
1100 5636 1289 5675 omnes
1322 5617 1471 5674 verbi
1499 5615 1810 5680 ministros;
1838 5613 1981 5669 unde
2007 5630 2021 5667 :

342 5710 365 5729 ’
442 5724 569 5781 Non
591 5720 831 5795 alligabis
859 5734 915 5773 os
947 5716 1058 5770 bovi
1087 5713 1393 5777 trituranti,
1436 5718 1541 5766 etc.
1581 5707 1635 5781 (Ι
1662 5704 1914 5775 €07.13).
1958 5704 2021 5760 Hi

442 5830 597 5874 mare
659 5810 761 5869 sibi
809 5798 1283 5881 superimpositum
1334 5812 1582 5875 portant,
1627 5819 1749 5860 cum
1797 5798 2025 5873 apostoli

2127 4683 2374 4745 tolerent,
2414 4680 2530 4737 sive
2570 4693 2666 4733 cor
2711 4678 2765 4732 in
2808 4674 3101 4731 dilectione
3128 4671 3224 4728 Dei
3265 4678 3323 4727 et
3360 4665 3594 4740 proximi
3631 4664 3719 4721 in-

2125 4784 2280 4832 terna
2335 4769 2695 4827 exsultatione
2744 4766 2991 4831 dilateut,
3041 4779 3258 4834 semper
3281 4758 3576 4817 virtutibus
3596 4759 3733 4812 stu-1

2127 4868 2278 4932 dent,
2318 4864 2619 4936 prudenter
2657 4858 2865 4916 scilicet
2900 4857 3045 4913 inter
3080 4858 3221 4913 bona
3247 4862 3313 4911 et
3338 4851 3486 4908 maia
3512 4850 3721 4908 discer-

2126 4964 2337 5023 n'entes,
2364 4950 2577 5011 fortiter
2605 4950 2831 5006 adversa
2860 4948 3211 5013 sustinentes,
3254 4958 3352 5001 cor
3376 4944 3450 5000 ab
3474 4941 3718 5014 appetitu

2127 5050 2466 5121 voluptatum
2494 5050 2881 5117 temperantes,
2906 5040 3175 5113 justitiam
3207 5038 3263 5093 i0
3289 5032 3614 5107 operatione
3638 5040 3721 5089 te-

2130 5153 2349 5200 nentes.
2784 5158 2791 5169 -
3096 5150 3103 5159 ·
3336 5146 3365 5151 -·

2199 5235 2366 5293 Vens.
2411 5230 2505 5288 28.
2533 5254 2607 5271 --
2634 5224 2705 5281 Et
2744 5226 2915 5297 ipsum
2942 5237 3073 5294 opus
3110 5218 3338 5273 basium.
3390 5213 3613 5271 Tum
3649 5228 3717 5268 ex

2130 5332 2327 5405 quibus
2350 5327 2515 5383 bases
2536 5322 2692 5379 factae
2722 5327 2875 5384 sunt,
2916 5315 3194 5388 quadrata
3217 5311 3477 5378 ﬁlerunt,
3512 5308 3569 5364 in
3598 5306 3719 5377 qui-

2129 5399 2233 5483 bus
2262 5418 2509 5477 formulae
2538 5412 2780 5473 rotunda:
2806 5416 2981 5477 erant,
3012 5422 3132 5481 qua:
3164 5402 3437 5463 coronuhe
3467 5401 3585 5458 sive
3602 5399 3719 5471 ple-

2125 5514 2231 5572 c’tae
2256 5510 2615 5585 appellantur,
2650 5505 2707 5562 in
2731 5517 2960 5575 quarum
2984 5500 3164 5557 medio
3182 5497 3451 5555 celatura!
3476 5492 3712 5555 leonum,

2126 5615 2233 5662 etc.

2202 5699 2367 5754 Vsus.
2394 5694 2486 5752 29.
2512 5727 2582 5737 -—
2606 5692 2753 5747 Inter
2777 5697 2825 5744 et
2850 5685 3129 5743 coronatas
3151 5691 3201 5738 et
3224 5680 3443 5751 plectat,
3466 5676 3639 5732 [meo
3664 5682 3713 5726 et

2129 5800 2277 5854 bores
2302 5803 2351 5849 at
2381 5792 2663 5848 cherubim.
2690 5786 2813 5853 (l0.,
2848 5780 3000 5849 ibid.)
3031 5777 3146 5834 Non
3176 5782 3297 5833 erat
3318 5772 3480 5846 plana
3516 5766 3622 5824 ulla
3644 5780 3711 5822 ex
