4122 6350
407 425 510 487 897

1379 424 1648 487 GLOSSA
1685 428 2082 490 0RDINAR1A.
2122 463 2195 476 --
2230 432 2359 531 L18.
2400 432 2465 493 ΠΙ
2500 432 2659 495 REG.

3565 446 3671 512 598

403 552 563 622 pane
605 536 924 612 superﬁcies
968 538 1175 597 basium
1204 583 1221 609 ,
1260 549 1365 598 etc.
1398 584 1413 609 ,
1442 560 1607 616 usque
1632 546 1701 601 ad
1742 548 1881 603 unde
1904 546 1995 604 hic
2021 554 2069 616 Α
2099 548 2335 605 fructum
2361 551 2563 609 debent
2592 560 2754 609 rectae
2781 555 3113 624 operationis
3136 559 3443 631 ostendere,
3466 564 3669 639 singnl

405 641 623 708 quoque
646 639 769 702 post
786 630 1097 700 “sculpturas
1124 631 1401 689 cherubim
1428 634 1565 690 bene
1583 635 1890 708 adiungitur
1920 653 1935 691 ε

2088 640 2293 698 luteres
2313 642 2367 698 in
2385 643 2584 714 quibus
2602 644 2916 703 holocausta
2937 647 3274 716 lavabantur,
3308 656 3666 728 quadraginta

477 720 550 778 Et
576 722 773 778 subter
816 720 1012 776 tenues.
1050 712 1193 790 Quia
1234 724 1483 781 doctores
1520 726 1659 781 etin
1701 727 1991 784 severitate
2085 734 2241 793 batos
2265 712 2573 809 capidb'ant.
3232 748 3241 755 ’

408 813 763 874 districtionis
788 826 893 882 qua
936 822 1251 884 peccatores
1268 815 1534 887 judicent,
1580 827 1636 875 et
1676 830 1986 879 mansuetu-

410 910 533 969 dine
568 906 808 965 lenitatis
851 922 957 977 qua
1001 908 1386 978 paenitentibus
1432 912 1746 979 remittunt,
1797 914 1988 971 timent

400 999 671 1072 judicium
684 999 816 1069 .Dei,
843 1014 913 1055 ne
940 998 1137 1069 injuste
1168 1001 1385 1073 ligando
1420 1014 1581 1075 atque
1608 1005 1866 1063 solvendo
1902 1007 1986 1079 ju-

405 1099 491 1149 sto
515 1091 751 1162 ligantur
778 1092 849 1151 ab
869 1106 937 1149 eo
966 1090 1119 1161 cujus
1152 1096 1341 1165 nequit
1367 1111 1554 1151 errare
1571 1095 1858 1166 judicium.

475 1185 642 1245 Vens.
662 1181 1146 1257 50.——thuatuor
1167 1198 1314 1243 rotaz.
1338 1188 1526 1259 (BEDA,
1556 1191 1712 1263 ibid.)
1742 1195 1986 1261 Quatuor

404 1274 991 1348 Evangeliorumlibri,
1031 1286 1161 1344 etc.,
1189 1297 1350 1350 usque
1372 1281 1441 1335 ad
1478 1297 1573 1338 eos
1600 1284 1671 1339 ab
1698 1284 1820 1342 imis
1859 1303 1983 1345 sus-

400 1367 603 1427 tollant
621 1376 677 1425 et
716 1367 863 1423 velut
888 1369 1145 1433 immissis
1164 1371 1301 1429 rotis
1327 1386 1456 1428 axes
1477 1388 1506 1427 a
1538 1381 1684 1430 terra
1718 1375 1888 1434 basim
1910 1379 1983 1435 al-

403 1458 515 1516 tius
539 1442 838 1516 sublevant.
1674 1520 1679 1525 ,

417 1577 435 1613 ξ
476 1549 777 1607 Humeruii.
803 1550 930 1620 (11).,
956 1553 1110 1627 ibid.)
1156 1554 1263 1622 Qui
1290 1558 1426 1614 rotis
1453 1563 1772 1630 antepositis
1815 1580 1885 1620 ne
1912 1566 1981 1621 ab

400 1656 505 1703 axe
533 1641 697 1701 dilabi
718 1652 937 1714 possunt
984 1646 1338 1716 obsistebant,
1380 1653 1647 1719 praeconia
1686 1662 1816 1710 sunt
1856 1671 1982 1726 pro-

396 1732 707 1804 phetarum,
734 1734 936 1821 quibus
954 1738 1263 1809 evangeliea
1284 1749 1338 1796 et
1356 1743 1652 1812 apostolica
1677 1744 1979 1817 Scriptura,

397 1839 467 1879 ne
480 1825 569 1881 cui
580 1823 875 1897 legentium
891 1827 944 1881 in
962 1828 1181 1883 dubium
1196 1833 1396 1900 veniat,
1409 1836 1789 1906 confirmatur;
1807 1841 1977 1896 unde:

2158 826 2409 902 Eratque.
2441 832 2567 904 (13.,
2597 832 2747 906 ibid).
2777 832 2931 903 Quod
2957 839 3324 909 supradictum
3353 852 3436 899 est
3467 863 3481 899 :
3521 847 3665 916 pari;

2087 930 2267 992 terque
2293 923 2516 979 habebat
2534 941 2698 981 unum
2729 927 2961 985 cubitum
2985 940 3034 986 et
3061 932 3360 1001 dimidium,
3394 946 3449 992 et
3482 946 3662 995 utrum

2085 1009 2159 1066 ibi
2182 1010 2587 1082 amplitudinem
2611 1028 2679 1072 an
2704 1016 3037 1075 altitudinem
3057 1023 3404 1094 signiﬁcaret,
3440 1043 3547 1084 non
3571 1032 3665 1084 ad-

2078 1100 2210 1173 jecit
2243 1123 2256 1158 :
2283 1106 2496 1161 videtur
2514 1110 2658 1179 quod
2681 1109 2906 1167 fundum
2931 1114 3102 1184 ipsius
3124 1115 3313 1173 luteris
3362 1119 3521 1192 hujus
3542 1136 3664 1177 esse

2084 1193 2456 1265 amplitudinis
2500 1196 2735 1254 voluerit
2782 1200 3049 1275 intelligi,
3104 1208 3245 1275 quod
3294 1221 3357 1262 ex
3412 1224 3664 1265 mensura

2083 1283 2231 1340 basis
2268 1285 2322 1339 in
2359 1301 2463 1356 qua
2488 1288 2698 1357 positus
2746 1300 2865 1346 erat
2910 1294 3138 1365 quisque
3196 1296 3360 1365 luter,
3411 1298 3665 1357 facillime

2083 1371 2386 1444 conjicitur,
2415 1376 2558 1447 quod
2610 1378 2684 1433 ita
2736 1380 3095 1439 describitur:
3127 1385 3194 1442 In
3244 1391 3541 1447 summitate
3570 1409 3666 1447 au-

2083 1472 2185 1518 tem
2224 1464 2364 1520 basis
2409 1477 2524 1522 erat
2560 1471 2806 1539 quaedam
2843 1472 3138 1532 rotunditas
3188 1479 3344 1536 unius
3372 1491 3420 1536 et
3456 1482 3665 1538 dimidii

2082 1554 2261 1622 cubiti,
2314 1557 2389 1611 ita
2434 1559 2731 1631 fabrefacta
2785 1573 2841 1618 ut
2884 1564 3023 1645 inter
3075 1570 3432 1640 superimponi
3467 1558 3659 1644 posset.

2080 1643 2337 1704 Latitudo
2365 1664 2494 1720 ergo
2530 1651 2680 1709 fundi
2702 1653 2757 1710 in
2780 1643 3046 1713 luteribus
3063 1659 3224 1715 unius
3259 1670 3380 1716 erat
3400 1664 3570 1719 cubiti
3608 1674 3663 1719 et

2080 1737 2306 1794 dimidii.
2335 1740 2453 1811 Ipsa
2482 1758 2613 1799 vero
2640 1746 2912 1816 capacitas
2956 1747 3189 1805 luterum
3233 1763 3467 1822 quatuor
3498 1755 3653 1811 habe-

2082 1830 2177 1886 bat
2209 1833 2441 1903 cubitos,
2466 1838 2561 1892 sed
2585 1846 2765 1894 utrum
2792 1840 2845 1895 in
2872 1840 3179 1909 altitudine,
3210 1860 3279 1899 an
3308 1846 3362 1901 in
3403 1846 3652 1919 amplitu-

397 1913 979 1986 Habemus'ﬁrutiorem
1003 1921 1361 1992 propheticum
1380 1938 1693 1992 renuntiem,
1733 1930 1819 1991 cui
1847 1930 1973 1986 bene
2001 1908 2051 1975 Β
2075 1921 2224 1989 dine,
2282 1941 2351 1981 an
2390 1928 2446 1983 in
2470 1936 2724 2002 utroque,
2758 1932 2902 1990 dicat
2921 1937 3014 2006 qui
3044 1939 3277 1993 noverit.

396 2004 572 2075 facitis
592 2009 938 2079 euadentes,
960 2020 1069 2069 etc.
1093 2014 1113 2086 (
1137 2012 1199 2069 11
1241 2014 1359 2072 Pet.
1402 2019 1471 2103 ι).
1506 2017 1659 2079 Unde
1683 2029 1740 2079 et
1768 2021 1982 2080 Marcus

394 2097 475 2154 ait
503 2116 518 2153 :
549 2097 770 2156 Initium
797 2099 1075 2175 Evangelii
1104 2104 1234 2162 Filii
1259 2106 1360 2165 Dei
1393 2097 1525 2165 sicut
1551 2113 1805 2182 scriptum
1829 2124 1904 2168 est
1927 2115 1982 2170 in

396 2188 544 2249 Isaia
564 2193 855 2265 propheta;
881 2203 939 2251 et
964 2195 1247 2257 Matthzeus
1282 2217 1296 2253 :
1330 2198 1442 2256 Hoc
1478 2212 1654 2259 autem
1692 2212 1862 2263 totum
1897 2204 1981 2274 fa-

397 2292 541 2347 ctum
582 2292 697 2351 est,
742 2295 799 2341 ut
853 2287 1228 2359 adimpleretur
1284 2289 1558 2364 Scriptura
1607 2296 1980 2367 prophetarum

399 2373 568 2449 (Har.
596 2392 652 2445 1;
684 2375 876 2433 Matth.
908 2381 1079 2452 xxv1).

468 2463 689 2525 Contra.
721 2468 843 2538 (11).,
875 2470 1027 2543 ibid.)
1059 2472 1196 2539 Quia
1216 2475 1396 2530 omnis
1425 2473 1707 2547 Scriptura
1741 2480 1976 2551 prophe-

395 2556 502 2615 tica
525 2557 629 2614 sibi
655 2567 741 2616 est
766 2570 1128 2619 consentanea
1158 2604 1178 2631 ,
1217 2564 1360 2621 sicut
1384 2582 1495 2623 uno
1520 2568 1713 2639 spiritu
1726 2559 1974 2631 condita.

395 2649 639 2718 Quatuor
679 2661 862 2711 autem
910 2654 1060 2713 fuere
1101 2671 1199 2727 per
1221 2657 1381 2715 bases
1421 2659 1662 2731 singulas
1708 2663 1977 2722 humeruli

388 2739 545 2812 juxta
568 2742 779 2802 scilicet
807 2762 1091 2805 numerum
1121 2757 1383 2816 rotamm,
1407 2766 1515 2807 non
1559 2751 1702 2822 quod
1742 2760 1977 2824 quatuor

394 2835 504 2900 sint
535 2844 745 2893 tantum
788 2837 910 2895 libri
942 2840 1264 2910 pmphetici,
1308 2843 1401 2899 sed
1448 2844 1631 2903 omnia
1660 2859 1782 2915 quae
1808 2845 1976 2902 locuti

395 2934 524 2985 sunt
548 2928 825 2999 prophetat
852 2939 1087 3000 quatuor
1102 2931 1410 3004 Evangeliis
1433 2935 1803 2995 testimonium
1832 2952 1974 3008 prte-

398 3020 587 3087 lmere,
632 3030 696 3076 ut
728 3037 797 3077 ex
822 3037 1086 3079 consensu
1109 3026 1391 3096 utriusque
1420 3026 1751 3085 Testamenti
1779 3045 1886 3087 una
1910 3030 1977 3088 i1-

396 3110 535 3175 lides
576 3120 633 3170 et
681 3112 899 3173 dilectio
939 3114 1140 3177 Christi
1172 3127 1359 3176 nostra
1396 3121 1637 3185 omnium
1681 3124 1843 3180 corda
1884 3125 1976 3181 tir-

396 3218 483 3261 ma
491 3212 594 3261 ret.
1208 3258 1217 3267 .

465 3293 629 3352 Vens.
676 3294 767 3354 51.
807 3329 875 3338 -—
905 3298 1082 3359 Unum
1112 3302 1364 3361 cubitum.
1390 3303 1513 3377 (11).,
1544 3305 1697 3379 ibid.)
1742 3306 1973 3378 Propter

391 3386 804 3461 perfectionem,
841 3402 946 3449 etc.
972 3435 988 3463 ,
1021 3411 1183 3468 usque
1214 3396 1284 3451 ad
1313 3397 1453 3454 unde
1476 3416 1495 3453 :
1520 3397 1607 3455 Ea:
1645 3409 1794 3472 parte
1832 3402 1971 3457 enim

393 3483 772 3569 cognoscimus,
799 3494 848 3541 et
884 3502 957 3547 ea:
988 3497 1137 3558 parte
1176 3491 1546 3562 prophetatum
1570 3534 1587 3561 ,
1626 3501 1735 3550 etc.
1760 3493 1813 3565 (Ι
1842 3492 1970 3550 Cor.

394 3572 547 3645 χιιι).

464 3665 663 3725 Media.
693 3651 835 3727 ﬁicit
870 3671 1113 3751 tabulam
1152 3675 1507 3747 superiorem,
1536 3693 1657 3751 qua:
1687 3680 1826 3736 sicut
1854 3680 1974 3738 aliae

391 3748 652 3832 quadrata
681 3764 801 3819 erat
823 3748 1182 3843 similiterque
1225 3768 1457 3842 sculpta,
1487 3748 1634 3827 et'in
1664 3773 1974 3831 summitate

393 3842 478 3934 sui
506 3852 742 3912 habebat
767 3856 1153 3914 rotunditatem
1182 3854 1342 3917 unius
1371 3869 1426 3918 et
1444 3861 1651 3919 dimidii
1675 3863 1843 3920 cubiti
1870 3906 1885 3934 ,
1917 3866 1967 3923 in

394 3931 505 4014 qua
528 3944 671 4002 luter
698 3949 1023 4019 penebatur.

463 4036 626 4094 Vens.
646 4038 737 4097 57.
759 4068 831 4082 --
849 4039 919 4117 In
936 4040 1075 4099 hunc
1094 4041 1308 4098 modum
1348 4042 1471 4113 fecit
1497 4044 1673 4102 decem
1696 4047 1867 4115 bases,
1880 4044 1973 4121 fu-

388 4118 517 4183 ξυνα
543 4144 672 4195 una,
692 4136 741 4185 et
760 4146 1027 4198 mensura,
1053 4130 1444 4208 scitlpturaque,
1470 4144 1575 4193 etc.
1608 4136 1785 4211 (ΒΜ).⁹
1816 4118 1969 4215 ibid.)

392 4219 573 4289 Quare
593 4223 777 4280 decem
800 4222 957 4282 bases
979 4224 1089 4282 sint
1109 4224 1263 4284 l‘actzc
1285 4236 1341 4284 et
1364 4229 1588 4286 totidem
1610 4230 1812 4290 luteres
1844 4250 1943 4305 sup
1962 4265 1971 4276 -

389 4310 797 4401 positi,dictum
824 4323 906 4372 est
955 4331 1155 4388 supra;
1190 4317 1333 4389 quod
1363 4332 1492 4376 vero
1532 4336 1639 4378 una
1660 4332 1779 4401 erat
1821 4341 1973 4382 men-

2154 2016 2275 2089 (ln.,
2302 2019 2455 2093 ibid.)
2506 2021 2735 2095 Propter
2778 2034 3013 2098 quatuor
3054 2029 3347 2105 Evangelia
3377 2034 3431 2089 in
3465 2037 3661 2106 quibus

2081 2109 2263 2167 forma
2285 2114 2540 2187 baptismi
2566 2117 2653 2175 vel
2671 2120 2980 2179 cardinales
3002 2123 3233 2181 virtutes
3270 2128 3467 2197 quibus
3490 2130 3665 2191 bapti-

2081 2203 2190 2257 zati
2220 2204 2419 2262 debent
2439 2207 2675 2277 institui,
2704 2210 2792 2265 vel
2816 2220 3042 2284 propter
3071 2225 3308 2286 quatuor
3332 2212 3520 2275 mundi
3548 2220 3663 2291 pla-

2080 2308 2179 2367 gas
2207 2297 2405 2373 quibus
2440 2300 2712 2372 baptisma
2733 2304 3095 2362 ministratur.

2086 2400 2095 2409 ’
2150 2408 2316 2466 Vnus.
2346 2408 2437 2467 39.
2466 2442 2537 2452 —
2562 2411 2633 2469 Et
2682 2416 2955 2473 constituit
3007 2419 3182 2477 decem
3226 2425 3393 2491 bases,
3439 2425 3664 2498 quinque

2079 2499 2150 2553 ad
2173 2499 2441 2557 dexteram
2464 2514 2668 2574 partem
2696 2505 2896 2578 templi,
2920 2518 2969 2563 et
2997 2510 3224 2582 quinque
3272 2515 3342 2567 ad
3366 2514 3661 2573 sinistram.

2080 2588 2203 2669 (11).,
2232 2590 2385 2663 ibid.)
2416 2590 2523 2649 Sed
2558 2594 2831 2679 dexteram
2860 2607 3067 2668 partem
3098 2602 3283 2672 templi
3308 2610 3363 2658 et
3387 2604 3667 2664 sinistram

2079 2697 2186 2737 non
2214 2683 2358 2739 intus
2398 2682 2454 2740 in
2494 2685 2612 2756 ipso
2650 2687 2866 2763 templo,
2903 2699 3037 2758 etc.,
3068 2709 3229 2765 usque
3260 2696 3329 2749 ad
3362 2704 3420 2752 et
3448 2695 3668 2777 ﬂamma

2081 2773 2279 2829 divinae
2307 2770 2593 2833 ch‘aritatis
2632 2776 2809 2833 aliena
2848 2796 2972 2836 esse
3003 2783 3310 2840 considero.

2151 2863 2301 2920 Mare
2329 2878 2504 2922 autem
2526 2871 2701 2940 posuit
2731 2869 2800 2927 ad
2818 2871 3086 2929 dexteram
3104 2884 3305 2945 partem
3335 2878 3533 2950 templi,
3555 2889 3661 2938 etc.

2077 2952 2377 3031 (11).,,ibid.)
2424 2959 2493 3015 Et
2523 2962 2578 3016 in
2620 2962 2725 3018 hoc
2772 2963 2962 3018 eodem
3007 2964 3168 3031 atrio,
3214 2977 3347 3033 etc.,
3385 2986 3545 3042 usque
3595 2973 3665 3029 ad

2075 3062 2177 3120 per
2212 3065 2376 3121 quam
2417 3051 2607 3108 eadem
2663 3052 2880 3109 dilectio
2926 3052 3245 3112 diifunditur
3303 3057 3360 3115 in
3412 3059 3666 3119 cordibus

2076 3140 2303 3196 nostris.
2600 3140 2609 3149 '

2000 3272 2049 3342 α
2151 3248 2316 3307 Vens.
2342 3252 2433 3309 46.
2460 3253 2807 3314 --Jordauis
2851 3258 2991 3330 fudit
3031 3277 3094 3317 ea
3125 3278 3216 3321 rea:
3249 3264 3324 3320 in.
3358 3265 3482 3339 (11).,
3502 3234 3663 3343 ibid.)

2074 3346 2133 3407 In
2161 3363 2270 3419 quo
2297 3350 2557 3409 Dominus
2571 3360 2757 3410 noster
2783 3356 3092 3428 baptizatus
3121 3368 3226 3430 at,
3248 3370 3385 3431 etc.,
3408 3381 3575 3438 tuque

2071 3455 2173 3511 per
2195 3447 2363 3496 totam
2405 3443 2593 3501 mundi
2619 3443 2959 3507 latitudinem
2986 3450 3250 3522 inqaievit.

2074 3582 2087 3593 -
2144 3552 2408 3625 Argillosa
2435 3564 2597 3611 terra.
2622 3556 2746 3630 (11).,
2772 3559 2927 3628 ibid.,
2961 3577 3082 3635 cap.
3104 3564 3220 3637 Si.)
3249 3564 3329 3625 De
3364 3584 3473 3642 qua
3508 3570 3664 3628 ναίω

2072 3654 2207 3702 sunt
2220 3645 2409 3703 formas
2426 3648 2496 3705 ad
2512 3647 2787 3708 fundenda
2804 3667 2937 3711 vasa
2966 3654 3284 3728 Scriptum,
3322 3668 3453 3730 etc.,
3496 3678 3663 3737 usque

2071 3736 2143 3795 od
2178 3744 2240 3792 ut
2268 3737 2337 3793 ad
2354 3739 2577 3809 praemia
2596 3754 2787 3798 eorum
2811 3742 2951 3801 bene
2968 3751 3239 3806 currendo
3260 3736 3659 3821 perveniamus;

2076 3880 2085 3887 -
2144 3850 2309 3908 Vnus.
2356 3850 2447 3909 48.
2511 3882 2581 3894 -
2627 3851 2877 3928 Fecitque
2925 3856 3176 3917 Salomon
3217 3864 3395 3951 omnia
3443 3883 3571 3922 uasa
3604 3868 3663 3923 in

2073 3941 2250 4010 domo,
2278 3946 2382 4000 etc.
2427 3943 2550 4017 (11).,
2589 3943 2746 4019 ibid.)
2777 3944 3038 4020 Superius
3064 3951 3206 4008 dixit
3244 3946 3430 4011 Hiram
3463 3955 3662 4020 fecisse

2074 4024 2353 4090 Salomoni
2408 4036 2590 4092 omnia
2644 4051 2790 4104 vasa,
2857 4054 3000 4095 nunc
3052 4038 3333 4114 Scriptura
3386 4046 3663 4123 subiungit

2070 4128 2261 4185 eadem
2318 4128 2514 4187 fecisse
2564 4129 2934 4190 Salomonem.
2967 4133 3225 4195 Salomon
3248 4139 3393 4195 enim
3429 4139 3559 4198 fecit
3580 4143 3660 4199 di-

2073 4218 2292 4285 utando,
2325 4218 2511 4275 Hiram
2544 4222 2842 4293 operando.

2144 4274 2341 4368 Aitarer
2371 4274 2610 4370 aureum:
2626 4274 2641 4277 ἡ
2654 4274 2968 4387 ξᾞιῖῖὲὁὶά.
2996 4317 3017 4389 )
3076 4316 3252 4376 Corda
3290 4274 3656 4391 perfectorum

390 4390 519 4457 sura
584 4403 966 4478 sculpturaque
1011 4408 1305 4466 consimilis
1342 4412 1584 4469 omnium
1624 4390 1837 4473 basium
1888 4419 1972 4476 νει
2072 4404 2304 4461 internae
2329 4406 2613 4464 charitatis
2652 4418 2709 4464 et
2740 4410 3005 4467 castitatis
3035 4411 3155 4495 luce
3181 4426 3488 4487 coruscant,
3520 4428 3652 4489 etc.,

389 4489 650 4562 ιιιιεωω,
698 4512 915 4571 ηουήθει
972 4497 1366 4571 signiﬁcatione
1416 4499 1617 4559 factum
1666 4514 1771 4576 est,
1825 4508 1969 4579 quod
2066 4505 2237 4569 usque
2260 4498 2330 4552 ad
2362 4499 2456 4555 sed
2496 4498 2831 4557 solummodo
2876 4490 3240 4574 lacryma‘rum
3305 4515 3361 4562 et
3393 4510 3656 4568 orationis

393 4584 623 4656 aqualis
644 4588 853 4658 possint
876 4604 996 4646 esse
1030 4592 1271 4653 omnium
1299 4594 1493 4650 merita
1516 4596 1798 4654 doctorum
1825 4617 1843 4667 ;
1872 4601 1969 4657 sed

2075 4585 2124 4641 ei
2154 4596 2275 4642 vota
2306 4603 2405 4659 pro
2434 4589 2705 4647 desiderio
2726 4591 2876 4663 regni
2908 4592 3144 4652 caelestis
3172 4594 3423 4654 offerunt.

390 4677 517 4749 quia
556 4678 637 4735 eis
664 4686 748 4736 est
782 4697 888 4737 una
937 4679 1071 4738 ﬁdes
1110 4680 1407 4756 Evangelii,
1449 4701 1556 4757 qua
1603 4688 1964 4761 instruuntur,

390 4783 558 4825 unum
599 4780 997 4828 sacramentum
1026 4771 1277 4845 baptismi
1326 4791 1435 4847 quo
1472 4778 1786 4848 abluuntur,
1826 4799 1965 4840 unus

389 4852 640 4934 idemque
687 4860 921 4935 Spiritus
949 4878 1055 4935 quo
1096 4880 1283 4923 omnes
1322 4883 1733 4939 consecrantur,
1775 4887 1969 4945 quam-

388 4950 472 5007 vis
497 4950 734 5010 habeant
751 4952 993 5010 diversas
1021 4955 1338 5014 donationes
1365 4958 1418 5014 in
1466 4958 1584 5033 ipso
1616 4960 1845 5033 Spiritu,
1873 4966 1967 5038 qui

390 5041 582 5105 dividit
621 5044 848 5118 singulis
868 5054 1031 5121 prout
1052 5046 1184 5102 vult.

390 5144 397 5149 '
456 5129 623 5191 Vnus.
678 5134 768 5193 '58.
807 5167 877 5176 —
919 5135 1283 5209 Quadraginta
1345 5139 1491 5196 batos
1542 5146 1776 5216 capiebat
1831 5147 1970 5205 tuter

389 5218 549 5293 unus,
575 5233 680 5282 otc.
708 5222 830 5300 (11).,
854 5225 982 5300 ibid)
1006 5226 1373 5302 Quadraginta
1399 5250 1651 5305 magnam
1673 5238 1972 5310 perfectio-

388 5326 516 5371 nem
536 5315 825 5388 signiﬁcat,
848 5319 973 5389 quia
992 5328 1183 5389 quater
1196 5322 1318 5379 deni
1349 5324 1556 5382 faciunt
1589 5330 1969 5404 quadraginta,

389 5402 577 5463 decem
608 5417 789 5464 autem
824 5418 947 5463 sunt
993 5421 1262 5483 praecepta
1313 5416 1508 5489 quibus
1556 5428 1744 5476 nostra
1791 5402 1973 5481 omnis

365 5502 632 5581 'Operatio
648 5500 868 5572 praeﬁxa
886 5501 1047 5558 estin
1077 5501 1191 5575 lege
1217 5503 1331 5559 Dei.
1364 5505 1608 5575 Quatuor
1630 5527 1760 5568 vero
1784 5512 1965 5571 Evan-

389 5590 652 5663 geliorum
674 5589 824 5659 libri,
850 5592 905 5647 in
933 5593 1126 5664 quibus
1159 5610 1254 5666 per
1290 5596 1745 5668 dispensationem
1779 5606 1965 5662 Domi-

390 5686 527 5742 nicae
548 5686 956 5755 incarnationis,
984 5689 1217 5747 ccclesiis
1236 5695 1426 5764 patria:
1466 5698 1622 5755 nobis
1663 5699 1967 5772 patefactus

391 5784 480 5832 est
508 5778 790 5849 introitus,
836 5793 892 5838 et
922 5784 1046 5855 quia
1074 5800 1262 5843 omnes
1284 5784 1375 5860 qui
1393 5789 1459 5843 ad
1503 5793 1819 5863 mysterium
1870 5794 1967 5859 ba:

362 5869 578 5949 ,μίεωί
598 5878 889 5949 pertinent,
920 5894 1042 5937 cum
1069 5879 1173 5939 ﬁde
1200 5888 1254 5938 et
1286 5883 1641 5943 sacramentis
1662 5885 1966 5960 Evangelii,

2144 4677 2269 4751 (11).,
2288 4679 2417 4735 ibid.
2440 4694 2559 4751 cap.
2580 4679 2697 4755 22.)
2718 4680 2904 4739 Altare
2923 4683 3291 4757 thymiamatis
3309 4686 3483 4749 Moses
3502 4690 3652 4760 fecit,

2072 4776 2206 4837 etc.,
2248 4786 2412 4842 usque
2452 4770 2533 4853 uti
2548 4772 2694 4830 unde
2734 4773 2830 4849 qui
2857 4774 2914 4831 in
2948 4776 3109 4833 vinea
3162 4781 3341 4852 magni
3399 4783 3651 4853 patrisfa-

2072 4859 2259 4918 milias
2282 4850 2552 4929 laborant',
2584 4862 2810 4920 denario
2830 4874 3206 4925 numerantur.

2147 4950 2406 5008 Mensam.
2434 4950 2559 5026 (1a.,
2577 4950 2736 5027 ibid.)
2763 4954 3045 5027 Scriptura
3065 4950 3655 5037 spirituaii'intelligen—

2066 5042 2150 5100 tia
2190 5042 2361 5108 clara,
2408 5050 2540 5111 etc.,
2592 5060 2758 5117 usque
2787 5047 2857 5101 ad
2904 5062 3024 5120 qua:
3068 5051 3338 5123 quondam
3380 5054 3536 5124 juxta
3564 5056 3654 5118 lit.

2067 5135 2244 5190 teram
2268 5132 2610 5206 intelligenda
2636 5135 2947 5208 putabatur.
3198 5206 3207 5216 ο
3486 5156 3497 5165 ·

2145 5225 2269 5298 (11).,
2294 5224 2451 5297 ibid.)
2474 5225 2631 5284 Sicut
2653 5244 2854 5285 mensae
2879 5231 2933 5286 in
2955 5238 3083 5303 typo
3116 5224 3412 5306 Scriptbrtc
3436 5252 3649 5312 ponun-

2068 5321 2183 5383 tur,
2223 5324 2356 5383 etc.,
2394 5332 2555 5389 usque
2583 5320 2653 5373 ad
2672 5318 2756 5375 'lta
2784 5321 2953 5378 electi
2976 5324 3033 5379 in
3062 5325 3343 5397 Seriptbra
3369 5332 3650 5389 continen-

2074 5417 2167 5465 tur
2191 5418 2376 5466 erecto
2409 5411 2476 5466 ad
2511 5426 2740 5482 superna
2780 5429 2941 5472 sensu
2965 5418 3103 5473 bona
3130 5418 3375 5479 cmlestia
3401 5437 3433 5478 a
3460 5422 3648 5483 Domi-

2072 5514 2149 5558 no
2173 5510 2421 5573 quaerunt
2445 5511 2499 5557 et
2526 5505 2850 5576 percipiunt.
3204 5512 3235 5525 "

2146 5617 2310 5674 Vens.
2350 5615 2441 5673 49.
2468 5648 2536 5658 -
2574 5617 2739 5684 Quasi
2773 5619 2890 5675 lilii.
2923 5620 3043 5693 (11).,
3094 5623 3247 5696 ibid.)
3274 5620 3387 5681 Hoc
3437 5625 3652 5687 videtur

2076 5710 2275 5779 dicere,
2315 5710 2443 5781 quia
2486 5726 2737 5783 suprema
2781 5727 2908 5783 pars
2956 5715 3401 5774 candelabrorum
3443 5719 3499 5775 in
3529 5734 3649 5777 mo-

2076 5798 2203 5856 dum
2232 5800 2455 5872 repandi
2477 5800 2574 5855 lilii
2601 5812 2719 5858 erat
2744 5800 3024 5861 eﬂ‘ormata

2145 5892 2409 5953 Lucemas
2457 5894 2679 5968 desuper
2700 5897 3038 5963 aureas.oP,er
3074 5901 3214 5973 quod
3264 5903 3571 5964 continetur
3591 5876 3649 5962 id

1972 6034 1981 6041 ‘
2002 6005 2077 6039 ἕρ*
