4122 6350
451 415 557 472 599

949 411 1340 467 WALAFRIDI
1377 369 1628 466 STRABl
1664 409 1870 466 FULD.
1913 405 2074 463 MON.
2119 407 2270 462 OPP.
2312 407 2492 462 PARS
2529 407 2570 461 Ι.
2610 435 2672 446 νυ·
2717 403 3168 462 TllEOLOGlCA.

3597 404 3702 459 600

451 527 598 600 quod
625 526 886 592 continet,
911 526 966 581 id
995 535 1079 582 est
1103 525 1320 582 vascula
1347 539 1512 580 aurea
1533 525 1592 580 in
1621 524 1817 595 quibus
1841 522 2022 578 oleum
2052 528 2098 583 Α
2137 573 2143 578 ,
2197 521 2361 577 Vens.
2389 524 2439 579 8.
2481 554 2551 564 —
2591 520 2840 594 Cumque.
2888 518 3010 592 (ln.)
3043 518 3156 576 Hoc
3181 516 3539 585 manifestius,
3569 531 3705 589 etc.,

457 619 697 686 lucebat,
725 617 1054 690 designatur.

529 701 800 778 Forcipes'.
832 706 1044 778 (Βεηη
1074 705 1227 778 ibid.)
1253 704 1311 761 ld
1340 712 1446 770 est,
1473 704 1809 761 emunctoria
1836 703 2030 774 quibus

454 798 891 870 emungebantur
913 797 1132 868 lychni,
1163 805 1221 850 ut
1269 796 1506 867 reparati
1537 797 1730 852 melius
1768 796 2027 851 lacerent.

527 888 693 944 Vens.
725 889 814 944 50.
837 918 906 928 —
951 887 1207 958 Hydrius.
1237 885 1453 958 Hydriae
1485 887 1779 957 praecordia
1815 895 2032 941 sancto-

455 998 580 1040 rum
612 982 850 1054 signant,
883 995 1021 1051 aqua
1054 973 1345 1049 sapientiae'
1374 987 1431 1034 et
1452 978 1580 1034 vino
1605 979 2034 1048 compunctionis

459 1072 688 1142 repleta.

529 1159 867 1216 Fuscinulas.
923 1157 1224 1213 Fuscinulze
1267 1157 1463 1227 quibus
1495 1171 1688 1213 carnes
1728 1171 2036 1227 praeparan-

459 1261 570 1320 tur,
598 1253 1000 1323 praedicatores,
1022 1249 1114 1320 qui
1139 1249 1254 1305 suis
1279 1249 1613 1306 auditoribus
1633 1248 1814 1304 cibum
1836 1247 2038 1304 intellio

459 1346 657 1417 gentiae
694 1344 1117 1400 administrant:
1166 1357 1394 1412 quorum
1425 1341 1659 1396 ofﬁcium
1713 1348 1796 1395 est
1842 1353 2038 1408 corpus

459 1445 515 1490 et
542 1435 854 1504 sanguinem
880 1432 1082 1489 Christi
1111 1430 1456 1487 credentibus
1479 1429 1822 1495 distribuere,
1851 1426 2040 1483 infide-

461 1525 604 1581 libus
631 1525 920 1596 abnegare.

531 1619 730 1675 Domus
750 1621 1033 1674 interioris.
1059 1618 1184 1690 (10.,
1206 1618 1362 1683 ibid.,
1384 1632 1502 1688 cap.
1529 1615 1645 1688 22.)
1669 1614 1816 1672 Ostia
1847 1615 2038 1670 domus

461 1713 736 1769 interioris
767 1712 1026 1782 angelica,
1067 1719 1198 1776 etc.,
1233 1726 1394 1781 usque
1431 1708 1499 1762 ad
1529 1707 1613 1763 vel
1647 1722 1808 1778 quam
1839 1706 2040 1761 habent

461 1804 517 1860 in
550 1806 717 1860 Deum
744 1804 1043 1860 charitatis.

530 1835 1175 1962 ἕέἔὲῗὲἱῖα-ἱωὲἓὲίεεὶι
1210 1909 1361 1948 omne
1389 1908 1539 1962 opus.
1564 1890 1687 1956 (10.,
1720 1888 1875 1958 ibid.)
1897 1889 2034 1944 Dum
2064 1883 2110 1943 Β
2137 1835 2192 1906 pl

459 1995 634 2043 status
679 1985 860 2042 saeculi
899 1985 1126 2056 geritur,
1152 1983 1286 2039 facit
1320 1983 1534 2052 quidem
1563 1996 1701 2051 opus
1724 1981 1914 2036 domus
1935 1979 2039 2035 Do-

460 2078 616 2142 mini,
637 2077 729 2132 sed
754 2076 989 2132 nondum
1017 2075 1249 2146 perﬁcit,
1279 2075 1403 2144 quia
1425 2074 1588 2130 corda
1608 2072 1902 2129 electorum
1929 2070 2036 2126 Do-

460 2168 658 2232 minus,
674 2175 731 2222 ut
753 2167 891 2222 bona
912 2176 1221 2236 operentur,
1239 2165 1468 2235 inspirat
1489 2171 1544 2218 et
1563 2161 1808 2232 adjuvat;
1834 2161 2038 2217 nullum

460 2267 639 2314 tamen
665 2259 718 2313 in
742 2259 843 2313 hac
864 2259 974 2312 vita
1001 2265 1427 2312 commorantem
1450 2256 1655 2326 absque
1681 2264 1904 2327 peccato
1917 2268 2040 2312 esse

459 2348 667 2403 tribuit.
719 2346 964 2418 Namque
1014 2349 1116 2402 hoc
1163 2347 1358 2402 futura:
1402 2346 1725 2402 beatitudini
1774 2352 2034 2401 reservat.

457 2439 678 2494 Perﬁcit
696 2455 826 2496 vero
854 2453 1014 2495 omne
1043 2453 1177 2510 opus
1204 2437 1387 2508 templi
1417 2437 1722 2494 Salomonis
1746 2446 1802 2493 et
1831 2436 2041 2492 dedica-

457 2529 658 2584 cationi
721 2538 906 2600 aptum
956 2529 1150 2594 reddit,
1181 2544 1304 2583 cum
1349 2537 1534 2583 noster
1569 2527 1831 2598 paciﬁcus
1862 2527 1914 2580 in
1945 2525 2035 2582 die

458 2621 752 2674 novissima
783 2621 984 2675 electos
1016 2619 1434 2675 resurrectionis
1478 2619 1889 2674 immortalitate
1917 2617 2033 2689 glo-

459 2711 656 2778 riﬁcat,
700 2721 755 2768 et
785 2721 1047 2768 aeternum
1069 2711 1316 2782 perducit
1340 2712 1408 2767 ad
1433 2726 1677 2782 regnum.
1722 2710 1874 2767 Unde
1899 2719 2038 2766 tem-

457 2804 608 2876 plum
635 2813 841 2875 septem
889 2805 1046 2860 annis
1081 2803 1429 2868 aediﬁcatum,
1454 2813 1646 2859 octavo
1698 2813 1879 2859 autem
1907 2819 2034 2875 pero-

457 2895 660 2952 fectum
715 2912 779 2951 ac
818 2895 1122 2951 dedicatum
1169 2904 1271 2951 est.
1322 2892 1422 2951 Cui
1488 2902 1732 2965 tempore
1783 2895 2038 2951 convenit

459 2989 604 3058 quod
628 2988 873 3057 sequitur
901 3002 917 3041 :

531 3075 602 3132 Et
621 3077 797 3133 intulit
811 3094 927 3149 qua:
939 3077 1376 3148 sanctiﬁcaverat.
1397 3076 1519 3151 (In.,
1541 3076 1692 3150 ibid.)
1717 3076 2036 3134 Sanctiﬁca-

457 3179 615 3228 verat
651 3168 821 3225 David
854 3177 1010 3240 pater
1037 3168 1345 3226 Salomonis
1374 3177 1678 3240 argentum,
1724 3184 1846 3224 cum
1891 3170 2035 3225 Deus

458 3265 626 3323 Pater
645 3228 960 3335 eloquentes
1001 3265 1176 3336 gratia
1217 3265 1301 3319 sui
1339 3228 1577 3335 Spiritus
1600 3228 1676 3319 ad.
1705 3262 2032 3333 loquendum
2059 3246 2106 3310 C
2137 3228 2280 3298 quoa
2331 3228 2444 3336 hic.
2473 3242 2580 3336 ηοη
2604 3228 2834 3336 “dieitur

457 3357 684 3414 verbum
711 3357 807 3412 Dei
840 3356 1132 3412 confortat.
1183 3357 1501 3413 Sanctitlcat
1545 3370 1759 3421 aurum,
1790 3370 1913 3410 cum
1941 3368 2038 3409 na-

459 3448 621 3504 turali
663 3448 879 3520 ingenio
909 3449 1164 3519 praeditos
1199 3449 1267 3504 ad
1289 3446 1693 3518 intelligendam
1715 3446 1887 3515 legem
1917 3444 2038 3498 illu-

457 3541 652 3596 minat.
680 3539 994 3596 Sanctiﬁcat
1035 3541 1200 3596 etiam
1241 3555 1395 3606 vasa,
1427 3555 1549 3596 cum
1575 3540 1829 3596 omnibus
1853 3537 2042 3595 Eccle-

460 3633 555 3689 siae
577 3632 704 3688 ﬁliis
732 3631 968 3703 Spiritus
1004 3633 1176 3688 sancti
1205 3634 1436 3704 gratiam
1477 3633 1722 3706 largitur.
1751 3631 1875 3688 Hinc
1916 3647 2042 3688 san-

461 3726 696 3780 ctiﬁcata
727 3723 980 3780 Salomon
1006 3723 1171 3781 infert
1211 3726 1266 3780 in
1297 3726 1582 3797 templum,
1609 3741 1734 3781 cum
1773 3725 2038 3784 Dominus

461 3826 685 3889 peracto
740 3816 944 3886 judicio
1020 3818 1302 3873 doctorum
1348 3829 1404 3874 et
1427 3827 1747 3875 caeterorum
1799 3818 2042 3876 ﬁdelium

461 3917 663 3965 canum
695 3909 748 3962 in
769 3907 1021 3978 gaudium
1057 3908 1294 3963 caelestis
1331 3910 1482 3980 regni
1505 3909 1814 3967 introducit.

527 4001 875 4072 Reposuitque
893 4001 950 4054 in
978 4001 1236 4055 thesauris
1258 4002 1445 4058 domus
1465 4002 1700 4058 Domini.
1725 4003 1823 4074 (In.
1838 4045 1852 4067 ,
1873 4004 1923 4059 ib
1934 4004 2039 4078 id.)

471 4090 611 4158 Quia
642 4091 774 4146 deos
793 4105 921 4146 suos
943 4091 1230 4146 abscondit
1257 4092 1309 4146 in
1341 4092 1525 4149 abdito
1553 4093 1732 4150 vultus
1754 4096 1836 4151 sui
1863 4111 1893 4150 a
1917 4111 2045 4153 con-

464 4182 774 4238 turbatione
803 4181 1104 4236 hominum.
1137 4179 1288 4236 Multi
1313 4191 1440 4237 sunt
1462 4183 1701 4238 thesauri
1731 4184 1785 4238 in
1810 4199 1917 4239 una
1941 4185 2042 4240 do-

461 4289 552 4330 mo
584 4272 818 4337 Domini,
845 4272 970 4342 quia
1015 4273 1069 4328 in
1110 4288 1214 4328 una
1240 4273 1479 4329 Ecclesia
1516 4275 1686 4329 sancti
1725 4275 1936 4332 meritis
1965 4277 2042 4332 di-

460 4374 626 4421 stant.
653 4365 722 4419 Et
751 4383 855 4420 una
883 4375 956 4421 est
981 4365 1155 4436 patria
1181 4365 1418 4430 celestis,
1462 4365 1699 4438 quamvis
1727 4367 1781 4421 in
1806 4383 1866 4422 ea
1895 4367 2046 4422 stella

461 4475 496 4512 a
523 4455 674 4512 stella
701 4457 912 4526 diﬂ'erat
935 4457 990 4510 in
1015 4455 1252 4511 claritate
1279 4455 1330 4528 (1
1337 4456 1363 4510 ι
1381 4456 1502 4512 Cor.
1530 4456 1643 4529 xv).
1665 4456 1816 4525 Quod
1840 4465 2047 4514 utrum-

462 4563 570 4619 que
604 4547 922 4603 distributor
942 4548 1288 4619 prasmiorum
1324 4548 1734 4615 demonstravit,
1762 4565 1886 4606 cum
1926 4551 2040 4606 ait:

464 4641 532 4694 In
553 4641 706 4695 domo
732 4639 910 4696 Patris
933 4643 1033 4696 mei
1056 4642 1351 4698 mansiones
1371 4641 1551 4698 multa:
1571 4654 1690 4699 sunt
1719 4643 1900 4716 (Joan.
1929 4644 2043 4719 xv).

1061 4781 1287 4839 CAPUT
1322 4780 1449 4838 Vill.

542 4910 703 4967 Vens.
762 4909 816 4964 6.
867 4939 939 4950 -
990 4910 1057 4966 1η
1079 4923 1316 4967 sanctum
1357 4913 1535 4982 (Bern,
1587 4914 1681 4972 lib.
1732 4917 1796 4972 de
1835 4915 2046 4988 Templa

466 5001 690 5075 Saloni.)
716 5003 917 5060 Domus
939 5005 1118 5073 templi
1142 5007 1379 5061 exterior
1399 5009 1834 5080 peregrinantem
1861 5010 2047 5066 Eccle-

466 5096 625 5158 siam,
673 5103 860 5149 sancta
909 5104 1220 5152 sanctorum
1281 5112 1527 5167 supernae
1573 5100 1764 5169 patria:
1803 5101 2043 5162 caelestis

463 5183 775 5241 felicitatem
801 5185 1105 5257 designant.
1138 5185 1288 5241 lllata
1307 5187 1360 5242 in
1382 5197 1569 5244 sancta
1587 5199 1897 5248 sanctorum
1917 5209 2044 5250 arca

465 5269 795 5348 assumptam
825 5276 1028 5334 Christi
1051 5279 1442 5335 humanitatem
1471 5280 1620 5336 intra
1659 5282 1836 5338 velum
1884 5286 2045 5357 regiae

467 5368 707 5425 caelestis
735 5369 1030 5426 inductam.
2025 5415 2027 5418 -

535 5455 726 5514 Subter
771 5457 907 5514 alas.
936 5459 1060 5532 (ln.)
1107 5459 1283 5515 Moses
1324 5458 1455 5516 fecit
1479 5460 1616 5518 duos
1639 5462 1921 5522 cherubim
1949 5482 2046 5522 au-

463 5561 606 5615 reos,
637 5563 773 5618 quos
794 5550 973 5620 posuit
997 5550 1051 5604 in
1075 5551 1448 5620 propitiatorio
1470 5553 1611 5622 quod
1631 5563 1749 5610 erat
1771 5572 1935 5627 super
1959 5573 2046 5612 ar-

463 5649 605 5690 cam.
655 5636 909 5696 Salomon
944 5641 1150 5696 addidit
1184 5642 1318 5696 duos
1359 5644 1626 5713 majores,
1667 5645 1786 5700 sub-
1811 5663 2042 5716 quorum

463 5725 567 5780 alis
600 5743 781 5784 arcam
807 5746 953 5787 nunc
974 5730 1174 5787 dicitur
1202 5732 1452 5802 posuisse
1499 5748 1623 5791 cum
1659 5735 2042 5805 propitiatorio

463 5825 517 5872 et
541 5818 748 5879 duobus
769 5822 1045 5878 cherubim
1072 5823 1364 5896 prioribus.

2130 634 2292 688 usque
2318 617 2386 670 ad
2413 618 2458 673 si
2483 617 2852 687 prominentes
2879 614 3024 668 ultra
3059 613 3259 668 ostium
3287 620 3472 668 vectes
3504 613 3710 684 produ-

2129 708 2313 765 cendis
2344 707 2411 762 ad
2433 706 2792 762 claudendum
2819 703 2976 760 ostiis
2998 703 3173 758 locum
3200 718 3308 758 non
3335 702 3548 758 darent.

2202 817 2306 884 Qui
2331 827 2380 873 et
2414 817 2645 886 fuerunt.
2668 813 3169 885 lnParaIipomenis
3191 812 3390 868 dicitur
3412 829 3426 867 :
3451 809 3580 867 Fuit
3604 813 3713 870 ita-

2131 930 2230 986 que
2252 930 2374 968 arca
2395 913 2467 967 ibi
2487 928 2650 982 usque
2669 909 2738 964 ad
2758 918 3064 981 promentem
3082 908 3219 962 diem
3243 905 3421 976 :quod
3445 905 3512 962 ab
3533 907 3709 962 histo-

2133 1005 2420 1077 riographo
2455 1005 2695 1060 additum
2723 1011 2830 1068 est,
2858 1003 3194 1074 signiﬁcante
3221 1015 3390 1070 usque
3410 1001 3478 1056 ad
3509 1008 3714 1072 tempo-

2135 1111 2194 1151 ra
2242 1097 2416 1150 aatatis
2449 1109 2559 1151 suae
2593 1109 2712 1149 eam
2754 1092 2826 1148 ibi
2885 1093 3269 1163 permansisse,
3309 1089 3451 1161 quod
3477 1104 3583 1145 non
3612 1090 3716 1146 Es-

2136 1186 2230 1242 dra
2271 1194 2448 1257 potest
2493 1185 2742 1257 intelligi,
2784 1185 2910 1256 quia
2945 1183 3061 1254 jam
3098 1191 3218 1240 erat
3254 1184 3539 1239 incensum
3568 1191 3714 1238 tem-

2135 1278 2300 1350 plum,
2357 1280 2451 1335 sed
2493 1279 2560 1334 de
2603 1277 2812 1333 Nathan
2871 1277 2958 1332 vel
3001 1276 3185 1348 aliquo
3238 1275 3650 1347 prophetarum,
3676 1287 3713 1329 a

2137 1375 2331 1444 quibus
2365 1373 2545 1430 omnia
2579 1381 2729 1446 gesta
2767 1388 2986 1429 suorum
3025 1380 3328 1442 temporum
3360 1369 3562 1440 scripta
3589 1380 3714 1424 esse

2137 1455 2448 1521 creduntur.

2207 1555 2370 1613 Vens.
2397 1557 2595 1615 9.—In
2616 1575 2762 1613 arca.
2786 1553 2970 1630 (ειη.)
2989 1554 3122 1612 Erat
3147 1553 3204 1610 in
3224 1567 3352 1609 arca
3370 1566 3510 1608 urna
3539 1564 3708 1607 aurea

2138 1647 2344 1704 habens
2389 1664 2608 1713 manna,
2640 1657 2768 1714 etc.,
2815 1663 2978 1718 usque
3029 1645 3099 1699 ad
3143 1644 3269 1715 quia
3315 1643 3418 1700 soli
3461 1654 3716 1713 superum

2138 1744 2327 1815 patriae
2361 1744 2509 1801 cives
2547 1743 2770 1814 gloriam
2794 1743 2866 1798 ibi
2891 1740 3265 1814 Redemptoris
3284 1739 3442 1812 plene
3465 1746 3716 1796 contem—

2197 1845 2377 1890 antur.

2210 1927 2370 1982 Vens.
2406 1927 2494 1982 it).
2532 1955 2601 1966 -
2631 1922 2840 1980 Nebula
2881 1922 3109 1996 implevit
3155 1923 3369 1978 domum
3403 1913 3631 1988 Domini,
3662 1926 3716 1976 et

2141 2033 2243 2071 non
2269 2026 2528 2088 poterant.
2557 2015 2680 2088 (ln.)
2719 2015 2776 2071 ld
2801 2025 2907 2082 est,
2929 2016 3254 2086 synagogam
3295 2012 3556 2084 implevit,
3586 2011 3716 2083 quia

2139 2123 2326 2164 eorum
2357 2116 2569 2164 mentes
2608 2105 2941 2163 inﬁdelitatis
2976 2105 3147 2177 caligo
3174 2104 3423 2176 replevit,
3453 2112 3510 2161 et
3535 2117 3721 2160 sacer-

2139 2201 2294 2257 dotes
2316 2209 2538 2270 propter
2555 2197 2804 2255 nebulam
2829 2198 3138 2254 ministrare
3161 2212 3267 2252 non
3288 2203 3560 2268 poterant,
3587 2193 3717 2266 quia

2140 2292 2267 2348 dum
2297 2290 2558 2362 mystieos
2594 2301 2784 2344 sensus
2811 2287 3006 2344 litterae
3032 2286 3299 2342 velamine
3327 2294 3634 2358 coopertos,
3659 2293 3717 2342 et

2139 2381 2441 2438 nativitatis
2459 2380 2658 2437 Christi
2686 2387 3021 2437 sacramenta
3045 2379 3370 2450 investigare
3393 2377 3718 2448 despiciunt,

2141 2474 2378 2532 debitum
2406 2474 2530 2531 ﬁdei
2559 2489 2670 2530 suae
2699 2473 3059 2529 ministerium
3089 2488 3188 2543 per
3221 2471 3474 2528 nebulam
3513 2470 3719 2527 erroris

2140 2567 2509 2636 perdiderunt,
2526 2567 2600 2620 ita
2617 2573 2674 2619 ut
2691 2564 3031 2636 exigentibus
3054 2564 3264 2621 meritis
3284 2579 3390 2620 non
3417 2571 3719 2633 agnoscant

2143 2655 2346 2711 cultum
2381 2655 2742 2722 credulitatis,
2772 2655 2968 2724 quibus
2992 2655 3045 2709 in
3073 2655 3266 2710 nebula
3298 2653 3560 2710 doctrina:
3605 2666 3722 2709 sua

2141 2725 2402 2801 Dominus
2422 2745 2490 2800 de
2518 2760 2576 2802 se
2605 2745 2768 2800 etiam
2803 2752 2990 2815 aperta
3025 2744 3290 2799 narravit.
3329 2743 3437 2799 Sed
3458 2737 3586 2814 quia
3617 2757 3720 2797 aur

2141 2839 2376 2894 ditorum
2403 2847 2613 2894 mentes
2641 2837 2974 2894 inﬁdelitatis
2999 2836 3176 2909 caligo
3200 2835 3532 2907 impleverat,
3560 2834 3720 2906 quasi

2138 2931 2397 2988 emissum
2456 2930 2585 2987 solis
2633 2930 2842 2987 radium
2879 2928 3075 2986 nebula
3123 2929 3452 3002 interjaeens
3491 2927 3722 2984 abscon-

2139 3021 2322 3080 debat.

2208 3135 2374 3193 Vnns.
2431 3136 2520 3193 55.
2569 3167 2641 3178 —
2679 3135 2855 3193 Stetit.
2912 3135 2972 3193 in
3018 3135 3442 3208 Paralipomenis
3487 3135 3723 3192 refertur

2896 3245 2909 3282 :
2982 3227 3205 3284 Fecerat
3249 3227 3506 3285 Salomon
3551 3229 3720 3284 basim

2140 3335 2363 3380 teneam,
2395 3328 2444 3373 et
2464 3321 2636 3390 posuit
2657 3320 2714 3374 in
2734 3320 2904 3375 medio
2934 3319 3186 3388 basilica,
3211 3337 3368 3394 super
3391 3337 3551 3394 quam
3573 3331 3720 3378 stans

2140 3408 2401 3462 benedixit
2427 3410 2569 3464 omni
2602 3408 2856 3465 Ecclesia
2876 3409 3068 3466 Israel.

2211 3500 2280 3555 Et
2303 3501 2584 3557 benedixit.
2614 3501 2798 3576 (8η.)
2821 3503 3103 3576 “Templum
3126 3503 3359 3572 Domini,
3392 3515 3526 3575 etc.,
3553 3520 3720 3578 usque

2141 3592 2211 3647 ad
2239 3601 2296 3648 et
2321 3593 2579 3648 virtutum
2604 3595 2857 3666 operibus
2877 3597 3140 3666 proximis
3159 3607 3405 3668 prosunt.

2214 3705 2484 3761 Vsns.6l.
2520 3735 2590 3786 έ-
2617 3705 2686 3762 In
2727 3707 2829 3762 die.
2856 3707 3014 3781 (Ras.
3043 3710 3101 3764 in
3130 3709 3223 3766 lib.
3260 3709 3413 3784 Reg.,
3445 3720 3579 3768 tom.
3605 3709 3722 3786 Ill.)

2143 3795 2282 3864 Quid
2308 3805 2395 3851 est
2425 3797 2566 3866 quod
2593 3795 2846 3853 Salomon
2871 3798 3158 3855 aediﬁcavit
3176 3801 3411 3857 medium
3438 3803 3565 3858 atrii
3585 3801 3721 3858 offe-

2147 3901 2272 3942 rens
2303 3887 2396 3953 ibi,
2426 3896 2558 3952 etc.,
2583 3903 2745 3959 usque
2789 3890 2858 3943 ad
2882 3890 3150 3947 sacrificia
3184 3893 3540 3963 acceptabilia
3583 3908 3720 3964 quo-

2145 3976 2275 4033 tidie
2305 3979 2656 4048 spiritualiter
2683 3981 2789 4036 Deo
2808 3979 3125 4038 offeruntur.

2214 4067 2411 4123 Altare.
2441 4069 2594 4137 Quod
2627 4069 2754 4126 fecit
2797 4071 2972 4129 Moses
2999 4075 3231 4144 positum
3267 4085 3388 4132 erat
3413 4085 3538 4132 ante
3580 4085 3725 4133 tem-

2145 4159 2291 4229 plum
2314 4168 2504 4215 contra
2521 4161 2716 4232 januas
2735 4161 2872 4231 ejus,
2894 4173 2948 4219 et
2973 4168 3097 4236 quia
3121 4167 3250 4223 illud
3265 4179 3553 4240 angustum
3577 4179 3720 4238 erat,

2146 4259 2200 4304 et
2223 4264 2416 4319 capere
2447 4266 2552 4304 non
2580 4260 2812 4322 poterat,
2839 4255 3074 4311 medium
3103 4259 3226 4313 atrii
3257 4261 3358 4316 sub
3377 4261 3500 4316 divo
3527 4261 3725 4317 sancti-

2148 4339 2348 4405 ﬁcavit,
2369 4342 2470 4395 «ibi
2501 4343 2679 4412 posuit
2709 4343 2841 4400 illud
2869 4345 3039 4402 altare
3067 4350 3385 4418 maximum,
3408 4349 3553 4422 quod
3582 4349 3725 4407 fece-

2148 4443 2232 4488 rat
2261 4434 2450 4505 viginti
2480 4434 2804 4492 eubitorum.
3623 4449 3635 4461 ‘

2220 4523 2384 4579 Vens.
2423 4525 2511 4581 65.
2553 4557 2626 4569 —
2664 4527 3044 4588 Festivitatem.
3077 4533 3234 4605 (Ras.
3277 4535 3366 4590 sibi
3413 4534 3618 4608 supra.)
3662 4533 3723 4592 In

2071 4605 2124 4666 D
2150 4611 2346 4670 Verbis
2370 4613 2590 4672 Dierum
2609 4659 2625 4684 ,
2654 4629 2790 4687 etc.,
2812 4637 2974 4693 usque
3002 4625 3070 4678 ad
3096 4625 3238 4695 quod
3264 4625 3429 4681 etiam
3455 4605 3725 4700 losephus
3771 4623 3774 4626 ’

2151 4715 2456 4764 attestatur.

2224 4799 2348 4869 (ln.,
2378 4801 2531 4876 ibid.)
2555 4803 2885 4864 Solemnitas
2910 4824 3072 4879 quam
3094 4809 3221 4867 fecit
3251 4811 3506 4869 Salomon
3533 4821 3586 4868 et
3602 4815 3721 4869 o'm-

2151 4892 2236 4946 nis
2267 4892 2450 4958 Israel,
2487 4904 2618 4962 etc.,
2649 4915 2811 4971 usque
2841 4901 2912 4956 ad
2938 4917 3059 4973 quae
3083 4903 3136 4959 in
3165 4902 3379 4962 Christo
3408 4904 3568 4961 Pater
3596 4919 3725 4961 con-

2151 4982 2272 5038 tulit
2296 4984 2640 5045 Christianis.

2223 5074 2296 5128 Ab
2344 5076 2580 5132 introitu.
2614 5078 2793 5150 (Ihm,
2842 5081 2996 5155 ibid.)
3049 5081 3154 5139 Per
3199 5084 3479 5141 introitum
3527 5083 3722 5141 Emath

2149 5167 2624 5235 septentrionalem
2658 5167 2853 5226 Judaei:
2884 5171 3116 5243 plagam,
3147 5189 3245 5244 per
3268 5175 3441 5230 rivum
3468 5175 3582 5230 sive
3605 5183 3722 5231 tor-

2149 5268 2358 5314 rentem
2384 5259 2604 5331 ,λεπριὶ
2629 5263 2872 5332 designat
2888 5265 3212 5321 Australem.
3242 5267 3347 5323 Iste
3369 5276 3551 5324 autem
3573 5267 3723 5325 rivus

2147 5365 2254 5407 non
2283 5361 2365 5407 est
2400 5353 2550 5408 Nilus
2571 5395 2585 5421 ,
2618 5355 2711 5409 sed
2737 5356 2875 5412 alius
2903 5357 3098 5416 ﬁuvius
3126 5361 3218 5431 qui
3237 5359 3393 5428 juxta
3421 5361 3719 5417 Rivocoru-

2147 5444 2255 5499 lam
2285 5444 2458 5500 inﬂuit
2482 5446 2536 5500 in
2563 5462 2734 5502 mare.
2764 5449 2956 5505 Emath
2983 5459 3162 5506 autem
3193 5453 3385 5507 civitas
3411 5450 3584 5524 Syria:
3615 5460 3719 5508 est.

2147 5534 2301 5591 Nunc
2328 5536 2626 5606 Epiphania
2653 5549 2878 5595 vocatur
2907 5541 2972 5596 ab
2996 5541 3262 5597 Antiocho
3289 5543 3587 5614 Epiphaue.

2219 5627 2380 5684 Vens.
2410 5629 2499 5683 66.
2529 5661 2601 5673 —
2629 5630 2911 5686 Lwtantes.
2949 5633 3307 5712 Decantantes
3330 5650 3455 5690 cum
3485 5634 3692 5691 delecta

2146 5718 2292 5775 tione
2317 5719 2568 5790 hymnos,
2594 5722 2667 5776 ita
2691 5729 2752 5778 ut
2773 5723 2827 5778 in
2852 5738 2916 5779 ea
2937 5723 3275 5795 jucunditate
3297 5727 3416 5782 sine
3449 5725 3636 5783 labore
3655 5723 3723 5782 ad

2143 5815 2361 5886 propria
2399 5825 2726 5876 remearent.
