4122 6350
518 406 622 465 605

1012 401 1405 460 WALAFRIDI
1447 400 1695 459 STRABI
1730 399 1940 458 FULD.
1986 399 2149 459 MON.
2190 400 2340 457 OPP.
2385 397 2565 455 PARS
2601 399 2643 455 Ι.
2681 427 2751 439 —-
2787 396 3241 455 THEOLOGICA.

3672 397 3783 459 θοι

512 522 595 579 eis
619 520 739 592 [aut
766 534 916 590 aqua
942 517 1177 573 salientis
1208 518 1263 572 in
1295 517 1450 571 vitam
1492 524 1739 570 wternam
1787 513 1966 585 (Joau.
1998 515 2091 584 iv).
2124 524 2181 595 Α,
2200 522 2306 569 tem
2337 512 2524 567 animi.
2571 510 2706 566 Nam
2736 509 2979 568 Roboam
3006 508 3421 582 quadragesimo
3463 509 3642 567 aetatis
3668 524 3785 569 sua

586 608 699 667 Nec
738 609 986 679 alicujus,
1017 617 1121 664 etc.
1156 606 1336 679 (ΕΑΒ.)
1366 604 1524 674 Quia,
1548 604 1844 661 secundum
1871 603 2101 675 Aposto-

512 702 626 759 lum
645 740 662 768 ,
693 700 818 756 Non
858 708 931 754 est
963 700 1019 753 in
1043 713 1279 753 sermone
1314 695 1523 751 verbum
1553 694 1669 761 Dei,
1696 695 1784 750 sed
1822 695 1875 749 in
1912 694 2101 749 virtute

513 803 563 849 et
591 791 961 864 pradicatione
986 785 1260 858 Evangelii
1282 783 1334 857 (1
1358 783 1481 841 Cor.
1506 784 1567 858 ι).
1598 783 1714 840 Non
1744 784 1798 839 in
1830 783 2101 855 persuasi-

512 882 715 939 bilibus
762 880 1014 935 humana:
1061 874 1341 948 sapientia:
1383 874 1561 930 verbis
1604 873 1869 939 consistit,
1912 873 2007 929 sed
2042 873 2099 927 in

514 974 828 1031 ostensione
864 971 1087 1043 spiritus
1130 977 1186 1025 et
1242 968 1479 1033 virtutis,
1506 975 1562 1022 ut
1600 966 1736 1023 ﬁdes
1778 975 1962 1023 nostra
1990 980 2101 1021 non

516 1069 575 1126 in
605 1065 870 1138 sapientia
894 1044 1194 1127 hominum,
1233 1060 1327 1119 sed
1355 1060 1407 1115 in
1440 1059 1639 1114 virtute
1669 1059 1764 1114 Dei
1793 1058 1885 1115 sit.

586 1158 751 1217 Vitas.
778 1157 870 1213 22.
893 1170 964 1197 -ι
984 1155 1240 1226 Deferens
1267 1153 1390 1209 inde
1415 1169 1628 1220 aurum,
1663 1159 1771 1207 etc.
1804 1150 1926 1224 (ιο.)
1962 1148 2103 1218 Quid

516 1265 710 1308 aurum
749 1257 1101 1322 argentumve
1126 1244 1425 1316 signiﬁcet,
1466 1251 1599 1311 etc.,
1644 1259 1805 1315 usque
1833 1242 1901 1297 ad
1951 1255 2102 1296 arma

518 1343 713 1403 bellica
732 1341 1097 1415 prosequitur.
1143 1396 1151 1403 ,

588 1433 754 1489 Vsus.
786 1429 875 1486 26.
906 1427 1446 1499 —-Congregavitque
1487 1424 1774 1489 Salomon,
1826 1432 1931 1478 etc.
1977 1420 2100 1494 (10.)

519 1526 599 1583 De
626 1525 713 1584 his
736 1523 1011 1596 Iosephus
1036 1522 1400 1595 prosequitur.
1417 1520 1833 1576 Exornabantur
1852 1532 2106 1577 ascenso:

514 1634 605 1677 res
627 1634 851 1689 eorum,
880 1618 1117 1691 primum
1146 1616 1346 1673 decora
1375 1616 1658 1688 juventute
1687 1612 1945 1668 ﬂorentes
1963 1652 1979 1679 ,
2008 1611 2102 1666 hac

514 1711 710 1767 bentes
740 1723 989 1780 magnam
1013 1705 1394 1778 proceritatem
1411 1745 1428 1771 ,
1459 1703 1820 1760 diﬂ‘undentes
1848 1702 1903 1757 in
1928 1716 2100 1772 equo-

516 1818 639 1860 rum
661 1802 904 1861 sessione
926 1814 1165 1867 comam,
1194 1813 1438 1871 purpura
1460 1796 1875 1862 circumamicti,
1901 1794 1995 1866 qui
2021 1809 2105 1849 ar.

2202 620 2345 660 anno
2376 619 2603 676 regnare
2621 604 2807 674 coepit.

2274 696 2439 752 Vens.
2466 696 2550 750 11.
2576 723 2646 735 -ο
2669 694 3060 765 Scorpionibus.
3100 692 3284 749 Genus
3308 701 3396 749 est
3412 690 3790 765 ﬂagelli,sicttt

2202 798 2259 845 et
2284 789 2350 843 de
2382 787 2553 859 spinis
2573 786 2656 841 vel
2680 786 2941 857 pomariis
2974 786 3151 841 solent
3172 798 3293 840 esse
3332 787 3501 856 virgae
3542 783 3779 840 nodosae.

2204 878 2301 935 Vel
2340 879 2504 934 etiam
2551 875 2819 949 ﬂagellum
2870 875 3268 933 Saracenorum
3298 890 3422 932 cum
3458 875 3669 932 duabus
3696 873 3787 932 vel

2201 970 2377 1026 tribus
2422 969 2609 1041 virgis,
2659 969 2803 1040 quod
2850 968 3014 1025 habet
3040 969 3097 1024 in
3144 968 3456 1025 summitate
3504 967 3786 1040 plumbeas

2204 1062 2450 1135 glandes,
2475 1061 2611 1117 alias
2637 1061 2950 1131 grandines.

2277 1152 2436 1210 Vsns.
2467 1153 2563 1209 25.
2580 1183 2651 1193 -—
2679 1153 2760 1206 Ad
2788 1151 3039 1207 Roboam.
3059 1150 3247 1225 (ΗΑΒ.)
3272 1152 3513 1208 Roboam
3535 1152 3604 1207 de
3625 1152 3790 1208 domo

2204 1231 2376 1297 David
2410 1238 2535 1309 fuit,
2559 1251 2868 1313 etc.,usque
2887 1241 2958 1296 ad
2989 1250 3037 1297 et
3059 1242 3212 1314 cujus
3231 1241 3489 1313 principes
3511 1250 3792 1298 vescuntur

2202 1333 2261 1388 in
2291 1341 2517 1403 tempore
2538 1350 2653 1389 suo.

2280 1424 2440 1482 Vens.
2482 1426 2577 1484 28.
2617 1456 2687 1467 --
2713 1422 2861 1480 Ferit
2900 1425 3054 1481 duos.
3096 1424 3387 1482 Jeroboam
3437 1438 3609 1495 quare
3648 1425 3794 1479 vitu-
3876 1475 3881 1479 .

2204 1520 2288 1575 lus
2326 1519 2550 1589 fecerit,
2591 1520 2674 1576 vel
2713 1519 2986 1592 quomodo
3010 1518 3277 1591 Iosephus
3316 1516 3645 1576 suiﬁcienter
3689 1530 3793 1573 ox-

2203 1611 2377 1684 ponit.

2795 1680 3024 1739 CAPUT
3071 1679 3209 1737 XIII.

2279 1815 2442 1871 Vens.
2469 1817 2599 1871 1.-
2634 1815 2769 1871 Ecce
2804 1818 2898 1871 vir.
2939 1815 3107 1888 Cujus
3127 1832 3323 1873 nomen
3355 1817 3445 1873 hic
3478 1823 3711 1884 tacetur,
3734 1815 3792 1873 in

514 1894 651 1953 mati
672 1894 973 1953 existentes
998 1892 1147 1948 circa
1175 1905 1358 1962 regem
1383 1902 1653 1961 arcusque
1684 1888 1922 1944 ferentes
1943 1887 2099 1957 equi-

2213 1906 2634 1978 Paralipomcnis
2673 1907 2861 1965 Gaddo
2910 1879 3135 1965 vocatur
3165 1909 3247 1966 vel
3284 1919 3644 1982 nuncupatur.
3674 1879 3795 1981 ipse

517 1986 708 2045 tabent
735 1993 863 2044 ante
886 1997 1039 2053 eum,
1067 1984 1284 2056 quando
1307 1982 1376 2039 ad
1402 1982 1580 2040 locum
1609 1981 1847 2051 aliquem
1872 1980 2106 2039 debebat

518 2079 692 2140 exire.

1138 2164 1369 2223 CAPUT
1412 2164 1503 2221 X1.

587 2314 751 2372 Vsus.
792 2316 844 2372 1.
878 2347 950 2357 -
981 2314 1097 2371 Rea:
1123 2324 1317 2370 autem.
1352 2314 1534 2389 (ΒΑΕ.)
1553 2315 1899 2373 Salomonem
1930 2316 2107 2389 arguit

512 2409 863 2464 vehementer
909 2406 1211 2480 Scriptura,
1265 2416 1397 2476 etc.,
1449 2425 1611 2481 usque
1654 2409 1726 2464 ad
1773 2411 1914 2466 mala
1964 2410 2123 2467 illius‘

514 2498 655 2556 mala
681 2498 935 2556 Ecclesiae
957 2498 1285 2573 signiﬁcant.

589 2616 752 2675 Vnus.
774 2613 1289 2688 27.~—Voraginem.
1322 2615 1508 2673 Murus
1527 2617 1770 2675 civitatis
1798 2617 2017 2685 cecidit,
2038 2633 2107 2681 eo

515 2705 661 2778 quod
676 2721 743 2763 ex
763 2722 870 2765 uno
898 2707 1070 2765 latere
1088 2706 1391 2780 praecipitio
1412 2708 1739 2767 immineret.
1756 2708 1930 2778 Quam
1948 2724 2107 2767 vora-

516 2799 695 2870 ginem
707 2813 832 2855 cum
850 2812 948 2854 rex
966 2798 1129 2854 vellet
1148 2813 1433 2870 coaequare
1450 2800 1644 2867 muris,
1660 2801 1942 2857 constituit
1957 2801 2107 2857 duci-

515 2891 637 2960 bus,
666 2902 725 2951 ut
748 2894 855 2955 hoc
886 2892 1175 2969 implerent
1200 2908 1372 2966 opus;
1406 2894 1503 2950 sed
1531 2893 1844 2961 let-obeam,
1868 2894 1969 2966 qui
1989 2902 2108 2951 erat

514 2986 768 3059 princeps
791 2986 965 3045 tribus
984 2985 1210 3059 Joseph,
1237 2987 1411 3045 noluit
1434 2987 1659 3045 obedire
1688 2987 1823 3058 regi,
1844 2985 1941 3058 qui
1967 3001 2103 3042 con-

517 3076 775 3135 stituerat
793 3091 917 3133 eum
935 3076 1091 3149 prius
1116 3091 1281 3148 super
1299 3075 1527 3133 aedilicia
1551 3076 2101 3147 propugnaculorum,

519 3184 639 3239 quis
664 3166 899 3227 faciebat
921 3169 978 3227 in
1001 3166 1373 3241 Jerosolymis,
1397 3168 1486 3223 ubi
1516 3166 1787 3224 laboravit
1804 3167 1899 3234 ita,
1922 3176 1982 3222 ut
2008 3181 2101 3222 rex

518 3259 569 3316 ei
582 3259 945 3331 principatum
967 3258 1175 3315 militiae
1193 3273 1356 3330 super
1377 3259 1578 3315 tribum
1589 3258 1792 3329 Joseph
1809 3258 2099 3316 conferret.
2130 3256 2181 3322 α

520 3348 629 3406 Sed
661 3349 881 3409 rebellis
905 3348 1081 3407 iactus
1112 3350 1389 3420 egreditur
1417 3350 1489 3405 de
1507 3347 1812 3405 Jerusalem
1846 3366 1860 3403 :
1890 3346 1977 3404 cui
2014 3362 2108 3404 oc-

518 3442 691 3499 currit
722 3441 986 3517 propheta
1019 3439 1312 3497 deﬂectens
1347 3455 1471 3497 eum
1498 3440 1553 3495 in
1580 3454 1796 3511 agrum,
1828 3446 1888 3494 ut
1927 3437 2108 3494 nullus

518 3536 731 3592 audiret
755 3534 887 3606 quid
911 3535 961 3590 ei
994 3534 1220 3591 diceret.
1260 3534 1552 3603 Elatasque
1590 3532 1777 3588 verbis
1831 3531 2109 3602 prophetae

519 3628 787 3685 suadebat
810 3626 1031 3703 populo,
1056 3636 1121 3685 ut
1136 3642 1197 3685 se
1224 3641 1407 3701 regem
1432 3626 1639 3683 faceret
1666 3644 1679 3680 :
1706 3624 1862 3694 Quod
1882 3625 2110 3680 audiens

522 3718 779 3776 Salomon
802 3718 1081 3793 quatiebat
1104 3734 1233 3774 eum
1257 3717 1587 3775 interﬁcere.

596 3810 731 3867 Erat
752 3820 950 3893 autem
976 3809 1091 3867 Hoc
1105 3809 1420 3867 mandatum
1445 3809 1800 3867 restitutionis
1829 3823 2109 3865 murorum

521 3903 812 3960 recusavit.
842 3902 950 3958 Sed
975 3904 1118 3958 unde
1144 3912 1293 3959 tanta
1323 3903 1588 3961 audacia?
1615 3903 1741 3973 quia
1776 3917 1873 3961 rex
1902 3903 2104 3959 consti-

523 3999 708 4049 tuerat
729 4005 857 4048 eum
880 3989 1218 4063 praelectum.

562 4143 571 4149 _
601 4081 747 4141 Tolle
774 4078 889 4143 tibi.
919 4080 1103 4157 (Rus)
1127 4083 1325 4143 Decem
1353 4082 1525 4145 tribus
1555 4098 1587 4140 a
1616 4082 1779 4142 domo
1811 4083 1989 4142 David
2026 4099 2133 4149 se-.

522 4183 727 4247 parata
749 4182 900 4244 sunt,
919 4184 1230 4247 etc.,usque
1252 4175 1321 4231 ad
1335 4175 1466 4248 quia
1488 4193 1622 4233 unus
1644 4175 1808 4245 Deus,
1825 4194 1931 4233 una
1951 4177 2107 4248 (idea,

525 4288 693 4335 unum
721 4271 1001 4345 baptisma.

593 4361 758 4421 Vitas.
783 4362 876 4419 42.
896 4394 968 4409 --
997 4361 1122 4421 Dies
1164 4374 1363 4422 autent.
1400 4361 1669 4437 Iosephus
1690 4362 1829 4421 dixit
1843 4377 2115 4436 regnasse

523 4455 795 4526 octoginta
836 4455 1027 4522 annis,
1066 4464 1128 4512 et
1150 4456 1351 4513 vixisse
1382 4455 1677 4531 nonaginta
1702 4465 1955 4528 quatuor.
2004 4457 2111 4514 Sed

525 4548 706 4605 divina
745 4547 1158 4621 Scriptura‘eos
1187 4557 1396 4607 tantum
1424 4563 1600 4606 annos
1636 4549 1891 4622 exprimit
1915 4550 2113 4622 quibus

528 4640 775 4711 regnavit
808 4620 1100 4712 antequam
1129 4641 1602 4712 praevaricaretur.
1704 4620 1721 4622 ’
1936 4620 1949 4622 ’
2135 4620 2192 4683 D

878 4770 885 4799 ι
1122 4752 1358 4813 CAPUT
1394 4753 1508 4810 XII.

599 4841 762 4900 Vsus.
788 4841 1153 4901 (αι-..ιω
1176 4855 1383 4913 autem.
1424 4847 1799 4904 Duriuinuun.
1828 4846 2113 4915 Quomodo

528 4938 632 4995 hoc
651 4950 837 4992 verum
864 4944 969 5001 est,
996 4951 1118 4991 cum
1141 4938 1389 5008 superius
1413 4938 1615 4994 dictum
1647 4940 1739 5007 sit,
1782 4939 1925 5009 quod
1957 4938 2113 4996 Salo-

529 5040 658 5086 mon
701 5042 810 5085 non
852 5026 1145 5084 obstitit
1196 5043 1526 5099 quemquam
1591 5030 1802 5085 servire
1858 5031 1925 5086 de
1986 5030 2111 5087 ﬁliis

528 5119 733 5177 Israel?
759 5117 960 5192 Utique
999 5134 1105 5176 non
1147 5118 1279 5176 fecit
1321 5134 1420 5178 eos
1456 5125 1665 5179 servire
1694 5124 1750 5178 in
1779 5121 2116 5196 agricultura

527 5212 613 5269 vel
645 5213 753 5269 alio
792 5213 978 5271 servili
1010 5210 1194 5286 opere.
1226 5212 1428 5272 Verum
1478 5216 1754 5287 principes
1781 5230 1849 5271 ex
1875 5216 1959 5272 eis
1988 5230 2117 5272 con-

531 5303 709 5359 stituit
754 5303 1115 5377 pereingulas
1144 5304 1348 5372 tribus,
1394 5305 1487 5377 qui
1526 5305 1824 5361 reddebant
1848 5304 1963 5376 regi
2020 5319 2117 5375 per

532 5392 680 5449 vires
704 5394 932 5466 singulis
964 5394 1242 5455 mensibus
1290 5406 1583 5461 aunonam,
1612 5404 1743 5462 etc.,
1770 5410 1890 5465 qua
1914 5396 1982 5452 de
2020 5412 2116 5453 ex-

529 5500 699 5559 pensa
729 5487 872 5560 regis
911 5489 1161 5559 superius
1198 5488 1531 5553 referuntur,
1562 5486 1709 5557 quod
1750 5490 1913 5545 modo
1938 5489 2114 5546 duris-

532 5579 730 5634 simum
754 5578 943 5652 iugum
980 5572 1276 5651 appellant.

600 5673 766 5729 Vens.
787 5673 841 5729 8.
862 5704 932 5715 —
966 5672 1350 5730 Adolescentia.
1378 5672 1453 5728 De
1482 5673 1680 5745 quibus
1709 5672 1949 5729 Aderam
1975 5688 2119 5731 unus

533 5761 636 5819 fuit
663 5763 757 5834 qui
782 5774 968 5836 postea
998 5764 1267 5835 lapidatus
1290 5766 1394 5822 est.
1434 5764 1671 5823 Iuvenes
1698 5766 1981 5839 Scriptura
2010 5783 2118 5824 non

536 5866 753 5929 supper
790 5857 945 5931 juxta
975 5866 1192 5916 aetatem
1217 5858 1468 5932 appellat,
1499 5859 1593 5916 sed
1618 5859 1772 5932 juxta
1797 5860 2123 5919 iustabilita-

2205 2006 2290 2055 est
2325 1996 2442 2054 Gad
2468 1997 2560 2073 qui
2582 1998 2795 2057 monuit
2822 1998 2993 2055 David
3019 2000 3098 2055 ire
3126 2002 3180 2054 in
3206 2008 3409 2055 terram
3423 1998 3579 2056 Juda.
3608 1998 3795 2073 (Βη.)

2205 2086 2476 2159 Propheta
2496 2104 2527 2143 a
2546 2088 2659 2144 Deo
2692 2090 2913 2157 missus,
2937 2099 3070 2153 etc.,
3104 2107 3264 2162 usque
3291 2090 3360 2145 ad
3390 2089 3673 2163 pmnitenti
3699 2102 3794 2147 ve-

2193 2181 2296 2239 ‘nia
2332 2182 2575 2237 daretur.

2280 2272 2427 2326 Vens
2460 2272 2545 2326 ll.
2576 2303 2645 2312 —
2672 2270 2975 2345 PrOphetes.
3004 2273 3112 2330 Iste
3137 2273 3607 2346 pscudopropbeta
3648 2274 3798 2344 prin-

2208 2378 2336 2435 ceps
2363 2372 2482 2417 erat
2507 2363 2872 2431 sacerdotum,
2897 2371 2951 2419 et
2974 2364 3131 2421 valde
3154 2381 3184 2420 a
3209 2381 3335 2437 rege
3372 2364 3650 2421 colebatur
3677 2373 3798 2420 tan-

2207 2470 2371 2525 quam
2398 2455 2643 2521 divinus;
2677 2455 2876 2511 timens
2902 2464 3083 2512 autem
3126 2473 3194 2513 ne
3225 2473 3325 2529 per
3361 2472 3669 2514 sermonem
3694 2456 3800 2513 viri

2208 2547 2303 2604 Dei
2327 2565 2421 2604 rex
2450 2563 2481 2603 a
2510 2549 2723 2604 cultura
2753 2548 3023 2605 idolorum
3046 2550 3346 2615 recederet,
3372 2560 3429 2608 et
3455 2566 3515 2609 se
3539 2561 3803 2622 tanquam

2206 2632 2515 2695 maleﬁcum
2542 2636 2896 2707 interﬁceret,
2927 2640 3258 2713 excogitavit
3280 2648 3342 2696 ut
3360 2640 3538 2696 virum
3572 2638 3667 2696 Dei
3701 2640 3802 2697 de-

2208 2734 2436 2803 ciperet,
2469 2733 2603 2788 satis
2649 2740 2828 2788 astute
2859 2749 3056 2805 agens,
3088 2742 3149 2789 ut
3177 2733 3305 2790 dum
3336 2732 3804 2806 transgrederetur

2206 2833 2537 2895 praeceptum
2574 2823 2691 2891 Dei,
2730 2825 2878 2881 illius
2921 2826 3057 2881 iram
3084 2824 3415 2893 incurreret,
3446 2825 3588 2882 sicut
3610 2835 3803 2898 postea

2208 2917 2358 2985 fecit,
2382 2934 2505 2973 cum
2539 2918 2713 2989 magis
2746 2917 2957 2975 homini
2984 2934 3151 2991 quam
3184 2919 3293 2975 Deo
3322 2917 3572 2975 credidit.
3601 2917 3679 2974 Ac
3708 2932 3807 2991 per

2207 3007 2313 3064 hoc
2349 3017 2785 3065 monstrarentur
2822 3022 2944 3065 esse
2969 3006 3106 3066 falsa
3135 3024 3258 3080 quae
3300 3008 3577 3080 prazdixit,
3617 3009 3807 3081 sicque

2208 3100 2322 3171 regi
2344 3101 2672 3171 persuadere
2708 3108 2955 3172 possent,
2989 3101 3133 3157 sicut
3178 3099 3326 3163 fecit.
3357 3100 3597 3159 Audiens
3622 3110 3807 3157 autem

2212 3208 2303 3248 rex
2334 3201 2609 3261 eventum,
2654 3193 2867 3266 putavit
2906 3194 3061 3250 irrita
3083 3210 3205 3266 quae
3231 3194 3313 3250 vir
3340 3194 3437 3251 Dei
3466 3193 3699 3261 dixerat,
3751 3202 3811 3251 et

2208 3303 2317 3343 non
2350 3286 2640 3345 declinavit
2674 3303 2704 3341 a
2736 3286 2823 3343 via
2853 3302 2953 3343 sua
2989 3287 3153 3343 mala.

2284 3377 2477 3433 Omnia
2503 3394 2682 3450 opera,
2710 3385 2817 3434 etc.
2846 3377 3065 3451 (Gnsc.)
3088 3378 3145 3435 In
3167 3377 3338 3452 gestis
3357 3377 3636 3453 propheta:
3666 3376 3809 3432 mira

2211 3471 2561 3537 antecedunt,
2585 3469 2783 3528 misera
2812 3470 3119 3528 succedunt
3146 3491 3159 3527 :
3188 3487 3293 3544 qua
3336 3472 3389 3527 in
3442 3487 3501 3527 re
3538 3469 3667 3542 quid
3695 3468 3813 3527 col-

2210 3560 2464 3634 ligimus?
2492 3561 2598 3618 nisi
2626 3562 2772 3633 quod
2803 3562 2942 3636 apud
2969 3579 3029 3619 se
3052 3572 3277 3636 propter
3304 3561 3576 3635 magnalia
3598 3560 3802 3633 gloria-

2211 3664 2301 3711 tus
2342 3655 2411 3710 ab
2435 3655 2651 3711 interna
2686 3670 2811 3712 mox
2849 3654 3121 3711 soliditate
3146 3664 3230 3711 est
3255 3664 3569 3726 quassatus,
3598 3662 3655 3709 et
3680 3652 3810 3709 inde

2211 3747 2263 3803 ei
2292 3747 2347 3803 in
2388 3762 2555 3819 opere
2581 3747 2736 3820 culpa
2788 3748 3204 3821 subrepit,unde
3225 3748 3331 3805 sibi
3357 3747 3527 3825 gloria
3556 3745 3610 3802 in
3642 3747 3812 3804 corde

2212 3838 2505 3911 subrepsit,
2531 3851 2641 3897 uta
2663 3841 2926 3912 propheta
2954 3840 3090 3898 falso
3118 3840 3352 3898 disceret
3373 3842 3650 3914 deceptus,
3680 3841 3811 3911 quia

2212 3947 2555 4006 nequaquam
2584 3933 2819 4006 propria:
2842 3932 3183 3991 fortitudinis
3218 3933 3324 3991 fuit
3342 3935 3489 4008 quod
3517 3934 3670 4005 prius
3710 3949 3817 3997 ac-.

2215 4025 2458 4083 cidisset.
2952 4096 2957 4107 Ι
3350 4100 3369 4107 _

2246 4112 2251 4119 ’
2286 4112 2453 4174 Vens.
2482 4115 2573 4172 21.
2613 4146 2681 4157 -
2710 4115 2843 4173 Ηωε
2885 4114 3014 4173 dicit
3049 4114 3328 4174 Dominus.
3363 4116 3487 4191 (ln.)
3522 4116 3667 4176 Bene
3712 4134 3813 4179 att-

2218 4218 2326 4265 tem
2373 4223 2468 4264 ore
2496 4207 2614 4280 eius
2653 4207 2981 4265 sententiam
3030 4209 3226 4265 mortis
3252 4208 3501 4282 accepit,
3528 4208 3683 4279 cujus
3721 4225 3814 4265 re-

2217 4300 2471 4356 ductione
2501 4314 2531 4354 a
2560 4299 2687 4355 vita:
2711 4298 2999 4372 praeceptis
3030 4298 3284 4367 deviavit,
3321 4308 3380 4355 ut
3425 4299 3550 4357 inde
3588 4314 3809 4371 poenam

2216 4386 2484 4445 veraciter
2509 4397 2770 4457 sumeret,
2801 4389 2945 4445 unde
2987 4387 3202 4462 culpam
3250 4389 3589 4463 negligenter
3629 4391 3810 4445 admi—

2219 4483 2400 4538 sisset.

2290 4574 2453 4632 Vnns.
2475 4572 2568 4630 24.
2589 4604 2659 4615 —-
2684 4570 2755 4629 Et
2786 4575 2866 4631 leo
2893 4574 3089 4642 stabat,
3121 4585 3230 4632 etc.
3281 4572 3469 4649 (Rm)
3494 4570 3600 4630 llic
3626 4583 3814 4631 osten-

2216 4666 2394 4735 ditur,
2438 4666 2583 4737 quod
2629 4676 2916 4739 peccatum
2944 4664 3327 4725 inobedientia:
3368 4666 3427 4725 in
3469 4666 3584 4738 ipsa
3636 4673 3817 4722 morte

2212 4756 2316 4815 fuit
2344 4758 2602 4825 laxatum,
2644 4756 2772 4829 quia
2793 4758 2896 4815 iste
2926 4757 3071 4815 idem
3103 4757 3209 4825 leo,
3244 4758 3336 4830 qui
3365 4757 3634 4813 viventem
3666 4772 3812 4828 pne-

2213 4853 2447 4924 sumpsit
2490 4850 2763 4919 occidere,
2798 4866 2964 4908 ausus
3008 4849 3327 4923 contingere
3377 4863 3483 4905 non
3532 4854 3617 4905 est
3665 4848 3816 4905 occi-

2215 4959 2356 5001 sum.
2387 4942 2491 5014 Qui
2516 4942 2664 4999 enim
2694 4942 2977 5000 occidendi
3004 4941 3197 4999 habuit
3223 4949 3576 5014 potestatem,
3607 4939 3677 4997 de
3716 4956 3817 4998 oc-

2215 5036 2317 5093 cisi
2340 5034 2603 5093 cadavere
2625 5034 2943 5093 comedendi
2972 5033 3251 5090 licentiam
3279 5049 3388 5090 non
3414 5032 3644 5106 accepit,
3681 5031 3815 5106 quia

2225 5130 2273 5186 is
2303 5127 2455 5198 cujus
2476 5128 2634 5201 culpa
2663 5130 2719 5186 in
2746 5130 2855 5185 vita
2885 5127 3063 5185 fuerat
3089 5127 3279 5201 punita
3300 5169 3316 5196 ,
3355 5126 3602 5199 eratjam
3626 5122 3815 5198 justus

2224 5237 2289 5278 ex
2326 5230 2521 5276 morte.
2873 5240 2885 5251 '

2296 5311 2459 5367 Vsns.
2488 5310 2577 5365 51.
2600 5340 2671 5352 -—
2712 5308 2954 5381 Sepelite,
2985 5316 3091 5365 etc.
3132 5307 3308 5366 Malus
3330 5308 3602 5382 propheta
3628 5309 3816 5369 sciens

2223 5408 2445 5465 evenire
2464 5421 2586 5479 quae
2612 5407 2697 5462 vir
2719 5406 2815 5462 Dei
2854 5405 3126 5476 praedixit,
3156 5404 3419 5479 pracepit
3443 5414 3504 5461 ut
3546 5403 3815 5478 squilla-

2222 5513 2312 5560 tur
2325 5503 2478 5575 juxta
2502 5502 2676 5558 virum
2714 5502 2830 5569 Dei,
2858 5516 2929 5557 ne
2967 5500 3188 5572 quando
3215 5516 3341 5558 ossa
3384 5501 3537 5557 illius
3584 5500 3821 5560 combu-

2220 5590 2391 5650 renda
2418 5590 2800 5658 eﬂoderentur,
2826 5592 2923 5647 sed
2943 5594 3417 5657 conservarentur,
3434 5605 3535 5663 per
3556 5600 3813 5649 sanctum

2221 5682 2565 5755 prophetam,
2602 5682 2747 5741 sicut
2789 5680 3019 5740 inferius
3070 5682 3216 5741 idem
3262 5691 3493 5740 testatur
3529 5682 3665 5739 liber
3706 5681 3815 5738 im-

2223 5774 2450 5847 pictum.
