4122 6350
317 384 421 443 605

896 490 1123 549 CAPUT
1182 488 1321 545 XIV.

390 608 553 666 Vnus.
581 606 755 663 25.—
774 604 1015 662 Ascendit
1056 602 1233 671 Sesac,
1262 612 1375 659 etc.
1405 601 1784 674 Sequebantur
1809 614 1898 655 re-

319 717 439 775 gem
474 697 696 772 Egypti
716 712 911 753 currus
937 694 1082 750 mille
1118 702 1173 750 et
1200 692 1442 761 ducenti,
1474 691 1718 763 equitum
1742 704 1899 748 sexa-

320 797 467 870 ginta
498 791 686 858 millia,
722 798 777 847 et
802 786 1156 861 quadraginta
1178 785 1345 842 millia
1367 787 1638 858 peditum,
1667 799 1897 858 quorum

318 888 580 961 plurimos
622 883 859 941 habebat
902 881 1121 955 Libyes,
1178 889 1232 936 et
1270 876 1577 950 Ethiopes.
1636 878 1899 934 lnvadens

321 979 504 1048 itaque
521 972 874 1033 Hebraeorum
904 972 1205 1043 regionem,
1236 969 1632 1033 munitissimae
1653 968 1899 1026 civitates

321 1071 440 1128 sine
470 1066 820 1126 dimicatione
847 1063 1097 1130 detinuit,
1137 1063 1244 1120 etc.

892 1176 1119 1234 CAPUT
1184 1175 1304 1233 XV.

390 1292 554 1353 Vna.
577 1292 716 1350 6.-
727 1290 1173 1362 Attamenwa
1196 1290 1297 1361 fuit
1318 1290 1455 1349 inter
1472 1290 1660 1345 Atriam
1676 1299 1725 1345 ct
1742 1288 1901 1345 Jeru-

323 1388 473 1443 boam
496 1385 636 1441 omni
642 1425 659 1452 ,
672 1392 778 1441 etc.
793 1381 1083 1441 Jeroboam
1108 1381 1281 1439 multo
1296 1382 1536 1437 exercitu
1553 1389 1903 1453 congregato,

320 1486 514 1536 contra
531 1476 722 1535 Abiam
747 1474 917 1533 ﬁlium
946 1473 1317 1544 Roboam,qui
1345 1473 1401 1529 in
1428 1472 1635 1530 duabus
1657 1473 1904 1529 tribubus

320 1572 464 1645 patri
482 1570 763 1636 simeessit,
784 1576 1205 1626 castrametatus
1222 1575 1324 1623 est.
1348 1565 1501 1634 Quod
1520 1582 1643 1623 cum
1666 1565 1926 1623 audisset.

322 1663 491 1729 Abiu,
543 1658 952 1731 obstupefactus
979 1666 1097 1723 est;
1138 1671 1327 1713 verum
1380 1656 1698 1720 roboratus,
1733 1653 1905 1709 electo

324 1753 567 1813 exercitu
601 1751 838 1809 occurrit
887 1748 1177 1806 Jemboam
1224 1747 1279 1805 in
1323 1747 1502 1804 locum
1540 1747 1632 1817 qui
1677 1755 1905 1802 vocatur

1312 375 1577 435 GLOSSA
1615 373 2006 432 ORDINARIA.
2049 405 2117 414 —
2156 373 2284 430 LIB.
2320 373 2387 430 Ill
2428 372 2587 428 REG.

3455 371 3561 426 606

1922 486 2161 549 AJosue
2213 497 2374 559 atque
2421 485 2894 554 anathematizata,
2951 483 3170 541 Jericho
3220 485 3418 555 muenia
3473 501 3563 542 re-

1996 579 2279 637 stauravit.
2332 578 2463 634 Cum
2492 578 2614 650 quis
2665 592 2872 645 eorum,
2909 578 3000 649 qui
3031 577 3084 632 in
3128 576 3370 634 Ecclesia
3414 576 3567 634 babi-

1997 680 2111 727 tum
2159 670 2434 743 religionis
2481 678 2914 741 assumpserunt,
2965 668 3033 725 ad
3077 669 3284 740 agenda
3331 666 3555 731 scelera,

1998 780 2118 836 quae,
2144 764 2194 820 ei
2230 763 2488 820 Dominus
2512 761 2670 820 Jesus
2694 763 2748 818 in
2772 762 2860 820 die
2881 753 3221 834 baptismatis
3249 763 3568 829 donaverat,
3636 768 3644 781 '

1996 859 2156 926 redit,
2188 872 2430 929 quasque
2460 858 2574 928 ipse
2608 856 3162 912 anathematizaverat
3183 852 3381 910 diaboll
3409 869 3570 925 pom-

1996 964 2115 1022 pas,
2171 948 2444 1004 luxuriose
2490 947 2719 1003 vivcndo
2766 944 2984 1017 repetit,
3043 960 3273 1017 cumque
3324 956 3572 1002 errorum

1999 1041 2357 1115 dogmata'vel
2380 1040 2656 1113 gentilium
2693 1038 2906 1096 fabulas
2931 1040 3147 1095 veritati
3170 1030 3595 1105 ecclesiasticae,

2000 1150 2107 1209 qua
2140 1135 2380 1191 imbutus
2403 1141 2518 1201 est,
2564 1131 2801 1204 praefert,
2847 1133 2999 1204 quasi
3048 1132 3233 1188 Betbel
3272 1130 3575 1203 egrediens,

2000 1227 2187 1283 ruinas
2219 1224 2436 1284 Iericho
2483 1225 2794 1281 resuscitat.
2855 1222 2907 1281 Is
2953 1231 3007 1280 et
3037 1223 3385 1279 fundamenta
3430 1222 3577 1288 ﬁdei,

2001 1334 2033 1374 a
2059 1319 2253 1390 quibus
2294 1319 2434 1373 bona
2457 1316 2683 1372 aediﬁcia
2725 1316 3024 1381 inchoat-at,
3070 1323 3126 1371 et
3153 1314 3388 1371 claustra
3424 1312 3581 1370 bona:

2003 1410 2233 1466 actionis
2261 1407 2458 1479 quibus
2487 1406 2676 1479 perﬁci
2711 1406 2994 1471 debuerat,
3034 1403 3230 1476 perdit.

2072 1502 2140 1557 In
2181 1500 2417 1555 Abiram.
2466 1499 2593 1571 ilo.)
2647 1498 2780 1554 Cum
2831 1497 3081 1554 conditor
3127 1494 3347 1552 Jericho
3389 1493 3584 1550 mnda-

2002 1600 2187 1650 menta
2232 1599 2477 1663 poneret,
2522 1590 2916 1663 primogenitus
2939 1588 3057 1660 ejus
3101 1588 3324 1644 nomine
3360 1586 3586 1642 Abiram

1960 1716 1963 1719 ν
2004 1692 2247 1740 mortuus
2289 1690 2391 1738 est.
2451 1680 2587 1738 Cum
2626 1689 2810 1752 portas
2852 1678 3125 1747 muniret,
3189 1677 3369 1751 Segul)
3416 1677 3586 1733 ﬁlium

2006 1790 2163 1833 suum
2222 1772 2572 1831 novissimum
2631 1771 2816 1829 ainisit
2838 1811 2855 1837 ,
2916 1769 3075 1841 juxta
3138 1768 3586 1850 imprecatione!!!

330 1846 484 1903 ηοω,
505 1844 969 1903 Amorrhaeorum.
998 1841 1247 1911 Cumque
1285 1840 1588 1899 orationem
1624 1838 1905 1895 habuisset
1931 1844 1979 1904 B
2006 1866 2188 1925 losue_

325 1937 393 1993 ad
440 1935 739 1993 exercitum
780 1933 1069 1991 Jeroboam
1093 1974 1109 1999 ,
1150 1932 1368 1988 tandem
1415 1932 1492 1989 ait
1530 1946 1545 1985 :
1586 1929 1645 1985 In
1694 1944 1801 2001 quo
1837 1928 1906 1985 de
1966 1940 1979 1955 ⁴

326 2028 554 2087 victoria
594 2028 728 2085 estis
779 2023 1151 2083 conﬁdentes?
1189 2024 1272 2081 An
1324 2022 1379 2079 in
1409 2022 1597 2081 vitulis
1646 2021 1824 2077 aureis
1852 2030 1909 2076 et

327 2121 468 2187 aris,
498 2133 622 2191 quae
646 2126 844 2177 vestrm
879 2124 1007 2174 sunt
1052 2114 1351 2186 impietatis
1394 2122 1450 2171 et
1476 2127 1584 2169 non
1634 2111 1910 2181 religionis

327 2209 558 2269 indicia?
611 2210 698 2265 An
745 2207 1034 2265 multitudo
1082 2221 1235 2278 spem
1285 2203 1438 2261 vobis
1492 2202 1755 2275 praebuit?
1804 2199 1911 2256 Sed

329 2302 477 2363 nulla
496 2302 671 2359 virtus
699 2300 811 2359 illic
835 2308 939 2367 est,
978 2300 1073 2356 ubi
1101 2298 1255 2370 (licet
1274 2310 1398 2353 cum
1432 2294 1625 2355 multis
1649 2292 1910 2364 millibus)

330 2396 456 2453 licet
475 2410 617 2453 unus
633 2403 839 2466 pugnat
853 2394 1070 2465 injuste.
1088 2390 1438 2449 Solummodo
1458 2390 1603 2446 enim
1622 2390 1679 2445 in
1699 2387 1913 2459 justitia

329 2496 387 2542 et
424 2487 626 2558 pietate
658 2499 782 2556 spes
803 2484 1047 2541 victorias
1074 2482 1345 2547 consistit,
1374 2496 1494 2552 quae
1528 2480 1736 2537 scilicet
1770 2478 1914 2549 apud

332 2588 556 2644 nosset,
585 2586 923 2637 servantesa
959 2576 1225 2647 principio
1246 2576 1393 2647 leges
1427 2583 1484 2630 et
1520 2586 1706 2631 verum
1745 2574 1915 2629 Deum

332 2678 675 2736 venerantes,
717 2678 824 2725 etc.
864 2669 1005 2724 Deus
1058 2676 1239 2725 autem
1283 2665 1558 2723 exercitus
1600 2663 1916 2721 Jeroboami

335 2761 614 2821 audaciam
662 2760 945 2827 dissolvit;
996 2760 1297 2817 exercitum
1362 2766 1543 2814 autem
1586 2756 1739 2814 Abiu:
1790 2754 1919 2811 fecit

335 2853 707 2911 excelsiorem.
749 2852 887 2907 Nam
922 2859 1124 2922 quanta
1163 2849 1315 2907 nullo
1350 2848 1492 2906 bello
1534 2847 1769 2905 refertur
1814 2863 1919 2903 cae-

337 2948 430 3003 des
464 2944 632 3002 fuisse
659 2943 973 3009 commissa,
1014 2957 1192 3013 neque
1215 2933 1551 3007 Graecorum,
1576 2952 1753 3009 neque
1788 2939 1920 2995 Bar-

339 3037 611 3103 barorum,
658 3034 967 3092 mirabilem
999 3041 1378 3105 perceperunt,
1425 3031 1537 3088 Deo
1583 3029 1917 3097 conferente,

340 3127 644 3185 victoriam.
662 3125 967 3199 Quingenta
993 3126 1141 3182 enim
1165 3123 1337 3183 millia
1362 3123 1600 3181 hostium
1622 3122 1765 3180 bello
1792 3137 1923 3195 pro-

340 3226 510 3285 strata
536 3226 687 3287 sunt,
715 3226 822 3276 etc.

924 3309 1153 3369 CAPUT
1206 3308 1346 3366 XVI.

413 3427 578 3485 Vsus.
605 3428 660 3483 1.
687 3454 760 3468 --
784 3423 984 3481 Factus
1017 3433 1094 3480 est
1125 3430 1300 3480 autem
1337 3438 1529 3490 sermo,
1560 3432 1668 3481 etc.
1718 3423 1923 3481 Mentio

342 3518 503 3589 hujus
514 3519 791 3592 prophetat
813 3517 869 3573 in
896 3516 1042 3573 nullo
1062 3516 1168 3572 alio
1193 3516 1312 3572 loco
1330 3515 1406 3582 ﬁt,
1422 3516 1519 3572 sed
1545 3515 1726 3572 subito
1754 3516 1925 3573 intro-

344 3604 561 3671 ducitur
602 3610 745 3667 sicut
781 3608 899 3673 alii,
948 3598 1090 3664 unde
1118 3607 1321 3664 Abdias
1364 3606 1563 3663 dicitur
1608 3606 1823 3680 pavisse
1868 3608 1924 3663 in

345 3704 616 3779 speluncis
660 3710 873 3759 centum
906 3705 1215 3773 prOphetas.
1251 3702 1318 3756 Et
1344 3700 1487 3757 Elias
1525 3700 1602 3756 ait
1642 3719 1655 3755 :
1693 3696 1926 3770 Prophe-

345 3811 429 3856 tas
471 3808 589 3855 tuo:
622 3796 941 3854 occiderunt.
992 3795 1061 3851 Et
1104 3793 1196 3850 lilii
1253 3794 1640 3866 prophetarum
1680 3793 1930 3864 leguntur

346 3890 649 3947 occurrisse
694 3888 918 3953 Elisaeo,
973 3900 1203 3958 quorum
1260 3885 1364 3941 alia
1398 3885 1547 3941 nulla
1578 3885 1637 3939 ﬁt
1682 3884 1927 3951 mentio,

349 3982 496 4039 nulla
530 3981 784 4055 specialis
816 3978 1137 4036 nominatio.

420 4076 584 4134 Vsus.
611 4076 667 4134 3.
698 4103 768 4117 -—
795 4073 963 4129 Εοσε..
996 4072 1019 4145 (
1036 4071 1170 4128 ΗΑΒ.
1199 4072 1254 4126 in
1298 4070 1388 4126 lib.
1420 4068 1547 4143 Reg.
1568 4111 1582 4135 ,
1636 4078 1768 4125 tom.
1807 4067 1929 4139 ill.)

353 4168 586 4228 Detnetit
608 4166 868 4224 Dominus
906 4164 1068 4234 huius
1092 4162 1177 4218 vel
1222 4162 1590 4234 cujuscunque
1614 4160 1785 4232 iniqui
1832 4174 1933 4230 po-

354 4262 601 4328 eteriora,
643 4274 767 4316 cum
802 4266 1023 4330 peccata
1069 4264 1191 4326 post
1236 4254 1402 4311 ﬁnem
1454 4253 1582 4310 vita:
1628 4252 1928 4309 ulciscitur.

354 4349 589 4407 Demetit
612 4356 667 4405 et
695 4346 996 4418 posteriora
1040 4346 1233 4399 domus
1274 4341 1414 4411 ejus,
1447 4355 1570 4398 cum
1594 4340 1933 4397 imitatorem

353 4440 572 4501 aeternis
606 4437 937 4497 cruciatibus
962 4437 1201 4493 damnat.
1238 4433 1562 4504 Quicunque
1607 4446 1737 4503 ergo
1764 4446 1936 4502 usque

338 4536 408 4602 ,in
442 4533 605 4590 ﬁnem
625 4531 753 4589 vita:
778 4531 832 4587 in
860 4531 1045 4603 pravis
1078 4526 1333 4601 operibus
1368 4535 1714 4601 perseverat,
1751 4533 1937 4598 peste-

355 4627 498 4683 riora
521 4623 664 4681 illius
684 4624 1043 4681 demetentur.

427 4714 592 4771 Vens.
620 4712 676 4770 4.
711 4745 781 4755 -
811 4711 915 4779 Qui
948 4721 1185 4767 mortuus
1212 4710 1390 4781 fuerit.
1439 4708 1586 4782 (11).)
1636 4708 1713 4763 De
1740 4708 1936 4773 Bassa,

354 4808 409 4863 id
473 4813 595 4874 est,
637 4805 705 4862 de
766 4818 995 4876 corpore
1056 4802 1257 4863 diaboli
1311 4801 1655 4860 confusione
1684 4799 1937 4871 plenissi-

357 4913 481 4964 mo,
519 4904 650 4964 etc.,
675 4912 839 4968 usque
865 4894 934 4951 ad
972 4908 1160 4951 secum
1199 4892 1268 4948 ad
1306 4900 1569 4948 aeternum
1605 4890 1825 4961 rapiunt
1858 4891 1942 4946 in-

358 4988 602 5044 teritum.

430 5079 594 5137 Vnns.
622 5079 677 5137 ϐ.
723 5078 883 5136 -Ιη
924 5077 1127 5134 Thesea
1167 5092 1349 5148 regna.
1394 5073 1577 5148 (Rem)
1619 5073 1727 5131 Sex
1769 5088 1941 5131 annos

361 5174 491 5231 fecit
514 5174 570 5233 in
605 5173 833 5240 Thersa,
880 5171 1119 5244 reliquos
1140 5179 1320 5227 autem
1347 5171 1401 5226 in
1423 5170 1665 5235 civitate,
1695 5184 1817 5239 quae
1842 5168 1943 5225 Se-

360 5279 550 5325 meron
574 5262 896 5336 appellatur,
947 5278 979 5319 a
1009 5261 1217 5320 Graecis
1240 5276 1375 5318 vero
1416 5260 1685 5318 Samaria.
1716 5260 1815 5317 Hic
1842 5276 1944 5318 no-

358 5356 589 5417 minavit
631 5371 757 5413 eam
798 5356 1061 5415 Semeron
1102 5372 1131 5409 a
1164 5353 1354 5412 Semer
1394 5354 1575 5425 priore
1604 5354 1845 5421 domino,
1887 5365 1944 5411 et

362 5457 448 5519 est
496 5447 809 5519 metropolis
853 5448 1023 5520 regni,
1055 5455 1112 5505 et
1149 5456 1338 5517 postea
1381 5446 1557 5501 omnis
1594 5446 1744 5518 regio
1783 5447 1853 5504 ab
1877 5462 1945 5504 eo

365 5538 614 5597 Samaria
643 5540 962 5612 appellatur,
984 5550 1111 5609 quae
1124 5551 1273 5599 nunc
1308 5535 1539 5593 Sebaste
1562 5546 1813 5604 vocatur,
1850 5537 1944 5594 ubi

364 5645 489 5691 ossa
526 5629 671 5687 beati
694 5630 919 5688 Joannis
949 5631 1204 5701 Baptista:
1229 5629 1534 5698 quiacunt.

373 5778 387 5793 ,
436 5719 602 5780 Vnus.
633 5723 725 5780 34.
754 5754 826 5764 -
851 5722 1160 5791 didi/ienuit
1190 5718 1334 5775 Hiet.
1367 5719 1554 5789 (Rara)
1599 5719 1735 5787 Biel,
1775 5724 1947 5778 vivens

364 5814 512 5885 Deo;
537 5815 751 5883 Betbel,
791 5816 977 5872 domus
1017 5814 1111 5871 Dei
1144 5814 1553 5883 interpretatur,
1601 5814 1877 5875 destructa
1916 5834 1947 5875 a

1961 4582 2016 4675 1.)
2033 4582 2183 4688 rum,
2230 4635 2350 4691 quae
2379 4619 2513 4677 Mosi
2545 4627 2719 4677 morte
2739 4582 2975 4686 viduata,
3007 4582 3475 4681 ﬁ‘liu‘m‘nutriebat
3494 4637 3619 4693 par-

2574 1930 2801 1989 CAPUT
2831 1930 2991 1987 XVII.

2080 2050 2244 2107 Vens.
2293 2050 2317 2103 1
2360 2077 2433 2090 --
2469 2046 2539 2102 Et
2565 2031 2726 2102 dixit.
2773 2045 2955 2116 (ΗΑΒ.)
3001 2044 3148 2101 Elias
3199 2043 3589 2117 interpretatur

2009 2141 2152 2196 Deus
2174 2157 2320 2195 meus
2345 2139 2620 2203 Dominus,
2655 2137 2739 2193 vel
2762 2137 2903 2192 Deus
2926 2152 3091 2203 meus,
3114 2136 3227 2191 sive
3245 2134 3387 2190 Deus
3413 2133 3591 2205 fortis,

2012 2240 2069 2287 et
2087 2228 2675 2302 signmcathristum.
2715 2227 3001 2285 Thesbites
3023 2226 3290 2298 captivans
3325 2242 3418 2282 seu
3472 2241 3592 2283 con-

2013 2334 2211 2383 uertens
2248 2324 2640 2394 interpretatur
2672 2339 2687 2376 :
2736 2329 2793 2378 et
2818 2321 2885 2377 de
2910 2320 3137 2377 Domino
3163 2328 3251 2375 est
3280 2318 3541 2390 scriptum
3571 2337 3593 2374 :

2015 2417 2289 2483 Converte,
2310 2417 2559 2483 Domine,
2599 2415 2951 2486 captivitatem
2991 2423 3247 2469 nostram.
3278 2411 3433 2468 Sicut
3454 2410 3589 2468 Mel-

2016 2507 2328 2574 chisedech,
2376 2507 2451 2565 ita
2476 2505 2607 2561 Eliae
2633 2504 2785 2578 origo
2815 2511 3080 2570 taceatur,
3121 2518 3244 2560 cum
3270 2502 3450 2560 subito
3476 2500 3596 2573 ejus

2017 2616 2217 2658 nomen
2256 2600 2633 2667 introducitur,
2683 2598 2867 2655 ethoc
2914 2596 2969 2653 in
3004 2595 3307 2654 Salvatoris
3348 2596 3593 2669 praeﬁgu-

2019 2693 2249 2749 ratione.

2088 2736 2336 2855 vel}...
2362 2792 2660 2853 conspectu.
2682 2782 2809 2856 (11).)
2830 2782 2891 2839 In
2919 2789 3212 2853 conspectu
3243 2778 3457 2837 Domini
3482 2736 3619 2835 stat‘

2016 2879 2198 2950 justus
2233 2880 2417 2946 modo,
2456 2880 2624 2937 stabit
2658 2888 2717 2936 et
2760 2880 2815 2936 in
2841 2877 3045 2942 futuro.
3090 2877 3272 2943 modo,
3312 2884 3374 2932 ut
3409 2875 3601 2933 condi-

2023 2974 2160 3030 toris
2194 2974 2493 3045 potentiam
2520 2973 2590 3031 ad
2624 2988 2843 3030 sensum
2879 2972 3121 3037 reducat,
3170 2977 3227 3029 et
3253 2968 3335 3027 sic
3370 2966 3603 3025 ﬁdeliter

2024 3067 2191 3133 vivat,
2243 3067 2298 3125 in
2335 3064 2543 3133 futuro,
2588 3075 2649 3125 ut
2690 3064 2958 3121 veraciter
2989 3063 3115 3121 vitae
3155 3074 3413 3119 coronam
3464 3057 3604 3113 acci-

2025 3158 2162 3230 piat.

1945 3221 1992 3285 C
2025 3221 2045 3230 ’
2093 3251 2259 3307 Vnus.
2287 3251 2343 3305 3.
2387 3278 2458 3290 —
2491 3247 2843 3307 Abscondat.
2892 3247 3080 3319 (Rm)
3109 3244 3472 3303 Absconditus
3520 3252 3607 3300 est

2024 3340 2170 3399 Elias
2205 3346 2387 3397 noster
2409 3347 2539 3404 etc.,
2569 3355 2730 3411 usque
2759 3339 2830 3413 ad
2871 3347 2926 3396 et
2962 3338 3280 3410 obseqqu
3307 3335 3453 3408 Quod
3498 3336 3607 3392 Do-

2022 3430 2172 3489 mino
2201 3445 2234 3485 a
2260 3428 2507 3487 ﬁdelibus
2534 3443 2602 3483 ex
2627 3427 2829 3489 tndteis
2853 3428 3155 3487 exhibitura
3174 3434 3278 3484 est.

2095 3522 2164 3577 1n
2200 3529 2426 3577 torrente
2455 3518 2663 3574 Carith.
2712 3518 2950 3579 Torrens
2991 3518 3168 3591 Cyson
3210 3519 3390 3590 quiet
3413 3519 3603 3577 Carith

2025 3614 2416 3685 interpretatur
2466 3611 2693 3682 cognitio
2738 3611 2854 3667 sive
2877 3611 3104 3669 concisio
3146 3611 3231 3668 vel
3258 3612 3468 3680 divisio,
3513 3610 3613 3668 Ju-

2030 3706 2186 3779 daico
2224 3702 2422 3775 populo
2451 3703 2723 3758 convenit.

2102 3798 2264 3853 Vens.
2296 3795 2382 3852 l0.
2403 3824 2475 3837 -
2498 3793 2554 3849 Η
2562 3794 2713 3849 utier.
2745 3794 2919 3865 (lsro.)
2961 3792 3134 3853 Vidua
3160 3809 3322 3865 quam
3336 3793 3612 3853 'Dominus

2030 3904 2139 3945 non
2172 3886 2449 3953 frumenti,
2504 3884 2602 3941 sed
2643 3884 2796 3942 verbi
2824 3900 2964 3957 pane
3000 3886 3193 3957 pascit,
3237 3899 3302 3945 ea
3326 3892 3432 3952 est,
3470 3899 3617 3956 qum,

2031 3990 2247 4040 mortuo
2275 3980 2411 4047 viro,
2465 3979 2552 4036 cui
2596 3977 2708 4034 vult
2746 3978 2935 4049 nubat,
2981 3978 3035 4035 id
3075 3986 3183 4047 est,
3220 3992 3451 4036 excusso
3490 3994 3611 4035 ser—

2031 4076 2219 4133 vitutis
2261 4075 2409 4148 jugo,
2464 4073 2609 4131 subit
2647 4071 2849 4129 Christi
2893 4071 3085 4145 iugum
3130 4087 3320 4141 suave,
3368 4083 3424 4129 et
3477 4088 3619 4131 onus

2033 4167 2171 4227 leve.

2105 4256 2289 4331 (Rm)
2338 4254 2465 4313 Haec
2500 4255 2663 4315 vidua
2705 4256 2949 4327 gentium,
2982 4253 3253 4328 signiﬁcat
3290 4251 3619 4318 Ecclesiam,

2036 4358 2168 4416 etc.,
2226 4365 2385 4420 usque
2424 4347 2492 4401 ad
2542 4363 2650 4404 non
2694 4344 2959 4424 defecisse
3008 4345 3232 4407 dicitur.

2109 4438 2233 4511 (111.)
2263 4436 2434 4495 Vidua
2458 4436 2601 4510 apud
2627 4452 2789 4509 quam
2843 4436 3215 4508 bospitabatur
3238 4435 3404 4503 Elias,
3441 4444 3499 4493 et
3518 4452 3616 4497 cu-

2033 4529 2126 4601 jus
2160 4528 2436 4587 benedixit
2483 4527 2671 4584 l‘arinaa
2708 4536 2764 4584 et
2788 4527 2930 4595 oleo,
2968 4542 3255 4609 synagoga
3278 4538 3363 4585 est
3408 4526 3610 4587 Iudaeo-

2040 4711 2246 4776 vulnm,
2313 4710 2416 4767 hoc
2434 4718 2521 4766 est
2568 4709 2838 4765 carnalem
2866 4708 3472 4781 populumJudmorum.
3520 4710 3620 4769 Hic

2044 4805 2113 4860 ad
2152 4805 2456 4876 ingressum
2495 4800 2644 4867 Elite,
2681 4800 2734 4855 id
2760 4810 2844 4857 est
2895 4799 3196 4885 Salvator-is
3236 4802 3433 4869 nostri,
3471 4801 3623 4859 febre

2042 4894 2374 4952 inﬁdelitatis
2400 4893 2794 4957 inﬁrmabatur,
2842 4893 2967 4963 quia
2992 4893 3047 4949 in
3068 4908 3194 4949 eum
3236 4890 3344 4949 non
3370 4893 3620 4959 credidit,

2043 4989 2140 5045 sed
2163 4987 2383 5059 sprevit.
2415 4985 2568 5043 Unde
2602 4994 2778 5042 mater
2814 4984 3099 5060 Synagoga
3137 4987 3206 5043 de
3239 4988 3471 5044 adventu
3503 4986 3624 5042 Sal-

2043 5082 2248 5138 vatoris
2272 5079 2643 5153 conqueritur,
2684 5079 2839 5151 quasi
2888 5080 3007 5150 ipse
3032 5064 3183 5136 esset
3205 5064 3368 5135 causa
3399 5079 3624 5134 interfe-

2044 5177 2238 5234 ctionis
2262 5174 2464 5247 populi,
2489 5174 2673 5230 dicens
2702 5191 2715 5229 :
2751 5172 2891 5241 Quid
2928 5175 3058 5231 mihi
3108 5184 3158 5229 et
3192 5174 3307 5239 tibi,
3350 5180 3453 5228 etc.
3486 5172 3623 5229 Hinc

2044 5276 2130 5325 est
2150 5267 2293 5337 quod
2323 5264 2558 5336 Caiphae
2598 5266 2720 5321 ait:
2758 5264 2982 5338 Eapedit
3052 5265 3193 5322 vobis
3246 5273 3304 5320 ut
3350 5282 3491 5321 unus
3518 5282 3627 5320 mm

2048 5361 2221 5414 riatur
2264 5374 2358 5429 pro
2416 5356 2629 5429 populo,
2682 5367 2729 5412 et
2771 5374 2874 5414 non
2900 5366 3007 5414 tota
3042 5373 3166 5429 gens
3211 5366 3386 5429 pereat
3436 5356 3621 5432 (Joan.

2047 5449 2146 5521 ιι).

2066 5548 2073 5555 ‘
2120 5540 2243 5615 (11).)
2281 5540 2436 5598 Sicut
2456 5540 2717 5612 propheta
2739 5540 2921 5598 verbis
2939 5541 3114 5597 viduae
3157 5554 3265 5597 non
3292 5548 3381 5598 est
3399 5554 3630 5613 exaspe-

2049 5642 2220 5699 ratus,
2258 5633 2389 5705 quin
2420 5633 2599 5703 potius
2621 5632 2924 5697 miseretur,
2980 5633 3053 5688 ita
3082 5632 3631 5706 Redemptornoster

2052 5738 2159 5780 non
2190 5733 2565 5794 exasperatur
2618 5723 2822 5779 malitia
2859 5721 3188 5792 Iudaeorum,
3245 5725 3341 5781 sed
3376 5726 3633 5785 misertus

2054 5819 2139 5876 sui
2177 5817 2358 5890 populi
2397 5815 2520 5872 tulit
2538 5831 2664 5872 eum
2708 5817 2779 5873 de
2803 5815 2927 5873 sinu
2945 5817 3155 5886 matris,
3197 5833 3323 5877 cum
3350 5820 3473 5881 tulit
3493 5836 3621 5883 eum

3622 717 3650 761 ςμ
