4122 6350
547 423 647 479 607

1033 420 1423 479 \VALAFRIDI
1461 419 1705 477 STRABI
1740 419 1946 478 FULD.
1990 418 2155 476 MON.
2195 419 2347 494 OPP.
2389 421 2572 478 PARS
2614 423 2655 478 I.
2706 453 2776 464 —
2816 421 3272 481 THEOLOGICA.

3707 424 3810 480 608

545 543 616 598 de
638 538 843 597 carnali
884 539 1226 596 observantia
1258 538 1410 608 legis,
1469 546 1524 592 et
1553 537 1730 608 posuit
1761 551 1924 606 super
1945 535 2119 591 Iectu-
2146 538 2231 598 Α·
2301 538 2455 592 Vens.
2483 537 2537 592 5.
2571 567 2638 578 —
2663 537 2731 592 Et
2757 555 2874 593 ecce
2923 539 3138 610 angelus
3171 535 3382 592 Domini
3408 537 3595 608 tetigit.
3622 537 3806 612 (Rue)

543 633 651 689 lum
698 649 872 698 suum,
927 633 1029 688 hoc
1069 641 1172 698 est,
1215 631 1603 686 demonstravit
1640 631 1689 684 ei
1711 631 1878 684 vitam
1920 630 2122 685 habere

541 726 599 783 in
632 736 804 781 morte
832 741 951 792 sua,
1011 723 1374 794 expanditque
1419 739 1477 778 se
1506 719 1676 778 tribus
1713 723 1942 788 vicibus,
1993 722 2119 776 dum

542 816 828 884 Trinitatis
851 816 1010 874 Iidem
1044 817 1373 871 insinuabat.

612 909 776 966 Vens.
809 909 893 965 i9.
923 907 1249 978 —Tulitque
1268 906 1436 962 Elias.
1455 906 1634 980 (ΚΑΒ.)
1664 906 1965 978 Tulit,EIias
1990 922 2122 977 pue-

543 1019 664 1060 rum
708 1012 763 1058 et
797 1001 1028 1057 reddidit
1058 999 1217 1054 matri
1265 1015 1392 1063 suae,
1441 1015 1564 1054 cum
1620 998 1877 1054 Dominus
1936 1008 2122 1056 uoster

539 1096 796 1167 populum
862 1093 1074 1149 salvans
1136 1093 1470 1156 credentem,
1546 1091 1696 1158 signa
1761 1100 1818 1146 et
1858 1092 2121 1148 miracula

538 1189 860 1247 ostendebat
883 1183 1191 1247 incredulis,
1231 1190 1702 1253 utcognoscerent
1749 1182 2019 1254 veraciter
2058 1182 2124 1236 il-

537 1281 649 1339 lum
676 1282 858 1336 vivere
887 1279 977 1350 qui
1008 1279 1178 1334 credit
1201 1277 1256 1330 in
1285 1277 1500 1331 nomine
1531 1275 1667 1346 ejus,
1715 1284 1770 1330 et
1793 1276 1870 1330 sic
1911 1275 2124 1331 eveniet

537 1382 599 1430 ut
623 1371 774 1443 plebs
820 1370 1063 1434 Judaica,
1121 1367 1349 1423 veritate
1388 1375 1661 1436 superata,
1706 1366 2006 1436 proclamet
2053 1367 2122 1421 ad

537 1465 812 1523 Christum
842 1481 854 1494 ·
921 1461 1080 1517 Nunc
1126 1461 1180 1514 in
1213 1461 1312 1514 isto
1347 1459 1561 1529 cognovi
1618 1458 1866 1528 quoniam
1905 1459 1986 1513 vir
2029 1457 2122 1513 Dei

535 1575 589 1614 ⁸³
611 1570 684 1613 ω’
1109 1622 1336 1680 CAPUT
1366 1623 1549 1679 XVIII.

612 1781 772 1839 Vens.
797 1783 852 1840 '5.
879 1812 950 1823 —
975 1780 1171 1835 Abdias
1199 1789 1394 1834 autem.
1455 1779 1656 1834 Abdias
1680 1779 1933 1850 princeps
1955 1794 2118 1834 exer-

537 1876 678 1932 citus
705 1874 890 1941 Israel,
921 1874 1078 1944 cujus
1117 1888 1312 1929 nomen
1354 1873 1741 1943 interpretatur
1769 1887 1957 1928 servus
2003 1873 2112 1928 Do-

538 1970 689 2034 mini,
748 1968 868 2024 illos
895 1965 1272 2038 praeﬁgurabat
1321 1967 1412 2036 qui
1443 1981 1508 2021 ex
1540 1965 1876 2036 principibus
1903 1964 2114 2021 Judan-

537 2078 656 2117 rum
691 2061 1054 2124 crediderunt,
1099 2069 1154 2114 et
1182 2066 1340 2114 erant
1365 2057 1562 2114 occulti
1602 2057 1872 2128 discipuli,
1917 2066 1977 2112 ut
2017 2055 2114 2112 Ni-

536 2157 792 2212 codemus
818 2165 871 2210 et
891 2151 1112 2224 Joseph.

606 2247 771 2303 Vens.
793 2246 882 2302 50.
913 2274 984 2284 —
1011 2242 1223 2297 Curavit
1256 2241 1442 2295 altare.
1477 2240 1658 2313 (ΕΑΒ.)
1688 2241 1755 2296 Et
1781 2240 2116 2310 Redemptor

534 2347 719 2393 noster
749 2343 940 2391 contra
966 2334 1149 2389 mundi
1174 2332 1474 2403 principem
1503 2348 1566 2387 ac
1595 2332 1859 2388 satellites
1885 2329 2002 2400 ejus
2025 2332 2118 2386 de-

533 2437 751 2485 certans
786 2442 852 2482 ac
903 2440 1184 2495 superans,
1230 2424 1402 2479 altare
1447 2424 1655 2478 Domini
1710 2425 1853 2493 quod
1907 2424 2118 2480 destru—

533 2530 682 2576 ctum
712 2518 910 2583 fuerat,
937 2518 989 2572 id
1024 2525 1108 2572 est
1140 2515 1375 2570 fidelium
1405 2515 1568 2570 corda
1596 2531 1626 2568 a
1667 2513 1788 2569 labe
1815 2513 2116 2584 iniquitatis

533 2626 792 2681 purgans,
829 2624 979 2662 aram
1011 2608 1121 2662 Deo
1146 2607 1376 2672 dedicat,
1417 2621 1537 2676 quae
1559 2620 1626 2660 ex
1659 2605 1948 2661 duodecim
1983 2605 2116 2676 lapi-

535 2701 694 2755 dibus
736 2705 1048 2754 constructa
1081 2705 1436 2761 memoratur,
1463 2696 1588 2765 quia
1624 2710 1690 2750 ex
1730 2695 1813 2750 his
1861 2695 1951 2765 qui
1991 2710 2117 2765 pro-

531 2789 803 2862 pheticam
844 2796 900 2842 et
946 2786 1298 2856 apostolicam
1348 2785 1508 2839 iidem
1555 2800 1651 2840 seu
1683 2786 1988 2841 doctrinam
2031 2800 2117 2842 se-

533 2890 774 2954 quuntur
797 2881 1106 2952 gratissima
1137 2894 1231 2933 ara
1273 2877 1386 2933 Deo
1421 2877 1769 2942 construitur,
1801 2877 1854 2932 in
1880 2894 1985 2949 qua
2030 2893 2117 2934 sa-

533 2973 797 3028 criﬁcium
821 2972 992 3026 laudis
1016 2972 1069 3025 in
1105 2971 1324 3025 odorem
1357 2969 1643 3024 suavitatis
1668 2966 1912 3024 oii'ertur.

605 3063 764 3120 Vens.
806 3063 896 3118 5‘2.
921 3060 1279 3134 —Fecitque.
1325 3061 1448 3132 (In.)
1487 3061 1566 3116 Ex
1591 3064 1827 3116 contrito
1869 3060 2118 3118 videlicet

535 3157 700 3213 corde
722 3165 778 3211 et
799 3154 1102 3219 humiliato,
1147 3166 1282 3219 etc.,
1307 3169 1470 3224 usque
1503 3153 1573 3207 ad
1604 3153 1658 3208 in
1697 3161 1962 3209 :eternum
1993 3168 2118 3225 gra-

535 3248 756 3312 tulando
779 3262 1037 3303 canamus
1065 3265 1077 3301 :
1101 3246 1358 3300 Dominus
1380 3246 1489 3316 ipse
1512 3256 1586 3300 est
1614 3244 1778 3300 Deus.

607 3342 772 3397 Vens.
802 3339 893 3394 40.
920 3369 991 3379 -
1010 3336 1413 3408 Apprehenditc.
1449 3336 1632 3408 (Rsn.)
1660 3337 1752 3391 Sic
1781 3335 2114 3407 Redemptor

534 3444 742 3502 noster,
768 3431 1088 3490 adveniente
1114 3432 1200 3486 die
1222 3429 1434 3500 judicii,
1465 3431 1641 3485 mittet
1670 3429 1890 3501 angelos
1915 3445 2042 3486 suos
2063 3439 2118 3486 et

534 3527 788 3599 colligant
828 3525 1009 3582 omnia
1050 3524 1304 3579 scandala
1345 3521 1412 3578 de
1444 3537 1609 3594 regno
1645 3521 1762 3592 ejus
1807 3531 1864 3576 et
1900 3521 2119 3577 mittent

533 3636 630 3676 eos
667 3620 724 3675 in
763 3627 1014 3690 stagnum
1043 3617 1202 3688 ignis,
1248 3617 1342 3672 ubi
1391 3616 1777 3671 cruciabuntur
1819 3617 2117 3672 secundum

535 3713 790 3768 duritiam
820 3720 876 3764 et
906 3711 1250 3779 impmnitens
1286 3723 1382 3763 cor
1411 3723 1620 3763 eorum.

609 3807 772 3860 Vens.
800 3804 890 3858 4i.
915 3833 991 3847 ——
1019 3802 1205 3858 Multa:
1229 3801 1437 3873 pluviis.
1464 3803 1639 3876 (ISID.)
1668 3803 1938 3860 Nascente
1966 3803 2120 3861 Chri-

539 3905 623 3953 sto
647 3897 742 3952 Dei
763 3895 900 3950 Filio
931 3897 1071 3950 inter
1111 3895 1359 3951 homines
1395 3905 1450 3950 et
1479 3897 1898 3952 teneritudinem
1939 3896 2119 3952 carnis

539 4000 738 4047 nostra:
783 3990 1102 4060 accipiente,
1145 3999 1433 4059 postquam
1473 3999 1700 4044 mortem
1752 3991 2013 4061 gustavit,
2063 3996 2119 4044 et

538 4085 716 4139 victor
754 4081 822 4137 de
851 4081 1049 4136 mundo
1073 4081 1140 4136 ad
1169 4079 1334 4136 caelos
1368 4081 1629 4144 ascendit,
1676 4080 1901 4134 imbrem
1932 4082 2118 4152 gratia:

537 4175 733 4232 divinae
781 4189 876 4244 per
915 4171 1284 4244 septiformem
1326 4171 1588 4243 Spiritum
1639 4174 1706 4228 de
1753 4175 2002 4243 supernis
2048 4174 2115 4230 ad

539 4281 740 4324 terram
769 4266 936 4331 misit,
961 4265 1052 4336 qui
1091 4279 1188 4319 nos
1216 4279 1247 4318 a
1289 4274 1510 4334 peccato
1540 4265 1846 4331 mundaret,
1877 4273 1932 4319 et
1959 4264 2118 4334 spiri-

541 4360 714 4414 tuales
749 4356 958 4413 fructus
987 4356 1208 4428 gignere
1239 4353 1463 4411 faceret.

609 4451 792 4524 (ΗΑΒ.)
815 4451 872 4506 In
895 4452 1184 4507 virtutibus
1209 4450 1339 4506 Elia:
1367 4452 1456 4521 qui
1484 4451 1727 4522 potentia
1758 4451 1851 4506 Dei
1883 4453 2118 4522 pollebat

537 4545 590 4598 in
621 4543 1028 4598 infirmitatibus
1066 4543 1200 4608 suis,
1231 4543 1360 4614 quid
1399 4541 1466 4597 de
1506 4559 1563 4599 se
1607 4552 1822 4614 poterat
1851 4560 2114 4616 agnosce-

2222 629 2458 700 Angelus
2504 630 2596 700 qui
2633 629 2804 685 Eliam
2852 632 3020 702 pavit,
3064 631 3243 702 magni
3296 629 3507 686 consilii
3557 633 3810 703 angelum

2223 719 2400 790 signat
2424 737 2438 784 ;
2488 721 2640 791 cujus
2668 736 2856 792 opera,
2907 731 3014 777 tam
3045 723 3097 776 in
3126 720 3397 791 corporali
3424 736 3586 792 quam
3615 723 3667 778 in
3699 724 3810 794 spi-

2223 812 2405 867 rituali
2433 821 2623 867 natura
2654 815 3021 870 subsistimus.

2207 921 2218 928 '
2291 903 2456 959 Vens.
2487 905 2539 958 6.
2565 936 2631 945 -
2659 905 2727 958 Et
2749 923 2864 960 ecce
2889 906 2957 959 ad
2983 915 3136 974 caput
3158 922 3334 970 suum,
3369 915 3476 962 etc.
3507 905 3628 980 (In.)
3661 907 3808 964 Elias

2221 1000 2304 1054 bis
2352 1008 2540 1070 pastus
2589 999 2843 1070 exprimit
2895 1008 3092 1055 nostra:
3146 1009 3355 1055 natura:
3407 1001 3803 1068 inﬁrmitatem,

2222 1093 2417 1163 quibus
2443 1108 2547 1147 non
2577 1091 2775 1146 suliicit
2802 1091 3032 1161 simplex
3062 1101 3266 1162 pastus,
3298 1092 3392 1147 sed
3425 1093 3638 1161 duplex,
3670 1109 3806 1164 qua-

2224 1191 2380 1240 tenus
2408 1185 2476 1239 ad
2523 1199 2755 1255 superna
2809 1183 3084 1238 valeamus
3112 1185 3424 1240 ascendere.
3481 1183 3633 1241 Sicut
3656 1187 3804 1240 enim

2221 1288 2416 1344 corpus
2437 1275 2554 1330 sine
2589 1274 2846 1330 alimento
2867 1274 3136 1344 corporali
3161 1275 3462 1330 subsistere
3489 1276 3692 1346 nequit,
3726 1277 3803 1330 ita

2221 1384 2323 1423 nec
2350 1369 2528 1422 anima
2555 1369 2740 1424 vivere
2764 1376 2942 1438 potest
2965 1368 3081 1423 sine
3107 1367 3273 1423 verbo
3301 1367 3417 1422 Dei.

2293 1460 2416 1533 (ln.)
2449 1460 2541 1516 Sic
2567 1469 2622 1516 et
2647 1476 2747 1516 nos
2788 1461 2914 1515 dum
2947 1460 3156 1516 inertiae
3180 1476 3427 1516 somnum
3455 1475 3484 1514 a
3521 1460 3674 1516 nobis
3707 1476 3802 1515 ex-

2220 1553 2474 1618 cutimus,
2526 1567 2748 1607 necesse
2794 1561 2878 1607 est
2923 1560 2986 1606 ut
3031 1551 3214 1608 divino
3262 1551 3456 1608 solatio
3488 1551 3800 1618 confortati,

2221 1660 2406 1716 gressu
2433 1643 2696 1699 bonorum
2728 1657 2952 1714 operum
2976 1658 3074 1712 per
3095 1658 3256 1698 omne
3283 1652 3496 1713 tempus
3521 1643 3645 1700 vita:
3669 1659 3806 1715 pra:-

2221 1737 2391 1792 seutis
2422 1750 2764 1805 summopere
2805 1733 3122 1791 festinemus
3150 1737 3444 1792 ascendere
3477 1738 3532 1793 in
3557 1748 3799 1793 montem

2221 1830 2318 1886 Dei
2345 1840 2400 1886 et
2424 1832 2477 1886 in
2508 1831 2684 1887 locum
2721 1840 2970 1888 sanctum
3012 1829 3150 1901 ejus.
3175 1841 3236 1885 ut
3277 1830 3351 1886 ibi
3378 1829 3620 1900 requiem
3652 1829 3804 1886 inve-

2142 1919 2190 1979 B
2218 1923 2430 1979 niamus
2458 1933 2737 1980 aeternam.

2289 2015 2451 2072 Vens.
2481 2016 2570 2070 ii.
2598 2045 2670 2056 -—
2698 2013 2768 2070 Et
2793 2015 3028 2086 spiritus.
3059 2013 3183 2087 (11).)
3214 2014 3450 2086 Spiritus
3477 2014 3799 2071 anteDomi-

2216 2121 2342 2160 num
2391 2105 2588 2161 evertit
2631 2115 2844 2161 montes
2868 2114 2924 2162 et
2965 2115 3150 2177 petras
3179 2107 3435 2170 conterit,
3478 2116 3609 2172 etc.,
3639 2123 3804 2179 usque

2216 2198 2285 2250 ad
2311 2197 2377 2251 ad
2403 2197 2766 2268 cognitionem
2793 2199 3039 2254 veritatis
3063 2199 3304 2269 incipere
3331 2199 3500 2254 exire.

2292 2288 2414 2343 Non
2441 2289 2494 2343 in
2519 2289 2726 2359 spiritu.
2763 2287 2818 2344 Id
2847 2297 2960 2354 est,
2996 2305 3100 2344 non
3142 2289 3447 2355 arbitreris,
3479 2288 3623 2360 quod
3673 2305 3800 2346 cum

2216 2387 2377 2434 vento
2401 2380 2586 2435 veniat
2613 2378 2874 2435 Dominus
2892 2420 2906 2444 ,
2935 2380 3029 2435 sed
3053 2388 3175 2450 post
3199 2379 3448 2450 spiritum
3475 2381 3797 2437 commetio-

2217 2472 2325 2537 nis,
2377 2472 2431 2528 id
2475 2481 2577 2538 est,
2631 2473 2900 2528 turbinem
2942 2481 2997 2528 et
3031 2475 3288 2543 impetum
3335 2472 3483 2528 venti
3539 2474 3802 2530 transibit

2217 2563 2379 2635 ignis,
2411 2562 2604 2619 deinde
2625 2563 2815 2619 sibilus
2842 2579 2988 2619 aurae
3018 2563 3227 2630 tenuis,
3256 2572 3380 2635 post
3417 2564 3522 2621 hoc
3544 2565 3804 2620 transibit

2218 2655 2496 2720 Dominus,
2525 2665 2585 2712 ut
2611 2656 2863 2727 loquatur
2891 2665 3089 2712 tecum.

2289 2747 2454 2802 Vens.
2489 2747 2574 2802 l4.
2615 2778 2686 2789 —
2719 2747 2832 2820 Ego
2880 2749 3045 2815 solus,
3090 2758 3197 2805 etc.
3244 2749 3427 2822 (Ras)
3471 2751 3646 2808 Tanto
3671 2767 3804 2824 pro-

2215 2837 2391 2908 phetae
2424 2838 2553 2907 quid
2589 2836 2802 2894 diliicile
2839 2838 2940 2894 fuit
2984 2855 3312 2913 cognoscere
3363 2841 3416 2896 in
3451 2842 3554 2898 hoc
3599 2845 3808 2899 mundo

2217 2925 2446 2984 famulos
2470 2930 2796 2985 remansisse
2822 2929 2978 2986 Deo?
3005 2930 3110 2986 Sed
3141 2933 3232 3003 qui
3265 2931 3486 2988 humilis
3519 2933 3683 2987 etiam
3713 2947 3810 2988 oc-

2217 3019 2386 3076 culta'
2416 3020 2511 3075 Dei
2551 3030 2798 3088 noverat,
2848 3021 3020 3078 elatus
3053 3023 3218 3077 etiam
3267 3031 3455 3094 aperta
3509 3022 3808 3079 nesciebat.

2218 3109 2372 3168 Unde
2400 3119 2605 3167 certum
2633 3121 2751 3176 est,
2807 3115 2950 3184 quod
2981 3114 3304 3170 humilitatis
3338 3115 3490 3171 radio
3516 3129 3576 3171 se
3603 3115 3810 3171 illumi-

2217 3209 2348 3268 nat,
2394 3203 2485 3273 qui
2512 3203 2743 3260 aliorum
2785 3205 2925 3260 bona
2953 3207 3224 3263 subtiliter
3250 3216 3480 3278 pensat:
3507 3208 3634 3278 quia
3678 3209 3812 3264 dum

2141 3278 2187 3342 C
2218 3307 2281 3347 ea
2314 3309 2432 3364 qua
2470 3295 2584 3366 ipse
2622 3293 2816 3351 fecerit
2843 3297 2980 3351 facta
3017 3295 3150 3354 foris
3177 3305 3233 3352 et
3271 3300 3340 3354 ab
3369 3299 3492 3356 aliis
3519 3301 3810 3372 conspicit,

2220 3398 2341 3438 eum
2366 3385 2457 3454 qui
2487 3386 2556 3442 de
2579 3385 2953 3458 singularitate
2979 3387 3128 3445 intus
3155 3405 3442 3462 erumpere
3485 3393 3678 3448 nititur
3715 3407 3814 3449 su-

2220 3477 2418 3547 perbiae
2441 3486 2706 3534 tumorem
2729 3479 2946 3550 premit.
2991 3479 3130 3535 Hinc
3155 3489 3256 3540 est.
3283 3482 3424 3551 quod
3451 3498 3586 3538 voce
3612 3483 3707 3539 Dei
3740 3483 3813 3539 ad

2219 3566 2391 3621 Eliam
2421 3567 2594 3624 solum
2646 3585 2704 3625 se
2741 3571 3100 3626 aestimantem
3143 3563 3373 3628 diéiiur.
3429 3572 3640 3645 Reliqui
3677 3575 3814 3628 milii

2219 3667 2410 3728 septem
2439 3657 2606 3713 millia
2638 3660 2887 3725 virorum,
2921 3670 2979 3714 ut
3018 3661 3146 3716 dum
3175 3677 3280 3718 non
3309 3663 3482 3719 solum
3507 3679 3567 3719 se
3592 3679 3816 3720 reman-

2219 3748 2353 3804 sisse
2381 3758 2731 3820 cognosceret
2758 3750 3008 3807 elationis
3046 3753 3272 3824 gloriam
3303 3769 3423 3824 qua:
3447 3754 3497 3810 ei
3527 3755 3595 3812 de
3623 3757 3816 3828 singu-

2220 3837 2437 3894 laritate
2461 3841 2736 3910 surgebat,
2765 3842 3071 3899 inclinaret.

2292 3930 2473 4004 (ΗΑΒ.)
2505 3932 2621 3988 Νοιι
2653 3934 2810 3990 aliter
2847 3935 2950 3992 nisi
3004 3939 3150 4008 quod
3186 3953 3310 3994 eum
3357 3952 3538 4011 regem
3568 3938 3813 3998 futurum

2219 4025 2485 4094 praedixit.
2545 4025 2795 4082 Elisamm
2837 4043 2942 4082 non
2990 4027 3148 4085 aliter
3178 4046 3340 4101 quam
3383 4031 3604 4104 pallium
3647 4048 3814 4090 suum

2213 4117 2428 4187 jactans
2458 4133 2620 4188 super
2658 4135 2802 4174 eum.
2835 4120 2956 4176 Illos
2977 4122 3110 4178 duos
3139 4138 3295 4194 reges
3323 4139 3424 4181 nec
3449 4126 3563 4196 ipse
3595 4141 3694 4198 per
3725 4141 3810 4194 se,

2221 4222 2318 4261 nec
2347 4207 2626 4278 discipulis
2651 4210 2766 4280 ejus
2813 4209 3036 4266 Eliszeus
3081 4214 3256 4279 unxit,
3300 4215 3636 4286 sedquidam
3679 4231 3813 4289 pro-

2219 4299 2505 4369 phetarum
2545 4301 2740 4356 missus
2763 4309 2848 4356 est
2875 4311 2933 4358 ut
2960 4313 3189 4374 uugeret
3213 4303 3374 4360 lehu.

2289 4417 2454 4472 Vens.
2489 4420 2576 4474 l7.
2608 4449 2679 4461 —
2708 4419 3033 4493 Quicunque.
3068 4421 3192 4495 (In.)
3246 4423 3545 4491 Nocentes,
3594 4423 3811 4495 iustitia

2221 4508 2398 4563 divina
2425 4509 2560 4564 alios
2588 4524 2687 4580 per
2713 4527 2868 4584 reges
2895 4511 3057 4582 plecti
3084 4512 3215 4570 facit
3241 4530 3518 4582 mucrone,
3551 4517 3687 4572 alios
3709 4533 3810 4588 per

535 4637 648 4691 bat.
687 4635 765 4691 Ibi
807 4636 1123 4692 ostendebat
1147 4601 1290 4707 quod
1315 4601 1622 4706 acceperat:
1664 4638 1753 4693 hic
1781 4601 1924 4708 quod
1961 4654 2112 4694 acce-
2140 4642 2192 4702 D
2220 4601 2511 4670 pmphems
2557 4611 2612 4658 et
2658 4604 2968 4661 sacerdmes
3013 4607 3418 4663 "angverbemt
3471 4607 3649 4678 gladio
3699 4609 3811 4664 nn"

533 4737 690 4799 perat
728 4728 1084 4783 custodiebat.
1127 4727 1182 4781 In
1236 4726 1510 4783 miraculis
1567 4730 2003 4796 monstrabatur,
2053 4729 2109 4785 in

534 4821 943 4878 inﬁrmitatibus
993 4821 1331 4876 servabatur.

1131 4936 1358 4994 CAPUT
1388 4937 1527 4994 XIX.

607 5051 771 5109 Vens.
801 5053 855 5108 5.
885 5083 956 5094 —
984 5051 1177 5106 Timuit
1205 5069 1326 5123 ergo
1351 5051 1500 5108 Elius
1519 5062 1567 5108 et
1587 5069 1804 5124 surgens
1834 5055 1984 5120 abiit,
2007 5063 2112 5111 etc.

535 5145 720 5217 (ΚΑΒ.)
747 5145 929 5201 Sancti
954 5145 1072 5204 viri.
1120 5145 1435 5200 sublevante
1463 5145 1656 5216 spiritu
1687 5148 1754 5200 ad
1785 5161 1993 5201 summa
2024 5163 2115 5203 ra-

533 5239 754 5310 piuntur
783 5257 794 5291 :
848 5237 1083 5306 quandiu
1115 5251 1244 5292 vero
1295 5239 1347 5291 in
1380 5238 1480 5292 hac
1507 5238 1615 5292 vita
1646 5245 1792 5303 sunt,
1835 5253 1900 5292 ne
1931 5255 2119 5308 super-

533 5332 719 5396 biant,
771 5331 1154 5386 tentationibus
1204 5330 1589 5399 reprimuntur.
1642 5327 1778 5384 Hinc
1838 5339 1923 5384 est
1971 5331 2116 5400 quod

535 5423 680 5478 Elias
707 5439 826 5478 cum
857 5431 934 5477 tot
983 5421 1270 5476 virtutibus
1299 5420 1667 5489 processisset,
1715 5418 1932 5477 Iezabel
1963 5431 2114 5493 post-

532 5516 752 5572 modum
773 5512 1018 5584 quamvis
1057 5514 1295 5581 reginam
1323 5521 1501 5564 tamen
1530 5509 1900 5567 mulierculam
1934 5514 2067 5584 fugit
2095 5529 2110 5568 :

533 5615 591 5662 et
617 5606 708 5676 qui
738 5614 979 5659 mortuos
1007 5603 1322 5666 suscitabat,
1373 5611 1595 5657 ventura
1626 5605 1972 5672 prmvidebat,
2008 5606 2112 5662 alia

532 5713 748 5769 quoque
801 5697 1058 5766 praeclara
1120 5695 1390 5761 faciebat,
1457 5700 1652 5754 timore
1700 5715 1989 5769 percussus
2044 5701 2112 5759 de

537 5803 699 5846 manu
727 5788 967 5843 mulieris
994 5799 1223 5845 mortem
1269 5789 1423 5862 fugit,
1456 5791 1522 5847 de
1549 5809 1710 5849 manu
1755 5792 1848 5850 Dei
1879 5803 2112 5852 mortem

533 5877 689 5948 petit,
721 5894 821 5934 nec
851 5881 1064 5951 accipit.

2218 4710 2354 4763 guze.

2288 4787 2450 4845 Vens.
2502 4790 2589 4846 i9.
2618 4821 2690 4833 —
2718 4791 3019 4863 Profectus.
3078 4793 3214 4850 Cum
3265 4795 3594 4866 Redemptor
3621 4805 3814 4852 noster

2218 4881 2551 4937 descendens
2583 4883 2650 4937 de
2692 4884 2831 4939 coelo
2856 4885 3038 4940 divino
3079 4883 3286 4954 judicio
3324 4887 3608 4958 acquisivit
3638 4903 3808 4957 popu‘

2215 4970 2325 5024 lum
2355 4970 2532 5026 adhuc
2558 4973 2785 5028 terrenis
2829 4975 3081 5043 operibus
3119 4975 3442 5040 inhiantem,
3495 4976 3547 5030 iu
3579 4991 3690 5046 quo
3716 4993 3780 5030 sa

2218 5065 2385 5120 iutem
2416 5064 2562 5129 fecit,
2591 5081 2712 5122 cum
2739 5083 2861 5122 eum
2885 5068 2951 5123 ad
2985 5067 3142 5122 iidem
3170 5070 3458 5124 convertit.
3490 5067 3634 5125 Elias
3655 5070 3813 5124 enin.

2218 5158 2608 5227 itterpretatur
2653 5157 2909 5215 Dominus
2937 5160 3095 5224 Deus,
3146 5158 3352 5232 Saphat
3375 5161 3644 5232 judicans,
3695 5160 3810 5215 Eli-

2219 5263 2359 5303 sreus
2392 5247 2484 5301 Dei
2515 5248 2619 5302 mei
2645 5248 2809 5303 salus.
2859 5249 3036 5320 Super
3083 5265 3242 5320 quem
3277 5252 3539 5322 propheta
3583 5250 3812 5322 pallium

2218 5354 2376 5393 suum
2405 5339 2572 5404 misit,
2623 5354 2744 5394 cum
2773 5340 3034 5398 Dominus
3081 5343 3337 5413 populum
3386 5345 3492 5400 lide
3536 5343 3812 5400 catholica

2219 5429 2412 5485 induit.
2445 5429 2595 5486 Unde
2623 5430 2943 5500 Apostolus:
2972 5432 3078 5500 Qui
3099 5435 3152 5488 in
3165 5434 3374 5489 Christo
3386 5435 3636 5506 baptizari
3661 5439 3806 5501 estis,

2213 5522 2479 5577 Christum
2509 5523 2752 5578 induistis
2791 5523 2932 5595 (Gal.
2967 5526 3072 5596 ιιι).
3127 5526 3348 5582 Relictis
3369 5527 3539 5583 bobus
3564 5530 3810 5584 cucurrit

2214 5624 2335 5684 post
2368 5615 2537 5668 Elian]
2565 5632 2576 5667 :
2605 5616 2730 5684 quia
2774 5615 3069 5671 electorum
3097 5618 3297 5672 chorus
3323 5618 3525 5682 audito,
3550 5619 3651 5672 nisi
3687 5621 3806 5685 quis

2216 5705 2474 5759 renuntiat
2497 5705 2863 5770 omnibus,non
2883 5716 3048 5777 potest
3066 5724 3210 5762 meus
3223 5726 3331 5763 esse
3346 5710 3634 5780 discipulus
3647 5709 3802 5779 (Luc.

2216 5799 2354 5868 xxv),
2393 5799 2575 5853 statim
2606 5799 2842 5854 cessavit
2867 5801 3097 5858 terrenis
3121 5802 3290 5858 lucris
3317 5803 3552 5868 inhiare,
3580 5802 3806 5858 eiacula-

2216 5890 2365 5946 riluts
2417 5892 2698 5948 desideriis
2743 5893 3035 5961 deservire,
3087 5905 3142 5951 et
3170 5895 3250 5951 sic
3277 5895 3395 5952 aliis
3427 5896 3648 5952 ver-bum
3680 5896 3804 5959 vita
