4122 6350
383 343 490 402 609

1368 344 1630 402 GLOSSA
1666 345 2062 401 OltblNAItIA.
2098 373 2168 388 ~—
2206 348 2333 404 LIB.
2373 349 2439 406 III
2475 350 2634 407 REG.

3522 361 3630 418 610

379 461 712 535 prmdicavit,
740 461 844 518 hoc
870 471 951 519 est
975 463 1119 519 enim
1143 460 1375 518 osculari
1399 469 1605 531 patrem
1626 470 1681 516 et
1703 470 1952 526 matrem,
1981 466 2031 525 Α
2060 477 2182 516 men
2232 463 2425 518 iterum
2453 463 2718 518 instaurat
2766 463 3015 534 praelium
3058 475 3247 523 contra
3272 483 3384 534 eos,
3413 477 3467 525 et
3509 470 3637 530 dum

379 569 729 627 quoscunque
749 562 926 625 potest
953 555 1069 610 sive
1097 556 1162 610 de
1205 552 1424 620 Judaeis,
1477 554 1591 608 sive
1617 555 1682 610 de
1708 553 1956 626 gentibus

380 663 634 705 sermone
658 647 794 702 velle
817 649 1112 718 corrigere.

449 739 632 812 (ΚΑΒ.)
684 737 917 810 Populus
951 755 1165 810 quoque
1195 739 1538 795 Christianus
1595 738 1833 796 carnalia
1859 739 1953 793 de-

378 833 574 892 sideria
601 841 846 888 mactans
868 841 1037 888 totum
1059 832 1356 888 exercitum
1384 847 1540 886 suum
1562 832 1618 886 in
1637 846 1773 901 opus
1792 845 1955 886 evan-

377 922 642 994 gelizandi
681 923 971 989 convertit,
1017 923 1158 978 unde
1185 921 1536 978 suﬂicientem
1565 930 1776 993 pastum
1804 920 1955 991 adju-

377 1014 584 1072 toribus
609 1014 722 1069 suis
746 1014 988 1084 prtebere
1013 1014 1202 1083 possit.

447 1103 610 1160 Vsus.
639 1104 732 1160 21.
757 1133 829 1144 -
851 1102 1092 1159 Secutus.
1125 1104 1248 1176 (ln.)
1279 1091 1535 1160 Nostrum
1561 1103 1732 1158 Eliam
1773 1102 1954 1172 sequi-

375 1206 466 1257 tur
486 1208 541 1256 et
573 1199 848 1255 ministrat
885 1199 954 1262 ei,
1007 1199 1100 1270 qui
1129 1198 1355 1269 vestigia
1399 1198 1518 1268 ejus
1547 1212 1802 1266 sequens,
1850 1195 1954 1251 hoc

374 1299 457 1346 est
485 1290 733 1345 mandata
765 1289 909 1345 illius
951 1289 1245 1344 observans
1269 1329 1285 1354 ,
1316 1286 1675 1343 ministerium
1699 1295 1754 1342 et
1780 1287 1950 1342 hono-

375 1396 490 1438 rem
516 1382 783 1452 condigne
808 1381 1312 1453 salagit'exhibere.

964 1515 1192 1573 CAPUT
1230 1512 1347 1568 XX.

444 1648 628 1722 (8η.)
660 1649 913 1705 Beuadad
941 1647 1210 1720 significat
1254 1646 1546 1713 diabolum,
1593 1645 1685 1715 qui
1708 1643 1951 1700 diversos

367 1741 641 1796 exercitus
684 1739 1044 1810 malignorum
1091 1737 1376 1809 spirituum
1427 1737 1494 1791 ad
1524 1734 1950 1790 subvertendum

2059 569 2162 608 uno
2199 554 2356 608 modo
2385 556 2639 620 vincitur,
2667 555 2773 610 alio
2797 557 2978 611 statim
3005 558 3226 615 vincere
3259 571 3488 618 conatur

2126 642 2248 715 (ln.)
2278 644 2489 715 Maligni
2540 647 2762 717 spiritus
2786 648 2831 702 si
2887 649 2939 702 in
2991 649 3636 722 spiritualibusyincun-

2057 744 2162 799 tur,
2221 735 2274 789 in
2307 737 2677 806 corporalibus
2722 739 2916 793 bellum
2972 751 3186 810 parant,
3239 754 3543 816 satagentes
3571 758 3633 805 ut

2053 827 2262 882 animas
2313 829 2380 882 de
2429 830 2677 899 supernis
2725 831 2791 884 ad
2837 831 2942 885 ima
2990 834 3347 904 praecipitent,
3403 853 3511 907 quo
3549 839 3629 894 fa-

2055 918 2208 974 cilius
2236 921 2471 975 vincant.
2518 921 2574 976 Si
2618 923 2855 979 viderint
2880 925 3121 981 ccelestia
3151 927 3482 997 desiderare,
3525 941 3635 988 ter-

2055 1027 2184 1067 rena
2234 1014 2300 1070 ad
2347 1015 2634 1069 amandum
2688 1015 2955 1086 ingerunt.
3002 1017 3058 1072 Si
3097 1022 3456 1090 prosperitate
3505 1040 3634 1080 con-

2053 1118 2208 1159 cessa
2236 1105 2347 1160 Deo
2391 1106 2580 1176 gratia:
2637 1115 2886 1177 agentur,
2932 1109 3148 1164 student
3192 1119 3252 1164 ut
3275 1126 3371 1180 per
3408 1113 3632 1170 adversa

2054 1195 2388 1267 frangantur.
2439 1195 2545 1251 Sed
2574 1197 2712 1252 sicut
2739 1197 2891 1269 Syri,
2926 1199 2998 1253 ita
3027 1201 3295 1258 daemones
3319 1203 3408 1258 ubi
3448 1220 3507 1260 se
3536 1221 3632 1260 su-

2053 1303 2246 1358 perare
2272 1289 2633 1356 confidebant,
2663 1290 2736 1346 ibi
2772 1293 3008 1362 superati
3041 1303 3185 1350 sunt.

2125 1381 2290 1435 Vens.
2322 1380 2412 1435 58.
2449 1411 2518 1422 -
2555 1383 2696 1436 Abiit
2741 1400 2884 1454 ergo.
2915 1385 3165 1443 Michaaas
3204 1388 3459 1459 parabola
3504 1407 3633 1448 usus

2052 1479 2137 1526 est
2188 1482 2408 1542 propter
2453 1487 2732 1531 sermones
2773 1490 2909 1545 quos
2948 1478 3058 1550 regi
3101 1488 3218 1534 erat
3261 1481 3535 1547 dicturus,
3567 1490 3632 1537 ut

2053 1563 2361 1618 ostenderet
2390 1563 2493 1618 hoc
2517 1564 2584 1619 ad
2609 1565 2760 1620 illum
2784 1566 2957 1638 magis
2977 1583 3141 1638 quam
3162 1570 3230 1626 ad
3252 1585 3312 1626 se
3329 1572 3628 1642 pertinere.

2124 1655 2286 1711 Vsus.
2317 1656 2406 1712 59.
2436 1686 2508 1697 -
2539 1657 2654 1712 Erit
2686 1661 2884 1715 anima.
2913 1661 3310 1720 Providendum
3345 1677 3432 1722 est
3460 1670 3633 1725 servis

2055 1747 2196 1813 Dei,
2250 1764 2318 1804 ne
2368 1750 2664 1804 secundum
2719 1752 3024 1823 exemplum
3076 1755 3266 1811 Achab
3325 1759 3631 1828 perniciosa

367 1829 622 1901 p0pulum
669 1829 765 1885 Dei
809 1828 1104 1894 contrahit,
1154 1827 1248 1883 sed
1278 1841 1376 1896 per
1421 1839 1615 1895 pueros
1646 1823 1949 1893 principum

2053 1841 2345 1896 securitate
2369 1841 2472 1896 sibi
2504 1820 3139 1914 blandiantur,_qnandiu
3168 1820 3342 1903 hostis
3365 1849 3526 1912 vivit.
3560 1866 3629 1906 ne

369 1919 534 1976 Israel
555 1919 815 1984 vincitur,
842 1917 892 1972 id
915 1925 1018 1982 est,
1044 1931 1140 1988 per
1159 1918 1332 1972 bonos
1350 1915 1625 1984 auditores
1651 1915 1951 1976 doctorum,

369 2011 495 2082 quia
521 2012 666 2082 quod
700 2009 925 2065 auribus
951 2009 1194 2075 audiunt,
1227 2005 1384 2062 factis
1409 2005 1654 2076 implent.
1687 2003 1953 2072 Antiquus

367 2100 539 2158 hostis
572 2101 626 2156 in
653 2099 834 2173 fugam
864 2101 1116 2165 vertitur,
1167 2097 1450 2169 omnisque
1475 2112 1606 2152 suus
1631 2095 1901 2151 exercitus
1921 2109 1953 2148 a

367 2188 629 2244 militibus
663 2187 867 2244 Christi
893 2188 1266 2259 perturbatur,
1296 2185 1390 2256 qui
1425 2186 1562 2240 bene
1583 2184 1810 2238 ducenta
1836 2181 1954 2236 mil-

365 2277 437 2336 lia
464 2287 520 2334 et
545 2278 762 2350 triginta
790 2279 896 2333 duo
919 2293 1040 2333 esse
1066 2277 1347 2341 dicuntur,
1385 2275 1510 2344 quia
1546 2274 1638 2345 qui
1667 2273 1952 2342 utriusque

367 2368 701 2426 Testamenti
753 2370 1036 2430 scientiam
1067 2368 1304 2440 perfecte
1333 2376 1536 2432 tenent,
1584 2375 1640 2422 et
1669 2364 1953 2420 Trinitatis

368 2462 529 2518 ﬁdem
555 2478 678 2518 cum
707 2463 922 2534 gemina
949 2462 1216 2517 charitate
1243 2466 1587 2526 conservant,
1630 2459 1682 2514 bi
1709 2457 1821 2528 apti
1852 2456 1952 2512 mi-

365 2551 498 2608 litia:
517 2555 714 2610 summi
740 2555 884 2626 regis
909 2569 1028 2610 esse
1055 2553 1492 2624 comprobantur.

439 2645 601 2701 Vsus.
630 2646 718 2700 10.
740 2676 812 2686 -
838 2644 971 2700 Ηίεσ
995 2644 1195 2714 faciant
1223 2643 1370 2697 mihi.
1403 2641 1649 2698 Samaria
1671 2651 1844 2696 morte
1869 2640 1948 2696 ci-

366 2736 594 2793 vitatum
643 2738 878 2794 habebat
906 2747 1106 2794 terram
1159 2736 1389 2792 interius
1436 2735 1569 2805 ipsis
1597 2733 1769 2789 muris
1815 2747 1951 2804 pene

365 2828 646 2899 aequalem,
672 2844 778 2900 quo
806 2829 1046 2885 subsidio
1091 2827 1290 2884 ictibus
1314 2827 1502 2882 arietis
1533 2827 1812 2882 resisteret
1856 2839 1952 2880 ex-

368 2929 453 2975 tra
481 2960 497 2986 ,
555 2937 834 2978 murorum
885 2921 1112 2976 altitudo
1163 2920 1324 2992 longe
1393 2918 1740 2988 superficiem
1791 2926 1951 2973 terrae

369 3012 794 3067 transcenderat.
848 3011 940 3067 Ait
965 3027 1093 3082 ergo
1133 3026 1228 3066 rex
1256 3011 1522 3081 superbus
1565 3010 1819 3065 obsessos
1847 3017 1950 3064 ter-

369 3116 513 3172 rens,
537 3104 680 3174 quod
701 3111 906 3157 tantam
933 3103 1161 3158 haberet
1188 3101 1607 3165 multitudinem,
1638 3108 1699 3153 ut
1726 3099 1771 3154 si
1797 3099 1947 3169 quis-

369 3209 474 3266 que
527 3195 759 3250 militum
805 3209 970 3249 unum
1005 3193 1235 3264 lapidem
1276 3192 1362 3248 vel
1387 3193 1624 3263 stipitem
1665 3191 1750 3247 vel
1775 3191 1948 3262 cespi-
1973 3207 2019 3270 ρ

368 3295 476 3342 tem
505 3287 573 3343 ad
594 3287 1015 3346 construendum
1038 3295 1230 3342 contra
1263 3287 1450 3342 urbem
1479 3301 1728 3358 aggerem
1753 3301 1947 3356 appor-

367 3388 536 3435 tasset
561 3420 576 3445 ,
615 3395 781 3451 agger
816 3388 1134 3450 exsurgeret
1175 3378 1267 3450 qui
1315 3377 1621 3449 superficiei
1673 3393 1791 3447 qua;
1830 3384 1949 3432 erat

366 3469 510 3527 intra
553 3486 737 3527 muros
773 3486 894 3527 esse
927 3471 1200 3525 videretur
1224 3469 1465 3540 aqualis,
1497 3470 1572 3525 ita
1599 3478 1658 3525 ut
1683 3484 1750 3524 ex
1793 3484 1948 3540 aequo

364 3571 667 3635 pugnantes
695 3572 884 3617 contra
911 3562 1184 3617 civitatem
1211 3562 1318 3615 tela
1345 3561 1492 3616 faces
1517 3562 1811 3618 mitterent.

441 3653 524 3708 Ne
561 3652 813 3724 glorietur
847 3655 1132 3708 accinctus.
1178 3651 1361 3724 (ΚΑΒ.)
1394 3651 1687 3707 Accinctus
1733 3661 1818 3707 est
1856 3651 1950 3721 qui

365 3744 583 3815 cingqu
611 3745 999 3810 circumdatur,
1037 3744 1332 3800 discinctus
1370 3743 1464 3811 qui
1487 3742 1756 3812 cingulum
1783 3741 1950 3813 depo-

368 3836 496 3892 suit.
528 3837 618 3891 Ait
655 3852 908 3908 ergoirex
954 3837 1141 3900 Israel,
1174 3837 1286 3906 regi
1317 3834 1488 3906 Syriae
1518 3835 1767 3906 glorianti
1798 3836 1951 3904 quasi

359 3928 475 3999 jam
517 3930 750 4000 cepisset
793 3929 1094 3984 Samariam
1151 3943 1315 3997 quam
1366 3927 1619 3982 obsidere
1665 3934 1947 3995 coeperat:

371 4020 454 4075 Ne
483 4021 736 4091 glorietur
775 4021 1034 4076 accinctus
1081 4037 1223 4091 atque
1251 4030 1305 4073 ut
1332 4019 1641 4073 discinctus.
1688 4020 1767 4073 Ac
1795 4020 1839 4074 si
1872 4018 1954 4073 di-

369 4120 457 4167 cat
484 4130 496 4164 :
529 4109 648 4165 Noli
694 4111 918 4183 gloriari
965 4112 1118 4182 quasi
1148 4113 1318 4166 victor
1339 4152 1354 4176 ,
1405 4111 1496 4180 qui
1545 4111 1720 4165 adhuc
1751 4111 1804 4165 in
1833 4112 1952 4166 acie

368 4205 592 4275 positus,
622 4219 782 4274 quem
815 4205 1038 4259 victoria
1065 4212 1322 4274 sequatur
1347 4205 1566 4273 ignoras
1591 4220 1602 4256 :
1634 4206 1830 4272 quippe
1858 4203 1949 4273 qui

370 4299 592 4355 vincere
611 4299 861 4365 credidit,
893 4299 1070 4354 victus
1091 4309 1191 4354 est.

443 4390 605 4447 Vsus.
633 4390 724 4445 20.
746 4420 817 4430 —
845 4389 1006 4462 Fugit
1033 4407 1256 4462 quoque.
1289 4389 1468 4464 (ΚΑΒ.)
1489 4388 1548 4445 Id
1574 4397 1680 4456 est,
1711 4386 1954 4444 diabolus

371 4483 622 4556 princeps
657 4483 985 4554 iniquorum,
1037 4497 1268 4553 quorum
1313 4482 1455 4539 oculi
1496 4481 1754 4538 sublimes
1802 4489 1947 4536 sunt.

2053 1934 2179 1988 dum
2237 1948 2295 1988 se
2348 1935 2503 2004 quasi
2559 1936 2794 1989 victores
2847 1935 3183 1990 arbitrentur
3234 1952 3331 2008 per
3382 1937 3630 1997 fraudem

2051 2022 2252 2079 diaboli
2298 2038 2487 2094 pacem
2519 2024 2885 2093 promittentis
2920 2024 3080 2101 citius
3102 2066 3117 2090 ,
3149 2025 3420 2084 elidantur
3453 2047 3466 2085 :
3498 2032 3626 2101 quia

2052 2115 2194 2170 sicut
2233 2122 2361 2170 tunc
2402 2115 2663 2186 propheta
2697 2117 2807 2186 regi
2848 2132 2946 2187 pro
2993 2099 3395 2176 inconsiderata
3429 2099 3632 2192 pietate

2051 2205 2425 2275 pronuntiavit
2473 2206 2642 2262 affore
2679 2207 2976 2274 ultionem,
3005 2209 3078 2264 ita
3113 2225 3257 2265 nunc
3286 2214 3632 2283 propheticus

2052 2311 2234 2352 sermo
2292 2298 2643 2366 pronuntiat,
2699 2297 2744 2352 si
2801 2299 3144 2368 paciscamur
3194 2317 3316 2356 cum
3375 2303 3625 2370 diabolo,

2051 2395 2310 2442 aeternam
2338 2388 2496 2443 nobis
2523 2403 2620 2457 per
2654 2389 2758 2443 hoc
2783 2389 3067 2445 imminere
3099 2404 3339 2461 poenam.

2127 2478 2286 2535 Vsus.
2313 2479 2402 2535 45.
2425 2511 2498 2521 -
2521 2480 2589 2534 Et
2618 2481 2955 2550 furibundus.
2980 2482 3155 2539 Iratus
3175 2483 3362 2540 Acbab
3390 2488 3624 2557 prophe-

2051 2577 2162 2624 tam
2201 2569 2442 2625 clausum
2486 2570 2907 2639 servarijussit,
2952 2582 3008 2629 et
3045 2575 3302 2632 confusus
3320 2576 3504 2635 verbis
3526 2578 3626 2635 Mi-

2052 2663 2216 2719 cbzeae
2243 2663 2462 2718 domum
2499 2664 2778 2718 remeavit.

2637 2798 2866 2856 CAPUT
2904 2800 3046 2856 XXI.

2123 2912 2252 2969 Post
2304 2913 2498 2980 verba,
2556 2922 2663 2969 etc.
2716 2913 2899 2985 (ΗΑΒ.)
2954 2913 3184 2970 Naboth.
3233 2915 3628 2987 Interpretatur

2053 3005 2405 3075 conspicuus,
2456 3011 2588 3071 etc.,
2616 3019 2778 3075 usque
2805 3003 2874 3058 ad
2916 3003 3010 3059 sed
3050 3018 3149 3075 per
3190 3020 3329 3062 vana
3362 3007 3629 3065 desideria

2053 3095 2339 3152 defluebat.

2620 3184 2845 3240 CAPUT
2887 3184 3047 3240 XXII.

2122 3297 2285 3354 Vsus.
2334 3298 2420 3354 I7.
2475 3328 2548 3338 —
2604 3296 2726 3351 Vidi
2771 3297 3066 3350 universum
3115 3296 3368 3352 Israelem
3423 3301 3625 3371 disper-

2049 3407 2196 3456 sum,
2226 3399 2332 3446 etc.
2364 3389 2468 3445 Per
2499 3389 2614 3444 haec
2637 3397 2816 3444 autem
2849 3389 3106 3454 ostendit,
3137 3389 3277 3459 quod
3325 3389 3468 3445 illius
3497 3407 3627 3461 pra-

2049 3483 2189 3538 vitas
2243 3497 2406 3537 causa
2458 3481 2529 3536 sit
2587 3481 2807 3563 stragis:
2856 3479 2992 3536 Nam
3043 3481 3088 3536 si
3139 3480 3340 3536 bonum
3385 3497 3449 3537 ac
3478 3481 3628 3552 pium

2051 3575 2332 3632 habuisset
2373 3581 2684 3643 pastorem,
2725 3571 2779 3625 vi
2824 3580 3136 3642 superasset
3176 3571 3379 3628 hostes.
3424 3572 3628 3629 Deinde

2051 3667 2301 3738 ostendit.
2324 3665 2490 3721 etiam
2533 3665 2753 3720 modum
2779 3664 3130 3736 assequendae
3175 3665 3384 3722 salutis.
3425 3665 3484 3722 Si
3515 3665 3624 3722 Do-

2053 3759 2232 3815 minus
2275 3765 2376 3822 est,
2425 3756 2601 3827 inquit
2643 3757 2744 3822 eis,
2793 3758 2847 3813 in
2879 3759 3079 3824 Deum,
3132 3767 3437 3816 revertatur
3461 3775 3630 3816 unus-

2051 3853 2279 3923 quisque
2302 3851 2368 3905 ad
2397 3850 2574 3905 locum
2597 3865 2752 3905 suum
2782 3851 2837 3904 in
2860 3866 3013 3921 pace.
3045 3849 3103 3905 Si
3138 3853 3250 3907 Deo
3289 3852 3537 3918 creditis,
3576 3862 3633 3909 et

2053 3943 2216 3999 vultis
2239 3959 2302 3998 ex
2327 3959 2394 3998 eo
2417 3944 2557 3998 scire
2575 3945 2702 4013 quid
2724 3946 3010 4015 agendum,
3035 3945 3290 4002 dimittite
3309 3946 3628 4002 exercitum.

2125 4036 2289 4091 Vens.
2318 4035 2404 4091 I9.
2434 4066 2506 4076 —
2557 4033 2671 4089 Vidi
2697 4035 3001 4103 Dominum,
3051 4045 3155 4091 etc.
3203 4035 3384 4108 (ΗΑΒ.)
3419 4036 3624 4092 Solium

2055 4125 2266 4182 Domini
2297 4127 2554 4198 angelicae
2581 4136 2898 4197 potestates,
2917 4144 3149 4198 quarum
3188 4128 3460 4185 mentibus
3487 4130 3632 4184 Deus

2053 4215 2362 4285 praesidens
2394 4215 2619 4270 inferius
2643 4226 2838 4272 cuncta
2881 4217 3133 4287 disponit.
3177 4216 3460 4272 Exercitus
3509 4217 3630 4271 caeli

2053 4305 2483 4361 ministrantium
2532 4306 2845 4378 angelorum
2892 4307 3179 4362 multitudo
3213 4307 3477 4362 :dextera
3505 4322 3632 4377 pars

2054 4399 2365 4471 angelorum
2415 4399 2624 4464 electa,
2673 4401 2891 4456 sinistra
2953 4416 3080 4470 pars
3122 4400 3374 4469 reproba.
3445 4397 3632 4469 Neque

2055 4489 2200 4544 enim
2227 4489 2450 4545 dextera
2485 4489 2824 4546 concluditur
2847 4489 3005 4553 Deus,
3027 4505 3204 4559 neque
3226 4489 3447 4544 sinistra
3490 4507 3504 4543 :
3537 4489 3630 4560 qui

372 4575 530 4648 Syria
557 4575 702 4632 enim
741 4574 986 4630 sublimis
1037 4575 1090 4629 in
1122 4589 1262 4645 equo
1314 4590 1423 4630 suae
1472 4575 1734 4644 superbire
1784 4573 1952 4628 conII-
1983 4565 2031 4622 Ι)
2057 4582 2131 4636 ita
2146 4589 2230 4637 est
2250 4580 2392 4635 intra
2406 4580 2608 4645 omnia,
2632 4589 2691 4634 ut
2718 4580 2790 4634 sit
2814 4588 2868 4635 et
2887 4588 3064 4635 extra.
3093 4579 3485 4650 Sedqnomodo
3505 4579 3630 4636 mali

371 4668 506 4724 dens
533 4683 656 4722 cum
698 4667 969 4737 equitibus
997 4667 1202 4722 scilicet
1247 4666 1496 4720 omnibus
1525 4664 1790 4735 superbis,
1823 4664 1947 4732 quia

372 4761 487 4832 ipse
514 4770 596 4816 est
617 4773 777 4830 caput
806 4777 969 4830 super
991 4775 1181 4815 omnes
1209 4759 1347 4814 filios
1372 4757 1657 4828 superbiae,
1699 4757 1765 4811 ab
1789 4770 1949 4810 exer-

371 4853 480 4908 citu
523 4851 722 4908 Christi
772 4861 1058 4922 superatus
1093 4853 1146 4906 in
1191 4851 1371 4922 fugam
1394 4849 1642 4914 vertitur,
1669 4856 1724 4903 et
1753 4862 1846 4902 rex
1874 4846 1951 4903 ls-

374 4943 484 4999 racl
509 4943 742 5013 perculit
762 4958 933 5013 equos
974 4952 1028 4996 et
1049 4956 1262 5007 currus,
1302 4948 1430 5005 etc.,
1460 4940 1584 5010 quia
1618 4954 1714 4994 rex
1761 4953 1946 5008 regum

373 5037 644 5108 nequitias
678 5036 988 5108 spirituales
1016 5036 1196 5090 obruit
1244 5037 1463 5092 humani
1490 5034 1704 5105 generis
1725 5033 1950 5090 delendo

373 5138 616 5202 peccata.

447 5222 568 5295 (1η.)
596 5221 850 5278 Diabolus
892 5221 1017 5277 licet
1041 5238 1072 5277 a
1103 5221 1304 5278 sanctis
1327 5222 1524 5292 saepius
1548 5219 1810 5283 vincatur,
1866 5227 1951 5273 ta-

2055 4672 2120 4726 de
2168 4671 2410 4725 exercitu
2443 4669 2601 4725 caeli?
2655 4668 2792 4736 Quia
2836 4671 3084 4739 quamvis
3109 4672 3177 4726 ab
3211 4671 3448 4726 :ethereo
3491 4669 3632 4725 caelo

2051 4760 2211 4832 pulsi,
2238 4760 2415 4814 adhuc
2443 4767 2622 4813 tamen
2654 4759 2706 4812 in
2734 4774 2893 4813 aereo
2915 4759 3263 4813 demorantur
3287 4759 3458 4825 coelo;
3490 4759 3630 4815 unde

2019 4848 2254 4906 .Paulus
2288 4864 2307 4903 :
2354 4846 2550 4902 Contra
2599 4847 2900 4918 spiritualia
2947 4849 3187 4920 nequitia:
3243 4850 3297 4904 in
3343 4849 3632 4904 cmicstibus

2055 4939 2272 5011 (Ephes.
2302 4938 2400 5009 vr).
2432 4937 2619 4993 Omnis
2663 4938 2934 4994 exercitus
2979 4938 3186 4994 assistit
3231 4938 3372 5004 Deo,
3422 4939 3548 5008 quia
3577 4948 3634 4994 et

2051 5033 2299 5088 voluntas
2325 5033 2618 5088 electorum
2662 5031 2947 5102 spirituum
2987 5031 3183 5087 divinae
3212 5031 3449 5088 deseruit
3480 5037 3632 5102 pote-

2053 5127 2211 5190 stati,
2244 5133 2300 5180 et
2344 5123 2696 5194 reprobornm
2741 5139 2931 5180 sensus
2973 5139 3086 5180 sua:
3116 5123 3359 5180 serviens
3387 5121 3629 5188 malitia,

2017 5271 2022 5275 _
2046 5217 2253 5288 judicio
2281 5216 2679 5286 Omnipotentis
2698 5216 3057 5289 obtemperat.
