4122 6350
560 334 681 429 ’σιι

1098 375 1487 434 WALAFRIDI
1526 372 1773 435 STRABI
1814 376 2013 434 FULD.
2057 375 2222 434 MON.
2264 377 2412 434 ΟΡΡ.
2452 378 2631 437 PARS
2666 381 2706 436 l.
2744 413 2813 424 —
2850 383 3303 443 THEOI.0GICA.

3708 356 3833 448 ita

583 523 3826 559 MM

1586 643 1884 724 LIBER
1941 641 2422 736 QUARTUS
2482 645 2834 725 BEGUM

1828 826 2200 889 Secundum
2241 825 2574 902 Hebraicis,

1750 993 2190 1057 MALACHIM
2228 940 2653 1057 SECUNDUS.

994 1304 1003 1317 .
1073 1255 1302 1317 CAPUT
1338 1256 1630 1316 PRIMUM.

638 1373 798 1432 Vens.
843 1374 899 1430 2.
948 1372 1230 1447 .—(Baa.)
1270 1372 1573 1443 Ceciditque
1612 1368 1896 1426 Ochosias.
1946 1369 2148 1425 Domus

561 1465 813 1522 Ochozite
866 1472 953 1521 est
1002 1463 1287 1535 Synagoga
1316 1503 1331 1528 ,
1386 1474 1507 1533 quae
1558 1460 1822 1533 legalibus
1860 1459 2148 1531 praeceptis

564 1557 715 1629 quasi
744 1556 1005 1614 cancellis
1031 1554 1296 1612 ctenaculi
1346 1554 1586 1625 undique
1620 1553 1956 1610 circumdata
2001 1559 2141 1606 erat.

560 1649 670 1707 Sed
694 1652 837 1707 sicut
861 1649 1130 1707 chozias
1153 1662 1252 1719 per
1274 1646 1550 1703 cancellos
1576 1647 1774 1716 quibus
1794 1644 1939 1700 tueri
1958 1641 2148 1699 debuit

560 1756 747 1807 ruens,
777 1740 1153 1815 aegritudinem
1194 1741 1416 1797 nimiam
1441 1740 1699 1805 incurrit,
1730 1739 1806 1795 ita
1846 1736 2144 1795 et'Judteus

562 1836 696 1908 legis
733 1839 1037 1892 custodiam
1072 1833 1358 1898 excedens,
1403 1834 1457 1888 in
1487 1833 1801 1905 languorem
1832 1832 2144 1904 desperahi-

560 1929 665 1986 lem
706 1930 1058 2001 peccatorum
1112 1928 1327 1985 cecidit.
1388 1927 1487 1984 Ubi
1535 1927 1660 1997 quia
1710 1926 1803 1981 Dei
1832 1926 2141 1996 praesidium

560 2016 878 2094 dereliquit,
917 2020 1108 2077 salutis
1136 2004 1435 2077 remedium
1481 2034 1587 2074 non
1633 2018 1858 2074 invenit.
1892 2015 2146 2089 Confugit

558 2115 698 2171 enim
747 2113 889 2171 sicut
928 2127 1021 2169 rex
1049 2112 1246 2183 impius
1271 2112 1340 2167 ad
1366 2109 1532 2166 falsos
1560 2109 1692 2165 deos
1713 2150 1727 2176 ,
1768 2116 1824 2164 et
1854 2109 1976 2163 ideo
2020 2122 2143 2179 pro-

558 2205 776 2277 phetico
804 2218 899 2259 ore
926 2201 1244 2272 corripitur,
1270 2208 1329 2256 et
1353 2200 1421 2257 de
1445 2199 1564 2270 ejus
1592 2210 1768 2255 morte
1795 2198 1974 2255 vicina
1998 2211 2138 2269 prte-

556 2296 774 2355 dicitur.
800 2294 1068 2351 Ochozias
1088 2291 1393 2350 Judteorum
1420 2292 1657 2347 maxime
1680 2290 1952 2361 principes
1976 2289 2142 2359 signi-

555 2386 699 2455 ﬁcat,
719 2387 809 2458 qui
826 2384 978 2442 vitiis
999 2384 1164 2441 dediti
1185 2384 1475 2441 veritatem
1496 2392 1935 2455 persequuntur;
1963 2384 2136 2437 unde:

556 2480 812 2537 Miserum
837 2479 1096 2552 principes
1126 2486 1177 2534 et
1224 2477 1486 2533 Pharisazi
1530 2479 1831 2543 ministros,
1857 2486 1917 2532 ut
1955 2493 2139 2549 appre-

553 2562 837 2628 ἡρηωέπὶ
856 2564 1190 2636 Ῑέειιηιςέισ.
1218 2568 1402 2642 (Joan.
1436 2569 1558 2642 vn).

2170 1254 2226 1318 Α
2252 1255 2377 1313 vitae
2406 1254 2603 1328 fluctus
2625 1255 2860 1313 transire
2887 1256 3113 1329 satagit;
3161 1256 3258 1313 sed
3285 1257 3426 1314 sicut
3464 1257 3687 1320 Elisaius
3720 1280 3832 1323 non

2250 1346 2355 1402 nisi
2387 1346 2637 1402 invocato
2663 1346 2883 1403 nomine
2911 1346 3042 1403 Elia:
3070 1362 3240 1419 aquas
3263 1348 3465 1417 divisit,
3489 1351 3565 1406 ita
3587 1351 3831 1413 Ecclesia

2249 1437 2352 1492 nisi
2378 1453 2478 1509 per
2506 1420 2900 1494 invocationem
2936 1440 3171 1494 nominis
3197 1438 3399 1497 Christi
3435 1442 3663 1501 virtutes
3690 1446 3831 1504 ullas

2251 1536 2432 1591 facere
2479 1549 2587 1591 non
2614 1543 2812 1606 potest.
2852 1532 2994 1591 Deus
3039 1543 3123 1590 est
3164 1535 3311 1592 enim
3352 1538 3447 1609 qui
3489 1550 3747 1613 operatur
3772 1542 3831 1599 in

2248 1626 2404 1683 nobis
2431 1638 2486 1681 et
2514 1625 2651 1685 velle
2677 1634 2733 1685 et
2751 1626 3035 1699 perﬁcere.

2319 1719 2480 1775 Vnus.
2512 1718 2599 1774 l'l.
2630 1749 2700 1760 —-
2720 1718 2932 1777 Mittite.
2953 1719 3125 1791 (Ιειιι.)
3149 1720 3260 1789 Sal,
3289 1722 3342 1779 id
3360 1732 3465 1791 est,
3484 1724 3749 1796 sapientia
3769 1726 3830 1787 in

2216 1825 2375 1867 'vase
2418 1809 2570 1867 ﬁctili
2594 1852 2612 1879 ,
2663 1812 2721 1869 id
2759 1820 2875 1878 est,
2926 1827 3154 1881 corpore
3194 1812 3431 1873 humano
3457 1817 3629 1886 posita
3656 1833 3831 1889 aquas

2246 1916 2439 1971 sanat,
2465 1905 2519 1960 id
2545 1913 2649 1971 est,
2675 1905 2904 1976 populos
2932 1905 3217 1963 dulcedine
3240 1907 3546 1967 dilectionis
3574 1918 3631 1967 et
3655 1909 3828 1967 bono-

2214 2026 2219 2035 -
2243 2015 2364 2057 rum
2389 2014 2617 2071 operum
2646 2012 2745 2071 per
2762 1998 2963 2056 Christi
2987 1999 3417 2059 incarnationem
3443 2000 3715 2061 fecundat.

2316 2091 2477 2147 Vatis.
2508 2090 2599 2146 23.
2630 2120 2699 2135 --
2723 2091 2970 2148 Ascendit
2994 2101 3193 2149 autem.
3219 2091 3396 2166 (istm)
3424 2092 3650 2153 Elisaus
3677 2094 3827 2152 salus

2242 2180 2359 2237 Dei.
2390 2182 2439 2256 ls
2466 2192 2553 2238 est
2572 2182 2665 2252 qui
2692 2182 2946 2239 Salvator
2966 2191 3219 2249 vocatur,
3259 2184 3350 2240 cui
3376 2184 3608 2243 illudunt
3624 2184 3823 2254 Indici,

2241 2275 2367 2345 quia
2390 2275 2444 2331 in
2464 2274 2727 2333 Calvariae
2748 2276 2869 2334 loco
2888 2291 3214 2333 ascensurus
3232 2284 3356 2331 erat
3384 2277 3439 2332 in
3466 2291 3706 2345 crucem;
3725 2278 3827 2335 sed

2240 2366 2492 2423 Christus
2519 2376 2807 2440 postquam
2834 2369 3078 2425 ascendit
3112 2369 3165 2423 in
3190 2368 3389 2435 etnlos,
3420 2369 3561 2426 sicut
3588 2368 3825 2434 Elisaus

2240 2459 2487 2516 ascendit
2506 2460 2565 2515 in
2597 2458 2820 2528 Bethel,
2862 2461 2919 2516 id
2939 2471 3025 2516 est
3050 2461 3106 2516 in
3135 2461 3355 2517 domum
3394 2461 3493 2517 Dei
3517 2462 3825 2534 quadrage-

2238 2552 2379 2607 simo
2425 2552 2663 2610 secundo
2708 2568 2886 2619 anno,
2932 2554 3158 2609 immisit
3198 2555 3335 2610 duos
3375 2568 3536 2610 ursos
3561 2554 3631 2609 de
3667 2552 3827 2612 silvis

600 2702 603 2705 ›
625 2663 789 2720 Vitas.
816 2663 868 2720 9.
884 2628 1214 2734 —Misitque
1224 2628 1298 2717 ad
1312 2679 1431 2718 eum
1455 2628 1961 2735 quinquagenm-ium
1982 2664 2128 2734 prin-

2239 2644 2481 2735 gentium
2506 2683 2524 2711 ,
2573 2642 2967 2715 Vespasianum
3017 2644 3227 2703 scilicet
3273 2654 3328 2700 et
3365 2643 3575 2710 Titum,
3603 2643 3700 2717 qui
3723 2660 3825 2702 eos

553 2756 1190 2827 cipem,ctquinquaginta
1204 2755 1359 2809 viros.
1393 2752 1577 2827 (ΚΑΒ.)
1606 2753 2129 2825 Quinquagenarius,

552 2847 820 2937 confessio
832 2848 1164 2937 ptzenitentite
1182 2855 1284 2913 est,
1298 2862 1403 2918 qua
1428 2845 1696 2902 declarata
1705 2846 1992 2915 rpremissio
2009 2862 2134 2917 pec-

553 2936 817 2999 catorum.
846 2936 1016 2995 Judaei
1039 2954 1169 3010 ergo
1206 2936 1453 2995 nolentes
1482 2936 1756 2993 Christum
1788 2938 1955 2994 Deum
1989 2954 2130 3005 esse,

528 3020 651 3086 "nec
678 3029 975 3102 principem
1001 3031 1331 3102 paenitentia}
1349 3070 1364 3095 ,
1392 3030 1580 3085 dicunt
1605 3031 1653 3086 ei
1691 3045 1705 3085 :
1733 3028 2131 3104 Quinquaginta

549 3135 719 3175 annos
745 3120 980 3176 nondum
1005 3120 1172 3177 habes
1191 3129 1245 3177 et
1266 3120 1542 3178 Abraham
1561 3119 1778 3177 vidisti?
1800 3132 1854 3177 et
1872 3122 1927 3177 in
1949 3121 2131 3179 futuro

548 3213 655 3284 igni
678 3212 1051 3269 incenduntur.
1078 3208 1295 3269 Tertius
1317 3214 1834 3286 quinquagenarius,
1858 3216 1983 3285 quia
2002 3232 2143 3272 con--
2164 3214 2177 3231 '

528 3298 735 3360 'vcrsus
759 3303 827 3359 ad
849 3304 1010 3360 ﬁdem
1033 3304 1344 3372 Trinitatis,
1370 3307 1705 3377 pmnitentite
1727 3319 2127 3365 sacramentum

545 3396 813 3468 cognovit,
844 3396 1235 3468 indulgentiam
1262 3396 1483 3453 meruit.

1168 3532 1399 3595 CAPUT
1438 3535 1502 3601 ll.

614 3646 778 3704 Vatis:
796 3644 970 3702 «Ovs-
990 3646 1221 3707 Factum
1246 3660 1345 3704 est.
1370 3648 1528 3721 (Ras.
1560 3651 1617 3706 in
1640 3649 1733 3706 lib.
1764 3650 1915 3724 ch.,
1948 3661 1989 3707 t.
2016 3651 2125 3727 Ill.)

545 3739 748 3807 Turbo,
797 3738 851 3796 id
888 3748 973 3797 est
997 3740 1363 3798 validissimus
1412 3753 1643 3811 ventus,
1689 3752 1820 3811 etc.,
1848 3761 2014 3817 usque
2054 3747 2125 3801 ad

546 3838 868 3909 Assumptus
911 3846 997 3894 est
1035 3838 1295 3894 Dominus
1319 3853 1417 3909 per
1441 3838 1642 3894 coitum
1688 3854 1789 3894 nec
1828 3853 2119 3910 generans,

518 3946 643 3988 nec
666 3939 972 4003 generatus.

2208 2734 2439 2793 ‘crudeli
2463 2744 2645 2809 strage
2672 2736 3022 2806 deiecerunt,
3053 2737 3239 2808 ibique
3260 2737 3482 2809 sanguis
3504 2751 3696 2793 eorum
3738 2737 3823 2795 ef-

2206 2825 2385 2883 “fusus
2408 2835 2493 2883 est
2510 2828 2602 2883 ubi
2636 2827 2925 2885 Dominum
2951 2826 3364 2897 suspenderunt.

2831 2960 3059 3019 CAPUT
3088 2962 3172 3017 Ill.

2291 3098 2477 3171 (llam)
2506 3097 2643 3156 Tres
2660 3114 2818 3170 reges
2842 3107 3035 3155 contra
3066 3097 3224 3155 Moab
3252 3097 3539 3164 bellantes,
3570 3105 3820 3163 rectores

2229 3199 2357 3248 sunt
2376 3188 2635 3257 ﬁdelium,
2662 3189 2757 3261 qui
2781 3204 2880 3261 per
2908 3187 3191 3245 Trinitatis
3224 3187 3383 3245 ﬁdem
3413 3195 3603 3245 contra
3641 3203 3817 3244 mun-

2229 3283 2283 3338 di
2311 3281 2611 3353 principem
2631 3289 2687 3338 et
2704 3281 2981 3353 populum,
3010 3280 3065 3337 id
3084 3280 3551 3352 estphilosophos,
3578 3280 3767 3337 haereti
3780 3310 3814 3321 -

2228 3392 2342 3443 eos,
2372 3374 2753 3433 schismaticos
2788 3384 2952 3447 atque
2994 3389 3184 3430 omnes
3210 3373 3426 3444 iniquos
3461 3373 3629 3431 armis
3646 3373 3816 3445 spiri-

2230 3470 2467 3527 tualihns
2524 3467 2844 3542 conﬂigunt.
2885 3467 3041 3523 Moab
3071 3467 3461 3537 interpretatur
3515 3465 3585 3523 de
3633 3474 3811 3537 patre,

2228 3560 2335 3618 illis
2357 3562 2612 3617 convenit
2637 3560 2705 3614 ad
2729 3574 2867 3630 quos
2894 3558 3153 3614 Dominus
3178 3556 3353 3614 dixit:
3388 3556 3493 3614 Vos
3551 3575 3617 3613 ea;
3660 3569 3815 3629 patre

2224 3652 2436 3709 diabolo
2462 3653 2587 3708 estis
2617 3650 2800 3723 (Joan.
2846 3648 2989 3721 viii).
3034 3648 3100 3703 lli
3133 3648 3494 3705 adversantur
3530 3646 3807 3716 Ecclesiae,

2198 3746 2409 3812 “minis,
2442 3742 2921 3816 persecutio-ibus,
2945 3749 3001 3797 et
3034 3740 3157 3797 dolo
3186 3758 3200 3795 :
3243 3740 3338 3797 sed
3366 3756 3464 3811 per
3507 3738 3807 3807 Christum,

2196 3868 2207 3875 ~
2223 3840 2316 3910 qui
2348 3848 2512 3909 caput
2530 3843 2615 3893 est
2644 3834 3100 3900 Christianorum,
3119 3832 3447 3906 eﬂ'ugantur.

2200 3956 2207 3963 -
2299 3932 2461 3986 Vens.
2495 3929 2582 3985 16.
2605 3958 2675 3970 -ο
2702 3926 2903 3982 Facite.
2937 3924 3120 3998 (ΚΑΒ.)
3143 3925 3411 3996 Propheta
3453 3925 3653 3999 populo
3710 3924 3812 3983 siti

620 3991 783 4077 vEns.
815 4022 869 4077 9.
912 4048 986 4062 .-
1024 4018 1150 4074 Fiat
1198 4020 1274 4073 in.
1306 4019 1452 4075 Elias
1504 4020 1698 4092 Spiritu
1722 4023 2023 4092 prophetali
2066 4031 2122 4079 et
2147 3991 2199 4056 ο
2224 4021 2450 4092 fatigato
2473 4035 2570 4092 per
2594 4019 2913 4075 miraculum
2939 3991 3635 4087 consuluit,etprophetie
3657 4016 3811 4074 dicta

540 4115 857 4186 operatione
880 4111 1268 4168 miraculorum
1302 4112 1633 4167 excellenter
1654 4113 1911 4183 pollebat,
1954 4117 2122 4186 gemi-

543 4220 667 4261 nam
695 4218 824 4275 ergo
854 4204 1083 4275 gratiam
1114 4216 1279 4272 quam
1309 4202 1534 4259 Elisseus
1560 4203 1613 4258 in
1655 4204 1917 4275 magistro
1940 4207 2121 4278 vigere

543 4298 922 4369 cognoscebat,
970 4296 1076 4352 sibi
1118 4295 1283 4351 tribui
1325 4297 1558 4367 rogavit.
1598 4297 1750 4353 Unde
1797 4306 1946 4369 patet
1975 4302 2121 4371 quod

539 4407 644 4446 non
664 4405 783 4445 esse
797 4388 1092 4461 discipulus
1102 4402 1271 4461 super
1282 4390 1601 4461 magistrum
1616 4392 2118 4466 postulavit.(lltn.)

538 4480 756 4539 Fiducia
793 4482 1011 4553 petendi
1051 4491 1271 4553 accepta
1297 4497 1329 4537 a
1358 4482 1582 4537 Domino
1618 4483 1853 4539 Ecclesia
1882 4488 2121 4557 postulat

538 4572 787 4644 spiritum
836 4568 1084 4638 Christi,
1138 4582 1196 4629 et
1238 4574 1363 4644 quia
1404 4575 1723 4631 remissione
1774 4587 2117 4647 peccatorum

538 4664 741 4735 indiget
768 4681 875 4736 qua
898 4681 1006 4720 non
1036 4668 1185 4735 eguit
1222 4666 1494 4733 Christus,
1519 4654 1574 4723 et
1606 4684 1831 4726 munere
1856 4672 2117 4726 virtutum

539 4770 677 4826 quas
705 4771 769 4811 ex
802 4756 1132 4828 plenitudine
1149 4772 1246 4810 sua
1268 4771 1365 4827 per
1381 4756 1643 4826 Spiritum
1668 4768 1913 4815 sanciunt
1933 4763 2118 4817 tribuit

532 4847 821 4914 Christus,
841 4848 932 4920 qui
957 4848 1243 4901 ascendens
1268 4848 1335 4901 in.
1365 4847 1529 4902 ultum
1568 4853 1824 4919 captivam
1850 4852 1999 4907 duxit
2025 4872 2116 4907 ca-

532 4942 840 5012 ptivitatem,
855 4936 997 4994 dedit
1012 4939 1152 4995 dona
1166 4939 1463 4993 hominibus
1479 4939 1693 5011 (Ephes.
1720 4942 1818 5013 iv),
1836 4942 1941 4998 illis
1960 4943 2111 4999 vide-

533 5035 659 5093 licet
678 5034 769 5106 qui
792 5048 941 5105 spem
965 5048 1116 5088 suam
1145 5033 1198 5087 in
1218 5032 1306 5087 illo
1325 5041 1549 5102 ponunt.
1576 5033 1713 5089 Hinc
1732 5045 1815 5091 est
1839 5038 1981 5107 quod
2003 5039 2109 5093 ait:

498 5132 505 5143 ‘
609 5125 770 5181 Vsus.
806 5126 889 5181 l0.
926 5155 995 5166 -—
1023 5121 1081 5179 Si
1104 5124 1313 5179 videris.
1342 5123 1398 5179 id
1424 5135 1503 5179 est
1540 5125 1584 5180 si
1624 5126 1809 5181 oculos
1838 5128 1958 5181 ﬁdei
1988 5144 2114 5198 ape-

532 5218 709 5275 rueris
732 5258 748 5285 ,
788 5228 991 5275 etcum
1034 5218 1293 5289 passione
1313 5226 1366 5273 et
1398 5220 1797 5275 resurrectione
1839 5222 2001 5276 etiam
2026 5238 2113 5277 as-

2223 4113 2507 4170 consilium
2534 4112 2775 4185 praebent
2800 4109 3067 4179 ﬁdelibus,
3094 4108 3331 4181 qualiter
3346 4108 3578 4180 spiritali
3601 4108 3811 4167 doctri-

2220 4222 2290 4261 na
2313 4207 2551 4261 animum
2579 4204 2848 4259 reﬁciant.
3488 4270 3493 4275 η

2291 4298 2415 4370 (11).)
2448 4297 2669 4352 Fossam
2697 4297 2753 4351 in
2778 4296 2931 4351 alveo
2960 4294 3217 4352 torrentis
3241 4293 3392 4361 fatﬁt,
3420 4294 3513 4366 qui
3533 4292 3807 4364 profunda

2184 4408 2191 4421 ·
2221 4393 2477 4463 mysteria
2502 4391 2559 4445 in
2589 4390 2885 4458 Scripturis
2912 4388 3125 4459 quierit.
3150 4387 3285 4457 Quae
3314 4388 3520 4457 absque
3543 4386 3725 4458 pluvia
3747 4395 3809 4443 et

2218 4495 2381 4540 vento
2412 4499 2551 4555 aqua
2583 4484 2899 4555 replentur;
2946 4483 3075 4554 quia
3115 4498 3260 4553 saepe
3302 4483 3509 4553 absque
3558 4480 3806 4539 humano

2186 4578 2411 4632 'solatio
2437 4577 2756 4647 sapientiam
2796 4576 3010 4631 conisu
3044 4575 3159 4631 suis
3182 4575 3659 4646 investigalnribttx
3702 4590 3807 4651 ρο-
3880 4584 3889 4593 ‘

2220 4672 2383 4726 tentia
2414 4670 2617 4725 divina.
2653 4669 2809 4725 Unde
2843 4668 3079 4725 Joannes
3116 4668 3284 4725 dicit:
3318 4668 3445 4724 Non
3468 4684 3673 4725 ncesse
3695 4669 3803 4727 Iur-

2218 4766 2344 4819 beti's
2373 4774 2429 4818 ut
2453 4762 2645 4833 aliquis
2668 4779 2757 4817 vos
2808 4762 3015 4826 doceat,
3054 4762 3143 4815 sed
3172 4762 3306 4815 sicut
3328 4761 3505 4815 unctio
3538 4759 3653 4832 ejus
3693 4760 3801 4818 do-

2218 4866 2293 4909 cet
2322 4870 2411 4908 vos
2431 4854 2499 4907 de
2522 4853 2785 4916 omnibus,
2822 4860 2933 4907 etc.‘
2981 4848 3035 4921 (i
3058 4848 3220 4906 locis.
3264 4849 3348 4923 ιι).
3393 4848 3587 4907 Unde:
3611 4847 3803 4906 Bibsnt

2216 4948 2450 5003 homines
2473 4957 2519 5001 et
2532 4946 2769 5015 jumenta
2795 4944 2978 5015 (Joan.
2998 4946 3104 5013 tu),
3122 4943 3177 4998 id
3197 4952 3303 5007 est,
3324 4942 3626 4999 doctrinam
3652 4942 3803 4999 acci-

2215 5040 2386 5110 pient,
2420 5037 2680 5105 ingeniosi
2708 5044 2764 5089 et
2789 5034 3064 5105 simplices

2290 5134 2451 5186 V'izns.
2479 5130 2563 5185 l8.
2579 5159 2647 5168 -—
2668 5129 2987 5197 Parumque.
3022 5124 3145 5197 (10.)
3168 5124 3283 5181 Non
3304 5124 3447 5179 enim
3469 5122 3665 5183 suﬁicit
3682 5138 3801 5182 ser-

2214 5226 2299 5281 vis
2342 5225 2437 5279 Dei
2473 5224 2653 5277 abdita
2692 5220 2947 5291 mysteria
2990 5218 3132 5274 scire
3160 5236 3173 5270 :
3202 5216 3335 5288 quin
3383 5217 3547 5275 etiam
3594 5216 3799 5275 debent

530 5315 839 5372 censionem
873 5329 1050 5371 meam
1092 5314 1321 5371 ﬁdeliter
1344 5314 1658 5377 credideris,
1692 5314 1970 5384 petitionis
2005 5324 2110 5372 tuae
2134 5349 2188 5410 Β
2215 5336 2276 5376 ea
2300 5318 2419 5373 aliis
2440 5316 2752 5385 praedicare,
2778 5322 2829 5369 ct
2854 5312 3284 5369 contradicentes
3308 5310 3653 5395 redarguere,
3675 5311 3799 5382 qui-

527 5406 780 5463 eli‘ectum
809 5408 1181 5478 consequeris.

601 5500 765 5557 Vsus.
810 5500 895 5557 13.
940 5529 1011 5541 —
1052 5496 1308 5555 Pallium.
1338 5498 1522 5571 (min)
1550 5498 1856 5554 lncarnatio
1877 5510 1963 5555 est
2010 5516 2111 5570 per
2156 5560 2169 5569 _

528 5610 689 5665 quam
732 5593 892 5650 Lethi
931 5591 1155 5649 ﬂuvium
1182 5593 1384 5663 dirupit
1408 5593 1672 5663 nobisque
1702 5593 1991 5648 transitum
2042 5595 2111 5649 ad

526 5688 693 5741 vitam
729 5684 1075 5756 praeparavit,
1104 5684 1207 5739 hoc
1242 5683 1466 5739 Elisaeus
1506 5691 1626 5754 post
1654 5685 1943 5740 transitum
1976 5686 2108 5743 Elia:

528 5778 787 5839 retinnit,
842 5777 968 5847 quia
1020 5773 1177 5831 ﬁdem
1234 5776 1625 5831 incarnationis
1682 5778 1921 5835 Ecclesia
1980 5791 2107 5849 post

531 5867 901 5922 ascensionem
941 5866 1144 5924 Christi
1170 5867 1486 5934 reservavit,
1517 5884 1614 5938 per
1634 5885 1795 5939 quam
1820 5875 2103 5941 praesentis

2219 5412 2318 5467 bus
2340 5408 2607 5481 promissa
2630 5415 2712 5461 est
2736 5414 2882 5461 certa
2907 5405 2974 5462 de
3014 5407 3170 5462 hoste
3201 5404 3446 5472 victoria,
3492 5413 3554 5460 ut
3598 5420 3796 5476 percu.

2213 5505 2354 5558 tiant
2376 5514 2593 5557 omnem
2616 5498 2909 5554 civitatem.

2286 5595 2451 5650 Vsus.
2483 5595 2569 5650 19.
2592 5622 2661 5636 --
2700 5593 2992 5649 Civitatem.
3025 5591 3208 5665 (llam)
3247 5591 3469 5657 Civitas,
3517 5590 3793 5649 saecularis

2213 5698 2297 5745 est
2338 5687 2641 5759 prudentia,
2677 5686 2728 5740 in
2759 5702 2864 5756 qua
2908 5685 3209 5756 philosophi
3249 5694 3303 5740 et
3339 5684 3575 5740 haeretici
3625 5682 3792 5740 conﬁ-

2214 5783 2362 5845 dunt,
2391 5782 2505 5835 haec
2528 5794 2623 5849 per
2651 5778 3033 5851 praedicatores
3059 5779 3412 5833 subvertitur.

2284 5871 2526 5944 Lignum.
2561 5870 2683 5943 (ιυ.)
2716 5869 2827 5926 Non
2851 5870 2992 5942 quod
3020 5870 3146 5927 facit
3169 5870 3400 5927 fructum
3426 5869 3520 5928 sed
3551 5866 3792 5925 mortife-
