4122 6350
329 359 435 419 615

1330 354 1596 414 GLOSSA
1635 348 2030 410 0RDINARIA.
2071 380 2140 390 --
2178 350 2304 407 LIB.
2340 349 2406 406 Ν
2434 350 2603 433 'REG.

3482 350 3587 415 6M

327 483 449 529 rum
473 465 619 539 quod
645 471 899 522 secuturo
926 464 1176 522 examine
1200 465 1491 531 succisum,
1533 462 1783 537 pabulum
1815 460 1907 514 ﬁet
1932 460 1983 522 Α
2009 458 2135 514 ﬁcat
2170 461 2367 516 virtute
2404 429 2669 516 bellorum
2699 428 3077 535 principatum.
3099 472 3379 535 gerentes,
3412 478 3478 522 ac
3502 480 3595 521 res

328 558 472 632 ignis
506 554 719 612 mterni.
763 554 963 612 Fontes
989 570 1249 626 aquarum
1272 556 1619 621 obturantur,
1650 568 1771 609 cum
1800 552 1912 607 bte-

332 650 623 708 resiarcha:
650 664 773 705 cum
800 649 913 705 suis
937 646 1261 719 sequacibus
1288 664 1384 720 per
1411 646 1708 704 catholicos
1757 646 1915 702 dam-

330 747 551 796 nantur.
582 737 713 811 Agri
730 737 932 810 egregii
952 736 1222 806 lapidibus
1241 737 1583 809 operiuntur,
1604 751 1729 793 eum
1751 751 1918 792 venu-

330 839 444 889 stas
466 829 755 891 locutionis
776 827 1042 884 haeretica:
1067 834 1121 884 et
1157 827 1537 900 philosophica:
1558 826 1917 882 anathematis

331 924 573 1003 pondere
615 923 881 980 obruitur.
911 921 1212 979 Remanent
1258 932 1467 980 tantum
1514 922 1653 979 muri
1705 921 1918 991 ﬁctiles,

334 1016 389 1074 id
409 1026 493 1073 est
516 1015 667 1072 falsa:
690 1016 947 1080 rationes,
976 1029 1097 1085 quze
1120 1030 1149 1069 a
1174 1010 1547 1070 fundihulariis
1565 1053 1580 1081 ,
1613 1011 1668 1070 id
1692 1020 1775 1068 est
1794 1027 1918 1067 san-

336 1108 439 1165 ctis
464 1106 910 1179 praedicatoribus
937 1103 1017 1159 ad-
1036 1103 1259 1160 nihilum
1300 1105 1632 1178 rediguntur.

406 1197 588 1272 (8η.)
616 1197 693 1253 Ita
715 1194 1021 1269 philosophi
1044 1195 1267 1253 verbum
1286 1196 1570 1252 stultitiam
1597 1195 1917 1253 existiman-

338 1284 439 1356 tes,
481 1287 729 1345 derident
750 1286 1058 1357 passionem
1083 1282 1305 1352 Christi,
1340 1294 1393 1342 et
1432 1280 1691 1342 Ecclesiae
1718 1295 1920 1357 marty-

336 1370 479 1434 rium
503 1378 829 1435 dementiam
873 1372 1207 1443 existimant.
1286 1436 1291 1444 ,

962 1524 1191 1583 CAPUT
1217 1523 1306 1580 iV.

419 1660 574 1721 Vens.
607 1662 659 1716 i.
684 1691 755 1702 —
781 1660 996 1727 Mulier,
1035 1668 1140 1717 etc.
1188 1657 1372 1733 (ΚΑΒ.)
1425 1659 1622 1717 Sancta
1682 1659 1922 1717 Ecclesia

336 1754 569 1835 duorum
598 1754 942 1826 populorum,
964 1753 1018 1809 id
1044 1762 1129 1810 est
1146 1752 1359 1835 Iudaici
1381 1763 1437 1811 et
1454 1752 1684 1811 Gentilis
1706 1761 1790 1810 est
1808 1769 1922 1810 ma-

2018 567 2137 606 rum
2160 552 2357 609 decore
2385 551 2647 610 fruentes.
2677 551 2830 610 Unde
2862 552 3103 609 Naaman
3128 556 3291 611 decus
3314 557 3427 614 sive
3450 573 3598 615 corn-

2017 643 2186 699 motio
2218 657 2407 699 eorum
2449 645 2837 716 interpretatur
2868 663 2880 701 :
2910 646 2995 701 vir
3022 643 3177 703 fortis
3197 657 3253 721 et
3284 647 3470 719 dives,
3498 651 3598 708 sed

2018 730 2260 806 leprosus
2285 752 2300 802 ;
2338 735 2462 805 quia
2487 737 2735 806 quamvis
2776 750 2874 807 per
2899 736 3194 809 potentiam
3237 740 3389 812 regni
3414 755 3480 797 ac
3505 754 3596 798 re-

2020 842 2139 881 rum
2180 826 2563 882 abundantiam
2607 827 2875 883 dominari
2909 828 3183 885 videretur
3225 845 3240 884 :
3284 812 3464 889 tamen
3498 818 3598 904 per

2020 932 2259 974 errorem
2290 916 2604 973 idololatriae
2632 918 2780 991 lepra
2808 919 2984 979 iunius
3009 910 3278 995 apparuit.
3378 908 3391 989 ξ

2022 1002 2035 1014 ’
2089 1004 2255 1064 Vens.
2295 1006 2349 1063 2.
2390 1002 2458 1049 -ὲ-
2496 1005 2666 1064 Porro
2695 1010 2759 1065 de
2803 1000 2995 1082 Syria;
3020 1011 3143 1085 (ln.)
3184 1012 3493 1073 Latrunculi
3530 1017 3599 1079 de

2021 1099 2196 1174 Syria,
2228 1109 2358 1169 etc.,
2388 1117 2551 1171 usque
2574 1100 2644 1155 ad
2669 1102 2809 1158 sicut
2840 1102 2894 1158 in
2924 1103 3214 1177 Evangelia
3243 1107 3493 1181 princeps
3515 1121 3603 1167 stt-

2020 1192 2297 1248 cerdotum
2326 1191 2473 1248 fecit.
3038 1184 3043 1191 ’
3314 1188 3325 1196 ’

2091 1281 2236 1355 (Ιυ.).
2260 1282 2329 1337 Et
2347 1282 2607 1339 Dominus
2625 1299 2757 1353 quos
2773 1285 3051 1355 praesciuit,
3068 1285 3163 1341 Iros
3179 1295 3230 1341 et
3250 1282 3469 1356 uocauit,
3490 1296 3597 1348 etc.

2024 1375 2255 1433 Veniens
2286 1376 2500 1451 gentilis
2525 1376 2754 1448 populus
2781 1377 2850 1433 ad
2880 1362 3101 1455 domum
3134 1378 3332 1451 Elisaai,
3357 1389 3489 1448 etc.,
3512 1398 3604 1438 us-

2018 1462 2117 1535 que
2153 1467 2222 1521 ad
2269 1446 2396 1537 quia
2438 1446 2743 1539 baptiaatos
2791 1446 3013 1539 opor'tet‘
3050 1446 3327 1527 Dominici
3358 1446 3605 1544 corporis

2020 1555 2432 1627 participatione
2458 1555 2791 1613 conﬁrmari.
3010 1624 3017 1627 _
3166 1560 3173 1563 ’

2026 1624 2047 1647 ι
2093 1624 2256 1705 Vens.
2296 1642 2383 1704 ΓΙ.
2426 1680 2496 1690 —
2546 1646 2750 1705 Tollam
2789 1638 2949 1706 onus:
2986 1624 3367 1722 (113.)!‘Uartem
3402 1661 3607 1714 sancta

2022 1747 2183 1795 terrm
2217 1754 2401 1796 secum
2432 1740 2556 1795 tulit
2579 1739 2823 1796 Naaman
2838 1749 2899 1796 ut
2924 1750 3165 1827 poneret
3174 1743 3229 1798 in
3255 1740 3455 1815 templo
3484 1744 3603 1803 ido-

343 1857 447 1913 ter,
480 1856 612 1913 etc.,
645 1862 806 1918 usque
833 1847 904 1900 ad
933 1845 1072 1902 Nam
1094 1830 1370 1904 Abraham
1403 1852 1458 1904 et
1486 1845 1621 1903 Sara
1644 1855 1755 1905 tres
1777 1849 1922 1925 viros

2034 1831 2195 1887 lorum
2219 1872 2235 1899 ,
2279 1839 2334 1887 et
2373 1847 2535 1904 super
2577 1847 2698 1888 eam
2737 1832 3075 1900 consistens,
3122 1830 3406 1891 Dominum
3450 1834 3606 1905 cujus

339 1939 579 2010 suscepit
601 1946 655 1995 et
677 1937 846 2008 pavit.

346 2094 349 2097 _
411 2034 576 2091 Vens.
632 2034 720 2093 18.
766 2062 835 2074 --
884 2032 1051 2090 Crevit
1096 2045 1290 2090 autem.
1332 2034 1514 2109 (llam)
1559 2034 1651 2109 Sic
1694 2034 1923 2109 populus

338 2116 669 2211 isracliticus
708 2137 998 2211 postquam
1036 2126 1088 2181 in
1132 2125 1363 2201 Egypto
1408 2127 1680 2194 excrevit,
1726 2134 1923 2202 etper

342 2212 559 2299 bioysen
582 2210 634 2270 in
663 2210 933 2272 desertum
960 2216 1185 2273 eductus
1210 2217 1424 2273 Domini
1444 2232 1631 2273 vocem
1653 2214 1922 2283 audierat,

340 2310 557 2383 quando
586 2300 789 2366 lumine
820 2309 1103 2391 sententia:
1126 2310 1309 2365 debuit
1330 2309 1622 2376 illustrari,
1652 2323 1778 2365 mox
1806 2309 1922 2364 ani—

341 2417 431 2478 mo
458 2403 526 2459 ad
554 2402 916 2461 idololatriam
949 2418 1235 2461 recurrens
1256 2413 1501 2459 mortuus
1533 2412 1636 2459 est.

412 2482 574 2551 vs'as.
614 2494 705 2550 29.
743 2524 817 2536 —
856 2494 920 2548 Et
961 2495 1068 2549 ille.
1110 2492 1231 2566 (ln.)
1272 2493 1409 2549 Dum
1456 2494 1752 2562 Dominus,
1789 2502 1921 2567 etc.,

342 2602 505 2657 usque
537 2586 607 2640 ad
634 2600 731 2657 per
759 2586 961 2641 amoris
991 2585 1239 2657 spiritum
1272 2600 1408 2656 puer
1438 2585 1505 2639 ad
1546 2584 1713 2639 vitam
1740 2585 1918 2640 rediit.

416 2674 577 2733 Vens.
618 2677 706 2732 58.
748 2707 816 2717 —-
846 2674 973 2731 Filii
1003 2660 1391 2747 prophetarum.
1414 2674 1478 2731 Id
1504 2683 1587 2731 est
1605 2675 1925 2746 praedicato-

260 2752 265 2755 ⁷
345 2762 464 2823 rum
494 2758 585 2839 qui
609 2754 887 2823 ambulant
914 2768 966 2823 in
1010 2766 1124 2839 lege
1156 2767 1388 2833 Domini,
1418 2775 1471 2823 et
1501 2776 1814 2824 scrutantur
1843 2777 1924 2824 te-

343 2860 596 2917 stimonia
634 2857 783 2928 ejus,
820 2859 877 2914 in
919 2860 1205 2929 praesentia
1245 2858 1545 2915 Salvatoris
1590 2874 1803 2933 semper
1838 2861 1921 2915 vi-

342 2940 494 3007 vunL

415 3042 578 3101 Vens.
617 3044 706 3100 59.
736 3074 805 3084 —
834 3042 1091 3100 Concidit.
1121 3044 1304 3116 (ΚΑΒ.)
1331 3043 1432 3112 Qui
1460 3045 1656 3101 litterae
1678 3046 1813 3119 legis
1844 3046 1928 3102 in-

343 3142 523 3191 tentus
561 3135 648 3191 vel
692 3135 1043 3205 philosophiae
1090 3134 1362 3191 studiosus
1397 3137 1810 3195 amaritudinem
1856 3137 1926 3193 de

1980 1916 1986 1921 ’
2023 1930 2143 1977 erat
2185 1930 2326 1977 terra
2346 1962 2361 1989 ,
2395 1921 2678 1990 adoraret,
2706 1937 2775 1978 ne
2802 1921 3100 1980 oﬂ‘enderet
3136 1921 3424 1979 Dominum
3447 1940 3606 1984 suum

2025 2004 2071 2069 si
2096 2015 2301 2085 pariter
2328 2030 2433 2069 non
2462 2014 2733 2070 adoraret.
2766 2016 2773 2023 ”

2099 2106 2264 2163 Vens.
2299 2106 2391 2163 20.
2427 2136 2499 2148 -—
2537 2105 2704 2163 Gieai.
2733 2108 2857 2182 (11).)
2888 2107 3249 2181 Praeruptum,
3284 2119 3419 2182 etc.,
3445 2110 3608 2189 usque

2027 2202 2096 2255 ad
2123 2199 2213 2257 hic
2241 2210 2326 2257 est
2351 2201 2503 2257 canis
2528 2216 2782 2258 reversus
2810 2202 2877 2259 ad
2906 2203 3189 2259 vomitum.

2636 2353 2867 2411 CAPUT
2904 2355 2992 2411 Vl.

2087 2486 2261 2565 .Vens.
2303 2488 2365 2569 5.
2392 2519 2462 2529 --
2488 2489 2687 2545 Accidit
2714 2500 2907 2547 autem.
2937 2490 3117 2566 (ΗΑΒ.)
3142 2492 3277 2550 Cum
3301 2494 3496 2569 impios
3512 2495 3610 2557 Ju-

2029 2579 2194 2665 dmos,
2220 2594 2319 2665 per
2333 2566 2534 2651 corpus
2552 2591 2773 2652 operata
2796 2584 3328 2665 praesentiaﬂbristi,
3351 2566 3605 2662 tanquam

2029 2662 2391 2727 infructuosas
2420 2671 2642 2729 arbores
2669 2674 2929 2741 caederet;
2954 2662 3095 2733 unde
3118 2694 3133 2731 :
3156 2677 3296 2739 Ecce
3314 2682 3514 2737 securis
3538 2672 3608 2739 ad

2030 2761 2259 2840 radicem
2287 2762 2489 2817 arboris
2519 2763 2686 2834 posita
2714 2774 2808 2819 est.
2833 2763 2916 2822 Ab
2948 2765 3029 2822 eis
3058 2766 3449 2847 interveniente
3487 2770 3612 2847 pas-

2030 2850 2181 2908 sione
2222 2869 2418 2924 corpus
2454 2855 2628 2925 ipsum
2668 2855 2906 2913 deservit
2946 2857 3263 2929 :profunda
3307 2863 3607 2937 descendit,

2031 2944 2173 3016 quod
2196 2945 2252 3000 in
2273 2944 2546 3017 sepultura
2567 2947 2865 3018 depositum
2892 2958 3149 3023 tanquam
3175 2954 3245 3008 ad
3268 2953 3612 3011 manubrium

2032 3030 2224 3110 spiritu
2260 3039 2523 3094 redeunte
2544 3042 2870 3119 resurrexit.

2105 3126 2229 3202 (ln.)
2260 3126 2569 3189 Curandum
2592 3131 2750 3217 valde
2770 3141 2883 3199 est,
2914 3146 2984 3187 ne
3015 3134 3318 3193 intellectus
3355 3138 3477 3217 otio.
3502 3145 3614 3195 tor-

344 3225 462 3302 lege
498 3216 583 3285 vel
629 3199 969 3285 mortiferum
1004 3228 1070 3285 de
1119 3228 1454 3298 philosophis
1502 3243 1722 3285 sumens
1763 3229 1933 3285 inter-
1960 3199 2008 3264 δ
2038 3199 2292 3295 peak—ne
2319 3223 2373 3278 in
2411 3210 2795 3309 exercitatione
2829 3227 3012 3307 operis
3043 3229 3175 3285 vitio
3203 3229 3453 3287 elationis
3473 3212 3611 3287 leva—

346 3324 541 3393 miscet
566 3321 781 3377 veritati
806 3320 1128 3391 evangelica:
1147 3361 1161 3386 ,
1190 3319 1321 3375 etin
1350 3319 1454 3374 olla
1488 3318 1667 3375 cordis
1692 3334 1932 3390 coquens

349 3413 455 3468 tale
479 3413 818 3484 pulmentum
841 3452 857 3477 ,
885 3411 988 3467 hoc
1011 3419 1096 3467 est
1119 3411 1499 3467 documentum
1534 3420 1806 3482 praeparat
1831 3427 1930 3467 au-

347 3504 613 3560 ditoribus
637 3504 770 3561 suis.
800 3502 941 3559 Dicit
969 3503 1113 3558 enim
1139 3503 1427 3573 Apostolus
1451 3521 1464 3557 :
1493 3501 1694 3558 Littera
1720 3504 1931 3575 occidit,

345 3599 563 3670 spiritus
590 3608 767 3653 autem
806 3598 1029 3666 vivi/ient
1060 3595 1147 3666 (ΙΙ
1177 3594 1299 3651 Cor.
1342 3596 1449 3667 ιη).
1486 3596 1596 3655 Et:
1639 3596 1934 3653 Prudentia

346 3692 524 3746 carnis
584 3707 724 3765 more
768 3701 890 3765 est;
944 3688 1226 3765 prudentia
1276 3698 1450 3743 autem
1516 3689 1768 3761 spiritus,
1830 3688 1934 3745 vita

350 3781 526 3855 (Rom.
561 3786 702 3851 vui).
737 3779 850 3836 Hoc
885 3780 1178 3837 sentientes
1215 3777 1432 3845 ﬁdeles,
1468 3789 1699 3836 mortem
1734 3780 1788 3834 in
1828 3779 1935 3835 olla

350 3874 614 3937 clamant;
663 3872 757 3928 sed
796 3866 991 3927 farina‘
1025 3870 1078 3925 in
1119 3868 1220 3924 olla
1258 3870 1520 3937 mittitur,
1548 3886 1672 3926 cum
1710 3871 1935 3927 scientia

350 3942 647 4037 spirittialis
676 3962 728 4018 in
758 3960 863 4018 tale
890 3962 1291 4018 condimentum
1320 3960 1724 4028 intromittitur,
1753 3970 1813 4017 ut
1836 3976 1934 4017 ex-

352 4053 501 4112 clusa
533 4055 909 4121 amaritudine,
945 4063 1130 4124 pastus
1158 4054 1255 4108 ﬁat
1293 4052 1544 4109 salubris.

360 4136 369 4141 ’
426 4142 590 4204 Vens.
630 4146 720 4202 42.
749 4177 819 4188 -
868 4142 958 4199 Vir
982 4156 1176 4200 autem.
1207 4144 1389 4218 (ΚΑΒ.)
1420 4145 1517 4201 Vir
1540 4154 1715 4202 coetus
1737 4155 1820 4203 est
1842 4162 1929 4218 pa-

354 4249 497 4296 trum
529 4259 542 4295 :
576 4241 668 4311 qui
698 4240 766 4295 de
797 4237 1059 4294 Baalalisa
1094 4246 1207 4303 est,
1245 4238 1371 4308 quia
1400 4239 1697 4293 ternarium
1728 4240 1783 4295 in
1810 4230 1940 4295 con;

350 4329 586 4388 fessione
608 4330 888 4386 Trinitatis
914 4338 1112 4384 servat.
1136 4326 1402 4385 Baalalisa
1431 4330 1575 4385 enim
1598 4331 1815 4386 tertium
1842 4330 1940 4385 ha-

354 4425 489 4481 bens
518 4424 926 4496 interpretatur.
964 4419 1061 4478 Hic
1095 4421 1178 4476 vir
1212 4421 1330 4476 viro
1360 4420 1454 4476 Dei
1480 4408 1648 4492 panes
1675 4421 1940 4492 primitia-

2032 3323 2242 3371 ηθεοθι.

2103 3406 2319 3482 (ρης.)
2359 3409 2583 3466 Ferrum
2624 3412 2679 3467 in
2722 3413 3043 3480 manubrio,
3085 3390 3391 3472 intellectus
3431 3424 3516 3473 est
3556 3417 3615 3474 in

2033 3501 2195 3558 corde
2226 3520 2239 3556 :
2270 3502 2371 3557 hoc
2400 3502 2545 3571 ligna
2582 3503 2884 3570 caeduntur,
2915 3519 3039 3560 cum
3067 3519 3234 3576 prave
3273 3515 3496 3583 agentes
3530 3507 3615 3565 in-

2033 3601 2343 3664 crepantur.
2358 3593 2509 3660 Quod
2542 3594 2666 3649 dum
2698 3594 2839 3652 illrxe
2866 3588 3067 3668 agitur,
3097 3598 3222 3654 dum
3252 3597 3437 3677 lapsus
3461 3614 3616 3657 vanae

2034 3684 2216 3763 gloriae
2240 3699 2348 3741 non
2377 3687 2610 3753 vitatur;
2636 3685 2842 3742 ferrum
2866 3689 2919 3744 in
2944 3703 3084 3758 aqua
3104 3691 3366 3761 perditur,
3396 3692 3523 3769 quia
3546 3705 3617 3749 ex

2035 3777 2295 3863 dissoluto
2328 3793 2525 3849 opere,
2558 3779 2908 3852 intelligentia
2947 3782 3222 3863 fatuatur,
3246 3775 3373 3859 qua:
3412 3784 3480 3843 ad
3513 3784 3619 3839 hoc

2036 3870 2226 3949 datur,
2256 3877 2315 3924 ut
2342 3870 2523 3926 dantis
2552 3879 2678 3927 ante
2716 3872 2898 3929 oculos
2943 3888 3008 3929 ex
3047 3874 3205 3949 bona;
3226 3875 3437 3949 actione
3462 3877 3620 3933 resti-

2038 3948 2239 4038 iuatur,
2289 3959 2431 4015 unde
2472 3960 2715 4030 sequitur
2757 3979 2770 4016 :
2820 3960 2934 4018 Hoc
2963 3946 3155 4033 ipsum.
3194 3946 3366 4043 Eleeti
3409 3980 3536 4022 vero
3573 3962 3619 4021 si

2039 4056 2252 4127 quando
2282 4055 2578 4123 oll‘endunt,
2615 4058 2682 4114 ad
2707 4073 2801 4115 cor
2831 4054 3089 4116 velociter
3122 4062 3384 4129 redeunt,
3417 4070 3474 4117 et
3508 4061 3595 4117 cul

2036 4165 2162 4225 pam
2196 4150 2451 4222 lacrymis
2486 4151 2863 4223 insequuntur,
2904 4153 3046 4209 unde
3096 4170 3110 4207 :
3155 4152 3309 4219 Heu,
3344 4155 3480 4220 heu,
3511 4163 3618 4210 etc.

2040 4238 2141 4309 Qui
2183 4241 2374 4299 ﬂentes
2408 4250 2565 4297 caute
2607 4242 2928 4313 inspiciunt,
2962 4258 3072 4299 non
3114 4243 3286 4317 solum
3326 4261 3446 4315 quae
3480 4244 3621 4298 maia

2040 4332 2461 4396 commiserunt,
2509 4332 2601 4387 sed
2644 4333 2805 4388 etiam
2848 4346 2967 4401 qua:
3012 4348 3080 4389 ex
3127 4343 3351 4407 accepto
3400 4349 3623 4403 munere

2043 4422 2266 4503 reddere
2292 4422 2429 4476 bona
2462 4423 2785 4487 debuerunt,
2816 4431 2871 4477 et
2898 4413 3003 4479 hoc
3028 4433 3112 4479 est
3144 4423 3323 4499 dicit,
3353 4424 3477 4487 heu,
3497 4425 3622 4490 heu,

356 4530 473 4572 rum
510 4511 701 4581 oii'ert;
740 4507 859 4569 eum
898 4513 1244 4583 Redemptori
1278 4513 1449 4585 gratia
1493 4511 1608 4583 ejus
1646 4512 1939 4582 inspiratus
1974 4563 2019 4585 n
2042 4524 2088 4567 et
2118 4514 2214 4567 hoc
2256 4522 2436 4567 mutuo
2466 4529 2799 4581 acceperam;
2836 4528 2900 4566 ac
2940 4514 2985 4568 si
3012 4513 3156 4568 dicat
3185 4532 3197 4567 :
3230 4514 3365 4569 illud
3390 4529 3488 4585 per
3517 4515 3626 4570 dis-

355 4607 515 4666 ol'l'ert
543 4596 709 4663 libros
741 4607 809 4662 de
834 4605 1043 4676 origine
1067 4563 1439 4660 cientur‘arum
1466 4563 1813 4675 cdmpositbs.
1847 4600 1920 4658 Of
1934 4638 1939 4643 ς
1967 4563 2020 4624 D
2044 4604 2368 4659 solutionem
2384 4603 2720 4677 negligentia:
2733 4605 2960 4675 perdidi,
2978 4606 3119 4674 quod
3133 4563 3446 4674 utperhoria
3459 4621 3624 4675 opera

358 4701 462 4758 fert
500 4701 826 4756 frumentum
869 4712 1063 4752 novum
1094 4695 1147 4751 in
1184 4712 1347 4767 pera;
1384 4711 1503 4752 cum
1534 4712 1730 4751 novum
1772 4704 1936 4750 testa-

357 4802 599 4850 mentum
622 4778 676 4846 i‘n
702 4788 980 4862 Evangelii
1003 4799 1053 4844 et
1084 4788 1450 4859 apostolorum
1474 4789 1691 4859 scriptis
1711 4770 1936 4858 profert.

356 4884 513 4945 Juhet
541 4882 767 4942 Elisieus
797 4892 981 4939 noster
1008 4882 1293 4946 ministris,
1321 4881 1371 4937 id
1396 4890 1479 4937 est
1500 4874 1941 4952 praedicatoribus

357 4991 414 5037 ut
438 4983 553 5038 haec
582 4970 827 5039 ﬁdelibus
846 4974 1177 5050 dispensent,
1208 4986 1263 5034 et
1292 4976 1359 5032 de
1392 4974 1644 5030 thesauro
1665 4986 1782 5040 suo,
1815 4990 1943 5046 pro-

359 5068 537 5127 ferant
566 5086 705 5128 nova
735 5079 789 5125 et
815 5079 1022 5136 vetera,
1052 5066 1197 5140 quod
1225 5066 1541 5139 mysterium
1575 5066 1627 5120 in
1658 5065 1946 5137 Evangelio

360 5162 592 5239 [egimus
632 5162 689 5218 in
734 5162 996 5217 fractione
1025 5160 1264 5232 quinque
1290 5168 1343 5216 et
1369 5166 1572 5230 septem
1608 5172 1827 5227 panum,
1858 5154 1949 5211 ubi

362 5252 573 5309 satiatis
603 5255 778 5308 turbis
819 5252 1153 5325 collegerunt
1199 5250 1482 5306 duodecim
1517 5248 1807 5320 cuphinos,
1837 5248 1949 5302 sive

362 5352 569 5415 septem
613 5352 828 5418 Sportas
867 5341 1292 5414 fragmentorum
1316 5382 1331 5408 ,
1378 5339 1505 5412 quia
1544 5338 1720 5395 mullus
1764 5354 1944 5393 sacra-

365 5443 547 5490 menta
568 5430 866 5505 Scriptura:
888 5448 984 5505 per
1005 5433 1183 5490 omnia
1209 5433 1372 5504 capit,
1396 5434 1608 5504 quando
1630 5429 1732 5487 sibi
1758 5430 1952 5491 satiato

368 5520 639 5599 supererit
659 5524 818 5598 juxta
846 5527 1074 5583 verbum
1100 5524 1334 5581 Domini.

981 5656 1211 5715 CAPUT
1250 5657 1318 5712 ν.

443 5791 610 5850 Vitis.
653 5794 704 5851 1.
740 5825 811 5838 -—
849 5792 1129 5858 Naaman,
1170 5799 1273 5847 etc.
1312 5791 1489 5863 (Rm)
1520 5788 1758 5847 Gentiles
1791 5791 1955 5862 signi-

2045 4694 2357 4760 reddereni,
2386 4710 2453 4748 ex
2484 4695 2657 4764 gratia
2700 4695 3075 4764 Redemptoris
3112 4697 3293 4767 accepi
3328 4715 3341 4750 :
3373 4696 3468 4753 sed
3493 4713 3628 4753 nun-

2047 4802 2206 4856 quam
2246 4785 2387 4839 Deus
2432 4792 2667 4838 mentem
2695 4785 2928 4849 deserit,
2959 4768 3158 4857 quain
3184 4788 3424 4861 peccatis
3452 4802 3511 4844 se
3539 4801 3628 4844 ve-

2049 4876 2247 4931 raciter
2285 4876 2544 4945 agnoscit.
2578 4874 2729 4931 Unde
2765 4874 2987 4932 Elisaeus
3011 4876 3213 4950 lignum
3243 4878 3493 4934 deorsum
3522 4877 3625 4933 mi-

2051 4969 2153 5032 sit,
2186 4976 2239 5023 et
2280 4967 2478 5023 ferrum
2511 4968 2563 5022 in
2596 4968 2886 5038 superﬁcie
2914 4970 3119 5034 attulit,
3140 4969 3265 5039 quia
3301 4970 3630 5043 Redemptor

2050 5076 2146 5129 _cor
2189 5058 2491 5129 peccatoris
2536 5058 2813 5125 humiliat,
2877 5069 2934 5115 et
2987 5076 3108 5117 eam
3145 5075 3307 5130 quam
3374 5059 3632 5115 amiserat

2052 5150 2458 5222 intelligentiam
2508 5149 2784 5206 reformat.
2828 5151 2980 5209 Unde
3029 5152 3085 5205 in
3130 5150 3233 5227 alia
3280 5148 3631 5227 translatione

2054 5242 2251 5297 dicitur
2285 5259 2297 5295 :
2340 5240 2495 5307 Quod
2524 5241 2779 5312 confregit
2808 5242 3007 5315 lignum
3034 5253 3081 5296 et
3096 5242 3337 5313 jactavit,
3357 5251 3405 5321 et
3427 5242 3501 5301 sic
3525 5241 3633 5312 fer-

2054 5349 2167 5386 rum
2214 5332 2447 5387 sustutit.
2491 5332 2715 5402 Liguum
2764 5331 3011 5404 frangere
3051 5340 3135 5387 est
3169 5346 3263 5387 cor
3298 5333 3365 5403 ab
3401 5332 3634 5391 elatione

2056 5435 2360 5488 conterere,
2389 5425 2455 5479 ad
2486 5424 2589 5478 ima
2612 5406 2847 5495 jactare,
2875 5422 3201 5492 cogitatione
3224 5423 3458 5494 propria:
3488 5420 3639 5478 inﬁr-

2054 5516 2260 5571 mitatis
2289 5514 2597 5570 humiliare.
2632 5514 2780 5573 Illico
2804 5514 3007 5571 ferrum
3034 5516 3215 5582 rediit,
3237 5516 3363 5585 quia
3387 5515 3457 5572 ad
3478 5528 3639 5573 usum

2053 5607 2457 5665 exercitationis
2480 5608 2723 5679 pristinae
2751 5607 3111 5677 intelligentia
3146 5608 3396 5664 recurrit.

2128 5702 2290 5758 Vens.
2332 5702 2416 5756 Μ.
2457 5731 2527 5740 —-
2566 5701 2669 5767 Qui
2707 5716 2825 5755 cum
2861 5702 3133 5757 uenissent.
3168 5701 3290 5774 (ln.)
3327 5701 3429 5773 Qui
3460 5700 3515 5758 in
3542 5715 3639 5758 ne~

2059 5792 2241 5864 quitia:
2272 5792 2439 5853 armis
2470 5789 2769 5865 conlidens,
2792 5790 2994 5849 Christi
3025 5792 3235 5849 fainulis
3256 5792 3481 5850 insidias
3499 5807 3638 5864 prae.
