4122 6350
503 381 608 438 ﬁlii
838 332 840 334 Υ
993 371 1384 432 WALAFRIDI
1423 369 1666 426 STRABI
1703 369 1906 426 FULD.
1950 366 2124 425 MON.
2168 369 2323 425 OPP.
2366 366 2547 425 PARS
2584 369 2625 426 I.
2663 400 2735 413 —
2770 369 3229 428 TIIEOLOGICA.
3651 373 3757 433 616

502 507 677 574 parat,
713 505 871 554 nocte
895 493 1135 566 perﬁdia:
1163 499 1493 556 exemeatus,
1528 490 1727 545 bellum
1755 499 1942 544 contra
1975 489 2076 544 Ec-
2103 489 2152 550 Α
2181 487 2260 542 les
2285 498 2666 544 commutatur.
2698 489 2836 544 Ante
2860 489 3212 560 parricidium
3239 487 3476 560 geritur,
3501 504 3666 560 quam
3691 493 3763 548 ad

505 594 725 651 clcsiam
754 589 914 662 gerit.

577 683 737 740 Vlns.
755 680 840 735 l5.
865 709 937 720 —
956 675 1099 741 Heu,
1122 677 1240 740 heu,
1268 684 1373 730 etc.
1408 673 1627 744 (ϐιιεσ.)
1659 672 1757 726 Ηίο
1780 679 1930 726 notat
1959 671 2078 727 illos

507 775 598 846 qui
609 769 1046 844 pusillanimitate
1059 767 1255 828 cordis,
1273 780 1459 836 pmnas
1477 771 1728 818 verentur
1747 763 2073 832 corporales.

576 863 738 920 Vens.
777 861 863 916 {6.
900 890 970 900 —
1003 857 1179 913 Nolite
1209 858 1407 911 timere.
1442 855 1617 910 Nolite
1645 855 1838 910 timere
1867 870 1959 910 eos
1985 855 2078 924 qui

506 956 760 1014 occidunt
793 966 1018 1023 corpus,
1057 958 1114 1006 et
1153 958 1276 1021 post
1321 963 1427 1004 non
1477 947 1677 1002 habent
1714 947 1842 1018 quid
1874 946 2082 1002 faciant

507 1052 679 1112 vobis.

577 1141 785 1196 Plures.
837 1138 959 1210 (11).)
1007 1137 1236 1193 Possum
1285 1149 1475 1206 rogare
1527 1133 1747 1189 Patrem
1797 1148 1995 1197 meum,
2026 1140 2080 1189 et

505 1233 782 1290 exhibebit
819 1229 950 1286 mihi
985 1229 1270 1302 plusquam
1311 1225 1593 1283 duodecim
1634 1225 1872 1296 legiones
1917 1239 2079 1295 ange-

453 1367 459 1372 .
505 1326 701 1382 lorum.

573 1417 826 1482 Domine,
863 1415 1028 1489 aperi.
1059 1413 1182 1488 (10.)
1211 1413 1376 1470 Valde
1403 1425 1627 1469 necesse
1655 1421 1740 1468 est
1771 1420 1830 1467 ut
1856 1411 2079 1467 Elisaeus

503 1519 690 1569 noster
735 1509 942 1582 aperiat
999 1491 1186 1564 oculos
1233 1505 1413 1562 cordis
1464 1505 1533 1560 ad
1584 1504 2034 1560 considerandum
2061 1543 2076 1568 ,

505 1604 630 1677 quia
677 1617 866 1659 omnes
909 1600 1002 1672 qui
1047 1597 1324 1656 conﬁdunt
1375 1597 1429 1652 in
1487 1595 1635 1650 illum
1684 1611 1792 1652 non
1849 1593 2078 1651 confun-

506 1695 737 1842 de;::s..
784 1785 872 1842 I8.
910 1814 983 1825 —
1031 1781 1271 1838 Percute.
1320 1782 1440 1853 (11).)
1481 1781 1690 1837 Bonum
1737 1789 1819 1837 est
1863 1781 2077 1836 oculum

2176 576 2422 634 funestas
2451 580 2638 649 epulas
2672 581 2938 636 veniatur.
2973 580 3236 636 Innocens
3275 580 3494 652 sanguis
3532 579 3765 641 eﬂ’undi-

2179 676 2287 735 tur,
2321 678 2379 724 ut
2403 679 2686 739 parentum
2717 669 2890 726 fames
2921 671 3106 725 rabida
3134 670 3428 741 saginetur.

2780 761 3005 818 CAPUT
3045 761 3156 817 VII.

2248 851 2411 907 Vens.
2443 853 2496 908 5.
2528 883 2598 893 -
2625 854 2886 919 Quatuor,
2917 862 3025 908 etc.
3060 852 3218 924 (Ras.
3253 853 3305 908 in
3331 854 3424 910 lib.
3452 855 3606 929 Reg.,
3631 867 3762 915 tom.

2177 940 2287 1009 IlI.)
2319 941 2544 1011 Leprosi
2571 951 2719 1007 sunt,
2746 950 2877 1007 etc.,
2907 957 3070 1012 usque
3115 942 3183 996 ad
3213 943 3266 998 in
3299 953 3532 1014 quatuor
3575 948 3766 1005 mundi

2178 1032 2422 1102 partibus
2449 1032 2571 1088 ﬁdei
2596 1034 2878 1088 veritatem
2909 1033 3225 1102 praedicent.

2251 1123 2409 1177 Vens.
2441 1124 2527 1177 l7.
2559 1154 2627 1164 —
2657 1120 2848 1178 Porro.
2895 1123 3014 1179 Dux
3061 1131 3245 1196 typum
3271 1132 3420 1181 tenet
3447 1124 3768 1186 Scribarum

2178 1223 2232 1270 et
2256 1215 2674 1281 Pharisaeorum,
2695 1215 2762 1269 ad
2783 1230 2918 1286 quos
2950 1213 3158 1272 Veritas
3173 1217 3248 1272 ait
3270 1235 3282 1271 :
3315 1216 3408 1273 Vw
3429 1218 3598 1288 vobis,
3619 1218 3770 1278 Scri-

2179 1303 2255 1361 bae
2272 1315 2319 1362 et
2342 1304 2602 1361 Pharisaei
2641 1304 2950 1376 hypocritw,
2973 1305 3064 1376 qui
3091 1305 3337 1360 clauditis
3367 1324 3580 1379 regnum
3613 1309 3773 1365 mlo-

2175 1415 2294 1453 rum
2349 1405 2470 1453 ante
2519 1396 2751 1452 homines
2800 1412 2820 1450 :
2881 1413 2972 1451 vos
3037 1397 3175 1451 enim
3219 1412 3328 1450 non
3373 1399 3618 1467 intratis,
3670 1417 3766 1458 nec

2177 1493 2498 1546 introeuntes
2522 1491 2694 1544 sinitis
2733 1489 2932 1544 intrare
2959 1487 3174 1561 (Matth.
3200 1489 3381 1562 xx-tu).
3422 1491 3592 1561 Quem
3639 1509 3774 1551 con-

2177 1581 2413 1637 culcavit
2448 1582 2604 1636 turba
2631 1580 2687 1636 in
2716 1589 2890 1651 porta,
2929 1579 3058 1650 quia
3106 1595 3351 1652 gressum
3378 1582 3448 1638 ad
3494 1582 3656 1639 fidem
3681 1584 3764 1638 in-

2179 1673 2513 1730 troeuntium
2542 1673 2869 1744 impediebat
2899 1685 2914 1725 :
2950 1671 3092 1727 unde
3145 1674 3340 1730 merito
3394 1676 3769 1744 conculcatus,

2178 1766 2233 1821 id
2265 1775 2364 1829 est,
2382 1766 2633 1822 examine
2650 1765 2782 1837 justi
2796 1763 3000 1834 judicis
3021 1765 3628 1840 damnatus,perpetuas
3643 1769 3776 1825 mit-

505 1877 963 1935 seandalizantem
993 1873 1130 1940 erui,
1153 1881 1214 1927 ut
1235 1848 1459 1928 intuitus
1487 1871 1752 1942 superbiae
1777 1879 1831 1926 et
1863 1869 2080 1926 malitiae
2108 1848 2156 1908 Β
2186 1866 2330 1915 tem?
2355 1857 2410 1913 in
2433 1858 2710 1914 tenebras.

506 1969 822 2034 obturetur,
861 1973 917 2022 et
939 1963 1128 2022 oculus
1154 1979 1297 2020 sanae
1326 1963 1451 2019 ﬁdei
1476 1979 1540 2020 ac
1565 1962 1922 2033 simplicitatis
1949 1977 2080 2034 ape-

509 2061 702 2119 riatur.
1593 2051 1595 2054 ’

578 2152 782 2227 (Ihm).
810 2151 1102 2222 Postquam
1122 2150 1346 2206 Elisaeus
1365 2149 1548 2204 hostes
1575 2148 1628 2203 in
1659 2147 1960 2203 Samariam
1990 2146 2080 2201 ad-

507 2247 680 2312 duxit,
713 2261 820 2301 non
848 2260 942 2300 eos
969 2243 1142 2300 occidi
1165 2243 1441 2315 permisit,
1471 2242 1562 2297 sed
1597 2241 1947 2296 refectionem
1976 2238 2082 2294 illis

505 2351 842 2410 praeparans,
873 2335 1078 2392 dimisit
1103 2350 1196 2392 eos
1222 2334 1278 2403 in
1306 2349 1458 2404 pace.
1493 2331 1560 2386 Et
1587 2331 1805 2388 Saulum
1833 2331 1922 2386 diu
1951 2345 2084 2386 con-

507 2439 593 2484 tra
619 2427 898 2484 stimulum
925 2427 1298 2483 calcitrantem
1315 2465 1330 2489 ,
1359 2425 1591 2495 primum
1618 2421 1876 2477 Dominus
1903 2436 2080 2477 excae-

508 2518 681 2584 cavit,
723 2517 916 2573 deinde
960 2517 1186 2572 scientia
1236 2512 1498 2584 spirituali
1548 2511 1756 2566 ditavit.
1810 2510 2084 2580 Nobisque

506 2609 765 2680 praecepit
785 2609 859 2664 ita
877 2624 890 2662 :
907 2607 1116 2679 Diligite
1136 2607 1374 2661 inimicos
1387 2618 1598 2672 vestros,
1621 2611 1668 2657 et
1692 2602 1972 2672 benefacite
2001 2601 2081 2657 his

507 2703 596 2774 qui
622 2701 841 2756 oderunt
868 2717 958 2756 vos
985 2699 1135 2771 (Luc.
1167 2699 1264 2768 v1).

581 2793 746 2850 Vnus.
785 2791 878 2846 24.
911 2821 984 2832 --
1016 2789 1378 2862 Congregavit.
1408 2787 1590 2860 (ΚΑΒ.)
1620 2786 1873 2842 Benadad
1901 2794 1958 2842 et
1989 2801 2084 2842 ex-

508 2884 733 2950 ercitus,
763 2891 846 2938 est
869 2881 1114 2938 diabolus
1141 2892 1195 2937 et
1227 2881 1420 2950 iniqui,
1450 2881 1655 2936 scilicet
1674 2880 1888 2951 pagani,
1910 2877 2081 2936 Judaei

508 2983 564 3031 et
597 2975 868 3040 haeretici,
915 2990 1050 3045 quos
1089 2982 1278 3028 contra
1318 2972 1615 3028 Ecclesium
1657 2971 1855 3027 bellum
1894 2986 2084 3044 gerere

508 3068 726 3123 excitat.
756 3066 859 3122 Per
885 3066 1020 3122 tales
1041 3064 1294 3136 afﬂigitur
1320 3065 1548 3136 p0pulus
1575 3065 1688 3128 Dei,
1707 3065 1799 3134 qui
1827 3072 1912 3121 est
1940 3065 2082 3137 posi-

509 3168 596 3215 tus
631 3160 686 3214 iu
717 3158 982 3224 Samaria,
1010 3158 1065 3214 id
1088 3168 1172 3214 est
1204 3157 1338 3228 legis
1367 3156 1612 3212 custodia
1652 3175 1665 3210 :
1698 3155 1862 3226 ﬁtque
1887 3157 2078 3223 fames,

509 3269 632 3308 cum
663 3267 768 3307 non
807 3251 1138 3321 permittitur
1161 3249 1471 3305 doctoribus
1499 3250 1723 3302 verbum
1757 3247 1853 3304 Dei
1890 3249 2082 3318 praadiv

509 3360 653 3400 care.
684 3343 791 3400 Sed
817 3344 1007 3399 Elisteo
1033 3342 1334 3406 revelante,
1367 3343 1422 3397 id
1448 3349 1564 3406 est,
1606 3340 1963 3411 Redemptore
1987 3356 2083 3413 per

508 3435 854 3508 Evangelium
871 3436 1164 3500 indicante,
1183 3434 1330 3490 salus
1349 3449 1468 3504 quae
1492 3449 1522 3488 a
1535 3433 1908 3503 peccatoribus
1928 3432 2082 3503 longe

509 3537 622 3592 cst,
654 3527 966 3582 timentibus
990 3526 1160 3580 Deum
1191 3540 1358 3596 prope
1391 3541 1511 3582 esse
1547 3525 1736 3580 scitur.
1769 3523 1909 3578 Dicit
1936 3524 2081 3577 enim

507 3620 768 3676 Dominus
799 3639 812 3674 :
847 3619 977 3674 Cras
1005 3619 1233 3684 modius,
1265 3627 1370 3674 etc.
1401 3618 1607 3674 Modius
1631 3618 1821 3674 similae
1843 3615 2082 3688 perfecta

507 3721 593 3768 est
627 3727 880 3768 mensura
917 3711 1111 3766 divinzc
1140 3711 1416 3780 sapientia:
1452 3725 1570 3780 qua:
1595 3719 1679 3766 est
1709 3710 1762 3764 in
1801 3707 1953 3764 Novo
1981 3707 2083 3764 Te-

509 3811 796 3860 stamento.
837 3801 953 3856 Duo
988 3802 1153 3857 modii
1194 3802 1379 3857 hordei
1421 3809 1547 3857 sunt
1593 3801 1819 3856 scientia
1858 3801 1992 3870 legis
2026 3809 2084 3856 et

506 3896 891 3968 prophetarum
912 3933 927 3958 ,
959 3894 1052 3963 qui
1075 3899 1459 3962 comparantur
1489 3900 1687 3947 statere
1721 3907 1846 3958 uno,
1875 3893 1978 3946 hoc
1998 3899 2082 3947 est

509 3985 614 4041 ﬁde
641 3983 936 4049 catholica,
962 3984 1016 4037 in
1039 3993 1194 4053 porta
1225 3982 1482 4038 Samarire
1503 4023 1518 4048 ,
1548 3982 1601 4036 id
1630 3990 1712 4037 est
1744 3983 1796 4035 in
1821 3981 2082 4052 praedica-

509 4077 658 4133 tione
697 4074 986 4146 apostolica
1009 4114 1024 4140 ,
1075 4089 1171 4144 per
1204 4088 1367 4143 quam
1403 4073 1633 4127 intratur
1668 4072 1722 4126 in
1759 4072 2075 4128 Ecclesiam.

507 4165 765 4223 Cessante
793 4164 938 4220 enim
977 4163 1190 4218 turbine
1232 4161 1621 4232 persecutionis
1646 4177 1764 4230 qua:
1799 4160 1859 4214 ﬁt
1897 4161 2076 4228 hodie,

507 4259 656 4316 dabit
679 4257 938 4314 Dominus
964 4272 1107 4322 cras,
1139 4256 1191 4310 id
1221 4264 1302 4311 est
1327 4265 1564 4324 tempore
1594 4253 1794 4321 futuro,
1827 4253 2081 4324 tranquil-

505 4350 735 4416 litatem,
768 4357 826 4404 ut
853 4347 1164 4421 prmdicatio
1194 4345 1432 4417 perfecte
1453 4345 1805 4414 compleatur.

577 4443 742 4499 Vsus.
777 4441 866 4498 25.
905 4471 976 4481 -
1009 4437 1281 4509 Factaque
1311 4437 1508 4508 fames,
1552 4445 1656 4491 etc.
1705 4435 1894 4506 (Auc.,
1921 4451 2076 4490 serm.

2774 1946 3010 2005 CAPUT
3047 1949 3181 2006 VIII.

2255 2040 2420 2096 Vens.
2457 2042 2508 2096 7.
2541 2071 2613 2082 —
2632 2040 2900 2108 Benedab,
2930 2059 3022 2097 rex
3049 2040 3240 2115 Syriae,
3261 2049 3369 2099 etc.
3385 2039 3650 2115 Syrorum
3671 2059 3773 2101 rex

2183 2135 2310 2190 dum
2336 2132 2570 2190 venisset
2595 2133 2651 2188 in
2686 2131 3031 2199 Damascum,
3066 2144 3122 2190 et
3145 2133 3450 2207 agnovisset
3494 2135 3622 2206 quia
3670 2134 3768 2192 Di-

2183 2228 2384 2285 vinitas
2411 2231 2461 2286 ei
2490 2239 2546 2286 et
2571 2229 2687 2299 ejus
2708 2231 2972 2287 exercitui
2996 2230 3241 2286 timorem
3269 2229 3583 2287 immisisset
3601 2237 3656 2286 et
3683 2230 3772 2285 fu-

2183 2334 2328 2386 gam,
2353 2331 2408 2375 et
2446 2335 2553 2377 non
2585 2321 2865 2377 invasione
2899 2319 3136 2377 hostium
3168 2319 3358 2376 fuisset
3410 2319 3638 2388 factum,
3689 2321 3746 2376 ni

2185 2409 2290 2464 mis
2321 2408 2580 2478 aﬁlictus,
2607 2426 2673 2467 eo
2698 2412 2842 2482 quod
2865 2410 3037 2466 Deum
3064 2411 3138 2466 ita
3159 2409 3388 2467 haberet
3403 2410 3628 2480 iratum,
3649 2426 3770 2468 eor-

2184 2502 2295 2557 ruit
2326 2501 2380 2556 in
2426 2501 2767 2574 languorem.

2805 2591 3033 2649 CAPUT
3068 2591 3161 2648 IX.

2255 2684 2421 2740 Vens.
2461 2686 2513 2740 l.
2543 2716 2612 2726 —-
2646 2684 2812 2740 Vade.
2857 2685 3015 2757 (Ras.
3048 2686 3104 2741 in
3150 2684 3242 2740 lib.
3288 2685 3440 2759 Reg.,
3492 2695 3624 2744 tom.
3657 2687 3770 2762 Ill.)

2184 2777 2440 2848 Designat
2477 2777 2718 2848 gentium
2757 2777 3140 2849 principatum,
3169 2793 3330 2849 quem
3361 2778 3624 2835 Dominus
3677 2779 3774 2836 de-

2184 2867 2406 2923 stinavit
2429 2877 2489 2921 ut
2524 2866 2842 2937 sacrilegam
2872 2867 3176 2934 civitatem,
3207 2884 3328 2938 quae
3373 2870 3669 2941 prophetas
3714 2879 3777 2926 et

2185 2956 2474 3012 Dominum
2535 2956 2921 3033 prophetarum
2972 2957 3192 3022 occidit,
3229 2966 3286 3012 et
3330 2958 3604 3030 apostolos
3648 2957 3775 3030 ejus

2183 3061 2463 3123 persecuta
2506 3062 2611 3117 est,
2642 3053 2845 3108 ultione
2869 3050 3022 3120 juxta
3067 3052 3380 3123 perimeret,
3411 3061 3466 3108 et
3510 3053 3764 3109 sacerdo-

2186 3143 2318 3198 tium
2365 3145 2509 3215 quod
2561 3153 2681 3216 post
2725 3142 3000 3198 Christum
3054 3143 3291 3198 inaniter
3336 3144 3624 3212 habuerat,
3669 3145 3770 3201 de-

2187 3245 2440 3304 strueret,
2466 3235 2828 3308 templumque
2856 3236 3437 3302 subverteret,necnon
3462 3245 3520 3292 et
3542 3237 3774 3308 impiam

2185 3326 2544 3399 Synagogam,
2581 3341 2701 3396 qua:
2743 3327 3058 3397 sanguinem
3112 3334 3424 3382 sanctorum
3453 3340 3668 3397 semper
3697 3327 3774 3384 si-

2185 3419 2376 3485 tiebat,
2409 3418 2474 3472 de
2504 3417 2654 3487 regni
2697 3416 2932 3472 culmine
2968 3417 3354 3488 praecipitaret,
3403 3432 3468 3473 ac
3517 3425 3766 3473 rectores

2185 3509 2328 3565 illius
2379 3508 2727 3564 interﬁceret.

2252 3599 2418 3654 Vsus.
2446 3599 2535 3655 29.
2566 3631 2632 3640 -
2662 3599 3032 3671 Regnavitque.
3059 3597 3242 3672 (ΗΑΒ.)
3273 3598 3482 3655 Dicitur
3502 3596 3570 3654 de
3589 3595 3770 3655 Ocho-

2186 3689 2294 3756 zia,
2322 3697 2454 3757 etc.,
2488 3705 2652 3761 usque
2675 3689 2744 3744 ad
2775 3700 2829 3746 et
2850 3706 2958 3746 uno
2987 3705 3130 3746 anno
3162 3689 3428 3762 regnavit.

2809 3789 3034 3858 CAPUT
3071 3801 3140 3857 Χ.
3199 3863 3208 3872 ,

2253 3893 2417 3950 Vnus.
2449 3894 2537 3949 l5.
2575 3924 2646 3933 —
2669 3893 2832 3950 Estne
2871 3911 2962 3949 cor
2989 3905 3160 3962 tuum,
3181 3902 3290 3952 etc.
3323 3892 3463 3950 Hinc
3507 3900 3592 3949 est
3635 3907 3770 3966 ergo

2181 3983 2548 4056 perspicuum,
2585 3986 2728 4056 quod
2766 3985 2930 4041 etiam
2957 3985 3014 4040 in
3047 3985 3294 4042 tribubus
3338 3993 3496 4041 erant
3546 3983 3770 4056 quidam

2180 4075 2283 4130 viri
2313 4075 2514 4146 pietate
2543 4075 2778 4144 praediti,
2803 4084 3025 4148 prepter
3049 4091 3186 4147 quos
3205 4077 3368 4135 etiam
3402 4076 3634 4133 aliorum
3662 4091 3768 4134 cu-

2180 4182 2296 4222 ram
2323 4168 2548 4238 gerebat
2584 4166 2866 4224 Dominus.

2793 4257 3020 4316 CAPUT
3047 4259 3138 4316 XI.

2251 4351 2418 4408 Vens.
2452 4353 2502 4406 l.
2531 4383 2600 4393 —
2627 4353 2841 4408 Athalia
2885 4370 3022 4409 vero.
3062 4353 3242 4427 (Ihm)
3270 4353 3504 4420 Athalia,
3541 4368 3771 4425 quaese-

2181 4455 2302 4496 men
2331 4441 2502 4498 David
2529 4445 2871 4516 exstinguere
2907 4446 3251 4512 moliebatur,
3279 4445 3612 4516 impietatem
3662 4461 3767 4502 ex-

503 4534 603 4590 2ll
627 4574 640 4600 ,
677 4531 743 4587 de
775 4530 962 4602 temp.)
992 4531 1126 4585 Dum
1153 4544 1184 4583 a
1215 4527 1362 4584 cultu
1392 4527 1484 4582 Dei
1525 4541 1656 4597 gens
1695 4527 1874 4597 iniqua
1907 4527 2078 4582 disce-
2103 4556 2156 4616 Β
2181 4536 2366 4608 primit
2390 4535 2706 4611 synagoga,
2735 4555 2857 4612 qua;
2879 4539 3282 4606 semiuiuavid,
3311 4539 3413 4595 hoc
3433 4547 3518 4595 εει
3538 4538 3765 4608 Christi.

505 4628 605 4693 dit,
637 4625 899 4680 horrenda
923 4623 1063 4678 fame
1091 4621 1484 4692 comprimitur,
1513 4629 1565 4674 et
1583 4617 1727 4688 justa
1755 4621 2078 4675 necessitate

507 4718 775 4774 turbatur.
817 4716 926 4772 Cur
969 4716 1190 4779 famem,
1231 4728 1264 4767 ο
1309 4712 1644 4776 miserrime,
1698 4711 1932 4781 pateris?
1970 4711 2081 4766 Cur

507 4819 654 4866 tanta
675 4808 900 4880 penuria
923 4806 1214 4861 laceraris?
1235 4804 1444 4860 Crescit
1459 4802 1616 4856 famis
1637 4802 1874 4871 quotidie
1897 4817 2075 4872 plena,

505 4902 630 4973 quia
659 4897 896 4971 quotidie
928 4891 1124 4952 crescit
1161 4904 1217 4950 et
1257 4895 1431 4964 culpa.
1463 4893 1818 4948 Pcrseveraut
1847 4892 2073 4966 ﬂagella,

506 4990 632 5062 quia
663 4989 715 5042 in
742 4985 937 5058 populo
967 4992 1318 5056 perseverant
1339 4993 1392 5037 et
1427 4981 1639 5037 delicta.
1673 4983 1933 5053 Deinceps
1968 4983 2077 5041 vita

502 5087 748 5153 peccata,
777 5077 969 5134 delicta
997 5090 1282 5146 compesce
1300 5115 1314 5140 ,
1345 5074 1409 5128 ad
1441 5073 1606 5128 Deum
1635 5081 1966 5140 convertere,
1995 5089 2080 5130 re-

503 5174 687 5244 linque
711 5170 912 5227 idolum
941 5189 954 5224 :
985 5177 1112 5224 tunc
1138 5168 1342 5241 poteris
1387 5169 1571 5222 hostes
1606 5167 1786 5223 divino
1813 5167 2080 5237 adjutorio

506 5265 742 5319 vincere.
786 5262 896 5318 Nec
942 5261 1228 5332 quisquam
1269 5274 1460 5314 nocere
1500 5259 1699 5330 poterit
1740 5258 1996 5324 ulterius,
2035 5259 2079 5313 si

505 5359 760 5415 damnato
789 5356 1028 5422 scelere,
1059 5354 1271 5409 divinus
1299 5353 1353 5407 in
1397 5360 1448 5408 te
1473 5351 1857 5424 germinaverit
1881 5350 2076 5406 cultus.

503 5451 645 5507 Proh
671 5449 852 5506 nefas!
891 5447 1155 5504 horrenda
1179 5446 1439 5501 cadavera
1468 5452 1523 5498 et
1549 5443 1919 5498 columbarum
1944 5451 2077 5499 ster—

503 5560 629 5600 cora
651 5550 901 5614 peecator
921 5538 1147 5611 p0pulus
1173 5537 1432 5600 vescitur,
1461 5549 1560 5589 nec
1581 5534 1674 5589 Dei
1705 5534 1905 5590 cultum
1929 5551 2076 5605 quae-

503 5635 593 5690 rit.
625 5634 930 5704 lnquinatas
972 5645 1163 5686 carnes
1203 5637 1258 5683 et
1297 5625 1596 5682 horrendas
1633 5640 1786 5680 escas
1829 5624 1998 5680 fames
2025 5633 2078 5680 ct

498 5725 797 5781 necessitas
829 5723 1031 5794 poscit;
1065 5730 1120 5776 et
1154 5721 1327 5774 adhuc
1357 5717 1669 5790 ﬁgmentum
1702 5719 1895 5771 duritia
1926 5718 2072 5773 colit.

501 5817 562 5874 In
591 5817 768 5886 cibum
795 5815 966 5885 pietas
993 5812 1244 5878 vertitur,
1271 5813 1325 5867 in
1361 5811 1614 5882 pabulum
1641 5820 1889 5883 suscepta
1919 5811 2077 5869 sobo-

2183 4628 2487 4683 insidiatrix
2523 4638 2660 4684 erat.
2687 4629 2815 4698 Qua:
2855 4631 3146 4703 aliquando
3195 4646 3425 4702 regnare
3454 4630 3762 4697 videbatur,

2182 4736 2305 4775 cum
2335 4719 2468 4793 legis
2496 4723 2848 4778 caeremonias
2877 4723 3248 4795 temporaliter
3282 4723 3625 4780 observabat.
3669 4723 3766 4780 In-

2184 4817 2516 4881 terpretatur
2571 4813 2716 4867 enim
2760 4813 2980 4869 Athalia
3028 4812 3342 4883 temporalis
3371 4813 3608 4869 Domini.
3652 4807 3768 4872 Sed

2181 4900 2438 4958 Josabeth
2488 4904 2828 4970 strenuitate,
2881 4920 3001 4976 quae
3049 4904 3439 4975 interpretatur
3501 4904 3764 4961 saturitas

2183 4994 2418 5060 Domini,
2445 4995 2500 5051 id
2521 5003 2626 5062 est,
2671 4995 2945 5062 Ecclesiae,
2976 4997 3029 5050 in
3059 5010 3166 5065 qua
3215 5011 3356 5050 verae
3374 5003 3500 5051 sunt
3529 4995 3759 5065 deliciae,

2183 5099 2433 5146 servatur
2463 5087 2612 5153 Joas,
2663 5087 2717 5142 id
2763 5099 2848 5144 est
2899 5089 3159 5143 memoria
3202 5087 3438 5143 Domini.
3485 5087 3760 5153 Christus.

2183 5177 2410 5242 scilicet,
2441 5177 2496 5232 in
2528 5191 2634 5248 quo
2674 5187 2758 5234 est
2804 5177 3068 5234 memoria
3112 5177 3350 5233 nominis
3397 5177 3631 5243 Domini,
3687 5193 3761 5235 ne

2182 5285 2277 5341 per
2301 5269 2675 5326 crudelitatem
2695 5271 2967 5327 saevientis
3007 5271 3176 5326 hostis
3199 5271 3536 5326 interimatur
3558 5270 3610 5325 in
3635 5285 3761 5326 cor-

2183 5360 2342 5414 dibus
2382 5359 2696 5415 electorum.
2733 5359 2900 5432 Magis
2948 5361 3185 5416 iintritur
3228 5360 3285 5416 in
3330 5360 3488 5416 domo
3525 5360 3757 5429 Joiadc,

2177 5450 2270 5519 qui
2291 5449 2518 5505 dilectus
2549 5449 2756 5506 Domini
2778 5459 2955 5517 sonat,
3001 5452 3068 5507 de
3114 5468 3223 5522 quo
3267 5451 3473 5508 Pater:
3529 5450 3632 5507 Hic
3678 5461 3758 5510 est

2178 5539 2394 5594 dilectus
2416 5539 2588 5595 Filius
2615 5558 2758 5596 meus
2786 5541 3000 5612 (Matth.
3049 5542 3154 5616 ιιι),
3175 5545 3329 5612 cujus
3357 5542 3548 5599 domus
3565 5554 3756 5601 sancta

2179 5632 2438 5698 Ecclesia,
2472 5634 2563 5688 ubi
2590 5635 2639 5688 in
2666 5641 2850 5690 sancta
2890 5635 2995 5689 ﬁde
3022 5635 3315 5691 electorum
3360 5649 3581 5690 manens
3623 5651 3757 5706 que-

2183 5724 2310 5779 tidie
2337 5724 2464 5781 facit
2490 5734 2836 5798 augmentum
2862 5727 3104 5796 corporis
3148 5727 3250 5792 sui,
3283 5726 3454 5781 donec
3509 5735 3752 5798 tempore

2176 5813 2368 5884 judicii
2410 5827 2680 5891 sceptrum
2731 5819 2882 5892 regni
2926 5828 2983 5878 et
3022 5818 3315 5891 potentiam
3353 5819 3612 5875 adversus
3655 5832 3750 5876 eos
