4122 6350
341 339 448 396 ΘΠ

1353 343 1618 403 GLOSSA
1655 342 2048 400 OBDINAIUA.
2089 381 2156 393 --
2194 355 2323 414 LIB.
2362 357 2431 418 IV
2468 361 2630 421 REG.

271 443 284 457 “
336 449 581 518 extollet,
609 450 700 522 qui
739 465 862 510 eum
894 455 1194 518 deprimere
1223 460 1546 530 cogitabant,
1601 472 1657 519 et
1701 465 1924 521 interfe-
1947 470 1997 530 Α
2025 483 2145 524 rum
2167 471 2378 530 Domini
2425 477 2723 546 confertur,
2765 482 2849 537 vel
2882 485 3292 554 praedicatorum
3331 493 3506 554 cilicia
3531 501 3616 558 ad.
3690 490 3710 503 ’

335 545 561 601 ctricem
592 553 900 600 sanctorum
937 550 1154 604 aeternis
1191 552 1527 622 deputaverit
1547 557 1742 624 poenis.

407 634 574 690 Vens.
621 635 677 690 4.
709 667 780 676 -
825 637 976 692 Anno
1028 653 1200 695 autem
1247 655 1463 714 septimo
1533 650 1674 702 misit
1720 650 1915 706 Joiada

331 730 591 800 pontifex,
621 737 728 785 etc.
756 730 944 786 Sortes
977 743 1207 802 quatuor
1236 746 1290 792 et
1315 740 1502 809 viginti
1547 751 1700 796 erant
1735 759 1917 799 sacer-

333 821 541 886 dotum,
573 819 857 876 levitarum
883 832 938 878 et
959 823 1278 894 janitorum,
1309 839 1366 884 et
1392 831 1663 888 habebant
1693 835 1913 890 totidem

331 909 638 981 pontiﬁces,
671 913 761 982 qui
789 913 982 985 singuli
1009 929 1105 985 per
1161 919 1385 974 totidem
1432 923 1762 993 septimanas
1811 925 1916 980 sibi

330 1018 399 1057 ex
421 1004 610 1059 ordine
643 1006 1021 1073 succederent,
1055 1010 1315 1067 habentes
1337 1014 1532 1086 singuli
1562 1017 1662 1070 sub
1692 1032 1752 1072 se
1779 1032 1916 1087 qua-

331 1103 461 1149 tuor
487 1103 542 1148 et
566 1095 754 1165 viginti
785 1097 1094 1155 sacerdotes
1124 1111 1180 1155 et
1205 1102 1427 1157 totidem
1455 1104 1666 1171 levitas,
1694 1115 1749 1162 et
1771 1107 1916 1176 ejus-

330 1182 452 1238 dem
492 1185 701 1239 numeri
743 1182 1025 1252 janitores.
1072 1188 1309 1246 lntrante
1345 1192 1526 1262 itaque
1594 1209 1733 1250 novo
1778 1212 1914 1266 pon-

329 1273 476 1330 tiﬁce
505 1275 731 1330 sabbato
767 1275 833 1330 ad
867 1275 1099 1333 ofﬁcium
1133 1295 1256 1336 cum
1288 1298 1424 1337 nova
1454 1293 1634 1340 turma
1659 1289 1914 1344 sacerdo-

327 1374 466 1432 tum,
505 1365 815 1434 levitarum,
849 1365 1168 1436 janitorum,
1219 1372 1306 1429 ille
1360 1376 1600 1446 pontifex
1646 1394 1769 1434 cum
1819 1395 1916 1436 sua

327 1472 530 1530 turma,
560 1463 652 1534 qui
675 1475 947 1522 transacta
979 1469 1278 1538 septimana
1332 1472 1756 1542 ministraverat,
1792 1485 1917 1546 post

326 1555 613 1612 sabbatum
647 1556 865 1614 domum
893 1565 1268 1620 revertebatur
1314 1568 1382 1621 ad
1435 1583 1680 1638 uxorem,
1703 1603 1710 1606 —
1737 1587 1914 1642 quan-

329 1645 421 1702 diu
447 1649 592 1702 enim
633 1650 1015 1711 ministrabant
1041 1670 1070 1709 a
1095 1655 1363 1729 conjugali
1402 1675 1566 1730 opere
1603 1664 1910 1730 cessabant,

325 1737 380 1793 in
395 1738 694 1808 porticibus
717 1741 860 1798 circa
883 1744 1097 1800 domum
1125 1747 1333 1802 Domini
1358 1765 1526 1820 usque
1547 1752 1613 1806 ad
1631 1754 1912 1808 sabbatum

2019 558 2466 622 instaurationem
2493 572 2674 640 templi
2697 574 2994 644 spiritualis
3019 581 3602 660 conferantur,quate-

2019 665 2120 706 nus
2163 654 2236 708 ibi
2276 659 2632 730 quodcunque
2661 665 2886 720 scissum
2917 683 3015 737 per
3055 685 3293 728 errorem
3329 654 3438 732 vel-
3472 682 3601 740 vitia

2017 740 2354 811 invenerint,
2409 759 2748 818 restaurent,
2785 771 2852 811 ne
2893 755 3031 813 forte
3079 777 3175 831 per
3214 767 3596 838 negligentiam

2019 835 2400 904 magistrorum
2432 841 2682 910 depereat
2711 846 2996 906 multitudo
3023 835 3382 914 auditorum;
3407 917 3414 926 ,

2094 923 2255 981 Vens.
2280 927 2334 982 5.
2369 960 2440 970 —
2473 930 2787 990 Sartatecta.
2839 938 2960 1011 (ln.)
3003 941 3142 999 Dicit
3180 949 3365 1006 ruinas
3405 923 3598 1012 domus

2018 1015 2264 1082 Domini,
2294 1027 2354 1118 ut
2379 1023 2523 1090 quod
2571 1025 2764 1081 cadere
2792 1042 3057 1099 coeperat,
3116 1035 3413 1096 fulciretur.
3441 1044 3599 1118 Legi-

2019 1117 2108 1164 tur
2131 1111 2274 1166 enim
2299 1093 2355 1167 in
2386 1113 2808 1190 Paralimopenis
2852 1093 2992 1194 quod
3020 1093 3232 1185 Athana
3257 1093 3314 1188 et
3340 1135 3434 1192 mn
3459 1093 3597 1209 ρίξε,

2017 1199 2071 1254 id
2099 1209 2213 1266 est,
2263 1205 2574 1262 sacerdotes
2623 1209 2921 1279 idolorum,
2949 1217 3074 1286 quia
3119 1219 3317 1291 legitur
3362 1241 3468 1280 non
3485 1199 3599 1283 ⁷Ιιίιλ

2016 1289 2200 1347 buisse
2227 1292 2393 1349 ﬁlium
2416 1337 2431 1362 ,
2482 1297 2866 1358 destruxerunt
2913 1307 3128 1363 domum
3165 1289 3407 1380 Domini,
3441 1327 3496 1374 et
3531 1321 3599 1376 de

2018 1383 2373 1440 sanctiﬁcatis
2396 1385 2642 1444 fecerunt
2662 1390 2810 1446 Baal.

2091 1474 2253 1530 Vens.
2304 1477 2356 1531 6.
2406 1509 2475 1518 —
2517 1479 2686 1550 Igitur
2735 1501 2915 1556 usque.
2962 1487 3081 1561 (Ιυ.)
3131 1491 3267 1548 Ante
3310 1497 3592 1555 adventum

2018 1564 2219 1623 Christi
2261 1568 2390 1624 licet
2437 1571 2682 1628 doctrina
2719 1575 2852 1647 legis
2888 1579 2942 1632 in
2983 1591 3142 1646 gente
3171 1582 3354 1642 Iudaea
3401 1588 3594 1658 fuerit,

2020 1664 2200 1710 tamen
2229 1672 2326 1727 per
2353 1660 2630 1717 doctorum
2657 1667 3036 1737 negligentiam
3065 1673 3121 1726 in
3149 1677 3332 1732 multis
3351 1694 3594 1735 corrum-

2019 1746 2270 1816 pebatur,
2299 1751 2470 1807 donec
2500 1755 2709 1811 veniret
2749 1759 2865 1828 ipse
2891 1763 2980 1829 qui
3008 1763 3181 1835 legem
3203 1767 3382 1836 dedit,
3412 1780 3468 1826 et
3500 1789 3598 1843 per

325 1841 624 1889 manentes.
651 1831 758 1890 Sed
785 1845 913 1892 tunc
927 1854 1168 1895 summus
1184 1841 1420 1910 pontifex
1436 1851 1657 1913 propter
1681 1845 1917 1900 necessi-
1944 1843 1994 1904 B
2024 1846 2223 1932 simcui?
2247 1836 2530 1898 Τι’ίηῖῑίιῑίε
2580 1844 2738 1900 ﬁdem
2791 1831 3102 1915 άεεθιοειιιιῖι
3142 1857 3195 1910 in
3225 1857 3358 1915 Mosi
3390 1869 3445 1916 et
3473 1831 3596 1932 p-ro-

328 1929 494 1978 tatem
514 1925 742 1994 augendi
760 1928 1052 1995 exercitus,
1066 1938 1122 1985 et
1135 1946 1229 1986 eos
1245 1932 1337 2001 qui
1351 1937 1706 2003 septimanam
1726 1937 1908 2006 exple-

327 2023 542 2081 verant,
562 2017 800 2082 retinuit,
818 2027 872 2073 et
895 2019 1013 2075 illos
1041 2022 1132 2090 qui
1161 2022 1432 2093 impleturi
1461 2034 1619 2081 erant
1648 2028 1906 2096 suscepit.

324 2105 426 2174 Qui
459 2115 514 2162 et
554 2108 688 2165 alios
717 2126 931 2182 quoque
959 2111 1151 2169 levitas
1186 2115 1252 2170 de
1280 2117 1504 2172 urbibus
1541 2127 1596 2172 et
1633 2119 1910 2189 principes

323 2196 649 2254 familiarum
681 2203 1050 2275 congregavit,
1077 2219 1212 2275 quos
1239 2205 1410 2260 ﬁlium
1433 2209 1576 2279 regis
1603 2208 1904 2265 educturus

320 2287 416 2342 tali
441 2290 652 2346 ratione
675 2292 940 2359 distinxit,
990 2302 1050 2348 ut
1079 2294 1176 2362 illi,
1205 2295 1297 2366 qui
1324 2297 1680 2368 impleverant
1714 2299 1909 2354 sabba-

320 2385 457 2444 tum,
516 2381 710 2436 armati
763 2383 1179 2441 circumstarent
1231 2402 1412 2458 regem
1464 2389 1518 2444 in
1558 2388 1908 2446 interioribus

323 2472 450 2527 atrii
497 2472 650 2530 locis.
691 2473 794 2542 Qui
830 2477 896 2531 ad
937 2477 1218 2533 sabbatum
1249 2487 1516 2535 venerant
1553 2481 1772 2535 domum
1814 2497 1904 2536 re-

320 2563 426 2634 gis,
472 2564 524 2619 id
546 2574 628 2622 est
656 2567 910 2638 palatium
934 2570 1304 2636 observarent,
1331 2580 1386 2626 et
1406 2581 1617 2643 portam
1637 2576 1904 2630 scutario—

321 2671 442 2710 rum
465 2671 561 2725 per
584 2672 744 2726 quam
773 2659 838 2714 de
861 2659 1060 2730 templo
1085 2661 1152 2715 ad
1180 2662 1439 2732 palatium
1455 2664 1902 2722 descendebatur.

320 2745 548 2815 Reliqua
580 2748 866 2805 multitudo
894 2753 1196 2808 exteriores
1225 2754 1489 2809 atriorum
1525 2753 1721 2824 januas
1770 2774 1903 2814 con-

319 2845 402 2893 tra
439 2838 676 2895 furorem
706 2843 926 2914 reginae,
964 2845 1008 2900 si
1038 2846 1166 2916 quid
1192 2846 1494 2913 moliretur,
1523 2851 1857 2908 custodirent
1883 2871 1904 2910 ε

317 2939 506 2998 postea
534 2930 720 2985 eduxit
750 2947 931 3002 regem
957 2935 1025 2990 de
1048 2936 1209 2991 domo
1227 2937 1440 2993 Domini
1465 2941 1556 2996 ubi
1607 2953 1725 2997 erat
1771 2943 1901 3000 abs-

320 3020 588 3088 conditus,
615 3035 984 3096 veneruntque
1009 3041 1108 3097 per
1132 3029 1274 3083 viam
1321 3040 1490 3100 portae
1536 3035 1900 3092 scutariorum

322 3110 376 3165 in
406 3112 687 3182 pal’atium,
723 3124 780 3171 et
801 3117 940 3172 sedit
988 3134 1150 3188 super
1193 3122 1447 3176 thronum
1473 3139 1680 3194 regum.

2018 1927 2308 1996 pbetarum
2323 1933 2543 2002 scriptis
2569 1937 2924 2006 spiritualiter
2945 1942 3336 2005 observandum
3355 1927 3592 2010 doceret.

2082 2018 2246 2075 Vens.
2280 2022 2332 2076 7.
2357 2054 2425 2062 —
2453 2026 2534 2078 Ad
2571 2028 3006 2088 instaurationem
3028 2038 3203 2107 templi
3230 2041 3425 2097 reddite
3441 2062 3555 2101 eam
3577 2087 3593 2113 ,

2011 2119 2116 2166 etc.
2144 2111 2267 2186 (1ο.)
2291 2113 2550 2172 Dominus
2592 2122 2914 2192 evangelicis
2943 2125 3253 2186 doctoribus
3284 2133 3360 2187 ait
3390 2151 3402 2186 :
3443 2111 3588 2191 Prae;

2010 2203 2180 2258 dicate
2230 2205 2574 2278 Evangelium
2624 2214 2765 2266 omni
2793 2225 3078 2284 creaturae,
3110 2221 3347 2289 inﬁmos
3379 2239 3591 2295 curate,

2009 2305 2243 2350 mortuos
2287 2300 2556 2366 suscitate,
2611 2300 2839 2372 leprosos
2880 2307 3162 2375 mandate;
3194 2315 3356 2381 gratis
3393 2320 3594 2388 accepi-

2009 2386 2126 2451 stis,
2149 2389 2313 2456 gratis
2339 2389 2461 2443 date
2485 2389 2678 2462 (Marc.
2711 2394 2846 2465 xvr).

2055 2479 2218 2536 Vens.
2239 2482 2437 2537 9.—~Et
2459 2484 2597 2538 tulit.
2616 2485 2738 2558 (ln.)
2752 2486 2998 2546 Pontifex
3020 2501 3227 2562 noster,
3241 2497 3333 2567 qui
3355 2499 3588 2570 seipsum

2009 2569 2202 2624 obtulit
2233 2573 2463 2628 hostiam
2490 2576 2620 2637 Deo,
2648 2579 3092 2650 gazOphylacium
3114 2600 3279 2640 unum
3301 2569 3498 2658 posuit,
3532 2593 3588 2648 id

2008 2669 2124 2726 est,
2158 2678 2321 2716 unam
2347 2665 2672 2720 catholicam
2704 2667 3000 2726 Ecclesiam
3039 2673 3189 2739 fecit,
3221 2677 3307 2732 cui
3342 2678 3587 2737 foramen

2007 2750 2236 2821 desuper
2251 2755 2482 2822 aperuit,
2497 2757 2621 2821 quia
2644 2760 2930 2816 transitum
2944 2762 3070 2818 inde
3088 2766 3154 2820 ad
3176 2768 3340 2823 caelos
3355 2775 3588 2840 paravit.

2077 2845 2146 2899 Et
2167 2847 2359 2916 posuit.
2394 2849 2516 2919 (ιιι.)
2539 2849 2722 2906 Altare
2745 2868 2941 2924 corpus
2981 2857 3222 2926 Domini,
3255 2859 3406 2929 juxta
3445 2867 3589 2934 quod

2005 2940 2443 3010 gazophylacium
2475 2950 2588 3007 est,
2617 2959 2739 3000 cum
2777 2946 3020 3004 Ecclesia
3062 2950 3278 3008 Christo
3300 2957 3588 3028 conjuncta

2002 3037 2088 3084 est
2133 3031 2198 3084 ad
2257 3032 2539 3087 dexteram
2580 3035 3002 3098 ingredientium
3051 3043 3288 3101 domum.
3335 3047 3470 3114 Quia
3499 3051 3592 3121 qui

2001 3136 2103 3190 per
2153 3121 2310 3177 ﬁdem
2363 3125 2741 3193 ingrediuntur
2809 3130 3140 3198 Ecclesiam,
3185 3136 3468 3194 intendunt
3520 3143 3589 3196 ad

394 3211 554 3270 vus.
601 3214 654 3270 6_
685 3247 754 3256 _
789 3216 871 3270 Ad
909 3229 1132 3288 ponam.
1171 3219 1353 3293 (3AM
1401 3222 1456 3276 ιη
1495 3223 1697 3293 palatio
1743 3235 1899 3295 poma
1927 3211 1974 3276 C
2005 3222 2262 3269 aeternam
2322 3216 2738 3285 beatitudinem,
2797 3237 2958 3290 quam
3006 3225 3223 3281 dextera
3285 3231 3588 3301 signiﬁcat,

321 3302 427 3359 Sur
452 3313 508 3359 et
533 3304 723 3362 domus
775 3306 950 3362 Messa
977 3307 1116 3380 (qua:
1159 3326 1282 3365 cum
1339 3321 1498 3382 porta
1537 3315 1899 3372 scutariorum

317 3395 692 3469 nominantur)
722 3413 842 3453 esse
865 3399 1132 3455 videntur.

390 3483 753 3543 Scutariorum
791 3499 840 3544 et
885 3493 1188 3547 custodietis
1229 3495 1476 3551 excubias
1506 3497 1711 3554 domus.
1753 3499 1902 3574 (11).)

318 3578 555 3636 Scutarii
583 3592 742 3640 erant
772 3592 980 3642 tutores
1027 3587 1169 3657 regis
1206 3589 1574 3645 custodientes
1603 3593 1789 3661 palatii
1812 3609 1906 3650 ve-

316 3671 595 3726 stibulum.

387 3765 553 3822 Vens.
583 3768 670 3822 12.
707 3801 778 3810 --
816 3771 884 3826 Et
915 3776 1087 3844 posuit
1121 3792 1278 3846 super
1302 3793 1418 3832 eum
1447 3779 1693 3834 diadema
1733 3791 1784 3836 et
1831 3791 1904 3837 te-

316 3858 636 3914 stimonium.
670 3859 794 3934 (ln.)
823 3862 879 3916 ln
911 3863 1049 3918 libro
1081 3867 1298 3921 Dierum
1322 3869 1564 3938 apertius
1596 3891 1608 3924 :
1639 3871 1710 3924 Et
1739 3873 1903 3942 impo-

315 3959 531 4002 suerunt
557 3951 605 4003 ei
634 3951 875 4006 diadema
901 3954 1257 4027 dederamque
1293 3959 1348 4012 in
1385 3977 1541 4012 manu
1585 3961 1697 4030 ejus
1724 3973 1902 4016 tenen-

315 4041 439 4093 dam
461 4039 641 4110 legem.
688 4043 755 4098 Et
801 4053 917 4099 erat
963 4049 1146 4118 utique
1179 4049 1431 4106 salutaris
1461 4053 1794 4120 prudentite,
1843 4063 1904 4110 ut

313 4139 438 4201 post
467 4133 763 4201 tyrannica:
785 4151 971 4191 necem
996 4139 1194 4209 reginae
1213 4180 1228 4204 ,
1260 4141 1570 4196 succedenti
1601 4142 1652 4196 in
1678 4159 1902 4215 regnum

315 4224 426 4278 ﬁlio
453 4226 626 4296 regis,
677 4243 799 4283 cum
852 4230 968 4300 ipso
1017 4233 1168 4303 regni
1194 4233 1383 4288 habitu
1440 4235 1724 4306 disciplina
1770 4237 1906 4308 legis

313 4314 408 4370 Dei
433 4317 699 4372 servanda
731 4323 1162 4377 committeretur
1185 4342 1198 4378 :
1233 4335 1288 4380 et
1309 4325 1401 4395 qui
1428 4341 1485 4382 se
1505 4327 1786 4398 prmlatum
1810 4345 1906 4400 po-

311 4408 440 4478 pulo
471 4407 678 4464 videret
717 4412 953 4483 regendo
974 4455 988 4478 ,
1019 4414 1132 4484 ipse
1163 4432 1221 4470 se
1246 4419 1540 4488 regendum
1587 4420 1783 4476 divinis
1824 4421 1884 4476 le

314 4500 469 4572 gibus
499 4502 653 4556 subdi
679 4503 877 4560 debere
903 4507 1263 4564 meminisset.

2006 3307 2306 3371 pervenire.
2334 3307 2474 3361 Istuc
2503 3325 2630 3379 ergo
2672 3311 2890 3366 mittunt
2915 3317 3223 3372 sacerdotes
3246 3359 3260 3384 ,
3290 3322 3381 3388 qui
3411 3333 3589 3378 custo-

2013 3395 2160 3449 diunt
2187 3397 2532 3468 ostia'tcmpli
2554 3441 2569 3465 ,
2593 3415 2807 3456 omnem
2830 3406 3146 3472 pecuniam,
3195 3426 3314 3478 qum
3348 3412 3589 3468 defertur

2009 3487 2077 3540 ad
2112 3489 2402 3556 templum,
2445 3506 2566 3544 cum
2598 3493 3012 3562 praedicatores,
3038 3499 3128 3567 qui
3161 3511 3380 3556 servant
3412 3505 3586 3559 intro-

2010 3577 2145 3632 itum
2176 3579 2321 3643 iidei,
2351 3579 2584 3634 oﬁ'erunt
2610 3591 2734 3637 vota
2759 3584 2994 3640 ﬁdelium
3025 3588 3079 3642 in
3108 3592 3288 3646 verbis
3334 3601 3388 3648 et
3415 3597 3589 3665 operi-

2007 3668 2108 3724 bus
2138 3687 2150 3722 :
2183 3681 2236 3723 et
2266 3671 2316 3725 in
2347 3671 2587 3727 Ecclesia
2617 3679 2719 3730 rite
2745 3678 2994 3746 precibus
3017 3685 3397 3739 commendant
3417 3683 3550 3742 Deo'.

2081 3759 2245 3816 Vnus.
2264 3762 2425 3816 10.-
2439 3761 2621 3818 Scriba
2642 3770 2794 3836 regis,
2819 3776 2925 3822 etc.
2956 3771 3078 3842 (lo.)
3109 3771 3312 3828 Summi
3338 3789 3461 3832 sunt
3497 3781 3590 3833 do-

2011 3861 2206 3915 ctores,
2224 3854 2312 3921 qui
2326 3856 2607 3922 pecuniam
2620 3857 2865 3912 collatam
2879 3857 3032 3926 juxta
3061 3879 3342 3920 numerum
3363 3879 3418 3923 et
3441 3887 3591 3924 men-

2011 3957 2193 3996 suram
2225 3943 2328 3998 illis
2373 3945 2678 4001 tribuebant
2729 3951 2819 4020 qui
2864 3963 3130 4020 prteerant
3177 3956 3342 4012 fabris
3381 3970 3438 4013 et
3484 3977 3588 4015 ctr-

2012 4036 2318 4100 nsentariis,
2351 4037 2454 4092 hoc
2502 4048 2617 4104 est,
2655 4041 3115 4110 dispensatoribus
3141 4049 3292 4102 verbi
3338 4051 3464 4118 Dei,
3494 4056 3586 4123 qui

2011 4129 2309 4198 evangelici
2334 4130 2497 4185 tritici
2543 4148 2850 4189 mensuram
2903 4139 3175 4193 conservis
3204 4141 3344 4204 suis,
3391 4144 3476 4200 his
3497 4147 3589 4214 qui

2011 4230 2303 4287 cperantur
2337 4223 2390 4276 in
2419 4223 2578 4280 domo
2593 4228 2802 4282 Domini
2834 4239 2887 4306 et
2906 4231 3164 4286 virtutum
3191 4248 3354 4302 opera
3376 4235 3429 4289 in
3455 4239 3588 4291 tedi-

2012 4313 2134 4368 ﬁcio
2156 4315 2340 4371 divino
2366 4331 2691 4389 compotiant
2711 4362 2724 4382 ,
2757 4321 3079 4377 tribuebant.

2081 4405 2206 4476 (ln.)
2237 4408 2510 4476 Apostoli,
2553 4427 2688 4480 quos
2734 4414 3002 4483 principes
3040 4415 3091 4467 in
3118 4415 3356 4474 Ecclesia
3393 4420 3586 4478 electio

2013 4497 2195 4552 divina
2241 4501 2676 4572 constituit,per
2704 4505 2993 4575 discipulos
3038 4509 3188 4563 verbi
3244 4513 3444 4567 semina
3488 4529 3588 4584 per

387 4591 551 4648 γεκε,
577 4593 664 4649 17,
694 4626 763 4635 _
794 4593 998 4668 pepigi;
1027 4599 1190 4670 igitur
1213 4601 1408 4657 Joiada
1429 4604 1598 4673 fma“,
1639 4605 1776 4660 inter
1797 4605 1902 4663 ορ.
1929 4590 1984 4650 D
2009 4600 2177 4648 totum
2207 4595 2396 4650 orbem
2421 4609 2764 4666 sparserunt,
2795 4610 3061 4670 quatenus
3089 4607 3366 4673 operarios
3395 4609 3584 4664 volun-

314 4684 538 4750 minum,
571 4693 676 4740 etc.
701 4685 758 4741 In
780 4687 1224 4760 Paralipomenis,
1257 4695 1395 4748 inter
1423 4713 1476 4750 se
1499 4711 1517 4749 :
1547 4699 1670 4768 quia
1697 4714 1755 4754 se
1779 4699 1898 4756 loco

317 4775 460 4845 regis
485 4784 539 4830 et
565 4774 681 4843 Dei,
707 4777 862 4848 cujus
892 4781 1138 4837 minister
1162 4795 1298 4849 erat,
1330 4787 1509 4855 posuit
1533 4805 1548 4853 ;
1577 4790 1718 4844 unde
1745 4788 1896 4845 Joia-

315 4866 382 4921 da
401 4883 414 4920 :
433 4882 825 4938 recognoscens
840 4870 1125 4928 Dominum
1141 4874 1224 4930 vel
1238 4875 1465 4947 diligens
1478 4879 1892 4951 interpretatur:

313 4957 440 5029 quia
473 4959 756 5015 Dominum
784 4977 1112 5035 cognoscere
1139 4975 1194 5021 et
1220 4967 1440 5040 diligere
1461 4973 1658 5028 docuit.
1687 4975 1896 5048 Pepigit

312 5048 490 5106 fmdus
513 5050 652 5106 inter
697 5051 983 5108 Dominum
1012 5064 1065 5110 et
1092 5072 1272 5126 regem
1300 5069 1353 5115 et
1379 5064 1631 5131 populum
1652 5105 1668 5132 ,
1713 5077 1772 5120 ut
1797 5083 1892 5123 rex

314 5149 368 5196 et
396 5141 622 5212 populus
647 5143 871 5199 Domino
897 5147 1161 5204 servirent
1190 5167 1204 5204 :
1233 5153 1434 5225 pepigit
1462 5155 1606 5210 inter
1636 5172 1815 5228 regem
1843 5166 1899 5213 et

315 5235 600 5305 pupulum,
641 5244 703 5292 ut
744 5239 972 5310 populus
1007 5256 1136 5312 erga
1187 5260 1364 5316 regem
1413 5245 1643 5304 ﬁdeliter
1682 5259 1896 5320 ageret,

316 5333 372 5380 et
397 5341 487 5382 rex
514 5342 638 5383 cum
663 5327 872 5408 justitia
899 5324 1155 5403 populum
1189 5345 1422 5408 regeret.

921 5461 1147 5522 CAPUT
1185 5466 1298 5523 XII.

392 5585 574 5658 (ξῐὶλιι.)
605 5585 823 5643 Mandat
869 5604 965 5643 rex
1015 5599 1199 5648 noster
1234 5599 1296 5648 ut
1327 5594 1578 5652 doctores
1630 5599 1900 5670 accipiant

321 5691 532 5733 omnem
562 5680 844 5750 pecuniam
866 5723 878 5744 ,
897 5697 1056 5751 quaea
1070 5689 1522 5754 praetereuntibus
1536 5689 1698 5759 justis
1725 5694 1898 5750 scien-

324 5769 410 5824 tiae
438 5770 763 5840 spiritualis,
795 5773 879 5827 vel
905 5773 1169 5829 bonorum
1201 5780 1564 5850 exemplorum
1597 5783 1650 5838 in
1676 5783 1894 5841 thesau-

641 5864 914 5926 PATROL.
961 5863 1191 5929 CXIII.

2001 4684 2132 4738 tatis
2161 4685 2254 4738 Dei
2286 4685 2508 4740 idoneos
2533 4689 2868 4745 auditoribus
2919 4692 3031 4748 suis
3053 4694 3418 4764 praeﬁcerem,
3453 4713 3586 4769 quo-

2003 4789 2123 4829 rum
2156 4774 2247 4829 alii
2277 4775 2619 4834 fabricabant
2651 4780 2794 4850 ligna
2817 4823 2831 4847 ,
2865 4797 2986 4838 cum
3021 4799 3078 4839 se
3107 4795 3162 4840 et
3197 4789 3297 4843 sibi
3321 4791 3577 4844 obedien-

2001 4874 2085 4920 tes
2106 4865 2249 4937 ligna
2293 4866 2576 4925 fructifera
2620 4871 2674 4926 in
2711 4871 2872 4928 domo
2892 4875 3103 4931 Domini
3150 4893 3343 4947 parare
3394 4881 3582 4938 stude-

2000 4960 2151 5014 bant.
2188 4961 2292 5017 Alii
2320 4972 2612 5020 sartatecta
2664 4967 2845 5039 templi
2887 4969 3189 5039 faciebant,
3221 4977 3435 5045 quando
3464 4979 3537 5033 illi
3565 5020 3581 5038 .

2003 5066 2124 5122 quae
2153 5069 2249 5124 per
2300 5055 2544 5111 haeresim
2575 5065 2630 5112 et
2649 5059 2939 5117 schismata
2988 5073 3144 5133 rupta
3171 5075 3326 5121 erant
3349 5069 3580 5124 raeediﬁ-

2003 5147 2242 5212 cabant;
2276 5147 2366 5202 alii
2401 5164 2528 5203 saxa
2559 5153 2872 5220 caedebant,
2913 5168 3035 5209 cum
3055 5157 3219 5210 duros
3243 5157 3404 5212 corde
3423 5167 3477 5212 et
3498 5159 3580 5214 in-

2004 5237 2250 5292 credulos
2287 5239 2499 5294 fortiter
2546 5242 3032 5312 increpabant,ita
3053 5255 3113 5300 ut
3138 5245 3449 5316 impleretur
3499 5265 3582 5304 tn-

2005 5329 2269 5386 stauratio
2289 5331 2344 5385 in
2366 5331 2655 5401 universis,
2670 5352 2789 5406 quae
2809 5338 3118 5408 indigebant
3140 5353 3376 5408 expensa
3399 5343 3466 5396 ad
3483 5343 3579 5398 do-

2006 5437 2154 5476 mum
2207 5422 2421 5478 Domini
2467 5425 2842 5494 muniendam,
2879 5429 3029 5500 juxta
3084 5428 3214 5484 illuo
3242 5447 3256 5484 :
3288 5428 3578 5503 Unicuique

2003 5523 2177 5567 autem
2202 5524 2426 5570 vestrum
2451 5517 2579 5572 data
2613 5528 2689 5573 est
2729 5521 2901 5590 gratia
2949 5521 3235 5576 secundum
3276 5537 3577 5577 mensuram

2001 5603 2301 5659 donationis
2327 5603 2522 5662 Christi
2550 5608 2764 5680 (Ephes.
2794 5610 2889 5682 Iv).

2071 5693 2232 5753 Vens.
2267 5697 2436 5752 l5.—-
2469 5699 2832 5756 Verumtamen
2873 5718 2975 5757 non
3019 5703 3229 5772 ﬁebant.
3275 5704 3398 5775 (ln.)
3457 5706 3577 5762 Alia

1997 5786 2152 5842 debet
2179 5803 2300 5844 esse
2319 5789 2456 5846 ratio
2510 5789 2912 5848 formandorum
2960 5809 3211 5850 vasorum
3241 5796 3294 5849 iu
3327 5796 3573 5851 ministe-

3098 5889 3176 5950 20
