4122 6350
557 344 664 399 619

1066 341 1455 401 WALAFRlDl
1497 341 1747 402 STRABI
1779 346 1989 404 FULD.
2030 346 2195 406 MON.
2237 349 2386 407 OPP.
2427 351 2608 411 PARS
2643 351 2690 410 Ι.
2727 384 2796 396 -
2833 353 3292 414 THEOLOGICA.

3724 347 3840 418 sio

557 463 698 517 rium
727 459 976 525 Domini,
1008 459 1113 514 alia
1158 461 1522 530 parandorum
1559 461 1828 532 lignorum
1871 470 1926 516 et
1981 476 2144 518 saxo-
2170 466 2224 526 Α
2248 464 2336 518 tiae
2365 479 2492 522 suos
2534 467 2786 524 hortatur
2833 471 3066 542 primum
3110 471 3393 540 illustrari,
3433 482 3488 529 et
3534 475 3616 534 sic
3647 477 3839 550 iacula
3897 511 3900 513 λ

557 571 677 608 rum
722 554 776 607 in
811 551 1098 607 aediﬁcium
1137 553 1356 616 domus,
1404 552 1531 620 quia
1563 553 1666 607 alia
1695 552 1853 607 debet
1905 567 2024 608 esse
2053 553 2148 607 do-

557 645 752 706 ctrina,
785 658 889 712 qua
931 643 1092 696 rudes
1137 641 1453 695 imbuuntur
1494 642 1561 695 ad
1587 641 1746 696 ﬁdem
1768 683 1782 706 ,
1815 651 1869 697 et
1895 642 1999 696 alia
2042 655 2148 710 qua

549 737 664 806 iam
693 735 918 808 perfecti
969 735 1313 788 instruuntur
1342 737 1410 786 ad
1431 733 1672 788 scientia:
1727 733 2143 803 plenitudinem.

560 827 698 882 Vasa
726 827 961 890 ,Domini
1003 832 1166 888 sunt,
1209 825 1301 893 qui
1345 823 1457 892 jam
1488 826 1596 894 apti
1626 833 1752 881 sunt
1774 825 1842 879 ad
1885 823 2146 894 capienda

559 937 783 975 munera
822 919 1035 981 divina,
1066 925 1122 972 et
1147 916 1354 972 habiles
1379 926 1504 970 sunt
1535 917 1604 970 ad
1633 916 1995 971 ministerium
2025 915 2140 972 Dei.

631 1013 750 1065 Non
779 1011 992 1080 ﬁebant.
1049 1008 1106 1062 1n
1152 1007 1594 1078 Parabpomenis.
1625 1007 1756 1062 Cum
1805 1006 2145 1076 complessent

531 1107 733 1159 .omnia
780 1121 966 1174 opera,
1015 1102 1308 1156 detulerunt
1343 1118 1518 1155 coram
1548 1117 1664 1171 rege
1713 1111 1758 1155 et
1803 1100 1998 1155 Joiada
2027 1099 2146 1154 reli-

549 1213 712 1267 quam
735 1205 934 1267 portent
974 1195 1206 1264 pecuniw
1229 1194 1292 1246 de
1316 1210 1419 1263 qua
1461 1192 1599 1260 facta
1629 1202 1750 1246 sunt
1776 1209 1899 1245 vasa
1943 1189 2139 1261 templi.

561 1291 672 1342 Non
723 1296 806 1343 est
847 1288 1212 1351 contrarium,
1255 1285 1380 1354 quia
1424 1301 1530 1338 non
1570 1284 1636 1339 de
1675 1286 1862 1339 eadem
1913 1282 2144 1352 pecunia

557 1398 675 1450 quia
705 1379 1031 1434 offerebatur
1074 1394 1104 1432 a
1136 1377 1336 1448 populo
1365 1376 1433 1430 ad
1462 1375 1908 1431 instaurationem
1953 1376 2145 1429 domus

557 1472 766 1526 Domini
789 1470 928 1525 facta
948 1471 1164 1524 fuerunt
1186 1484 1313 1522 vasa
1335 1469 1385 1522 in
1412 1469 1771 1523 ministerium
1798 1468 2016 1537 templi,
2049 1465 2143 1522 sed

554 1565 619 1617 de
648 1563 856 1633 reliqua
884 1571 1038 1631 parte
1083 1561 1355 1630 pecuniae,
1397 1575 1517 1629 Quae
1547 1568 1600 1613 et
1635 1561 1687 1613 in
1733 1559 1854 1614 aliis
1891 1558 2144 1613 donatio-

554 1655 713 1707 nibus
752 1653 930 1706 l‘uerat
961 1652 1178 1706 collata.

623 1743 691 1796 Et
715 1743 1014 1812 fuscinulte,
1031 1750 1132 1798 etc.
1155 1742 1334 1812 (nm)
1353 1741 1632 1808 Doctores,
1647 1756 1877 1811 quorum
1905 1740 2140 1797 ollicium

2255 559 2549 636 verborum
2573 561 2806 616 mittere.

2320 647 2546 720 Sagitta.
2574 650 2698 723 (10.)
2723 651 3044 708 Praedicatio
3081 661 3271 710 sancta
3310 659 3617 715 certissima
3642 671 3726 719 est
3744 664 3839 721 in-

2250 739 2497 797 terl‘ectio
2526 741 2883 812 spiritualium
2906 746 3141 801 hostium
3167 747 3213 803 si
3261 761 3672 818 perseveranter
3715 757 3839 829 agi-

2250 839 2360 895 tur,
2388 833 2526 887 unde
2556 848 2663 887 non
2693 835 2848 889 debet
2878 835 3066 892 doctor
3093 850 3315 909 propter
3338 842 3625 899 avaritiam
3660 848 3836 918 negli-

2249 937 2374 991 gere
2398 938 2700 978 animarum
2730 941 2936 993 curam,
2969 929 3063 983 sed
3101 932 3279 1002 magis
3320 949 3420 1003 per
3466 927 3720 1004 pietatem
3759 939 3835 995 ad

2247 1023 2505 1069 aeternam
2521 1018 2855 1085 praetendere
2876 1020 3137 1088 requiem,
3161 1024 3304 1092 quod
3323 1025 3590 1096 signiﬁcat
3609 1028 3797 1098 Aphec
3811 1048 3830 1086 :

2248 1106 2631 1178 interpretatur
2653 1113 2827 1166 enim:
2850 1113 3149 1169 continebit
3165 1115 3248 1172 vel
3269 1120 3656 1188 apprehendet,
3684 1123 3835 1178 unde

2245 1198 2534 1270 Apostolus
2565 1203 2897 1257 enumeratis
2943 1204 3090 1258 vitiis
3133 1205 3457 1262 subintulit:
3501 1209 3578 1264 Tu
3627 1222 3829 1280 autem,

2245 1287 2398 1342 homo
2420 1289 2536 1357 Dei,
2554 1290 2664 1344 hwc
2684 1292 2824 1362 fuge,
2848 1303 3045 1349 sectare
3070 1312 3188 1350 vero
3201 1297 3468 1367 justitiam
3491 1311 3540 1356 et
3559 1303 3829 1373 pietatem,

2245 1385 2294 1432 et
2317 1377 2639 1448 apprehende
2662 1383 2819 1436 vitam
2845 1394 3096 1439 wternam
3127 1381 3176 1458 (Ι
3209 1387 3343 1443 Tim.
3368 1389 3465 1464 vr).

2317 1467 2480 1523 Vens.
2510 1469 2596 1525 18.
2618 1502 2687 1511 -
2705 1469 2866 1527 Tolle.
2902 1473 3165 1540 Quicum.
3191 1475 3314 1552 (10.)
3344 1479 3668 1538 Doctoribus
3687 1499 3830 1555 pra:—

2247 1558 2444 1630 cipitur
2465 1562 2643 1632 jaculo
2675 1563 3075 1633 praedicationis
3105 1577 3330 1638 terram,
3366 1580 3496 1639 etc.,
3548 1591 3711 1646 usque
3755 1575 3828 1630 ad

2247 1648 2409 1706 Fides
2433 1654 2544 1708 sine
2569 1656 2808 1724 operibus
2828 1665 3034 1711 mortua
3062 1668 3157 1713 est.

2317 1742 2500 1819 (ﬁam)
2549 1746 2899 1806 Resurrectio
2945 1753 3242 1821 cadaveris,
3285 1757 3410 1822 etc.,
3454 1774 3615 1829 usque
3662 1759 3734 1814 ad
3770 1771 3833 1818 et

549 1843 633 1889 est
655 1850 850 1904 corpus
880 1843 933 1889 et
961 1836 1276 1905 sanguinem
1308 1835 1518 1889 Domini
1573 1835 1917 1890 credentibus
1943 1835 2132 1890 distri-
2160 1815 2210 1881 Β
2235 1836 2418 1905 potius
2448 1815 2524 1892 ibi
2547 1853 2712 1907 quam
2750 1841 2838 1896 hic
2868 1841 3071 1898 habere
3095 1845 3292 1901 locum.

547 1925 740 1992 buere,
765 1926 1071 1981 inlidelihus
1111 1926 1410 1997 abnegare,
1457 1941 1666 1981 necnon
1704 1934 1758 1981 et
1797 1927 2134 1995 spiritualem

549 2020 856 2074 alimoniam
887 2020 1037 2074 verbi
1087 2019 1283 2090 cuique
1320 2027 1481 2085 prout
1535 2019 1787 2072 convenit
1809 2018 2084 2088 dispertiri
2116 2038 2128 2073 :

547 2112 673 2182 quia
712 2119 838 2166 sunt
866 2111 921 2165 in
944 2111 1122 2166 verbis
1178 2111 1308 2177 Dei,
1346 2125 1465 2180 quae
1495 2117 1695 2164 nostrae
1735 2109 2023 2164 humilitati
2047 2126 2133 2165 re-

544 2204 725 2260 velare
751 2206 1003 2276 dignatus
1031 2213 1143 2271 est,
1170 2213 1294 2260 sunt
1327 2205 1430 2259 alia
1455 2219 1574 2274 quae
1627 2211 1826 2259 nostrae
1855 2204 2129 2274 capacita-

545 2297 614 2352 tis
641 2311 952 2352 mensuram
979 2297 1385 2351 transcendunt.

609 2371 924 2442 'Thuribnla.
951 2388 1073 2459 (10.)
1104 2387 1242 2443 Sunt
1285 2388 1379 2458 qui
1427 2387 1684 2442 mundam
1731 2386 2032 2442 orationem
2061 2401 2128 2441 ex

543 2479 876 2533 conscientia
902 2495 1035 2550 pura
1066 2487 1122 2533 et
1145 2479 1251 2534 ﬁde
1279 2496 1386 2532 non
1415 2479 1539 2533 ﬁcta
1576 2479 1810 2533 oll‘erunt
1846 2480 1956 2534 Deo
1981 2487 2035 2533 et
2052 2479 2131 2533 di—

541 2581 669 2626 cunt
699 2589 709 2622 :
738 2570 1013 2640 Dirigatur
1038 2572 1207 2624 oratio
1259 2587 1407 2636 mea,
1450 2572 1585 2624 sicut
1628 2571 1897 2624 incensum
1923 2572 1976 2626 in
2007 2587 2126 2624 con-

542 2672 719 2731 spectu
741 2672 829 2715 tuo
862 2659 1034 2732 (-Psal.
1067 2659 1211 2732 CXL).
1355 2739 1357 2741 ι
2086 2715 2091 2720 .

615 2754 772 2808 Tuba:
810 2772 960 2809 autne
985 2774 1093 2822 vas,
1136 2765 1240 2811 etc.
1276 2756 1398 2829 (10.)
1429 2756 1710 2822 Doctores,
1741 2757 1834 2827 qui
1865 2763 1976 2813 toto
1997 2759 2127 2814 orbe

541 2859 728 2898 vocem
775 2846 1096 2916 evangelica:
1145 2849 1548 2916 praedicationis
1596 2849 1883 2916 emittunt,
1929 2849 2121 2904 unde:

543 2936 708 3001 Quasi
732 2938 855 2991 tuba
883 2938 1060 2992 exulta
1090 2956 1260 2994 vocem
1284 2950 1429 2994 tuam
1459 2941 1595 3013 (Isa.
1628 2942 1803 3012 Lvm).

607 3028 768 3080 Vens.
803 3029 889 3082 15.
922 3059 988 3068 --
1029 3028 1094 3082 Et
1127 3046 1230 3083 non
1264 3022 1419 3098 ﬁebat
1451 3032 1582 3084 ratio
1621 3033 1686 3086 iis
1733 3032 1990 3097 omnibus,
2015 3039 2120 3086 etc.

535 3116 657 3186 (10.)
687 3117 817 3173 Tam
843 3119 1078 3190 religiosi
1107 3119 1352 3186 fuerunt,
1379 3129 1436 3174 ut
1465 3122 1643 3177 nullus
1668 3123 1996 3178 dubitaverit
2031 3123 2120 3192 qui

532 3211 814 3276 pecuniam
849 3209 943 3264 Dei
978 3211 1096 3266 sine
1132 3210 1322 3267 fraude
1357 3221 1670 3268 tractarent.
1703 3214 1857 3271 Unde
1905 3225 2120 3271 constat

535 3309 732 3368 quanta
757 3301 1084 3356 discretione
1109 3317 1243 3371 opus
1277 3313 1360 3358 est
1387 3305 1471 3358 his
1507 3306 1597 3375 qui
1640 3308 1926 3375 pecuniam
1967 3309 2116 3364 verbi
2173 3335 2176 3339 -

535 3391 632 3444 Dei
663 3391 979 3462 dispensant
1005 3396 1283 3451 conservis
1302 3436 1316 3460 ,
1347 3396 1414 3452 de
1436 3412 1539 3466 qua
1562 3399 1698 3454 ratio
1720 3400 1988 3455 reddenda
2012 3409 2114 3466 est,

533 3493 592 3537 ut
621 3499 729 3538 non
757 3485 936 3539 minus
985 3486 1171 3541 ﬁdeles
1198 3487 1543 3543 inveniantur
1569 3489 1626 3544 hi
1655 3491 1710 3544 in
1741 3491 2116 3560 spiritualibus

533 3590 693 3645 quam
718 3576 793 3630 illi
823 3577 878 3630 in
908 3578 1300 3648 corporalibus.
1941 3652 1946 3656 _

605 3667 766 3722 Vens.
799 3669 883 3723 16.
908 3701 976 3709 —
1003 3669 1293 3725 Pecuniam
1333 3689 1450 3725 vero
1480 3689 1574 3742 pro
1600 3673 1787 3728 delicto
1807 3715 1821 3738 ,
1851 3683 1956 3730 etc.
1990 3675 2114 3747 (10.)

532 3758 632 3813 Hic
657 3760 962 3814 ostenditur
987 3762 1128 3830 quod
1165 3761 1431 3817 confessio
1474 3771 1818 3832 peccatorum
1867 3775 1920 3822 et
1943 3768 2116 3836 poeni-

533 3851 700 3904 tentia
723 3867 828 3907 non
861 3853 1080 3922 proprio
1111 3852 1395 3923 cujusque,
1419 3856 1512 3910 sed
1542 3858 1883 3912 sacerdotum
1908 3856 2113 3926 judicio

536 3943 843 4014 peragenda
870 3952 975 4008 est,
1001 3960 1226 4013 quorum
1255 3951 1336 3999 est
1361 3945 1666 4001 discernere
1690 3947 1834 4001 inter
1855 3949 2110 4003 mundum

530 4043 585 4089 et
610 4035 964 4102 immundum,
996 4045 1052 4092 et
1079 4037 1240 4105 leprae
1277 4037 1542 4092 maculam
1572 4038 1886 4108 dijudicare.

1126 4191 1352 4248 CAPUT
1389 4192 1523 4247 Xlll.

600 4307 760 4360 Vens.
801 4305 886 4358 14.
902 4302 1210 4359 —Eliswus
1231 4315 1426 4361 autem.
1453 4307 1637 4381 (11111.)
1663 4309 1990 4382 Redemptor
2012 4329 2107 4369 no-

524 4401 638 4452 ster
665 4396 970 4452 rectoribus
996 4395 1255 4453 Ecclesiae
1289 4400 1457 4455 armis
1504 4401 1878 4472 spiritualihus
1923 4419 1980 4462 se
2021 4408 2104 4462 in-

526 4486 640 4551 dui,
669 4495 723 4540 et
749 4495 940 4540 contra
975 4487 1184 4542 hostem
1230 4491 1508 4560 antiquum
1560 4495 1805 4565 prmcipit
1845 4498 2100 4566 praeliari.

521 4576 698 4631 Arcus
728 4592 940 4632 sacrum
963 4587 1047 4633 est
1066 4579 1357 4650 eloquium,
1389 4585 1532 4652 quod
1558 4600 1623 4638 cx
1653 4595 1878 4656 utroque
1911 4588 2101 4645 Testa-

524 4678 708 4725 mento
732 4671 880 4724 velut
907 4686 972 4726 ex
1008 4687 1176 4726 cornu
1205 4683 1256 4729 et
1285 4676 1486 4731 chorda
1525 4687 1754 4734 constat.
1806 4680 1910 4735 Per
1937 4683 2103 4739 Vetus

522 4762 721 4831 quippe
748 4762 1150 4817 Testamentum
1183 4765 1448 4835 ﬁguratur
1473 4785 1639 4824 cornu
1685 4781 1905 4841 propter
1950 4775 2101 4830 duri-

520 4853 689 4918 tiam;
719 4867 818 4923 per
841 4851 1049 4908 Novum
1078 4869 1230 4921 vero,
1262 4861 1403 4926 quod
1450 4860 1730 4917 incarnato
1769 4863 1995 4919 Domino
2024 4865 2102 4920 fav

520 4950 668 4996 ctum
697 4952 795 5005 est,
840 4943 1103 5014 ﬁguratur
1125 4946 1359 5001 chorda:
1383 4957 1436 5002 et
1462 4950 1588 5004 dum
1615 4951 1816 5008 chorda
1847 4955 2098 5022 trahitur,

520 5050 692 5092 cornu
719 5047 995 5101 curvatur,
1025 5039 1149 5108 quia
1175 5055 1297 5094 cum
1324 5040 1531 5096 Novum
1557 5045 1960 5102 Testamentum
1989 5049 2099 5104 dis-

521 5129 740 5194 cutitur,
783 5130 946 5184 Vetus
977 5144 1006 5184 a
1041 5132 1221 5203 rigore
1260 5149 1356 5189 suo
1388 5133 1454 5189 ad
1487 5137 1816 5194 intellectum
1839 5141 2096 5210 spiritua-

521 5216 626 5271 lem
651 5218 904 5275 llectitur.
941 5221 1162 5294 Sagittae
1193 5233 1318 5279 sunt
1349 5229 1513 5283 verba
1544 5245 1663 5299 quae
1685 5232 1936 5288 doctores
1972 5249 2098 5304 pro-

521 5306 720 5362 ferunt.
752 5309 860 5366 Nos
889 5327 1018 5383 ergo
1049 5328 1171 5369 cum
1203 5313 1497 5386 Scriptum
1527 5333 1695 5374 sacrae
1716 5321 1860 5376 dicta
1896 5338 2093 5392 pensa-

519 5412 660 5465 mus,
677 5415 860 5455 arcum
881 5404 1239 5470 intendimus;
1272 5423 1394 5464 cum
1416 5395 1579 5465 verba
1603 5413 1863 5471 doctrina:
1882 5417 2094 5485 damus,

519 5490 746 5559 sagittas
771 5493 1085 5551 emittimus.

591 5579 755 5634 Vens.
783 5582 1328 5657 16.—Superposuit.
1358 5589 1481 5663 (10.)
1509 5589 1784 5662 Exemplis
1831 5595 1943 5652 suis
1990 5599 2096 5654 Do-

519 5672 699 5726 minus
722 5675 961 5729 actiones
988 5677 1264 5731 doctorum
1293 5679 1478 5752 dirigit
1506 5689 1561 5736 et
1591 5683 1879 5740 conl'ortat.

591 5763 754 5816 Vens.
787 5766 1120 5836 l7.—Aperi
1153 5769 1450 5835 fenestram.
1485 5772 1609 5844 (10.)
1638 5775 1866 5832 Lumine
1917 5782 2096 5836 scien—

2830 1937 3056 2010 CAPUT
3099 1955 3236 2012 xw.

2308 2059 2475 2117 Vens.
2510 2063 2559 2116 1.
2584 2063 2743 2118 -Ιη
2778 2082 2916 2119 anno
2957 2068 3204 2123 secundo.
3259 2068 3329 2124 Et
3372 2071 3513 2142 fecit.
3545 2075 3724 2147 (Pam,
3766 2079 3827 2133 in

2236 2153 2492 2224 lib.Reg.,
2516 2154 2768 2228 tom.lll.)
2794 2156 3194 2216 Amasias'fecit
3218 2161 3418 2218 bonum
3446 2165 3502 2220 in
3521 2179 3826 2240 conspectu

2235 2245 2472 2312 Domini,
2497 2247 2590 2301 sed
2615 2262 2722 2302 non
2752 2251 2914 2303 corde
2945 2250 3185 2320 perfecto
3215 2271 3230 2306 :
3262 2255 3402 2310 bona
3424 2258 3626 2330 quippe
3649 2275 3827 2332 opera

2235 2351 2356 2407 qua:
2393 2339 2611 2407 placent
2651 2339 2763 2394 Deo
2791 2339 2942 2407 fecit,
2970 2343 3064 2397 sed
3084 2359 3190 2398 non
3214 2347 3377 2402 corde
3396 2350 3660 2420 perfecto,
3688 2356 3828 2425 quia

2234 2429 2334 2484 sub
2382 2430 2629 2486 simulata
2675 2433 2856 2502 specie
2893 2448 3077 2488 coram
3119 2436 3429 2497 hominibus
3471 2445 3824 2514 ostendebat,

2233 2531 2288 2577 et
2317 2523 2396 2578 sic
2424 2539 2606 2580 coram
2640 2524 2750 2581 Deo
2773 2536 2998 2597 accepta
3027 2544 3133 2584 non
3165 2541 3344 2586 erant.

2304 2615 2465 2672 Vnus.
2497 2618 2548 2671 7.
2580 2648 2651 2660 ——
2676 2618 2744 2672 In
2777 2619 2931 2674 valle.
2967 2621 3090 2693 (10.)
3118 2623 3284 2680 Vallis
3333 2625 3641 2686 Salinarum
3689 2642 3822 2690 erat

2229 2707 2319 2762 ubi
2343 2707 2419 2762 sal
2442 2707 2731 2765 faciebant.
2747 2709 2844 2766 Vel
2864 2727 3020 2768 coeno
3036 2715 3322 2787 salsuginis
3339 2718 3524 2777 deciso
3536 2732 3592 2778 et
3606 2725 3822 2783 siccato

2229 2805 2285 2852 et
2306 2799 2558 2866 incenso;
2585 2801 2668 2856 vel
2692 2803 2848 2872 aquis
2875 2813 3160 2874 puteorum
3197 2809 3355 2866 salsis
3386 2811 3719 2885 fervefactis,
3752 2827 3819 2876 et

2228 2908 2398 2963 usque
2445 2895 2512 2949 ad
2544 2895 2672 2952 salis
2717 2897 3027 2956 ﬁrmitatem
3056 2905 3336 2974 coquendo
3372 2912 3678 2980 perductis;
3721 2917 3816 2972 vel

2228 2987 2334 3042 alio
2369 2989 2608 3059 quolibet
2634 2991 2822 3048 ordine
2841 3010 2947 3064 quo
2977 2996 3055 3051 sal
3082 2998 3198 3055 ﬁeri
3225 3006 3525 3060 consuevit.

2299 3077 2532 3135 Petram.
2563 3082 2687 3154 (10.)
2715 3083 2874 3140 Petra
2905 3087 3096 3144 civitas
3139 3097 3224 3146 est
3263 3092 3474 3151 Arabiae
3511 3099 3705 3157 nobilis
3748 3104 3811 3159 in

2145 3181 2194 3252 ρ
2226 3170 2588 3264 ίετηιῇΕᾱοῐη,
2606 3190 2726 3244 quae
2745 3175 2799 3230 in
2821 3177 2959 3233 libro
2981 3179 3336 3238 Numerorum
3364 3186 3558 3244 Recem
3583 3191 3807 3264 dicitur,

2224 3267 2280 3311 et
2304 3274 2333 3311 a
2358 3257 2513 3330 Syris
2533 3262 2611 3317 sic
2632 3264 2949 3334 appellatur.
2967 3267 3086 3325 Sed
3109 3269 3372 3343 Iosephus
3391 3293 3498 3332 non
3525 3257 3807 3341 civitatem

2223 3350 2373 3418 dicit,
2402 3355 2494 3408 sed
2519 3369 2768 3426 magnam
2797 3366 3005 3426 petram
3033 3363 3087 3416 in
3113 3363 3311 3422 Arabia
3339 3372 3708 3428 constitutam.

2291 3443 2541 3540 dectehel.
2561 3447 2744 3519 (ΗΑΒ.)
2769 3451 2922 3517 Quod
2948 3454 3198 3513 Amasias
3219 3460 3396 3516 victor
3409 3477 3605 3520 nomen
3631 3468 3805 3540 impo-

2218 3534 2348 3600 suit,
2375 3536 2761 3608 interpretatur
2781 3552 2954 3598 coetus
2979 3546 3074 3602 Dei
3098 3550 3188 3605 vel
3207 3553 3465 3611 auxilium
3489 3557 3604 3625 Dei,
3635 3534 3806 3631 agen-

2217 3630 2274 3678 te
2297 3639 2362 3679 eo
2391 3625 2622 3684 ﬁdeliter
2643 3640 2704 3685 ut
2733 3636 3017 3702 praesentis
3047 3637 3321 3696 videretur
3342 3649 3635 3714 memoriae,
3654 3625 3802 3718 quod

2217 3712 2357 3770 hanc
2379 3717 2463 3770 vel
2488 3730 2660 3774 coetus
2685 3723 2867 3793 populi
2889 3724 2983 3779 Dei
3009 3727 3090 3781 vel
3113 3727 3224 3784 Deo
3257 3733 3542 3802 adjuvante
3571 3712 3792 3810 ceperit.

2289 3807 2450 3863 Vens.
2478 3810 2787 3884 25.——Ipse
2817 3817 3042 3872 restituit
3065 3824 3311 3878 terminos
3341 3824 3532 3894 Israel,
3574 3807 3679 3886 etc.
3719 3835 3798 3889 De

2213 3894 2497 3953 Jeroboam
2526 3902 2656 3956 dicit
2687 3919 2699 3958 :
2729 3904 2849 3976 Ipse
2881 3910 3110 3965 restituit
3131 3917 3377 3971 terminos
3407 3917 3596 3988 Israel,
3621 3923 3686 3977 ab
3717 3925 3798 3981 iu-

2213 3988 2373 4040 troitu
2399 3988 2591 4045 Emath
2616 4010 2777 4058 usque
2808 4006 2875 4048 aa
2913 4015 3056 4054 mare
3083 4001 3402 4062 solitudinis.
3433 4007 3648 4079 Ematb,
3672 4030 3796 4084 quae

2211 4091 2355 4132 nunc
2383 4079 2682 4150 Epiphania
2708 4085 2938 4157 dicitur,
2973 4095 3410 4162 septentrionalis
3449 4108 3569 4154 erat
3609 4079 3800 4160 termi-

2210 4185 2312 4225 nus
2335 4171 2517 4228 Israel.
2549 4177 2697 4235 Mare
2737 4189 2918 4236 autem
2956 4185 3283 4254 solitudinis,
3319 4206 3471 4248 mare
3518 4193 3796 4253 Mortuum

2207 4268 2312 4326 est,
2359 4266 2504 4334 quod
2531 4266 2587 4320 in
2607 4267 2902 4330 latitudine
2937 4290 3038 4345 per
3067 4279 3241 4334 stadia
3267 4281 3560 4354 quingenta
3601 4295 3796 4342 octua-

2208 4354 2356 4421 ginta
2381 4371 2549 4428 usque
2574 4361 2642 4416 ad
2667 4361 2869 4421 Zoaros
2895 4364 3130 4436 Arabiae,
3178 4371 3234 4426 in
3283 4371 3620 4445 longitudine
3662 4395 3794 4434 cen-

2207 4448 2755 4542 tumgquinqiuaginta,
2784 4472 2953 4528 usque
2973 4461 3041 4516 ad
3061 4461 3258 4518 vicinia
3281 4463 3642 4524 Sodomorum
3661 4487 3793 4542 pro-

2131 4543 2188 4606 p
2209 4538 2472 4606 greditur.
2501 4541 2668 4614 igitur
2689 4545 2976 4606 Jeroboam
3009 4562 3426 4612 castrametatus
3454 4565 3643 4616 contra
3661 4538 3789 4634 Sy-

2208 4645 2320 4697 ros,
2352 4647 2568 4690 onmem
2594 4653 2781 4695 eorum
2810 4644 3146 4712 provinciam
3165 4646 3330 4719 (sicut
3364 4647 3530 4706 Jonas
3551 4655 3790 4724 prophe-

2207 4731 2436 4796 taverat)
2462 4731 2776 4788 devastavit.

2281 4817 2412 4884 Quae
2435 4832 2508 4876 est
2551 4825 2628 4890 in,
2660 4835 2766 4882 etc.
2814 4827 3030 4900 Hepher
3073 4832 3239 4888 turris
3271 4843 3392 4888 erat
3434 4849 3539 4890 non
3570 4835 3726 4908 longe
3752 4853 3785 4892 a

2210 4910 2432 4979 templo,
2459 4917 2699 4972 enormis
2742 4922 3129 4991 magnitudinis
3177 4933 3232 4980 et
3275 4925 3785 4984 altitudinisiundo

2206 4997 2424 5071 llepher
2451 5005 2669 5074 dicitur,
2699 5009 2751 5065 id
2776 5020 2858 5066 est
2886 5017 3254 5084 tenebrarum,-
3289 5019 3408 5074 sive
3450 5020 3624 5075 nubea
3667 5037 3682 5074 :
3714 5035 3783 5077 eo

2206 5095 2347 5165 quod
2389 5113 2558 5169 usque
2587 5102 2654 5156 ad
2684 5104 2856 5160 nubes
2883 5116 3045 5178 caput
3069 5110 3262 5180 erigat,
3291 5111 3489 5182 quain
3517 5112 3783 5169 Zacharia

2204 5189 2369 5244 turris
2397 5191 2652 5248 nebulosa
2675 5205 2915 5252 vocatur.

2792 5309 3017 5368 CAPUT
3047 5311 3161 5369 XV.

2275 5408 2437 5467 Vens.
2471 5413 2773 5473 1.-Αηηο
2805 5422 3045 5477 vicesimo
3066 5423 3307 5480 Artorius.
3358 5426 3544 5498 (llam,
3591 5429 3648 5482 in
3683 5427 3776 5483 lib.

2201 5499 2357 5574 Reg.,
2390 5514 2520 5560 tom.
2542 5507 2650 5581 111.)
2681 5510 2798 5581 ipse
2821 5522 2905 5568 est
2930 5513 3111 5582 Ozias,
3140 5525 3270 5584 etc.,
3310 5533 3475 5589 usque
3508 5517 3580 5573 ad
3614 5532 3776 5590 supe-

2202 5591 2316 5648 rius
2339 5607 2493 5666 porta
2517 5599 2771 5670 Ephraim
2791 5604 3007 5660 dicitur.

2275 5695 2439 5749 Vens.
2473 5691 2560 5746 5E3.
2585 5725 2654 5732 —
2677 5694 2795 5765 Ipse
2824 5698 3121 5766 (edi/icavit.
3154 5699 3336 5774 (11.10.)
3362 5700 3615 5759 Joatham
3644 5703 3774 5759 redi-

2202 5785 2384 5842 ﬂcavit
2431 5796 2638 5857 portam
2699 5789 2886 5844 domus
2935 5792 3144 5846 Domini
3194 5794 3501 5861 excelsam,
3557 5811 3675 5865 quae
3718 5796 3771 5848 in
