4122 6350
311 380 411 461 ei

1278 393 1546 454 GLOSSA
1580 391 1980 452 OBDINARIA.
2020 425 2091 438 —
2131 394 2258 453 LIB.
2298 396 2368 455 IV
2404 397 2565 456 ΠΕΟ.

3442 392 3551 464 622

312 513 539 575 Actibus
565 511 931 586 apostolorum
951 510 1208 585 Speciosa
1232 510 1449 579 dicitur,
1471 511 1615 567 etab
1638 508 1881 567 Hebraeis
1907 510 1961 577 Α
1982 507 2206 581 ejusque
2229 509 2393 567 cultui
2423 511 2579 584 digne
2598 511 3069 585 manciparentur:
3094 517 3225 587 quin
3255 518 3426 591 ipsam
3453 521 3545 578 lit-

314 607 476 667 Porta
502 604 757 664 Joatham
780 615 1023 663 vocatur.

899 736 1131 799 CAPUT
1164 737 1286 796 XVI

387 854 550 912 Vens.
588 852 644 909 '5.
679 851 1122 917 —Consecrauit.
1159 853 1343 927 (ΚΑΒ.)
1387 851 1600 911 Beenon
1642 851 1738 908 ﬁlii
1787 850 1890 908 En-

313 961 442 1005 non.
460 944 709 1017 Thophet
730 944 846 1001 sive
864 944 1110 1016 Thaphet
1126 955 1209 1001 est
1229 946 1281 1002 in
1297 945 1436 1001 valle
1458 944 1708 1001 Beennon
1731 945 1886 1015 juxta

311 1036 734 1105 Acheldemach,
761 1034 911 1093 locus
930 1034 1060 1091 olim
1087 1038 1511 1104 amantissimus,
1538 1037 1629 1092 ubi
1645 1036 1888 1093 solebant

313 1128 627 1187 sacriﬁcare
654 1127 1008 1185 daemonibus.
1055 1127 1322 1185 Hebraice
1352 1128 1665 1192 Gebennon,
1716 1127 1770 1183 id
1805 1134 1890 1184 est

311 1220 469 1275 vallis
515 1219 739 1286 Ennon;
771 1219 913 1275 unde
958 1218 1012 1273 in
1060 1218 1349 1289 Evangelio
1388 1220 1632 1290 gehenna
1669 1217 1885 1283 dicitur,

312 1312 439 1382 quia
464 1311 605 1367 sicut
637 1310 918 1382 perierunt
964 1310 1036 1366 ibi
1062 1311 1153 1381 qui
1193 1310 1332 1365 idola
1378 1311 1625 1366 colebant
1674 1310 1729 1366 in
1773 1325 1889 1367 cor-

310 1416 444 1472 pore
482 1408 537 1457 et
576 1400 631 1456 in
673 1401 876 1466 anima,
927 1400 1001 1456 ita
1042 1409 1354 1471 peccatores
1375 1401 1466 1471 qui
1516 1402 1583 1457 ad
1619 1400 1885 1458 infernum

310 1499 594 1548 transeunt
618 1499 818 1547 aeterna
847 1491 1191 1548 damnatione
1224 1492 1540 1563 punientur.

382 1584 544 1641 Vsus.
580 1585 664 1641 18.
689 1615 761 1625 -
784 1584 1003 1640 Musach
1032 1601 1252 1657 quoque.
1279 1584 1461 1658 (ΒΑΒ.)
1486 1585 1582 1641 Est
1601 1583 1885 1640 aediﬁcium

308 1676 543 1748 positum
582 1674 638 1730 in
658 1674 926 1732 vestibulo
953 1675 1159 1747 templi,
1204 1676 1296 1731 ubi
1323 1690 1478 1747 reges
1509 1674 1727 1746 quando
1764 1675 1888 1729 sab-

309 1765 439 1822 bato
468 1766 535 1821 ad
561 1764 820 1838 templum
844 1766 1018 1832 ibant,
1043 1766 1442 1837 eleemosynam
1478 1764 1794 1831 mittebant;
1834 1773 1889 1819 et

1985 610 2158 659 teram
2184 603 2318 676 legis
2342 604 2612 674 Mosaicae,
2638 622 2801 678 quam
2826 606 2916 663 ille
2938 607 3166 679 populus
3202 610 3387 682 legalis
3410 615 3546 670 assi-

1984 692 2089 750 dua
2117 695 2348 754 lectione
2369 701 2659 757 resonabat
2689 716 2753 756 ac
2791 716 2892 773 pro
2915 717 3113 774 magno
3147 703 3396 770 habebat,
3420 721 3550 761 con-

1983 784 2160 853 trivit,
2203 800 2268 843 ac
2292 802 2507 844 sensum
2549 788 2881 860 spiritualem
2920 788 2975 845 in
3016 806 3080 847 ea
3124 791 3419 865 intelligere
3456 810 3552 852 eos

1986 874 2188 931 docuit.

2056 964 2219 1022 Vsus.
2247 966 2304 1022 Δ.
2323 997 2395 1009 -
2415 964 2800 1041 Confregttque.
2818 968 3078 1026 Ezechias
3092 980 3397 1042 serpentem
3421 988 3551 1029 con-

1985 1054 2168 1128 fregit,
2198 1057 2322 1128 quia
2352 1057 2406 1113 in
2443 1057 2672 1115 Domino
2708 1061 2818 1116 Deo
2854 1062 3109 1132 speravit,
3147 1078 3256 1119 non
3304 1064 3360 1120 in
3401 1080 3553 1123 alueo

1986 1153 2255 1216 serpente.

2059 1234 2329 1292 Nohestan
2368 1249 2581 1304 vocavit,
2617 1246 2723 1294 etc.
2751 1238 2903 1307 Quod
2945 1242 3332 1314 interpretatur
3357 1261 3430 1303 ass
3456 1263 3550 1303 co-

1984 1343 2124 1393 rum,
2152 1338 2211 1384 ut
2231 1344 2389 1400 quem
2418 1328 2492 1384 illi
2514 1345 2613 1401 pro
2640 1331 2860 1387 numine
2881 1333 3149 1399 colebant,
3181 1336 3234 1391 in
3257 1337 3416 1393 dictis
3438 1336 3553 1407 ejus

1985 1419 2261 1475 metallum
2288 1437 2409 1476 eum
2431 1436 2572 1487 esse,
2611 1437 2715 1477 non
2746 1422 2936 1489 Deum,
2967 1438 3342 1497 agnoscerent.

2058 1511 2219 1567 Vens.
2252 1513 2337 1567 17.
2370 1544 2437 1554 -
2460 1511 2743 1569 Rabsacen.
2794 1514 2973 1588 (ΗΑΒ.)
3007 1518 3141 1585 Quia
3184 1519 3446 1578 Hebraice
3476 1522 3554 1578 lo-

1985 1607 2208 1678 quitur:
2252 1606 2418 1661 ﬁlium
2466 1607 2616 1663 Isaia;
2668 1617 2858 1677 putant
2904 1610 2995 1680 qui
3025 1612 3267 1682 proditor
3306 1612 3402 1668 fuit
3430 1630 3552 1670 cum

1989 1694 2169 1752 Sohna
2196 1711 2212 1761 ;
2237 1695 2321 1751 vel
2358 1695 2686 1762 Samariten,
2721 1706 2777 1753 et
2810 1699 2930 1755 ideo
2972 1699 3289 1758 Heliraicam
3318 1704 3552 1778 linguam

1989 1787 2231 1844 scivisse.
2264 1786 2365 1855 Qui
2400 1788 2555 1859 quasi
2583 1789 2826 1858 quaedam
2859 1792 3127 1846 contraria
3162 1791 3419 1850 fortitudo
3443 1798 3556 1852 imi-

310 1850 387 1911 ita
408 1852 638 1956 _M“53‘3h
679 1852 889 1956 “liba”
924 1856 1362 1956 ΒἎΖῩΡδΥῙῆοίυω
1390 1864 1475 1911 θεῖ
1504 1854 1889 1956 τθῧυωνι-θίευξ
1915 1872 1961 1931 Β
1989 1880 2201 1936 tabatur
2226 1850 2515 1951 prophetas
2543 1850 2638 1936 sua
2660 1882 2987 1956 arrogantia.
3019 1884 3302 1955 Prophetas
3331 1850 3549 1943 dicunt:

310 1949 547 2004 corbana
592 1950 957 2005 sacerdotum.
1013 1948 1235 2004 Μασαβὴ
1265 1966 1489 2021 quoque,
1545 1958 1653 2005 etc.
1702 1946 1884 2020 (ΕΑΒ.)

310 2034 429 2095 Non
468 2038 591 2098 ideo
615 2042 885 2098 convertit
924 2041 978 2097 in
1007 2040 1261 2112 templum
1294 2040 1527 2106 Domini,
1558 2041 1700 2111 quod
1738 2041 1792 2095 in
1820 2054 1886 2095 eo

314 2130 483 2187 cultui
510 2132 609 2188 Dei
629 2132 877 2199 serviret,
906 2133 1003 2189 sed
1028 2139 1092 2187 ut
1115 2147 1236 2188 cum
1264 2133 1466 2204 templo
1485 2133 1882 2205 profanaretur,

312 2224 535 2282 studens
566 2225 784 2297 placere
808 2224 920 2297 regi
965 2224 1310 2296 Assyriorum
1349 2226 1522 2297 magis
1561 2240 1720 2296 quam
1754 2225 1884 2287 Deo.

310 2328 373 2373 ut
399 2332 521 2374 cum
560 2318 688 2374 illuc
732 2319 943 2375 veniret
980 2316 1110 2373 illud
1152 2317 1341 2374 videns
1369 2314 1775 2390 concitpisceret
1832 2326 1889 2372 et

312 2408 550 2472 auferret
579 2410 721 2472 sicut
747 2409 851 2470 alia
895 2409 1064 2469 multa
1107 2408 1292 2470 Achar.
1325 2410 1429 2469 sibi
1458 2409 1746 2469 tribuente.
1779 2422 1886 2484 quo

315 2505 584 2563 inveniret
604 2506 834 2578 gratiam
859 2507 1025 2563 illius.

883 2616 1113 2675 CAPUT
1152 2617 1312 2674 XVII.

382 2731 543 2791 Vens.
568 2732 1059 2789 27.-—z.ddu:cistis.
1084 2732 1266 2805 (ΗΑΒ.)
1290 2732 1404 2788 Rex
1430 2732 1703 2805 Assyrius,
1733 2731 1786 2787 id
1804 2741 1889 2788 est

315 2824 560 2880 diabolus
597 2840 721 2881 cum
765 2839 863 2881 suo
891 2825 1132 2880 exercitu
1175 2824 1431 2896 populum
1462 2824 1887 2880 ecclesiasticum

314 2915 609 2975 obsidendo
646 2923 703 2972 et
748 2915 1079 2972 devastando
1115 2915 1354 2987 quotidie
1400 2914 1583 2982 allicit,
1623 2931 1745 2971 cum
1794 2930 1888 2975 eos

314 3014 538 3078 propter
563 3014 788 3076 peccata
814 3006 1105 3063 commissa
1133 3006 1202 3061 de
1235 3006 1456 3062 sedibus
1480 3006 1715 3076 propriis
1738 3006 1887 3062 evel-

313 3097 430 3157 bns
454 3097 632 3155 defert
666 3099 721 3153 in
752 3107 955 3154 terram
978 3096 1232 3153 alienam.
1265 3096 1453 3153 Unde:
1486 3094 1655 3167 Super
1666 3097 1889 3167 [lumina

314 3187 597 3295 Babylonis
634 3187 745 3244 illis
780 3188 1034 3255 sedimus,
1063 3198 1113 3244 et
1142 3189 1383 3258 ﬂeuimus
1421 3188 1547 3242 dum
1583 3187 1887 3243 ηοω-ἄατο-
1915 3228 1961 3295 c

313 3296 436 3336 utr
463 3278 613 3334 Sion.

388 3371 545 3428 Vens.
591 3368 867 3428 29.-—Et
890 3386 1235 3443 unaquaque.
1265 3368 1388 3442 (ιο.)
1428 3367 1488 3425 In
1532 3368 1674 3425 libro
1718 3367 1887 3424 Loco-

313 3480 438 3523 rum
458 3465 673 3536 legitur,
694 3464 839 3534 quod
861 3462 1068 3519 Benoth
1090 3472 1148 3520 et
1178 3462 1372 3536 Nergel
1400 3461 1620 3519 fuerunt
1641 3461 1890 3517 civitates

314 3573 452 3630 quas
506 3564 923 3614 construxerunt
969 3556 1023 3612 in
1070 3555 1254 3612 Iudaea
1302 3556 1395 3627 qui
1468 3558 1535 3611 de
1591 3553 1889 3627 Babylonia

314 3648 665 3707 transierant.
711 3647 898 3705 Asima
938 3662 1153 3719 quoque
1194 3648 1447 3719 oppidum
1487 3646 1891 3704 :edilicaverunt

316 3739 409 3809 qui
443 3739 514 3796 ad
539 3753 661 3795 eam
695 3746 958 3796 venerant
979 3737 1047 3794 de
1089 3738 1305 3793 Emath.
1344 3737 1603 3793 Nebahan
1636 3746 1692 3793 et
1717 3737 1889 3794 Ther:-

317 3829 445 3887 thac
481 3830 734 3887 civitates
764 3837 890 3887 sunt
915 3844 1052 3900 quas
1092 3827 1273 3885 [levati
1317 3829 1373 3885 in
1399 3826 1585 3885 Judtea
1630 3829 1886 3886 condide-

315 3932 464 3987 runt.

388 4017 512 4090 (lo.)
559 4019 785 4076 Videtur
820 4018 975 4091 juxta
1020 4018 1460 4090 consequentiam
1513 4015 1783 4072 sermonis
1834 4022 1890 4071 et

316 4106 607 4176 idolorum,
662 4108 860 4180 quibus
891 4108 975 4165 ha:
1010 4116 1198 4180 gentes
1243 4108 1395 4180 prius
1441 4107 1765 4173 servierant,
1802 4105 1892 4161 hic

315 4214 479 4272 posse
499 4199 756 4256 voeabula
795 4201 1045 4272 intelligi,
1068 4201 1197 4271 quia
1233 4216 1354 4257 cum
1379 4199 1583 4255 dictum
1618 4207 1798 4255 esset:
1821 4198 1891 4253 Et

316 4306 643 4364 unaquaeque
670 4308 795 4364 gem
822 4292 1079 4363 fabricato
1106 4303 1181 4348 est
1218 4291 1388 4348 Deum
1412 4308 1588 4357 suum,
1620 4291 1776 4362 quasi
1822 4292 1891 4347 ad

316 4383 679 4456 apletionem
722 4385 1004 4441 sententia:
1047 4383 1392 4454 subiunctum
1435 4392 1558 4440 est:
1591 4383 1707 4439 Viri
1751 4384 1891 4438 enim

316 4476 629 4550 Babylonici
651 4478 883 4548 fecerunt
928 4477 1159 4535 Socltoth
1178 4476 1415 4543 Benoth;
1444 4476 1499 4532 id
1533 4483 1618 4532 est
1643 4474 1891 4530 taberna-

1985 1970 2114 2027 Haec
2147 1972 2280 2027 dicit
2327 1971 2608 2028 Dominus.
2647 1971 2754 2029 Iste
2780 1973 3114 2031 dixit:ch
3141 1977 3270 2032 dicit
3308 1995 3401 2034 rex
3444 1997 3557 2035 ma-
3607 1978 3615 1989 '

1986 2078 2142 2135 gnus,
2172 2078 2265 2116 rex
2295 2062 2648 2133 Assyriorum.

2077 2152 2241 2208 Vens.
2270 2153 2353 2208 18.
2373 2184 2444 2193 -
2464 2151 2711 2208 Eliacim.
2738 2154 2918 2226 (ΕΑΒ.)
2945 2154 3021 2211 De
3049 2156 3154 2213 hoc
3180 2157 3405 2215 Eliacim
3425 2160 3560 2217 dixit

1985 2242 2188 2299 Isaias:
2225 2241 2434 2297 νοσαῡο
2459 2259 2663 2300 servum
2683 2260 2856 2299 meum
2878 2243 3103 2301 Eliacim
3125 2246 3259 2320 (Isa.
3291 2249 3449 2323 χχιι),
3464 2251 3556 2320 qui

1986 2333 2088 2390 fuit
2117 2333 2358 2406 pontifex
2385 2343 2509 2405 post
2556 2333 2827 2392 Sobnam:
2855 2352 3015 2407 quem
3061 2338 3282 2394 tradunt
3324 2339 3554 2409 Hebraei,

1985 2423 2250 2482 Bahsacis
2291 2424 2797 2483 comminationibus
2851 2427 3217 2502 perterritum,
3257 2431 3559 2505 prodidisse

1986 2520 2305 2587 Jerusalem,
2357 2530 2413 2576 et
2439 2530 2663 2592 excepta
2710 2537 2837 2577 arce
2882 2524 3023 2578 sicut
3063 2533 3114 2579 et
3148 2529 3367 2597 templo,
3393 2530 3559 2599 Assy—

1986 2612 2099 2668 rios
2129 2620 2295 2668 totam
2317 2613 2506 2668 urbem
2530 2613 2766 2684 cepisse;
2793 2628 2954 2684 quem
2978 2614 3142 2669 etiam
3173 2613 3409 2672 Sobnam
3436 2632 3558 2673 cum

1986 2703 2213 2761 Eliacim
2241 2705 2309 2760 ad
2335 2704 2615 2760 Rabsaccn
2641 2706 2822 2761 exisse
2850 2706 3071 2777 quidam
3106 2715 3407 2763 autumant.

2063 2794 2222 2851 Vsus.
2250 2794 2342 2849 21.
2363 2824 2433 2835 —
2455 2794 2536 2848 An
2563 2810 2761 2865 speras.
2784 2793 2937 2849 Nulla
2958 2803 3145 2850 narrat
3164 2796 3391 2853 historia
3418 2798 3560 2870 quod

1986 2885 2251 2944 Ezechias
2273 2884 2571 2941 Pharaonis
2594 2885 2852 2941 auxilium
2874 2886 3250 2957 postulaverit.

2057 2976 2221 3035 Vens.
2258 2976 2352 3033 22.
2381 3009 2454 3019 —
2478 2976 2545 3032 In
2565 2977 2813 3032 Domino.
2843 2978 3025 3051 (ΗΑΒ.)
3059 2979 3258 3037 Verum
3305 2988 3388 3037 est
3421 2981 3562 3052 quod

1988 3068 2043 3126 in
2065 3068 2177 3124 Deo
2207 3068 2512 3124 habuerunt
2534 3068 2804 3135 ﬁduciam,
2833 3070 2926 3125 sed
2952 3066 3149 3125 falsum
3171 3079 3254 3126 est
3276 3070 3562 3127 Ezechiam

1990 3161 2282 3217 abstulisse
2331 3160 2545 3217 excelsa
2578 3160 2674 3215 Dei
2731 3168 2785 3216 et
2826 3161 3068 3218 altaria:
3117 3162 3220 3218 hoc
3260 3163 3407 3218 enim
3456 3178 3564 3218 non

1990 3266 2180 3314 contra
2213 3257 2403 3325 Deum,
2431 3257 2525 3313 sed
2552 3271 2649 3328 pro
2678 3257 2789 3312 Deo
2817 3254 2959 3323 fecit,
2987 3264 3047 3311 ut
3074 3258 3350 3314 destructo
3380 3272 3564 3314 errore

1989 3351 2164 3409 veteri
2185 3350 2404 3423 juberet
2428 3350 2596 3406 Deum
2625 3350 2681 3406 in
2714 3350 2912 3422 templo
2936 3346 3233 3407 Jerusalem
3258 3351 3493 3408 adorari.

2065 3441 2331 3499 Vns.25.
2360 3440 2603 3497 —Dabo
2643 3440 2802 3497 vobis.
2842 3441 2966 3513 (In.)
3014 3441 3305 3509 Babsaces,
3346 3453 3403 3498 ut
3430 3459 3565 3516 pau-

1990 3531 2214 3588 citatem
2257 3532 2601 3586 obsessorum
2645 3530 2977 3597 ostenderet,
3027 3530 3133 3588 duo
3185 3531 3351 3587 millia
3401 3547 3567 3603 equo-

1992 3641 2112 3681 rum
2158 3624 2464 3696 pollicetur,
2521 3639 2752 3694 quorum
2793 3638 3113 3681 ascensores
3153 3624 3412 3682 Ezechias
3462 3643 3566 3683 non

1991 3718 2219 3774 haberet
2241 3737 2254 3772 :
2281 3734 2389 3774 non
2414 3718 2481 3773 de
2498 3716 2865 3772 imbecillitate
2882 3718 3065 3791 populi
3080 3719 3227 3775 venit
3247 3721 3397 3792 quasi
3423 3722 3570 3792 equi-

1992 3810 2143 3866 tandi
2184 3809 2379 3882 ignari,
2406 3810 2501 3866 sed
2540 3809 2665 3881 quia
2705 3809 2848 3866 Deus
2890 3811 3147 3883 praecepit
3183 3825 3251 3868 ne
3283 3827 3378 3870 rex
3405 3816 3570 3872 Israel

1991 3918 2164 3975 equos
2192 3913 2249 3960 et
2269 3919 2491 3961 uxores
2512 3904 2615 3962 sibi
2646 3904 3049 3976 multiplicaret.

2072 4019 2230 4075 Vens.
2254 4016 2705 4074 25.—-Dominus
2742 4017 2897 4073 dixit.
2920 4017 3042 4090 (Ιυ.)
3079 4017 3160 4075 Ad
3190 4019 3245 4077 id
3295 4022 3440 4092 quod
3481 4023 3567 4078 di-

1992 4108 2094 4176 xit,
2118 4108 2166 4165 si
2193 4108 2461 4175 dixeritis,
2484 4107 2542 4164 In
2565 4108 2676 4165 Deo
2701 4108 3042 4178 conﬁdimus,
3066 4109 3257 4168 callide
3282 4115 3571 4184 respondet

1995 4213 2054 4254 se
2090 4213 2197 4253 non
2247 4213 2345 4253 sua
2389 4197 2687 4264 voluntate,
2730 4199 2826 4255 sed
2877 4198 2973 4254 Dei
3037 4200 3245 4256 venisse
3296 4202 3566 4259 dicentis:

1993 4288 2248 4345 Ascendet.
2279 4289 2348 4344 Et
2365 4296 2449 4345 est
2476 4297 2854 4358 argumentum
2879 4307 2893 4343 :
2917 4304 3040 4345 cum
3068 4289 3268 4345 multas
3294 4292 3455 4347 urbes
3481 4307 3570 4347 ce-

1993 4380 2192 4452 perim,
2233 4387 2289 4435 et
2320 4394 2447 4451 pars
2478 4378 2777 4436 Jerusalem
2805 4388 3025 4436 maneat
3069 4380 3295 4448 intacta,
3337 4381 3568 4438 manife-

1995 4482 2142 4535 stum
2179 4482 2264 4530 est
2290 4487 2380 4528 me
2405 4472 2505 4528 Dei
2530 4472 2745 4529 venisse
2768 4471 3065 4527 voluntate.

318 4567 441 4626 cuia
467 4587 482 4623 :
511 4567 743 4637 Benotb,
770 4568 914 4640 quod
938 4577 1023 4626 est
1052 4582 1249 4625 nomen
1272 4567 1422 4625 idoli.
1456 4565 1517 4623 ln
1543 4564 1892 4636 sequentibus

2072 4575 2236 4630 Vsus.
2265 4572 2359 4629 26.
2398 4602 2472 4614 —
2513 4570 2821 4629 Precamur.
2868 4570 3015 4645 (Im)
3052 4571 3257 4629 Sensus
3299 4582 3407 4642 est,
3438 4584 3570 4645 etc.,

318 4660 629 4717 ostenditur
671 4659 1031 4717 Adramalech
1071 4668 1129 4718 et
1170 4658 1496 4715 Anamelech
1541 4657 1683 4713 idola
1728 4655 1897 4712 fuisse

318 4752 476 4808 urbis
502 4751 878 4822 Sepharvaim,
910 4753 984 4809 ita
1000 4751 1212 4807 videtur
1236 4764 1573 4821 consequens
1596 4756 1736 4804 utet
1762 4747 1898 4803 Ner-

324 4842 411 4915 gel
433 4841 823 4911 Cuthenorum,
855 4842 1044 4909 Asima
1078 4842 1502 4907 Emathaorum,
1532 4838 1815 4897 Nebabath
1840 4846 1898 4894 et

326 4932 639 4989 Tharthacb
670 4932 811 4989 idola
831 4933 1051 4989 fuerunt
1071 4931 1411 4988 Hevaaorum.

1998 4682 2164 4737 usque
2204 4664 2276 4721 ad
2306 4679 2428 4736 qua:
2461 4671 2620 4720 terrae
2644 4663 2843 4721 Iudaee
2875 4663 3282 4723 similitudinem
3314 4666 3570 4735 habebat,

2000 4765 2115 4814 tam
2140 4758 2196 4814 in
2224 4758 2332 4813 situ
2359 4772 2523 4829 quam
2549 4758 2606 4813 in
2630 4756 2918 4815 fructibus.
2944 4820 2947 4823 λ

2074 4868 2240 4926 Vsus.
2266 4869 2357 4926 29.
2388 4899 2459 4911 —
2489 4867 2615 4925 Non
2661 4886 2770 4936 vos,
2825 4878 2935 4927 etc.
2987 4870 3248 4929 Rabsacis
3301 4876 3576 4932 accusatio

2001 4961 2251 5020 Ezechiae
2272 4963 2641 5018 testimonium
2674 4970 2780 5029 est,
2823 4964 2966 5033 quod
2998 4965 3171 5036 captis
3208 4965 3458 5023 videlicet
3479 4982 3575 5021 ur-

396 5020 561 5079 Vsns.
587 5020 679 5078 33.
700 5050 773 5064 —-
793 5021 862 5077 Et
889 5039 1027 5077 cum.
1054 5020 1210 5094 (ΚΑΒ.
1241 5035 1305 5075 ex
1331 5018 1528 5093 Euch.)
1552 5017 1765 5075 Habent
1782 5017 1892 5108 lm-

2001 5017 2259 5110 sane.
2282 5017 2520 5110 nm...
2559 5017 2796 5109 conﬁsus
2824 5017 3043 5110 aia
3060 5017 3575 5127 saansaan.

326 5113 483 5170 retici
522 5112 787 5197 quaedam,
819 5120 1160 5169 sacramenta
1195 5109 1503 5167 communia
1549 5123 1673 5165 cum
1712 5100 1900 5165 sancta

324 5180 592 5270 Ecclesia,
806 5202 875 5259 ad
898 5210 958 5259 et
983 5210 1238 5273 nepotum
1266 5200 1637 5273 intelligimus.

893 5335 1122 5393 CAPUT
1162 5332 1341 5391 XVIII.

2000 5146 2115 5205 lum
2159 5157 2223 5205 ut
2274 5149 2328 5204 in
2376 5148 2605 5205 Domino
2658 5156 2920 5219 speraret.
2974 5148 3128 5206 Unde
3180 5147 3454 5203 Rabsaces
3486 5147 3578 5204 de-

2005 5249 2216 5297 struere
2258 5238 2376 5295 vult
2418 5252 2539 5310 quae
2588 5238 2679 5295 ille
2712 5239 3038 5307 construxit,
3089 5249 3146 5296 et
3188 5236 3322 5293 dicit
3365 5237 3435 5293 ad
3481 5253 3578 5309 po-

2004 5331 2232 5405 pulum:
2256 5329 2381 5387 Non
2406 5332 2735 5387 scducatuos
2768 5329 3047 5397 Ezechias,
3085 5339 3135 5385 et
3163 5344 3270 5385 non
3307 5330 3447 5387 vobis
3483 5332 3581 5386 tri-

399 5450 551 5509 Amto
588 5450 762 5507 tertio.
813 5444 1089 5505 Ezechias.
1121 5446 1306 5521 (ῐὶλι.)
1334 5443 1758 5518 Apprehendens
1792 5440 1892 5497 Do-

2011 5424 2137 5480 bna:
2161 5424 2415 5494 ﬁduciam
2447 5439 2605 5495 super
2630 5423 2858 5479 Domino
2880 5422 2993 5478 Deo
3019 5430 3203 5478 vestro.

329 5541 536 5599 minum
564 5538 650 5598 vel
672 5538 934 5596 fortitudo
953 5538 1187 5595 Domini.
1212 5536 1347 5592 Nam
1370 5535 1701 5606 Redemptor
1722 5540 1908 5589 noster

2084 5532 2265 5611 man.)
2313 5536 2561 5595 Ostendit
2604 5536 2801 5593 harum
2850 5536 3124 5592 civitatum
3173 5535 3287 5593 slve
3341 5530 3580 5608 gentium

327 5632 592 5697 Dominus
634 5632 808 5700 fortis,
850 5632 1107 5689 Dominus
1130 5640 1320 5705 potens
1346 5631 1400 5687 in
1446 5628 1651 5701 praelio,
1691 5644 1798 5683 non
1825 5642 1911 5683 so-
2010 5628 2115 5684 diis
2166 5629 2398 5686 servisse
2446 5628 2763 5693 Samaritas,
2813 5637 2942 5694 etc.,
2972 5640 3135 5699 usque
3178 5626 3249 5682 ad
3294 5635 3356 5683 ut
3394 5634 3583 5682 noster

325 5724 443 5789 ιυω
484 5727 625 5785 idola
651 5726 888 5801 gentium
937 5726 1214 5791 contrivit,
1254 5733 1310 5779 et
1344 5723 1546 5780 cultum
1594 5720 1909 5778 idololatrias
2009 5722 2174 5779 vertit
2196 5722 2488 5795 interpres.

332 5818 612 5892 dissipavit
654 5828 923 5892 quatenus
962 5819 1124 5874 unius
1170 5816 1266 5872 Dei
1319 5816 1564 5872 notitiam
1622 5813 1905 5877 haberent,
