4122 6350
573 305 680 365 625

1155 417 1384 474 CAPUT
1418 417 1559 473 XIX.

1067 303 1460 362 WALAFRIDI
1500 302 1747 362 STRABI
1784 304 1988 365 FULD.
2031 304 2196 364 MON.
2236 307 2386 367 OPP.
2426 307 2606 367 PARS
2645 309 2686 366 1.
2726 299 2794 352 -έ
2832 308 3286 370 THEOLOGICA.

3715 291 3821 380 est

2167 423 2222 486 Α
2246 439 2354 495 quo
2397 434 2690 482 monentur
2741 433 2796 482 et
2827 441 2936 482 suae
2987 428 3327 498 negligentiae
3354 437 3409 484 et
3437 427 3580 485 illius
3619 429 3737 488 ﬁdei
3763 445 3822 492 et

628 517 826 602 (liam,
853 529 906 584 in
938 529 1027 583 lib.
1048 527 1198 600 Reg.,
1225 538 1356 584 tom.
1390 529 1497 600 lli.)
1527 529 1672 585 Mira
1693 530 1837 602 regis
1862 530 2146 586 humilitas

2249 517 2485 587 iustitiae,
2516 518 2641 588 quia
2674 517 2728 571 in
2756 526 2965 572 tantum
3005 518 3180 590 diligit
3234 519 3376 576 Deus
3416 519 3708 590 justitiam,
3761 535 3824 582 ut

571 632 627 678 et
647 621 956 694 prudentia,
982 629 1113 688 etc.,
1138 639 1298 694 usque
1326 622 1396 676 ad
1416 630 1470 677 et
1492 624 1768 680 inimicum
1789 625 1842 679 in
1874 640 1971 680 sua
1999 633 2145 679 terra

572 719 695 772 esSe
720 715 1062 768 moriturum.

645 805 807 861 Vnus.
858 807 911 861 9.
976 837 1048 847 —
1093 804 1330 876 Cumque
1385 809 1637 864 audisset.
1686 810 1704 880 (
1731 810 1853 882 In.)
1920 808 2147 866 Valente

571 899 682 953 Deo
724 897 998 952 Rabsaces
1039 897 1276 953 deseruit
1314 899 1647 956 obsidionem
1723 899 2042 966 Jerusalem,
2091 911 2147 957 et

572 989 776 1044 lnvenit
802 989 1085 1044 Dominum
1115 1004 1271 1044 suum
1294 990 1376 1044 vel
1401 1001 1560 1061 capta
1591 991 1674 1044 vel
1702 991 1912 1046 deserta
1953 989 2147 1046 Lachis

571 1091 972 1152 oppugnantem
1011 1080 1270 1136 Lobnam.
1304 1080 1674 1137 Sennacherib
1705 1097 1997 1136 occurrens
2031 1081 2145 1152 regi

571 1170 910 1242 Ethiopum,
962 1170 1110 1226 misit
1155 1170 1221 1224 ad
1263 1169 1547 1226 Ezechiam
1589 1171 1847 1242 epistolas
1903 1179 1961 1224 ut
2011 1185 2148 1240 quos

569 1263 776 1318 viribus
794 1278 898 1317 non
919 1261 1084 1333 cepit,
1106 1276 1352 1317 sermone
1380 1269 1620 1317 terreret.
1649 1261 1925 1333 Pugnasse
1944 1261 2149 1317 Scnna-

572 1355 758 1408 cherib
821 1362 1007 1408 contra
1061 1353 1345 1424 Egyptios
1393 1363 1448 1409 et
1495 1353 1770 1408 obsedisse
1827 1353 2099 1407 Pelusium
2131 1394 2147 1420 ,

565 1445 785 1515 jamque
815 1445 1104 1500 exstructis
1151 1446 1437 1515 aggeribus
1477 1445 1611 1499 urbe
1641 1445 1901 1514 capienda
1937 1446 2150 1501 venisse

571 1536 873 1591 Taracham
927 1551 1112 1607 regem
1173 1534 1492 1606 [Ethiopum
1540 1536 1594 1590 in
1643 1535 1903 1590 auxilium
1961 1544 2152 1591 narrat

570 1627 894 1684 Herodotus.

643 1721 825 1793 (nam)
857 1721 1014 1775 Prius
1043 1719 1307 1776 Ezechias
1328 1719 1542 1776 Domini
1571 1728 1780 1776 terrore
1823 1719 2148 1791 perterritus

2245 615 2491 676 posteros
2519 605 2782 676 majorum
2804 608 3003 662 virtute
3027 616 3262 663 tueatur.

2317 695 2484 750 Vnus.
2513 695 2603 751 55.
2633 727 2704 736 -
2740 694 2968 751 Factum
3016 707 3092 751 est
3132 701 3316 768 igitur.
3367 699 3548 772 (ΒΑΕ.)
3605 702 3707 757 Tot
3753 706 3822 760 ab

2246 803 2354 843 uno
2381 787 2570 858 angelo
2592 803 2695 841 una
2724 797 2881 842 nocte
2916 788 3216 852 caeduntur,
3247 799 3303 844 et
3333 792 3537 861 absque
3581 794 3822 850 vulneri-

2247 876 2349 932 bus
2383 893 2527 932 mors
2556 892 2695 931 sava
2722 877 2999 931 discurrit.
3033 877 3210 948 Super
3236 895 3344 950 quo
3379 881 3430 934 in
3458 882 3826 953 Paralipome-

2249 975 2332 1028 nis
2359 973 2592 1044 legitur:
2627 972 2695 1026 Et
2720 975 2858 1027 misit
2884 973 3142 1028 Dominus
3179 976 3420 1045 angelum
3461 978 3550 1048 qui
3573 981 3826 1048 percussit

2250 1080 2453 1118 onmem
2496 1066 2659 1119 virum
2692 1067 2961 1118 robustum
2999 1074 3047 1118 et
3076 1063 3400 1132 bellatorem,
3439 1069 3829 1141 principemque

2249 1160 2505 1213 exercitus
2547 1159 2900 1228 Assyriorum.
2967 1157 3346 1228 Reversusque
3394 1169 3476 1216 est
3515 1177 3637 1216 cum
3667 1162 3848 1234 igno-_

2251 1251 2415 1304 minia
2443 1249 2497 1303 in
2534 1257 2733 1303 terram
2771 1263 2942 1302 suam.
2986 1245 3090 1314 Qui
3127 1259 3374 1306 servatus
3416 1261 3520 1318 est,
3565 1261 3622 1308 ut
3673 1254 3832 1310 lieret

2253 1343 2407 1397 testis
2450 1343 2746 1412 majestatis
2796 1340 2938 1395 illius
2995 1355 3158 1410 quem
3204 1342 3364 1412 paulo
3415 1355 3542 1401 ante
3583 1353 3827 1401 contem-

2252 1443 2454 1505 pserat.

2324 1527 2486 1582 Vens.
2515 1528 2605 1582 57.
2636 1529 2958 1602 —Cumque
3012 1534 3257 1587 adoraret
3309 1533 3364 1585 in
3412 1530 3621 1602 templo.
3644 1531 3830 1605 (ΚΑΒ.)

2253 1619 2415 1685 Quasi
2449 1621 2724 1674 victoriam
2756 1623 2821 1676 de
2858 1624 3105 1679 hostibus
3130 1629 3458 1692 reportaret,
3487 1632 3831 1692 contemptor

2253 1709 2366 1764 veri
2396 1709 2489 1764 Dei
2516 1709 2569 1764 in
2595 1710 2718 1765 fano
2739 1711 2861 1767 falsi
2895 1715 3132 1770 numinis
3158 1715 3462 1769 trucidatur
3493 1733 3506 1769 :
3537 1730 3638 1770 nec
3665 1730 3834 1784 ange-

571 1787 881 1866 adorare'in
911 1811 1110 1881 templo
1146 1825 1253 1866 non
1298 1811 1532 1866 audebat
1566 1811 1649 1866 vel
1681 1787 1882 1866 liberas
1934 1811 2005 1865 ibi
2029 1811 2149 1866 fun—

2253 1801 2356 1856 lieo
2378 1802 2517 1870 perit
2547 1802 2726 1873 gladio
2756 1806 2899 1874 quod
2927 1814 3048 1860 erat
3071 1794 3504 1872 communefsed
3537 1807 3834 1876 parricidio

570 1905 698 1957 dere
724 1915 937 1973 preces,
983 1919 1126 1958 nunc
1155 1903 1366 1958 dicente
1416 1903 1553 1958 Isaia
1581 1922 1593 1957 :
1622 1902 1705 1958 Ne
1736 1905 1918 1958 timeas
1941 1921 1973 1956 a
2013 1903 2149 1974 facie

569 1995 839 2050 verborum
862 2012 979 2065 quae
1017 1995 1214 2050 audisti
1245 1994 1378 2067 (Isa.
1402 1996 1538 2061 xu),
1570 1997 1825 2052 audacter
1863 1995 2148 2052 Dominum

572 2084 916 2156 deprecatur.

643 2175 802 2232 Vsus.
828 2177 918 2231 2-1.
957 2208 1029 2218 —
1056 2176 1214 2248 Virgo
1236 2177 1369 2247 ﬁlia.
1394 2177 1575 2249 (nam)
1602 2177 1736 2246 Quia
1767 2179 1978 2234 cunctis
2016 2194 2148 2250 gen-

569 2268 713 2324 tibus
741 2269 881 2324 idola
902 2259 1276 2334 adorantibns,
1306 2271 1421 2324 haec
1455 2269 1568 2325 sola
1601 2280 1891 2326 conservat
1929 2271 2151 2326 castita-

567 2366 675 2411 tem
696 2357 972 2434 religionis
999 2359 1158 2414 unius
1178 2359 1296 2424 Dei,
1324 2369 1377 2414 et
1403 2375 1522 2430 quae
1553 2375 1621 2414 ne
1650 2361 1716 2416 ad
1739 2359 2000 2430 majorem
2025 2360 2144 2416 bla-

567 2448 870 2518 Sphemiam
907 2451 1228 2515 concitaret,
1264 2450 1516 2520 praesenti
1545 2467 1652 2504 non
1679 2453 1957 2522 respondit
1983 2471 1995 2505 :
2025 2444 2161 2522 post-

565 2541 851 2595 abeuntem
881 2540 1050 2594 movit
1071 2548 1234 2610 caput
1257 2541 1324 2595 ad
1352 2541 1649 2609 rogandum
1671 2541 1860 2606 Deum,
1889 2542 1970 2596 vel
1992 2554 2140 2596 certe

565 2634 634 2688 ad
674 2633 1021 2689 deridendam
1071 2635 1435 2704 arrogantiam
1466 2633 1584 2700 ejus
1623 2643 1772 2688 certa
1825 2635 1889 2687 de
1919 2633 2141 2690 ultione.

565 2721 676 2779 Nec
704 2724 817 2796 ipse
842 2740 938 2794 per
961 2739 1039 2790 se,
1071 2724 1166 2780 sed
1193 2739 1288 2795 per
1321 2739 1507 2779 servos
1535 2739 1684 2790 suos,
1713 2733 1774 2778 ut
1800 2724 1976 2795 major
1999 2731 2146 2780 esset

565 2815 901 2885 arrogantia,
926 2815 1214 2870 Dominum
1252 2814 1666 2884 blasphemavit.

636 2907 802 2963 Vnus.
831 2909 924 2964 25.
949 2900 1303 2963 -Ἐπεειδω
1337 2908 1459 2981 (ιο.)
1511 2908 1751 2963 Altitudo
1797 2908 2062 2982 montium
2090 2916 2147 2964 et

563 2999 688 3073 iuga
709 3001 900 3057 Libani
943 3001 1171 3056 excelsae
1213 3001 1360 3056 cedri
1403 3009 1459 3056 et
1507 3002 1733 3057 abietes.
1762 2999 1859 3055 Vel
1901 3016 1997 3072 per
2029 3015 2144 3056 me-

565 3095 846 3166 taphoram
898 3095 964 3149 de
1005 3093 1217 3149 cunctis
1263 3091 1514 3163 gentibus
1567 3091 1938 3162 accipiendum
1977 3100 2060 3146 est
2088 3101 2144 3146 et

565 3185 899 3257 principibus
941 3199 1148 3240 earum.
1179 3181 1274 3238 Vel
1322 3183 1388 3238 de
1414 3182 1772 3248 Hierusalem,
1804 3197 1924 3252 qua:
1951 3190 2034 3238 est
2053 3181 2146 3237 Li-

565 3269 762 3335 banus,
786 3269 932 3323 cedri
959 3278 1015 3324 et
1043 3268 1273 3332 abietes,
1295 3275 1548 3338 potentes
1567 3277 1622 3320 et
1654 3267 1962 3337 optimates.

639 3361 906 3417 Vsnsﬂb.
931 3391 1001 3400 —
1021 3341 1090 3413 Et
1133 3360 1348 3438 siccavi.
1376 3358 1500 3428 tlu.)
1532 3357 1628 3412 Vel
1671 3374 1784 3429 prae
1807 3357 2149 3413 multitudine

567 3452 842 3508 exercitus
883 3451 1065 3506 omnia
1094 3449 1293 3506 ﬂuenta
1323 3451 1569 3517 siccavit,
1609 3459 1669 3504 ut
1706 3460 1897 3520 puteos
1936 3449 2038 3505 sibi
2067 3449 2150 3506 fo-

570 3544 701 3598 dere
750 3543 1061 3613 compulsus
1089 3544 1177 3598 sit.
1211 3543 1308 3598 Vel
1333 3545 1513 3599 omnis
1548 3543 1794 3614 populus,
1827 3557 1964 3613 quos
1995 3557 2148 3612 aqua:

569 3635 901 3705 signiﬁcant,
934 3651 1032 3690 suo
1073 3643 1315 3690 vastatur
1341 3635 1607 3691 exercitu.

640 3727 806 3781 Vens.
829 3727 921 3782 25.
951 3758 1024 3766 —
1054 3725 1330 3798 Nunquid.
1357 3727 1483 3799 (11).)
1530 3727 1655 3780 lla-0
1684 3741 1750 3780 ex
1784 3740 2017 3795 persona
2045 3724 2149 3780 D0~

569 3819 722 3884 mini,
752 3828 880 3882 etc.,
919 3836 1085 3890 usque
1111 3819 1180 3872 ad
1211 3821 1355 3890 quod
1384 3828 1528 3872 tuam
1569 3817 1906 3873 ferocitatem
1945 3817 2147 3884 domet,

572 3919 629 3965 et
655 3919 707 3965 te
731 3912 953 3966 reducat
981 3911 1034 3964 in
1062 3911 1330 3982 Assyrios.

651 4002 814 4056 Vnus.
841 3987 929 4054 2'9.
953 4031 1026 4041 —
1058 4001 1169 4054 Hoc
1214 4003 1309 4055 erit
1355 4002 1581 4071 signant.
1615 3999 1738 4071 (ιν.)
1776 4000 1976 4054 Eorum
2008 4013 2150 4070 qua:

573 4095 894 4167 prtenuntio,
949 4104 1078 4159 etc.,
1117 4093 1280 4164 usque
1325 4093 1392 4146 ad
1443 4095 1550 4147 imo
1578 4093 1696 4147 zelo
1740 4107 1847 4162 quo
1893 4091 2150 4146 adversus

575 4187 772 4256 impios
795 4185 1003 4240 zelatus
1031 4193 1112 4239 est
1140 4184 1394 4254 populum
1423 4200 1598 4238 suum.

647 4279 891 4333 Comede.
930 4277 1096 4332 Isaias
1127 4279 1199 4331 ita
1227 4294 1239 4329 :
1271 4274 1494 4330 Comede
1539 4275 1634 4329 hoc
1660 4291 1798 4330 anno
1825 4291 1942 4346 qua:
1970 4283 2150 4344 sponte

575 4383 883 4436 nascuntur,
911 4380 959 4424 et
999 4387 1137 4424 anno
1169 4368 1396 4423 secundo
1440 4384 1638 4422 vescere
1671 4368 1856 4438 paruis.
1909 4365 1977 4420 In
2011 4381 2149 4420 anno

576 4475 752 4518 autem
791 4463 944 4517 tertio
988 4466 1270 4527 seminate,
1319 4459 1550 4532 plantate
1595 4460 1773 4514 vineas
1816 4468 1867 4514 et
1902 4459 2151 4514 comedite

576 4556 780 4620 fructus
802 4571 1004 4620 earum,
1031 4564 1079 4609 et
1113 4555 1279 4608 mittet
1322 4552 1377 4606 id
1425 4553 1563 4624 quod
1607 4552 1864 4606 salvatum
1903 4551 2060 4620 fuerit
2095 4550 2151 4602 in

576 4650 730 4702 domo
781 4647 968 4712 Juda;
1015 4655 1064 4700 et
1110 4646 1250 4717 quod
1303 4643 1560 4716 reliquum
1607 4654 1682 4698 est
1727 4643 1954 4698 radicem
1995 4641 2148 4696 deor-

577 4757 729 4804 sum,
775 4749 822 4793 et
871 4740 1027 4810 faciet
1072 4741 1302 4808 fructum
1331 4780 1346 4805 ,
1394 4741 1519 4806 quia
1569 4738 1632 4791 de
1680 4736 2012 4792 Hierusalem
2059 4751 2151 4791 ex-

577 4833 726 4886 ibunt
760 4830 1012 4901 reliquirc,
1035 4841 1084 4884 et
1115 4831 1334 4885 salvatio
1369 4829 1434 4883 de
1463 4838 1635 4882 monte
1664 4826 1812 4881 Sion.
1843 4815 1998 4881 Zelus
2039 4826 2152 4880 Do-

576 4923 703 4977 mini
740 4923 1058 4976 exercituum
1107 4922 1258 4990 faciet
1294 4921 1390 4973 Itoc
1452 4918 1588 4989 (Isa.
1619 4917 1848 4989 xxxvn).
1893 4915 2154 4972 Omnibus

579 5017 648 5070 ab
689 5015 930 5089 exercitu
961 5013 1185 5068 vastatis
1225 5011 1432 5066 comede
1466 5028 1584 5082 qua:
1611 5011 1802 5064 iterum
1845 5010 2154 5081 germinare,

577 5107 691 5162 sive
721 5123 838 5178 qua'
861 5107 998 5160 inter
1019 5103 1245 5175 ungulas
1270 5120 1521 5174 equorum
1541 5103 1756 5157 evadere
1777 5112 2072 5173 potuerunt.
2091 5101 2157 5156 In

577 5198 805 5252 secundo
839 5213 979 5252 anno
1018 5211 1137 5268 quae
1165 5205 1345 5267 sponte
1373 5203 1661 5248 nascuntur
1697 5194 1808 5248 sine
1842 5193 2037 5248 labore.
2061 5193 2158 5249 Vel

576 5286 921 5342 simulatione
965 5287 1069 5342 hoc
1111 5285 1312 5342 dictum
1334 5293 1438 5351 est,
1464 5284 1591 5355 quia
1613 5284 1877 5352 putabant
1920 5299 1980 5340 se
2015 5282 2157 5338 fame

576 5379 868 5451 perituros.

648 5471 814 5527 Vnus.
845 5470 934 5526 54.
959 5501 1028 5512 —
1050 5467 1120 5525 Et
1139 5477 1349 5542 propter
1371 5468 1543 5523 David
1564 5484 1790 5523 servum.
1819 5466 2002 5540 (ΗΑΒ.)
2023 5468 2156 5525 Pro-

576 5569 700 5633 pter
713 5559 1011 5616 futurorum
1027 5575 1198 5630 spem,
1214 5568 1536 5632 prmsentem
1555 5560 1760 5614 excutit
1775 5568 1999 5614 metum.
2019 5561 2159 5617 Dicit

581 5659 786 5716 autem,
815 5652 941 5722 quia
972 5668 1079 5706 non
1104 5667 1203 5706 suo
1221 5652 1438 5715 merito,
1465 5650 1559 5705 sed
1596 5649 1692 5704 Dei
1721 5649 2008 5706 clementia
2027 5667 2156 5708 con-

581 5750 888 5808 serventur,
916 5743 1024 5798 imo
1059 5753 1113 5796 et
1135 5743 1303 5814 patris
1327 5757 1516 5798 eorum
1557 5739 1727 5797 David
1757 5742 2019 5799 memoria
2051 5763 2064 5800 :
2099 5745 2154 5803 in

2173 3144 2220 3206 (Ζ

2251 1893 2504 1949 ﬁliorum.

2321 1981 2442 2054 (Ιο.)
2473 1984 2683 2042 Pharao
2710 2001 2924 2058 quoque
2963 1987 3017 2042 in
3065 1988 3254 2043 decem
3301 1985 3525 2059 Egypti
3578 1997 3835 2048 servatur

2249 2076 2446 2148 plagis,
2473 2087 2534 2133 ut
2561 2081 2887 2136 novissimus
2912 2091 3117 2152 pereat.

2321 2168 2387 2223 In
2416 2180 2607 2226 terram
2638 2171 3275 2231 Armeniorum.Ararath
3301 2175 3451 2246 regio
3480 2175 3537 2230 in
3567 2176 3832 2236 Armenia

2247 2265 2561 2333 campestri,
2589 2279 2688 2333 per
2715 2281 2876 2334 quam
2902 2265 3113 2321 Araxes
3144 2265 3262 2322 ﬂuit
3298 2267 3628 2324 incredibilis
3666 2270 3834 2324 uber-

2252 2354 2375 2408 tatis
2427 2354 2495 2408 ad
2529 2355 2736 2409 radices
2789 2357 2954 2410 Tauri
3006 2358 3224 2413 montis.
3277 2359 3419 2430 Ergo
3467 2367 3522 2413 et
3559 2375 3686 2417 arca
3719 2361 3838 2418 Noe

2249 2460 2356 2500 non
2385 2445 2454 2499 ad
2490 2455 2700 2500 montes
2733 2448 3056 2516 generaliter
3090 2449 3363 2504 Armeniae
3403 2450 3577 2505 delata
3607 2460 3708 2515 est,
3733 2451 3838 2508 sed

2249 2537 2316 2592 ad
2378 2547 2591 2595 montes
2631 2538 2796 2594 Tauri
2845 2539 3135 2597 altissimos
3183 2541 3276 2611 qui
3317 2541 3552 2598 Ararath
3587 2543 3840 2600 imminet

2247 2645 2472 2701 campis.

2843 2765 3072 2822 CAPUT
3109 2765 3227 2821 XX.

2316 2897 2480 2956 Vt-z'ns.
2512 2901 2564 2956 1.
2595 2931 2664 2941 —
2702 2899 2768 2954 In
2813 2901 2994 2955 diebus
3037 2901 3166 2956 illis.
3219 2901 3378 2968 (Rau.
3422 2903 3476 2956 in
3523 2903 3613 2956 lib.
3673 2903 3837 2974 Reg.,

2247 3003 2378 3050 tom.
2408 2993 2518 3067 ΙΙΙ.)
2549 2993 2628 3049 Ne
2660 2995 2967 3049 elevaretur
3001 3010 3095 3049 cor
3119 2995 3366 3050 Ezechiae
3387 3003 3506 3065 post
3533 2995 3837 3050 incredibi-

2247 3087 2325 3144 les
2349 3089 2670 3159 triumphos,
2703 3088 3011 3143 infirmitate
3040 3089 3282 3159 corporis
3307 3090 3556 3144 visitatur
3596 3099 3652 3144 et
3677 3091 3838 3145 audit

2249 3195 2309 3236 se
2336 3195 2455 3236 esse
2485 3181 2831 3248 moriturum,
2872 3189 2932 3236 ut
2969 3196 3266 3238 conversus
3296 3183 3364 3236 ad
3393 3183 3704 3248 Dominum,
3734 3182 3841 3239 lle-

2249 3271 2360 3327 cta‘t
2401 3274 2742 3328 sententiam.

2318 3365 2520 3422 Cuncta
2550 3365 2692 3422 Deus
2717 3373 2966 3422 secutura
2993 3367 3284 3438 praeseiens
3311 3376 3436 3424 ante
3475 3369 3699 3435 saecula,
3727 3368 3836 3423 de-

2249 3459 2421 3514 crevit
2458 3459 2690 3529 qualiter
2731 3475 2829 3528 per
2873 3460 3070 3516 szecula
3120 3460 3495 3532 disponantur.
3553 3460 3840 3518 Statutum

2249 3564 2378 3617 ergo
2398 3557 2480 3605 est
2519 3552 2778 3619 quantum
2808 3550 2862 3603 in
2893 3551 3008 3621 ipsa
3038 3551 3148 3604 vita
3189 3550 3407 3605 mortali
3449 3551 3837 3620 temporaliter

2249 3642 2480 3694 vivatur.
2505 3639 2638 3694 Nam
2667 3642 2770 3695 etsi
2798 3657 2970 3697 annos
2995 3641 3303 3711 quindecim
3334 3641 3584 3697 Ezechiae
3626 3642 3842 3699 addidit

2251 3731 2413 3796 Dws,
2443 3746 2567 3786 eum
2609 3740 2790 3786 tamen
2826 3748 2950 3786 curn
2981 3732 3118 3786 mori
3146 3733 3419 3802 permisit,
3455 3741 3582 3788 tunc
3610 3735 3841 3803 praesci-

2249 3821 2329 3876 vit
2353 3838 2476 3877 eum
2519 3837 2640 3877 esse
2681 3822 3027 3878 moriturum.
3063 3821 3162 3892 Cpi
3188 3837 3310 3876 cum
3341 3824 3533 3878 mortis
3563 3825 3842 3880 sententia

2250 3911 2394 3966 dicta
2421 3921 2524 3976 est,
2553 3914 2802 3983 protinus
2825 3914 2888 3966 ad
2922 3911 3040 3980 ejus
3075 3913 3346 3983 lacrymas
3367 3915 3475 3968 vita
3506 3923 3588 3970 est
3623 3915 3837 3972 addita.

2251 4003 2328 4058 Eo
2369 4005 2586 4073 quidem
2641 4014 2882 4073 tempore
2930 4004 3069 4058 mori
3110 4005 3439 4071 merebatur,
3489 4006 3577 4075 qui
3633 4006 3837 4074 elatus,

2251 4097 2477 4151 Domino
2504 4096 2708 4166 gratias
2736 4111 2835 4166 pro
2878 4096 3154 4165 inopinata
3185 4096 3412 4150 victoria
3442 4112 3547 4151 non
3575 4097 3837 4164 reddidit,

2251 4187 2456 4241 scilicet
2483 4188 2610 4256 quia
2648 4203 2760 4242 sua:
2797 4185 3022 4254 justitite
3060 4196 3115 4242 et
3155 4189 3363 4243 meritis
3395 4189 3688 4258 deputavit.
3722 4189 3839 4246 Nec

2252 4281 2530 4350 prazlixum
2559 4281 2614 4334 in
2645 4280 2984 4350 prtescientia
3027 4281 3120 4336 Dei
3153 4289 3366 4350 tempus
3389 4283 3512 4336 vitm
3548 4282 3840 4352 prolonga-

2251 4384 2364 4430 tum
2391 4381 2495 4437 est,
2527 4371 2620 4426 sed
2663 4371 2794 4426 illud
2824 4372 2968 4440 quod
3006 4369 3282 4441 peccando
3321 4374 3600 4437 amiserat,
3625 4387 3692 4427 ex
3722 4373 3839 4428 lar-

2254 4466 2420 4537 gitate
2445 4462 2540 4518 Dei
2568 4461 2838 4518 redditum
2867 4469 3005 4516 erat.
3036 4459 3140 4527 Qui
3168 4476 3292 4516 cum
3342 4463 3662 4516 moriturum
3691 4478 3841 4532 prae-

2257 4555 2412 4620 dixit,
2453 4562 2576 4608 ante
2618 4551 2992 4622 paenitentiam
3042 4551 3185 4606 illius
3227 4552 3517 4621 praescivit.
3557 4551 3844 4608 Convertit

2258 4644 2451 4700 faciem
2479 4642 2546 4698 ad
2570 4642 2834 4712 parietem
2863 4640 3066 4712 templi,
3093 4642 3220 4710 quia
3247 4642 3315 4697 ad
3346 4641 3602 4713 templum
3625 4642 3704 4697 ire
3727 4658 3839 4697 non

2257 4745 2488 4810 poterat.
2531 4734 2797 4789 Parietem
2827 4733 3010 4804 templi
3047 4733 3176 4788 dicit
3210 4732 3363 4802 juxta
3391 4735 3534 4804 quod
3575 4733 3841 4804 palatium

2259 4837 2399 4892 erat,
2452 4825 2537 4880 vel
2585 4825 2653 4880 ad
2694 4825 2957 4893 parietem
2991 4822 3255 4890 absolute,
3302 4839 3371 4879 ne
3411 4824 3676 4896 lacnymas
3703 4825 3840 4880 assi-

2261 4919 2526 4976 stentibus
2567 4925 2890 4981 ostentaret,
2925 4925 2989 4971 ut
3027 4925 3140 4972 tota
3169 4926 3352 4971 mente
3388 4917 3556 4972 Deum
3577 4917 3840 4988 depreca-

2260 5021 2427 5070 retur.

2331 5103 2498 5159 Vsus.
2528 5103 2585 5158 2.
2612 5133 2682 5143 —
2711 5101 2816 5168 Qui
2850 5101 3115 5156 convertit.
3160 5099 3340 5173 (ΗΑΒ.)
3368 5100 3517 5155 Felix
3559 5100 3839 5155 conscien-

2259 5198 2351 5260 tia,
2401 5206 2535 5262 etc.,
2587 5211 2748 5266 usque
2806 5193 2875 5248 ad
2913 5195 3078 5248 ver-ba
3126 5195 3271 5248 enim
3311 5193 3646 5263 singulorum
3692 5192 3839 5247 Deus

2257 5297 2450 5358 pensat
2482 5303 2549 5342 ex
2577 5286 2740 5340 corde
2767 5285 3023 5356 ipsorum.

2329 5376 2494 5430 Vens.
2545 5375 2599 5429 5.
2653 5406 2726 5416 -
2778 5374 2949 5430 Flevit
2994 5377 3185 5446 itaque.
3238 5375 3360 5449 (11).)
3406 5373 3581 5431 Flevit
3617 5383 3842 5445 propter

2241 5445 2669 5540 promissionem
2701 5466 2935 5532 Domini,
2965 5445 3095 5532 etc.,
3143 5445 3304 5538 usque
3342 5445 3420 5521 ad
3450 5476 3506 5521 et
3530 5478 3653 5535 post
3683 5480 3836 5520 mor-

2260 5569 2368 5615 tem
2398 5559 2743 5614 resuscitatos
2783 5558 3046 5628 plurimos
3087 5558 3332 5629 legimus.

2330 5652 2492 5707 Vsus.
2521 5652 2573 5705 7.
2603 5651 2886 5720 —-A/)'erte
2919 5668 3166 5706 massam.
3192 5650 3372 5723 (ΗΑΒ.)
3400 5650 3636 5706 Verbum
3663 5647 3840 5704 sehim

2261 5745 2372 5802 sive
2385 5744 2554 5800 schim
2566 5752 2726 5805 Dim
2743 5743 2824 5814 (ut
2838 5742 2988 5798 aiunt
3010 5741 3243 5815 Hebraei)
3257 5742 3410 5799 ulcus
3430 5749 3586 5798 sonat
3601 5754 3706 5794 non
3726 5734 3839 5792 vul-
