4122 6350
349 437 454 494 625
1335 431 1604 493 GLOSSA
1641 426 2037 490 ORDINARIA.
2078 461 2146 471 -
2183 430 2313 488 LIB.
2354 429 2420 490 IV
2457 431 2616 489 RBG.

281 538 292 545 ’
345 565 450 606 nus
467 567 478 603 :
495 549 596 604 hoc
614 547 890 619 inﬂigitur,
905 549 1035 606 illud
1053 558 1245 621 sponte
1265 550 1524 606 nascitur.
1548 548 1682 603 Nam
1700 546 1912 618 Aquila,
1943 547 1997 608 Α
2019 545 2170 600 chias
2192 561 2352 617 super
2368 547 2615 616 sepulcra
2635 558 2840 618 regum,
2872 549 2998 618 quia
3033 547 3149 617 ejus
3177 550 3484 620 sepulcrum
3511 561 3593 605 est

347 640 705 713 Symmachus
742 650 798 696 et
836 641 1148 708 Theodotio,
1202 657 1330 698 aroc
1374 642 1712 712 interpretati
1758 647 1916 704 sunt,
2021 633 2287 692 excelsius
2307 634 2631 693 fabricatum
2659 652 2824 692 causa
2846 638 3062 709 pietatis
3089 640 3590 724 quacoluitvDeum.

3491 435 3592 490 6‘26
3665 399 3696 488 ,ε

348 735 492 806 quod
520 734 768 790 morbum
797 735 1001 806 regium
1027 735 1356 807 intelligunt,
1395 735 1486 790 cui
1515 732 1792 789 contrario
1813 747 1918 802 pu-

349 832 535 882 tantur
556 824 642 880 vel
669 833 880 895 sumpta
907 823 962 878 in
989 825 1131 891 cibo,
1152 825 1238 880 vel
1268 825 1509 895 apposita
1533 823 1747 894 corpori
1774 836 1919 892 quaa—

346 929 558 984 cunque
592 920 720 968 sunt
744 912 940 967 dulcia.
972 912 1068 968 Dei
1109 928 1240 983 ergo
1281 913 1524 983 potentia
1563 918 1915 976 monstratur,

349 1007 473 1063 dum
515 1021 610 1078 per
639 1021 727 1062 res
769 1006 960 1061 noxias
985 1007 1188 1062 sanitas
1219 1006 1540 1062 restituitur.
1585 1003 1689 1058 Alii
1720 1003 1917 1069 schim,

348 1107 620 1169 apostema
663 1097 1019 1168 suspicantur,
1045 1098 1260 1168 quando
1303 1107 1511 1152 tumens
1535 1109 1734 1164 corpus
1763 1101 1918 1148 cocto

347 1199 401 1246 et
425 1200 765 1261 putrescente
790 1204 927 1260 pure
963 1189 1275 1259 completur.
1323 1189 1389 1243 Et
1412 1189 1565 1258 juxta
1593 1195 1767 1241 artem
1799 1199 1915 1240 me-

346 1281 608 1348 dicorum,
637 1281 812 1336 omnis
846 1281 1027 1336 sanies
1050 1279 1365 1336 siccioribus
1392 1279 1506 1334 ficis
1534 1285 1694 1349 atque
1722 1285 1915 1332 contu-

345 1375 420 1430 sis
452 1375 504 1430 in
541 1377 678 1430 cutis
706 1373 1044 1444 superficiem
1075 1382 1419 1444 provocatur.
1633 1424 1638 1428 .

416 1468 598 1540 (ΗΑΒ.)
628 1466 796 1522 Datur
837 1467 1046 1538 signum
1078 1475 1137 1521 ut
1179 1466 1260 1521 sol
1303 1465 1487 1520 decem
1530 1462 1786 1534 gradibus
1831 1477 1919 1517 re-

347 1566 616 1621 vertatur,
643 1567 771 1622 etc.,
817 1574 977 1628 usque
1015 1560 1085 1610 ad
1111 1565 1166 1612 et
1207 1556 1445 1626 ogdoade
1474 1554 1778 1608 viventibus
1819 1567 1919 1622 per

344 1648 790 1704 resurrectionem
833 1646 1034 1702 Christi
1065 1647 1188 1702 vita:
1222 1646 1394 1715 spatia
1445 1659 1542 1715 pro
1570 1643 1695 1698 vitae
1740 1641 1915 1713 spatio

340 1741 698 1811 protelentur.

414 1835 534 1906 (10.)
557 1835 783 1902 Quidam
805 1836 988 1891 decem
1013 1835 1209 1906 gradus
1224 1835 1488 1891 linearum
1517 1835 1585 1889 ad
1603 1831 1915 1906 mysterium

340 1925 537 1983 Christi
572 1927 1075 1993 transferunt,'etc.,
1125 1945 1282 1998 usque
1321 1928 1388 1982 ad
1432 1937 1487 1982 et
1519 1942 1733 1983 omnem
1768 1925 1914 1979 illam

341 2021 582 2076 umbram
619 2022 750 2094 legis
778 2023 1023 2078 veritatis
1051 2023 1212 2079 radiis
1253 2023 1558 2079 illustravit.

407 2111 567 2168 Vens.
619 2115 706 2168 12.
747 2145 817 2155 —
857 2113 924 2167 In
976 2113 1088 2168 illo.
1135 2112 1258 2185 (In.)
1313 2112 1490 2184 Supra
1537 2113 1756 2184 legitur,
1781 2120 1915 2178 etc.,

337 2219 498 2276 usque
518 2205 586 2259 ad
612 2205 758 2260 illum
788 2206 1116 2262 adorandum
1152 2207 1271 2276 plus
1293 2206 1511 2261 homine
1536 2205 1907 2262 crediderunt.

413 2295 593 2368 (R.\B.)
640 2297 881 2352 Tradunt
911 2297 1140 2359 Hebraii,
1188 2307 1319 2362 etc.,
1361 2315 1522 2368 usque
1561 2297 1630 2351 ad
1661 2297 1730 2352 ad
1769 2296 1914 2352 noti-

339 2387 470 2442 tiam
514 2389 788 2444 hominum
837 2406 935 2461 per
976 2389 1178 2446 factum
1221 2390 1372 2460 pravi
1421 2390 1602 2460 operis
1651 2390 1916 2458 perduce-

341 2491 507 2534 Γθῑιιτ.

409 2571 531 2643 (ln.)
579 2573 882 2645 Hypocritte
920 2590 1133 2645 quoque
1159 2584 1279 2645 post
1319 2591 1542 2646 magnas
1566 2575 1798 2630 virtutes
1822 2573 1914 2630 de-

339 2673 606 2729 crescunt,
637 2665 760 2734 quia
799 2664 962 2720 celari
1009 2665 1061 2719 in
1089 2665 1290 2720 eisdem
1339 2665 1628 2719 virtutibus
1677 2663 1910 2720 nolunt:

340 2753 431 2821 qui
466 2753 589 2808 dum
617 2769 780 2809 suasu
805 2755 1156 2827 malignorum
1193 2755 1476 2826 spirituum
1503 2753 1782 2825 jactantim
1813 2771 1909 2811 ac-

340 2844 642 2914 quiescunt,
689 2847 842 2915 quasi
891 2846 1086 2901 ostium
1129 2861 1234 2914 quo
1281 2847 1481 2900 diutius
1525 2856 1910 2917 congregatum

339 2934 588 2989 amittant
616 2935 860 2990 hostibus
883 2937 1140 3005 pandunt,
1171 2937 1312 2990 unde
1342 2953 1355 2990 :
1392 2936 1633 2990 Tradidit
1657 2937 1712 2991 in
1746 2937 1912 3006 capti-

338 3028 544 3080 vitatem
570 3029 810 3082 virtutem
837 3044 1035 3081 eorum.
1067 3027 1306 3083 Gloriam
1335 3044 1486 3083 suam
1524 3027 1724 3083 Paulus
1763 3027 1912 3083 testi-

304 3121 573 3175 ‘monium
635 3121 979 3176 conscientia:
1027 3137 1136 3176 suae
1182 3133 1459 3183 memorat,
1507 3121 1630 3191 quia
1671 3121 1909 3176 favorem

340 3211 497 3266 alieni
539 3212 652 3266 oris
696 3227 800 3266 non
832 3213 1052 3281 appetit.
1083 3211 1410 3267 Occultanda
1456 3222 1582 3267 sunt
1623 3228 1751 3283 ergo
1788 3229 1908 3282 qua:

340 3303 569 3374 agimus,
593 3319 658 3358 ne
682 3304 784 3358 hoc
814 3303 866 3357 in
889 3302 1048 3372 hujus
1073 3305 1196 3358 vitae
1219 3303 1413 3358 itinere
1443 3305 1657 3359 incaute
1685 3313 1906 3374 portan-

341 3403 422 3449 tes
453 3395 890 3450 latrocinantium
931 3395 1179 3466 spiritum
1205 3396 1510 3451 incursione
1530 3397 1836 3466 perdamus.

409 3487 532 3558 (In.)
591 3487 759 3542 Tacet
818 3489 884 3542 de
937 3503 1043 3558 quo
1100 3490 1385 3544 verebatur
1433 3487 1714 3553 oli‘ensam,
1769 3487 1912 3559 quod

336 3578 649 3633 ostenderat
672 3577 752 3633 eis
781 3587 976 3632 cuncta
1009 3593 1128 3644 qua:
1155 3579 1378 3634 haberet
1403 3579 1456 3632 in
1483 3585 1752 3648 potestate
1791 3593 1908 3645 sua,

338 3669 477 3724 inter
502 3684 619 3738 qua:
645 3669 913 3738 pracipua
947 3677 1065 3723 erat
1087 3669 1276 3739 templi
1329 3669 1590 3740 supellex.
1616 3679 1620 3682 '

409 3761 574 3816 Vens.
609 3761 695 3814 I5.
726 3745 795 3801 —¥
819 3759 1052 3815 Ltctatus
1077 3771 1151 3815 est
1176 3772 1348 3816 autem
1384 3761 1436 3814 in
1477 3761 1702 3815 adventu
1729 3775 1908 3816 eorum

343 3850 616 3906 Ezechias.
655 3852 780 3923 (ιιι.)
806 3852 981 3908 Verba
1009 3851 1225 3906 Dierum
1257 3852 1320 3907 de
1337 3852 1565 3906 Ezechia
1585 3853 1757 3907 aiunt.
1779 3861 1906 3918 etc.,

339 3959 498 4013 usque
527 3943 595 3996 ad
617 3943 961 4013 ostenditque
987 3944 1066 3998 eis
1097 3943 1310 3998 domum
1349 3952 1673 4008 aromatum,
1696 3952 1802 3999 etc.

407 4032 631 4085 Domum
677 4043 992 4097 aromatum,
1030 4042 1078 4086 et
1122 4049 1310 4086 aurum
1353 4043 1403 4087 et
1451 4043 1744 4104 argentum.
1785 4035 1908 4106 (ln.)

340 4125 564 4192 Quidam
589 4125 830 4196 sepulcra
870 4140 1052 4195 regum
1080 4125 1391 4195 opinantur,
1423 4140 1546 4194 qua:
1575 4126 1911 4183 aromatibus

338 4217 493 4288 plena
520 4226 694 4284 erant,
719 4218 842 4288 quia
873 4233 1098 4287 corpora
1130 4233 1313 4288 regum
1344 4218 1641 4288 antiquitus
1665 4211 1905 4291 unguen-

341 4313 411 4368 tis
445 4313 856 4368 condiebantur.
909 4313 1013 4368 Alii
1053 4314 1223 4384 magis
1272 4313 1458 4369 cellam
1507 4322 1806 4368 aromatum
1855 4313 1908 4368 in

342 4403 538 4474 templo
571 4403 779 4459 Domini
805 4403 968 4458 fuisse
1001 4403 1328 4472 intelligunt,
1355 4404 1445 4458 ubi
1482 4402 1910 4458 recondebantur

339 4496 618 4551 odoriferae
648 4497 879 4567 species,
915 4511 980 4551 ex
1019 4497 1216 4566 quibus
1245 4496 1409 4552 ﬁebat
1435 4496 1735 4567 thymiama
1768 4495 1909 4565 quod

341 4587 392 4640 in
422 4587 616 4658 templo
646 4588 854 4642 Domini
889 4585 1232 4642 offerebatur.

412 4675 534 4730 Non
555 4677 652 4747 fuit
687 4678 894 4730 verbum
915 4676 1051 4747 quod
1081 4693 1184 4730 non
1207 4683 1520 4730 monstraret
1543 4676 1616 4729 eis
1645 4674 1905 4728 Ezechias

338 4768 534 4832 in,etc.
554 4767 716 4838 (quod
737 4769 873 4837 apud
896 4767 1149 4822 Hebraeos
1170 4782 1269 4837 pro
1293 4781 1351 4820 re
1376 4765 1689 4836 frequenter
1709 4766 1907 4836 accipi-

342 4859 448 4930 tur)
470 4859 606 4930 quod
634 4877 735 4914 non
773 4859 1049 4914 ostenderit
1085 4860 1158 4914 eis
1199 4860 1254 4911 in
1281 4858 1435 4911 domo
1459 4874 1578 4921 sua,
1615 4867 1662 4911 et
1688 4857 1907 4912 inomni

338 4961 586 5023 potestate
609 4969 725 5007 sua.
753 4951 904 5009 Unde
931 4953 1028 5008 Dei
1051 4952 1131 5006 ira
1159 4951 1482 5021 justissima,
1511 4951 1769 5021 quoniam
1799 4967 1907 5007 non

339 5046 510 5100 solum
537 5047 818 5103 thesauros
867 5063 994 5103 suos
1035 5058 1197 5116 atque
1225 5046 1431 5117 palatii,
1479 5047 1573 5102 sed
1623 5055 1677 5102 et
1726 5047 1909 5118 templi

339 5139 592 5204 ostendit,
635 5139 777 5208 quod
820 5146 965 5194 certe
994 5137 1096 5193 fuit
1137 5138 1418 5209 potestatis
1462 5137 1598 5208 ejus,
1643 5139 1709 5194 de
1754 5135 1905 5209 cujus

336 5229 505 5284 valvis
543 5231 666 5285 atrii
702 5230 928 5286 laminas
957 5240 1080 5286 ante
1101 5231 1215 5302 jam
1238 5229 1454 5285 tulerat.

379 5322 570 5379 ‘Vrzas.
607 5325 691 5379 14.
718 5355 788 5364 -
810 5324 888 5378 De
927 5334 1065 5378 terra
1105 5322 1387 5394 longinqua
1414 5331 1680 5377 venerunt.
1723 5319 1904 5393 (ΗΔΒ.)

341 5413 504 5480 Quasi
533 5415 715 5470 dicat:
762 5415 974 5484 Quanto
1015 5424 1161 5470 terra
1211 5414 1420 5484 longior
1445 5414 1584 5469 unde
1622 5421 1904 5480 venerunt,

343 5514 496 5560 tanto
521 5522 621 5577 ego
643 5507 926 5578 gloriosior
948 5518 1166 5578 pr0pter
1197 5521 1358 5576 quem
1383 5513 1668 5559 venerunt.

409 5597 492 5650 Ad
521 5614 599 5651 me
627 5599 691 5652 de
730 5597 1013 5667 Babylone.
1055 5597 1324 5654 Debuerat
1369 5595 1548 5650 dicere
1589 5593 1657 5648 ad
1706 5593 1908 5666 glorifi-

336 5688 568 5742 candum
596 5688 766 5744 Deum
797 5703 896 5758 pro
925 5689 1063 5758 signi
1097 5687 1482 5758 magnitudine.
1572 5708 1576 5711 ν

407 5779 571 5838 Vnus.
599 5783 686 5838 21.
719 5814 787 5824 -—
814 5783 1169 5852 Dormivitque
1214 5781 1464 5836 Ezechias
1501 5797 1618 5834 cum
1652 5791 1907 5852 patribus,

337 5891 444 5941 etc.
469 5882 525 5939 In
549 5881 992 5954 Paralipomcnis,
1018 5880 1210 5937 dicitur
1228 5881 1371 5944 quod
1406 5877 1644 5948 sepultus
1669 5887 1750 5933 cst
1781 5878 1911 5932 Eze~

2597 773 2822 832 CAPUT
2859 775 3000 830 XXI.

2091 881 2272 956 (ΗΑΒ.)
2299 880 2464 951 Cujus
2499 893 2742 956 tempore
2770 885 2934 942 Isaias
2977 887 3060 960 (ut
3103 890 3318 946 tradunt
3352 889 3584 963 Hebraei)

2018 974 2196 1048 lignea
2223 991 2373 1032 serra
2391 993 2490 1048 per
2526 981 2760 1036 medium
2786 991 3028 1038 serratus
3057 992 3158 1050 est,
3188 986 3312 1055 quia
3335 987 3586 1056 princeps

2020 1065 2376 1142 Sodomorum
2413 1069 2700 1140 appellavit
2742 1087 2855 1138 eos,
2896 1081 3166 1130 vertentes
3199 1075 3251 1130 ei
3295 1075 3351 1130 in
3379 1076 3586 1131 crimen

2017 1160 2160 1227 quod
2182 1159 2390 1215 dixerat
2419 1183 2434 1215 :
2474 1160 2588 1214 Vidi
2623 1162 2904 1236 Dominum
2932 1166 3191 1221 sedentem
3217 1183 3370 1237 super
3397 1167 3586 1222 solium

2017 1248 2275 1303 excelsum
2299 1249 2433 1318 (Isa.
2463 1251 2561 1322 γι).
2590 1253 2699 1307 Deo
2720 1253 2967 1310 dicente:
3002 1254 3126 1311 Non
3147 1255 3336 1312 videbit
3367 1273 3450 1312 me
3487 1259 3584 1312 Ito-

2018 1356 2102 1394 mo
2127 1350 2174 1394 et
2205 1352 2330 1396 viret
2357 1341 2551 1414 (Exod.
2592 1345 2808 1418 xxxnt).

2025 1492 2042 1511 .
2090 1433 2211 1506 (In.)
2242 1434 2517 1492 Manasses
2555 1429 2640 1492 ad.
2663 1439 2803 1494 idola
2835 1455 2893 1496 se
2922 1443 3188 1498 convertit
3223 1452 3277 1499 et
3303 1445 3585 1502 abomina-
3639 1437 3654 1457 “

2019 1524 2211 1581 tiones.
2238 1526 2443 1582 Locuto
2471 1529 2582 1582 Deo
2611 1530 2693 1584 vel
2740 1531 2966 1587 Domino
3006 1534 3072 1588 ad
3118 1550 3260 1600 eum,
3309 1537 3586 1592 attendere

2018 1614 2215 1680 noluit;
2249 1617 2370 1672 ideo
2393 1619 2567 1674 victus
2601 1621 2792 1676 ductus
2829 1632 2914 1678 est
2955 1624 3008 1677 in
3038 1623 3383 1696 Babylonem,
3425 1643 3587 1682 coan-

2017 1717 2263 1779 gustatus
2305 1711 2480 1764 oravit
2514 1712 2795 1766 Dominum
2829 1714 3035 1770 intente
3072 1725 3126 1771 et
3167 1717 3278 1788 egit
3316 1718 3584 1786 painiten-

2019 1799 2151 1853 tiam
2184 1799 2356 1865 valde,
2385 1810 2439 1855 et
2473 1802 2726 1856 exaudita
2768 1813 2850 1859 est
2880 1806 3055 1859 oratio
3082 1805 3216 1874 ejus,
3269 1809 3587 1878 reduxitqnc

1943 1907 1990 1965 Β
2019 1906 2141 1947 eum
2170 1893 2222 1948 in
2267 1909 2490 1964 regnum
2539 1910 2712 1960 suum,
2759 1905 2812 1951 et
2842 1897 3092 1967 cognovit
3134 1897 3406 1952 Manasses
3444 1899 3585 1967 quod

1933 3279 1978 3343 C

1933 4633 1987 4692 D

2020 1983 2278 2041 Dominus
2307 1985 2420 2054 ipse
2442 1995 2524 2042 est
2547 1987 2711 2044 Deus.
2739 1989 2879 2061 Ergo
2906 1998 3025 2060 post
3049 1989 3336 2045 commissa
3379 1989 3585 2045 scelera

2017 2075 2198 2130 nullus
2228 2077 2292 2132 de
2317 2078 2412 2132 Dei
2447 2079 2816 2136 misericordia
2856 2081 3121 2150 desperet,
3159 2081 3254 2137 sed
3280 2081 3452 2152 magis
3488 2096 3586 2150 per

2014 2167 2388 2236 paenitentiam
2419 2184 2568 2239 spem
2596 2171 2766 2226 venite
2798 2172 3013 2227 habeat.

2087 2259 2249 2316 Vens.
2283 2260 2375 2314 24.
2407 2291 2478 2302 —
2506 2261 2729 2316 Josiam.
2765 2263 2948 2334 (ΚΑΒ.)
2980 2261 3157 2318 Josias
3181 2278 3395 2320 omnem
3425 2279 3584 2334 spur-

2015 2349 2198 2406 citiam
2237 2351 2498 2408 idolorum
2529 2355 2853 2420 emendavit,
2896 2363 2952 2410 et
2974 2371 3033 2410 se
3067 2357 3122 2410 in
3150 2356 3245 2412 Dei
3271 2356 3416 2412 cultu
3447 2365 3585 2413 stre—

2016 2458 2120 2497 nue
2144 2445 2405 2510 exercuit,
2429 2445 2572 2501 sicut
2600 2447 2665 2503 de
2703 2446 2796 2503 illo
2823 2457 2948 2504 ante
2977 2448 3134 2522 longe
3158 2449 3473 2522 prtedictum
3503 2459 3586 2507 est

2014 2548 2112 2605 per
2135 2537 2475 2607 prophetam.

2588 2651 2813 2710 CAPUT
2853 2653 3014 2710 XXII.

2083 2776 2249 2836 Vsus.
2284 2779 2372 2835 M.
2401 2813 2473 2824 —
2495 2781 2564 2838 In
2608 2783 2873 2842 Secunda.
2910 2787 3092 2860 (ΒΑΕ.)
3130 2789 3188 2844 1η
3214 2788 3583 2860 Paralipome-

2012 2870 2097 2926 nis
2128 2872 2323 2944 legitur
2347 2873 2415 2930 de
2435 2874 2686 2942 Ezechia,
2717 2879 2860 2948 quod
2886 2879 3174 2935 aedificavit
3209 2896 3423 2937 omnem
3462 2899 3581 2937 mn-

2011 2977 2133 3016 rum
2183 2964 2275 3032 qui
2325 2965 2497 3020 fuerat
2542 2967 2848 3038 dissipatus,
2905 2978 2957 3026 et
3008 2971 3310 3027 forinsecus
3355 2971 3580 3028 alterum

2013 3066 2264 3119 murum;
2312 3055 2452 3110 unde
2497 3055 2799 3126 Sophonias
2867 3077 2879 3112 :
2930 3058 3178 3114 Ululatus
3236 3079 3268 3114 a
3313 3060 3580 3117 Secunda.

2010 3145 2352 3216 Prophetissa
2374 3162 2504 3220 ergo
2527 3149 2788 3206 habitavit
2812 3152 2866 3206 in
2895 3152 3164 3220 Secunda,
3199 3153 3254 3208 id
3279 3162 3381 3221 est,
3412 3155 3464 3209 in
3493 3170 3582 3210 εει

2012 3237 2172 3293 eundi
2203 3238 2341 3292 muri
2367 3248 2538 3309 parte.

2574 3373 2799 3431 CAPUT
2839 3374 3024 3430 XXIII.
3095 3384 3120 3414 ⁸

2085 3487 2248 3544 γης.
2275 3489 2362 3544 10.
2403 3520 2474 3531 -
2517 3489 2915 3546 Contaminavit.
2971 3491 3127 3563 (Ras.
3182 3492 3238 3547 in
3289 3492 3384 3548 lib.
3429 3492 3581 3564 Reg.,

2012 3587 2144 3634 tom.
2171 3579 2478 3650 Ill.).losias
2526 3579 2809 3650 Thopheth
2831 3581 2915 3636 vel
2961 3596 3085 3637 ossa
3125 3589 3460 3638 mortuorum
3510 3585 3584 3640 ibi

2014 3671 2178 3745 (sicut
2215 3673 2270 3727 in
2311 3673 2658 3742 sequentibus
2698 3674 2831 3729 locis
2875 3673 3067 3730 fecisse
3097 3674 3315 3746 legitur)
3349 3674 3435 3730 vel
3478 3675 3584 3730 alia

2011 3762 2264 3833 quaelibet
2301 3763 2575 3819 immunda
2611 3764 2942 3834 dispergens,
2993 3775 3260 3835 quatenus
3297 3766 3581 3820 abomina-

2013 3855 2146 3909 tioni
2193 3856 2370 3925 potius
2411 3871 2573 3926 quam
2620 3857 2958 3912 delectationi
3002 3868 3158 3929 aptus
3193 3860 3443 3915 omnibtts
3489 3859 3582 3929 qui

2014 3945 2318 4014 aspicerent
2343 3945 2492 4002 locus
2517 3957 2821 4018 appareret.
3457 3995 3459 3997 .

2084 4035 2151 4090 In
2179 4037 2428 4094 convalle.
2468 4037 2591 4110 (10.)
2624 4037 2789 4094 Vallis
2821 4039 3030 4097 Enuom
3057 4049 3140 4096 est
3175 4041 3330 4110 juxta
3368 4057 3583 4096 murum

2011 4129 2308 4186 Jerusalem
2334 4140 2520 4186 contra
2545 4132 2829 4200 orientem,
2859 4143 2989 4200 etc.,
3012 4151 3172 4206 usque
3198 4134 3266 4188 ad
3293 4133 3414 4204 quia
3439 4133 3582 4188 Tho-

2011 4225 2179 4295 pheth
2209 4224 2404 4278 dicitur
2432 4224 2675 4280 latitudo.

2082 4313 2246 4369 Vens.
2261 4315 2423 4368 11.-
2440 4314 2684 4368 Abstulit.
2705 4315 2884 4386 (Rm)
2909 4314 3077 4370 .Iudzei
3109 4312 3583 4384 superstitionibus

2012 4407 2248 4478 gentium
2289 4422 2347 4462 se
2379 4407 2834 4475 mancipaverant,
2869 4406 2960 4474 qui
2996 4405 3141 4459 inter
3177 4413 3370 4459 caetera
3405 4403 3583 4459 solent

2010 4499 2232 4568 pingere
2264 4497 2350 4551 vel
2383 4495 2562 4551 facere
2590 4496 2934 4552 simulacrum
2964 4495 3093 4551 solis
3129 4505 3190 4551 ut
3227 4511 3452 4566 puerum
3484 4496 3584 4551 im-

2012 4591 2254 4656 berbem,
2302 4590 2427 4660 quia
2476 4590 2679 4644 nullum
2725 4606 2823 4660 per
2869 4591 3063 4646 saecula
3115 4593 3323 4648 senium
3375 4593 3581 4661 incidit,

2013 4683 2252 4751 quotidie
2281 4697 2418 4736 novo
2463 4692 2584 4736 ortu
2627 4691 2804 4737 natus.
2835 4682 2932 4738 Cui
2961 4698 3152 4738 currus
3178 4692 3233 4738 et
3271 4701 3439 4756 equos
3485 4688 3582 4742 tri-

2012 4771 2204 4837 buunt,
2229 4771 2354 4841 quia
2379 4787 2541 4826 curru
2582 4773 2738 4842 igneo
2767 4782 2821 4828 et
2853 4775 3006 4842 equis
3040 4775 3210 4845 igneis
3233 4777 3376 4832 Elias
3399 4788 3586 4848 raptus

2015 4872 2096 4918 est
2123 4864 2190 4917 ad
2231 4863 2451 4930 caelum,
2485 4865 2629 4935 quod
2667 4853 2807 4919 inter
2840 4865 2944 4920 alia
2991 4866 3044 4920 in
3071 4869 3277 4937 pariete
3315 4872 3583 4941 depictum

2017 4957 2222 5024 vident,
2250 4967 2305 5013 et
2331 4958 2528 5013 vicinia
2571 4958 2802 5014 nominis
2841 4958 3218 5030 decipiuntur:
3257 4962 3403 5018 Elios
3437 4965 3580 5018 enim

2017 5049 2203 5106 Graece
2227 5050 2308 5105 sol
2343 5051 2506 5105 dicitu
2515 5067 2558 5104 r.

2081 5141 2247 5196 Vrsas.
2281 5142 2366 5196 15.
2398 5171 2466 5182 ——
2490 5141 2732 5197 Excetsa.
2765 5142 2948 5216 (ΗΑΒ.)
2997 5144 3137 5200 Dicit
3163 5144 3439 5214 Scriptura
3463 5144 3581 5200 loca

2012 5232 2066 5288 in
2097 5233 2320 5288 collibus
2343 5231 2516 5303 posita
2544 5231 2937 5300 frondentibus,
2970 5235 3023 5289 in
3053 5234 3249 5305 quibus
3270 5235 3354 5290 vel
3383 5237 3576 5291 dmino-

2012 5327 2172 5383 nibus
2225 5325 2612 5391 immolabant;
2664 5325 2744 5380 vel
2777 5325 3315 5392 Domino,~locorum
3356 5331 3580 5385 amomi-

2013 5425 2123 5472 tate
2153 5415 2336 5480 illecti,
2369 5425 2558 5470 contra
2605 5416 2971 5482 interdictum,
3007 5416 3195 5472 relicto
3245 5419 3402 5473 altari
3436 5421 3579 5488 quod

2012 5516 2132 5564 erat
2176 5507 2232 5561 in
2283 5506 2502 5577 templo,
2555 5505 2682 5564 illuc
2733 5506 2963 5562 oblaturi
3019 5504 3396 5562 conﬂuebant:
3441 5510 3581 5565 unde

2014 5599 2208 5668 sapius
2234 5599 2288 5655 in
2315 5600 2417 5654 hoc
2445 5599 2580 5654 libro
2617 5599 2814 5654 dicitur
2840 5600 2905 5654 de
2961 5599 3178 5670 regibus
3229 5601 3404 5656 minus
3456 5615 3580 5671 per-

2016 5691 2169 5747 fectis
2193 5709 2205 5744 :
2232 5689 2615 5746 Verumtamen
2644 5689 2855 5746 excelsa
2885 5706 2991 5746 non
3020 5691 3254 5746 abstulit.

2087 5785 2217 5850 Qua:
2266 5783 2634 5852 a'diﬁcaverat.
2668 5782 2789 5854 (In.)
2841 5781 2939 5837 Hic
2965 5783 3266 5838 ostenditur
3302 5782 3444 5852 quod
3479 5781 3578 5838 Sa-

2014 5877 2191 5934 lomon
2247 5875 2312 5932 de
2369 5875 2603 5931 admisso
2675 5873 2987 5930 idololatria:
3043 5873 3245 5932 scelere
3298 5887 3576 5943 nunquam
