4122 6350
505 369 607 426 62⁵1

992 360 1385 416 WALAFRIDI
1425 357 1668 414 STRABl
1704 355 1911 412 FULD.
1952 352 2115 409 MON.
2159 352 2309 408 OPP.
2351 352 2530 408 PARS
2566 352 2605 408 l.
2648 382 2714 392 —
2755 349 3208 406 THEOLOGICA.

3647 355 3778 450 ϐεδε

509 483 745 558 perfecte
783 479 1033 551 ptemtuit
1079 495 1090 532 :
1125 479 1170 532 si
1209 478 1354 532 enim
1391 491 1517 530 vere
1567 474 1928 546 paenituisset,
1974 479 2083 526 sat-
2109 472 2156 540 Α
2186 486 2352 540 parvo
2395 479 2633 542 tempore
2675 472 2940 542 regnavit,
2971 485 3097 524 nam
3140 469 3356 525 Nechao
3396 472 3570 528 vinxit
3607 451 3774 543 eum,

507 578 707 648 egisset
728 581 853 628 ante
876 571 1058 628 omnia
1081 580 1142 626 ut
1168 568 1310 624 idola
1336 583 1456 639 quae
1475 566 1836 626 aediﬁcaverat
1861 566 1928 622 de
1950 563 2081 619 civi-

507 679 618 727 tate
646 669 1008 724 tollerentur:
1061 674 1115 720 et
1154 679 1258 719 non
1305 663 1360 716 in
1408 660 1720 717 scandalum
1768 657 2076 722 stultorum,

506 777 627 833 quae
657 761 770 831 ipse
795 774 918 814 cum
947 753 1562 825 esset‘sapientissimus
1584 759 1812 808 erronea
1853 749 2080 815 fecerat,

506 852 662 922 quasi
692 850 966 920 sapienter
993 848 1135 902 facta
1166 844 1514 912 relinqueret.

576 942 646 997 Et
693 940 939 997 Chamos.
973 937 1155 1011 (Ihm)
1181 937 1323 992 Alibi
1359 936 1557 1008 legitur
1606 934 1747 1005 quod
1795 931 2082 990 aediﬁcavit

507 1035 759 1091 Salomon
791 1034 977 1088 fanum
1026 1032 1262 1087 Chamos
1311 1032 1365 1085 in
1411 1038 1613 1096 monte,
1649 1030 1738 1099 qui
1765 1036 1851 1084 est
1890 1035 2080 1083 contra

504 1125 822 1182 Jerusalem.
856 1125 961 1180 Sed
989 1139 1094 1178 non
1126 1132 1209 1177 est
1247 1123 1612 1186 contrarium;
1645 1121 1770 1189 quia
1797 1135 1951 1174 mons
1979 1119 2082 1174 iste

505 1218 558 1272 in
593 1226 743 1271 tanta
771 1224 892 1270 erat
940 1215 1088 1269 urbis
1117 1214 1336 1278 vicinia,
1365 1221 1426 1266 ut
1453 1211 1518 1266 ad
1563 1212 1733 1282 ipsam
1785 1210 2078 1281 pertinere,

504 1311 784 1380 ipsamque
832 1308 1101 1372 sordibus,
1127 1321 1246 1376 quae
1281 1306 1337 1360 in
1365 1321 1430 1360 eo
1460 1304 1914 1375 congerebantur,
1946 1318 2078 1358 con-

507 1401 771 1454 taminare
798 1398 1089 1452 videretur.

577 1489 868 1559 Oﬂ'ensiont'
923 1486 1103 1540 Moab.
1159 1486 1286 1558 (ln.)
1325 1486 1469 1541 ldola
1524 1487 1776 1542 dicuntur
1829 1483 2076 1550 offensio,

505 1579 630 1649 quia
681 1580 764 1634 vel
807 1579 912 1634 illis
961 1577 1251 1633 oilenditur
1294 1579 1457 1643 Deus,
1511 1577 1597 1633 vel
1644 1575 1995 1632 offensionem
2025 1583 2080 1631 et

503 1671 716 1726 ruinam
747 1671 858 1724 suis
887 1668 1118 1722 aflerunt
1137 1667 1453 1723 cultoribus.

575 1760 738 1816 Vens.
767 1759 852 1812 16.
883 1789 954 1798 -
983 1757 1123 1810 Tulit
1153 1773 1293 1822 ossa,
1321 1767 1424 1812 etc.
1451 1754 1625 1811 Josias
1671 1769 1792 1810 ossa
1839 1763 2077 1810 mortuo-

503 1868 625 1908 rum
653 1851 887 1906 cremari
917 1866 1078 1920 super
1109 1851 1280 1905 altare
1303 1849 1485 1918 jussit,
1528 1851 1650 1918 quia
1695 1848 1920 1918 profana
1966 1847 2082 1903 fue-

504 1950 634 1996 runt
661 1957 849 1996 eorum
887 1941 1177 2005 sacriﬁcia,
1225 1949 1280 1995 et
1325 1956 1423 2010 per
1464 1955 1704 1995 errorem
1767 1939 2081 1994 idololatriae

508 2047 618 2086 non
652 2031 826 2086 solum
866 2047 1063 2100 pecora
1095 2031 1426 2086 daemonibus
1450 2030 1770 2094 oﬁ'erebant,
1799 2031 1892 2086 sed
1919 2039 1974 2085 et
1999 2046 2084 2086 se-

505 2119 653 2188 ipsos
708 2120 758 2174 in
801 2129 1126 2189 potestatem
1181 2120 1483 2174 daemonum
1520 2119 1899 2175 tradiderunt:
1955 2121 2082 2191 quia

494 2207 643 2278 justo
663 2210 757 2264 Dei
781 2211 1002 2281 judicio.
1021 2209 1178 2265 simul
1203 2226 1326 2265 cum
1356 2211 1512 2264 altari
1540 2211 1680 2280 quod
1716 2210 1872 2266 idolis
1911 2202 2079 2266 fabri-

503 2313 780 2368 caverant,
810 2303 1104 2373 dissipandi
1135 2313 1309 2358 erant.
1346 2303 1585 2374 Mystice,
1619 2303 1707 2371 qui
1742 2303 1936 2358 diaboli
1966 2319 2081 2357 ser-

501 2395 634 2449 vitio
659 2395 972 2464 mancipati,
1021 2396 1188 2449 vitam
1238 2395 1554 2466 sacrilegam
1609 2395 1976 2466 temporaliter
2019 2396 2082 2449 ﬁ-

501 2487 678 2553 niunt,
714 2489 934 2543 :etcrnis
957 2489 1290 2544 cruciatibus
1330 2499 1740 2555 consumentur,
1788 2489 1898 2545 Deo
1927 2490 2084 2544 retri-

462 2609 472 2618 -
502 2579 699 2634 buente
722 2579 1015 2633 secundum
1045 2581 1240 2634 merita

573 2673 738 2726 Vens.
769 2672 858 2724 ξι.
885 2702 956 2710 -
988 2670 1172 2726 Facite
1222 2673 1401 2743 phase.
1449 2673 1632 2746 (11111.)
1677 2671 1852 2728 Josias
1896 2683 2080 2745 typum

504 2768 651 2816 tenet
696 2759 1012 2825 Salvatoris,
1038 2770 1169 2828 etc.,
1198 2779 1360 2833 usque
1400 2763 1468 2816 ad
1490 2777 1509 2814 :
1532 2773 1579 2818 et
1621 2764 1816 2818 orietur
1841 2764 1984 2818 vobis
2013 2765 2081 2817 ti-

502 2852 757 2906 mentibus
778 2851 856 2906 sol
877 2851 1120 2920 justitite.

577 2942 690 2996 Nec
719 2945 854 2998 enim
883 2945 1080 3013 factum
1111 2954 1184 2999 est
1229 2946 1386 3015 phase
1413 2945 1534 3002 tale.
1561 2956 1668 3002 etc.
1693 2947 1850 3016 Quia,
1879 2950 2079 3005 ablatis

505 3035 694 3108 ﬁguris
720 3037 772 3091 in
804 3038 888 3092 die
918 3036 1128 3105 judicii,
1163 3039 1466 3093 transibunt
1493 3041 1666 3095 sancti
1720 3043 1785 3097 de
1814 3051 1988 3098 morte
2013 3043 2082 3098 ad

505 3131 694 3195 vitam,
725 3132 907 3200 sicque
931 3133 984 3186 in
1006 3141 1295 3203 conspectu
1324 3135 1622 3190 conditoris
1646 3137 1729 3192 sui
1749 3137 2058 3209 gaudebunt

504 3225 628 3294 quia
651 3225 904 3279 videbitur
932 3225 1072 3280 Deus
1097 3226 1321 3282 Deorum
1353 3229 1406 3281 in
1431 3228 1582 3284 Sion.

579 3315 760 3387 (3111.)
794 3315 944 3382 Quod
975 3315 1172 3382 Josias,
1216 3316 1402 3386 ejectis
1427 3319 1584 3374 idolis
1611 3321 1677 3375 de
1705 3330 1868 3386 terra,
1893 3325 2083 3393 pytho-

507 3406 686 3470 nibus,
715 3405 899 3460 ariolis
918 3415 971 3460 et
993 3407 1244 3462 omnibus
1272 3409 1650 3475 immunditiis,
1673 3411 1884 3476 Domini
1913 3413 2083 3482 phase

506 3493 808 3550 celebrasse
853 3493 1069 3566 legitur,
1118 3497 1394 3552 moraliter
1441 3499 1599 3556 docet
1643 3509 1700 3554 ut
1737 3502 1914 3572 primo
1955 3519 2084 3573 pur-

507 3598 697 3654 gemus
731 3592 933 3638 terram
962 3585 1141 3641 cordis
1187 3602 1216 3639 a
1245 3587 1411 3652 vitiis,
1446 3596 1506 3642 ut
1552 3589 1760 3644 servire
1811 3592 2083 3660 possimus

509 3673 652 3740 Deo,
699 3674 880 3743 sicque
929 3684 1140 3745 gratum
1193 3676 1418 3732 Domino
1462 3678 1796 3736 celebremus
1843 3683 2079 3750 pascha:

512 3761 635 3816 Non
677 3764 852 3832 utique
883 3764 937 3817 in
979 3765 1232 3834 fermento
1273 3767 1490 3822 malitia:
1520 3779 1567 3822 et
1603 3770 1867 3840 nequitite,
1909 3771 1999 3826 sed
2029 3773 2084 3828 in

507 3855 704 3924 azymis
733 3857 1048 3910 sinceritatis
1077 3867 1124 3910 et
1156 3859 1382 3913 veritatis
1413 3858 1466 3928 (Ι
1489 3859 1610 3914 Cor.
1642 3861 1719 3932 v).

588 3947 714 4020 (ln.)
750 3949 926 4005 Josias
975 3950 1288 4006 vulneratus
1331 3962 1414 4009 est
1459 3954 1513 4008 in
1557 3969 1750 4024 campo
1798 3955 2081 4028 Mageddo,

509 4043 652 4098 unde
678 4051 734 4098 et
762 4043 943 4098 statim
976 4052 1218 4101 mortuus
1247 4053 1347 4100 est.
1394 4045 1663 4117 Luxitque
1689 4063 1812 4103 eum
1855 4049 2086 4119 p0pulus

508 4134 760 4201 multum,
788 4133 1051 4190 Jeremias
1097 4137 1348 4191 maxime.
1399 4137 1549 4194 Tunc
1601 4139 1745 4193 enim
1775 4140 1973 4196 dicitur
2011 4143 2086 4198 ita

507 4225 879 4282 lamentasse:
925 4225 1204 4293 Quomodo
1255 4227 1405 4282 sedet
1439 4226 1551 4282 sola
1602 4229 1821 4285 civitas!
1865 4230 1941 4287 De
1983 4233 2084 4288 hoc

508 4319 728 4388 planctu
755 4319 952 4374 dicitur
977 4337 989 4372 :
1022 4319 1088 4374 Et
1113 4319 1218 4374 erit
1239 4318 1488 4390 planctus
1516 4321 1569 4376 in
1592 4321 1910 4388 Jerusalem,
1944 4325 2085 4381 sicut

506 4411 756 4480 planctus
784 4411 1075 4476 Adremon,
1101 4411 1245 4482 quod
1273 4427 1470 4468 nomen
1501 4422 1585 4468 est
1614 4415 1776 4486 regis,
1821 4417 1912 4487 qui
1959 4428 2085 4474 tunc

507 4504 768 4573 regnabat
787 4504 840 4556 in
855 4503 1230 4569 Charchamis,
1263 4503 1315 4558 in
1338 4503 1490 4572 cujus
1513 4506 1769 4560 auxilium
1791 4505 1967 4564 Josias
1994 4525 2084 4565 ve-
2111 4535 2164 4595 Ι)

507 4603 666 4650 nerat
691 4595 948 4650 adversus
981 4593 1198 4650 Nechao
1220 4611 1399 4668 regem
1429 4596 1668 4667 Egypti.

577 4687 702 4758 (ln.)
754 4684 1065 4741 lnterfectio
1095 4686 1256 4742 Josite
1290 4703 1318 4742 a
1360 4688 1644 4746 Pharaone
1663 4689 1900 4758 Nechao,
1940 4693 2085 4749 facta

506 4779 562 4834 in
595 4778 873 4847 Magcddo,
907 4776 1178 4848 signiﬁcat
1201 4780 1633 4847 persecutionem
1680 4783 1887 4852 antiqui
1913 4783 2087 4840 hostis

507 4877 770 4924 adversus
794 4869 1193 4938 praedicatores,
1223 4885 1360 4940 quos
1412 4886 1508 4940 per
1536 4871 1793 4927 invidiam
1826 4873 1944 4928 neci
1979 4882 2088 4929 tra-

507 4962 633 5019 dere
661 4959 900 5024 molitur,
945 4968 999 5014 ct
1029 4959 1242 5015 auferre
1266 4960 1330 5015 de
1359 4970 1501 5015 terra
1534 4961 1787 5018 Ecclesiae
1815 4972 2081 5021 conatur:

508 5061 773 5121 quatenus
822 5049 1030 5104 facilius
1086 5059 1250 5104 lotam
1305 5051 1512 5120 plebem
1574 5053 1837 5124 dissipare
1893 5055 2082 5126 possit.

512 5138 723 5194 Pharao
776 5139 1063 5210 dissipans,
1111 5139 1326 5194 Nechao
1364 5143 1666 5211 percussio,
1718 5143 1976 5216 Mageddo
2021 5145 2088 5202 de

514 5230 828 5286 tentatione.
867 5229 1169 5284 Permissus
1223 5230 1420 5300 quippe
1466 5230 1708 5286 diabolus
1763 5247 2089 5304 consurgere

511 5321 770 5376 adversus
799 5329 1033 5384 sanctos,
1065 5309 1154 5374 hic
1201 5321 1327 5374 totis
1355 5320 1561 5376 viribus
1599 5331 1793 5386 certat,
1821 5332 2088 5392 quatenus

511 5411 768 5466 tentando
806 5426 1022 5483 gregem
1050 5411 1260 5466 Domini
1291 5411 1600 5480 percutiens
1622 5411 1865 5484 dissipet,
1889 5429 2090 5484 eosque

508 5504 741 5574 primum
768 5503 976 5558 auferat
1002 5519 1229 5572 quorum
1257 5503 1448 5558 solatio
1469 5502 1635 5574 adjuti
1661 5513 1850 5558 contra
1877 5505 2086 5562 hostem
2118 5555 2126 5564 .

510 5595 770 5649 dimicare
797 5595 1112 5649 debuerant.

581 5685 746 5738 Vens.
772 5683 860 5738 50.
886 5715 954 5724 —-
979 5683 1217 5738 Joachaz
1248 5685 1417 5753 ﬁlium
1449 5685 1637 5740 Josiw.
1695 5685 1818 5757 (lo.)
1846 5686 1966 5741 Alio
1996 5702 2090 5743 no-

513 5774 657 5831 mine
687 5773 890 5830 Sellum
939 5774 1159 5844 dicitur,
1192 5777 1287 5834 sed
1332 5778 1458 5850 quia
1485 5778 1929 5852 perversissimus
1963 5780 2114 5854 fuit,

2063 3179 2158 3243 ’C

2187 577 2253 624 eo
2290 564 2433 632 quod
2475 563 2699 633 populus
2748 571 2932 618 contra
2981 577 3136 617 suam
3177 563 3507 619 voluntatem
3553 570 3776 632 consti-_

2188 656 2376 712 tuisset
2404 670 2527 709 eum
2551 670 2752 725 regem,
2783 661 2839 708 et
2864 649 3016 710 duxit
3040 655 3190 710 illum
3217 655 3272 710 in
3301 655 3614 728 Egyptum.

2258 747 2379 819 (ln.)
2409 746 2645 802 Joachaz
2676 754 2917 802 retentus
2971 747 3242 816 signiﬁcat
3270 748 3440 803 malos
3486 751 3760 819 doctores,

2185 857 2320 911 quos
2353 839 2580 911 populus
2613 847 2791 903 terrae,
2823 838 3030 894 scilicet
3078 848 3308 895 terrena:
3337 842 3619 911 cupiditati
3669 846 3766 901 de-

2185 933 2305 1000 diti,
2335 931 2737 988 consentientes
2764 931 2911 985 vitiis
2935 931 3046 986 suis
3092 931 3343 1001 praelatos
3373 933 3594 1004 eligunt,
3621 951 3765 997 quos

2184 1027 2395 1082 Pharao
2417 1026 2469 1079 in
2498 1024 2666 1079 Rebla
2711 1024 2905 1088 vinxit,
2953 1039 3077 1079 cum
3105 1024 3348 1080 diabolus
3393 1041 3490 1095 per
3520 1027 3759 1084 multitu-

2183 1117 2365 1173 dinem
2389 1117 2728 1171 adulatorum
2769 1130 3032 1170 enervans
3072 1115 3460 1186 decipitcorda
3513 1119 3767 1189 praelato-

2186 1226 2328 1275 rum,
2371 1210 2555 1279 sicque
2603 1209 2654 1262 in
2691 1208 2988 1278 spiritualis
3023 1207 3241 1278 Egypti
3295 1214 3508 1267 vinctos
3552 1213 3765 1268 catenis

2182 1311 2525 1372 peccatorum
2549 1301 2885 1355 tenebrosam
2910 1301 3104 1370 mergit
3125 1301 3402 1371 abyssum.

2259 1395 2420 1448 Vens.
2434 1393 2881 1462 '55.—Argentum
2897 1402 3071 1446 autem
3083 1402 3128 1448 et
3141 1409 3332 1448 aurum
3343 1395 3505 1461 dedit,
3520 1396 3761 1468 etc.(ln.)

2183 1485 2448 1556 Malignus
2470 1499 2693 1540 censum
2719 1485 2924 1539 servitii
2950 1484 3032 1538 sui
3055 1485 3252 1554 populo
3298 1487 3503 1557 carnali
3536 1488 3762 1556 expetit,

2181 1587 2242 1632 ut
2267 1586 2377 1632 tam
2417 1593 2576 1631 sensu
2604 1592 2766 1645 quam
2811 1576 3044 1645 eloquio,
3081 1578 3199 1647 ejus
3241 1593 3338 1647 per
3365 1579 3547 1632 omnia
3583 1579 3764 1646 parati

2182 1670 2289 1724 sint
2307 1668 2584 1736 obsequio.
2609 1667 2852 1722 Joachim
2873 1677 3141 1737 praecepto
3163 1669 3305 1738 regis
3327 1684 3549 1724 censum
3571 1671 3763 1740 exigit,

2183 1763 2309 1832 quia
2338 1761 2580 1816 diabolus
2603 1776 2700 1830 per
2723 1760 2824 1816 sibi
2849 1760 3059 1816 deditos
3088 1761 3394 1831 magistros,
3425 1762 3494 1817 ab
3524 1777 3765 1832 unoquo-

2183 1868 2288 1924 que
2314 1853 2479 1923 exigit
2499 1853 2792 1908 secundum
2818 1853 2962 1908 vires
2999 1868 3124 1908 suas
3151 1853 3360 1922 peccati
3405 1869 3626 1909 censum
3654 1854 3766 1910 sol-

2187 1961 2331 2007 vere,
2365 1945 2550 2014 sicque
2577 1945 2628 1998 in
2673 1945 2922 2013 nequiter
2948 1944 3186 2015 praelatis
3214 1945 3453 2016 quotidie
3489 1955 3767 2019 praeparat

2183 2037 2540 2109 perditionem
2564 2037 2836 2107 subjectis.

2747 2171 2972 2227 CAPUT
3003 2172 3186 2232 XXIV.

2254 2304 2434 2378 (ΚΑΒ.)
2492 2303 2625 2360 Cum
2677 2306 2842 2361 semel
2891 2307 3013 2378 quis
3060 2307 3285 2378 quilibet
3335 2323 3394 2366 se
3438 2311 3770 2381 manciparit

2183 2399 2332 2462 vitio,
2359 2405 2488 2463 etc.,
2523 2413 2685 2468 usque
2727 2399 2795 2452 ad
2839 2409 2894 2454 et
2918 2401 3243 2470 adjutorium
3274 2417 3306 2456 a
3350 2403 3458 2457 Deo
3487 2403 3762 2474 imploret.

2257 2488 2438 2560 (11111.)
2472 2488 2622 2543 Hunc
2651 2489 2816 2544 refert
2862 2489 3128 2562 Josephus
3183 2509 3214 2547 a
3263 2491 3765 2550 Nabuchodonosor

2184 2580 2549 2646 interfectum,
2580 2590 2634 2636 et
2659 2592 2786 2638 ante
2826 2599 3012 2639 muros
3046 2582 3346 2641 Jerusalem
3386 2585 3682 2656 projectum
3705 2593 3768 2643 et

2185 2669 2532 2739 insepultum,
2582 2671 2649 2726 de
2697 2689 2805 2742 quo
2846 2675 3158 2742 praedictum
3202 2675 3420 2734 fuerat:
3473 2676 3766 2749 Sepultum

2182 2762 2319 2814 asim
2341 2761 2613 2831 sepelietur
2634 2763 2766 2832 (Jer.
2790 2764 2948 2837 111111).

2254 2851 2608 2923 Regnavitque
2653 2852 2917 2922 Joachim,
2956 2865 3059 2911 etc.
3093 2855 3217 2930 (11).)
3266 2857 3469 2914 Nomen
3515 2857 3767 2916 Joachim

2183 2944 2339 2998 aliter
2359 2945 2613 3000 scribitur
2636 2948 2688 3001 in
2712 2947 3080 3018 designatione
3101 2950 3289 3019 patris,
3311 2951 3402 3020 qui
3421 2959 3476 3006 et
3495 2952 3719 3007 Eliacim
3741 2968 3764 3007 :

2185 3034 2343 3090 aliter
2363 3051 2484 3090 cum
2513 3036 2654 3091 ﬁlius
2679 3037 3033 3108 signiﬁcatur,
3073 3042 3164 3110 qui
3195 3051 3250 3096 et
3295 3041 3602 3108 Jechonias,
3633 3058 3768 3099 nam

2185 3142 2307 3182 cum
2331 3137 2541 3196 patrem
2565 3129 2742 3199 signat
2762 3146 2859 3200 per
2880 3129 2911 3184 lt
2932 3141 2987 3186 et
3010 3148 3062 3186 m
3084 3133 3338 3190 scribitur
3359 3152 3373 3188 :
3401 3150 3524 3190 cum
3540 3150 3672 3190 vero
3699 3135 3770 3190 ﬁ-

2183 3218 2316 3274 lium
2341 3235 2437 3290 per
2472 3221 2532 3274 ch
2559 3231 2613 3276 et
2648 3239 2682 3275 n
2707 3224 2980 3280 scribitur.
3141 3211 3152 3218 ”

2255 3309 2421 3366 Vens.
2446 3313 2500 3368 8.
2531 3341 2601 3352 —-
2631 3313 2949 3369 Jerusalem.
2978 3314 3148 3386 (BEDA
3177 3317 3232 3371 in
3265 3316 3358 3370 lib.
3389 3315 3540 3388 Reg.,
3569 3325 3762 3388 queat.

2183 3405 2272 3470 30,
2302 3414 2431 3460 tom.
2463 3405 2551 3478 11.)
2581 3405 2880 3462 Jerusalem
2920 3418 2976 3464 et
3009 3420 3156 3465 terra
3194 3409 3378 3477 Israel,
3425 3421 3558 3476 etc.,
3598 3426 3767 3481 usque

2185 3497 2254 3550 ad
2284 3497 2338 3552 id
2359 3507 2471 3564 est,
2511 3500 2736 3556 scientia
2785 3501 3078 3570 spiritualis
3129 3503 3198 3558 ad
3223 3510 3570 3572 peccatorum
3595 3517 3765 3573 opera

2185 3593 2534 3648 convertitur.

2259 3676 2420 3732 Vens.
2454 3674 2542 3730 M.
2567 3706 2635 3716 —
2674 3676 2796 3747 (ln.,
2841 3676 2995 3748 ibid.)
3031 3676 3298 3746 Artiﬁcem
3343 3686 3396 3732 et
3423 3677 3762 3746 inclusorum,

2186 3765 2414 3837 nihilque
2434 3766 2672 3822 relictum
2691 3779 2788 3834 est,
2813 3769 3037 3838 exceptis
3057 3769 3370 3839 pauperibus
3389 3769 3566 3840 populi
3585 3779 3763 3824 terrae.

2186 3858 2344 3930 (Rm.
2376 3873 2442 3914 ex
2474 3860 2625 3928 Bed.,
2650 3861 2802 3930 ibid.)
2829 3860 2981 3927 Quod
3027 3877 3188 3929 supra
3217 3863 3414 3933 populo
3441 3861 3606 3918 Israel
3634 3862 3766 3918 Phi-

2185 3949 2408 4006 listhiim
2439 3959 2728 4021 regnantes
2771 3951 2966 4007 iecisse
3007 3962 3315 4016 narrantur,
3363 3968 3484 4009 cum
3518 3953 3761 4008 dicitur:

2186 4040 2364 4096 Faber
2384 4041 2637 4112 ferrarius
2667 4060 2772 4097 non
2791 4045 3146 4098 inveniebatur
3165 4044 3219 4099 in"
3242 4047 3384 4099 omni
3405 4054 3546 4100 terra
3571 4043 3764 4112 Israel,

2187 4141 2429 4187 caverant
2476 4132 2612 4186 enim
2650 4133 2993 4200 Philisthiim,
3023 4152 3086 4189 ne
3114 4135 3248 4204 forte
3279 4136 3508 4204 facerent
3552 4135 3769 4191 Hebraei

2187 4224 2422 4297 gladium
2453 4233 2542 4277 aut
2564 4224 2800 4280 lanceam
2847 4226 2915 4278 ad
2952 4226 3348 4300 repugnandum
3378 4226 3431 4299 (Ι
3459 4226 3588 4298 Reg.
3619 4226 3768 4300 xm),

2187 4315 2264 4370 ita
2293 4329 2436 4370 nunc
2465 4313 2701 4370 Chaldaei
2730 4323 2999 4385 satagunt,
3017 4299 3086 4370 ut
3111 4316 3290 4372 nullus
3314 4317 3366 4372 in
3395 4332 3460 4372 ea
3492 4299 3774 4374 remaneat

2190 4405 2384 4460 artifex
2412 4415 2466 4461 et
2494 4406 2750 4472 inclusor,
2782 4407 2873 4476 qui
2913 4406 3094 4462 diruta
3121 4409 3272 4466 urbis
3299 4410 3500 4466 mmnia
3541 4424 3769 4479 compo-

2189 4511 2319 4550 nere
2349 4497 2517 4566 possit
2543 4495 2626 4549 vel
2653 4497 2913 4550 resarcire

2261 4587 2443 4660 (11111.)
2490 4587 2613 4642 Mali
2656 4595 2780 4642 sunt
2827 4595 3088 4654 rectores,
3137 4590 3229 4659 qui
3283 4605 3510 4648 munere
3536 4597 3593 4644 et
3624 4587 3773 4644 dono

2189 4682 2371 4737 divino
2403 4681 2715 4747 abutuntur,
2745 4689 2797 4734 et
2823 4680 2960 4736 falso
2989 4681 3089 4737 sibi
3115 4696 3314 4736 nomen
3358 4681 3586 4750 justitia:
3611 4695 3775 4734 usur-

2188 4781 2341 4843 pant.
2371 4770 2688 4826 Matthathia
2721 4770 2804 4826 vel
2847 4771 3171 4827 Matthanias
3199 4786 3348 4826 enim
3379 4772 3774 4841 interpretatur

2190 4877 2385 4918 munus
2407 4861 2520 4917 sive
2545 4862 2744 4917 donum
2775 4879 2788 4914 :
2841 4860 3098 4917 Sedecias
3141 4859 3322 4929 justus
3344 4861 3623 4916 Dominus.
3658 4858 3774 4916 Un-

2193 4954 2371 5010 decim
2411 4953 2567 5008 annis
2591 4953 2856 5025 regnavit,
2907 4953 3032 5022 quia
3081 4961 3448 5024 transgressor
3486 4952 3617 5023 legis
3645 4951 3771 5021 fuit,

2194 5058 2314 5114 qua:
2361 5043 2698 5114 signiﬁcatur
2721 5042 2964 5106 denario,
3013 5058 3256 5098 numero.
3290 5042 3645 5108 Novenarius,
3675 5042 3774 5112 qui

2195 5138 2375 5193 minus
2401 5137 2562 5192 habet
2584 5136 2807 5191 denario
2837 5136 3298 5207 imperfectionem
3324 5137 3457 5210 legis
3480 5137 3772 5207 signiﬁcat,

2195 5229 2336 5284 sicut
2362 5227 2692 5282 undenarius
2735 5227 3240 5299 transgressionem.
3278 5227 3445 5282 Recte
3487 5243 3617 5298 ergo
3657 5226 3773 5281 Na-

2199 5319 2612 5374 buchodonosor
2637 5318 2692 5372 in
2722 5333 2868 5373 nono
2911 5333 3055 5374 anno
3107 5318 3257 5390 regni
3290 5318 3530 5373 Sedecia:
3557 5319 3778 5375 obsedit

2192 5411 2468 5467 civitatem
2500 5424 2687 5464 mense
2705 5409 2935 5476 decimo,
2959 5419 3012 5464 et
3039 5409 3247 5464 decima
3277 5409 3364 5464 die
3383 5409 3586 5465 mensis
3607 5425 3622 5464 :
3647 5409 3776 5480 quia

2193 5501 2319 5558 mali
2343 5508 2605 5571 pastores,
2649 5515 2770 5554 cum
2811 5500 3048 5572 decalogi
3091 5500 3362 5567 mandata,
3403 5516 3523 5570 qua:
3549 5500 3775 5556 scientia

2191 5602 2399 5656 tenent,
2427 5607 2589 5661 opere
2634 5599 2690 5644 et
2740 5591 2988 5646 doctrina
3033 5591 3294 5661 perﬁcere
3323 5591 3636 5663 negligunt,
3673 5607 3773 5645 nc-

2193 5701 2345 5744 cesse
2366 5695 2448 5742 est
2474 5694 2534 5741 ut
2554 5687 2766 5757 plebem
2809 5685 2912 5740 sibi
2943 5686 3289 5740 commissam
3318 5685 3572 5754 antiquus
3601 5683 3774 5739 hostis

2192 5795 2319 5838 cum
2355 5794 2455 5838 suo
2474 5780 2718 5838 exercitu
2748 5779 3027 5837 obsidione
3052 5777 3374 5848 circumdet,
3397 5786 3454 5836 et
3472 5777 3778 5840 munitione
