4122 6350
238 1076 269 1120 τ

372 393 481 459 m
1362 399 1630 463 ϐιοεδλ
1667 402 2070 462 ORDINABIA.
2103 437 2174 449 —
2211 408 2337 465 LIB.
2378 408 2401 465 I
2434 408 2680 465 PARAL.
3530 427 3641 485 ϐω

372 507 577 575 erm
597 523 665 573 at:
687 509 940 575 vitiorum
963 523 1273 577 constructa
1293 516 1528 587 claudat,
1553 520 1801 578 vallando
1819 523 1953 581 civi—
1977 526 2031 586 Α
2055 525 2224 581 dotem
2260 528 2509 598 primunt,
2541 543 2661 583 cum
2698 528 2929 599 primum
2957 530 3213 588 Ecclesia:
3239 535 3503 604 ordinem,
3540 538 3637 611 qui

373 606 537 668 tam
562 617 577 656 :
606 599 793 672 sicque
841 600 1014 663 fames
1062 607 1119 665 in
1165 608 1382 667 civitate
1422 611 1731 683 praevaleat,
1781 613 1953 673 fames
2055 613 2111 669 in
2142 616 2409 687 episcopis
2434 626 2537 685 est,
2562 634 2744 679 amore
2769 619 3057 689 voluptatis
3104 630 3137 675 ιι
3162 640 3334 680 rrcnae
3378 599 3638 690 vitiorum

369 689 557 761 utique
586 690 739 761 verbi
763 693 861 753 Dei
881 709 1008 755 cum
1034 713 1142 757 non
1162 701 1485 772 “penditur
1508 705 1666 778 panis
1691 707 1951 775 doctrina;
2051 713 2244 761 catena
2282 707 2621 779 constringit.
2664 705 2925 763 Similiter
2955 707 3299 781 Sophoniam,
3345 717 3434 785 qui
3470 689 3639 775 inter;

366 779 565 852 popqu
585 788 766 838 term.

928 893 1160 955 CAPUT
1199 897 1343 957 Ην

434 1018 598 1079 Vens.
618 1022 840 1082 4.-Ει
865 1027 1161 1104 interrupta
1183 1046 1280 1099 est,
1294 1029 1407 1095 istc.
1433 1035 1615 1111 (ΚΑΒ.)
1638 1036 1946 1112 Interrupta

363 1114 579 1186 quidem
627 1133 727 1189 per
753 1122 1078 1187 tentationes
1122 1128 1301 1184 varias
1347 1128 1652 1186 daemonum
1702 1134 1946 1191 custodia

359 1206 702 1279 populorum,
732 1219 865 1277 etc.,
918 1230 1082 1295 usque
1127 1218 1199 1272 ad
1239 1220 1329 1289 qui
1386 1234 1553 1291 pravo
1604 1237 1705 1279 usu
1743 1231 1799 1279 et
1841 1224 1947 1280 ini-

359 1296 578 1381 quitatis
607 1315 721 1356 suae
745 1302 1087 1363 multitudine
1114 1316 1393 1380 gravatur.

429 1389 598 1482 γης.
622 1391 676 1448 8.
704 1424 776 1435 —
802 1394 982 1451 Hense
1026 1401 1229 1470 quinto.
1283 1400 1467 1475 (ΚΑΒ.)
1498 1403 1761 1482 congruit
1808 1412 1944 1462 tem-

354 1474 505 1551 poris
530 1482 665 1538 ordo
682 1496 805 1543 cum
834 1487 1045 1551 ratione
1070 1490 1339 1548 vindictae.
1390 1474 1577 1552 Hense
1620 1474 1821 1568 quinto
1852 1513 1943 1553 va-

354 1577 497 1639 stata
523 1579 610 1627 est
653 1573 867 1642 civitas,
900 1592 1022 1648 quae
1063 1577 1492 1641 Pentateuchum
1545 1587 1678 1660 legis
1722 1602 1942 1645 servare

353 1658 625 1733 despexit,
675 1672 732 1721 et
766 1666 995 1738 septima
1036 1670 1122 1727 die
1170 1676 1391 1742 mensis,
1438 1678 1561 1747 quia
1606 1658 1816 1736 sabbati
1854 1697 1941 1737 re-

351 1753 532 1822 quiem
582 1768 691 1821 non
736 1759 1047 1829 custodivit,
1097 1773 1153 1818 et
1206 1769 1479 1823 contraria
1524 1770 1809 1842 praeceptis
1840 1772 1937 1828 Dei

350 1843 480 1913 egit,
516 1841 719 1901 frustra
748 1847 850 1904 sibi
899 1849 1184 1910 blandiens
1209 1854 1277 1911 de
1320 1859 1609 1917 securitate
1656 1841 1757 1931 pro
1804 1877 1934 1919 san-
1965 1882 2017 1949 Β

349 1941 562 1992 ctorum
588 1938 836 1996 locorum
857 1942 1213 2003 habitatione.

420 2026 545 2101 (Im)
584 2027 740 2086 Venit
781 2029 1167 2106 Nabuzardan,
1212 2041 1303 2112 qui
1342 2042 1733 2115 interpretatur
1762 2049 1939 2103 venti-

346 2116 582 2211 labrum,
611 2122 727 2180 sive
765 2127 1048 2199 prophetia
1079 2131 1239 2187 alieni
1281 2134 1491 2205 iudicii,
1522 2146 1655 2204 etc.,
1679 2154 1841 2211 usque
1868 2141 1940 2196 ad

346 2210 440 2265 sed
468 2213 638 2283 spina
666 2217 842 2288 magis
869 2218 927 2275 et
952 2220 1138 2277 tribuli
1163 2223 1418 2281 vitiorum
1453 2210 1791 2286 excrescant.

418 2319 588 2381 VERE.
637 2324 725 2383 15.
754 2357 828 2370 -
864 2326 1149 2395 Columnas
1198 2343 1373 2391 autem
1428 2354 1593 2394 aereas
1650 2357 1789 2412 quw,
1828 2351 1934 2398 etc.

346 2410 473 2502 (im)
501 2414 572 2473 Et
616 2417 778 2479 bases
819 2419 1174 2495 intelligimus
1202 2425 1474 2497 doctores,
1519 2431 1610 2502 qui
1639 2410 1939 2491 sonoritate

341 2498 746 2579 pradicationis
782 2518 837 2568 et
864 2511 990 2570 fidei
1023 2514 1282 2579 ﬁrmitate
1305 2498 1611 2581 debuerunt
1651 2524 1789 2583 alios
1817 2544 1938 2585 sns-

342 2604 573 2654 tentare.
600 2597 750 2658 Mare
777 2617 989 2661 aeneum
1043 2599 1299 2679 baptismi
1342 2609 1637 2681 lavacrum,
1675 2616 1760 2672 vel
1788 2633 1937 2675 com-

340 2687 693 2759 punctionem
721 2690 1109 2775 Iacrymarum.
1150 2696 1277 2755 Haec
1307 2702 1527 2773 quidem
1548 2706 1731 2762 omnia
1770 2706 1935 2765 Chal-

343 2776 449 2834 dasi
496 2780 810 2853 spirituales
858 2803 959 2859 per
1007 2790 1262 2849 inertiam
1317 2797 1724 2869 magistrorum,
1779 2804 1936 2861 etde

337 2868 501 2928 dumo
525 2871 741 2935 Domini
770 2878 989 2940 auferre
1018 2885 1290 2955 nituntur,
1312 2896 1369 2945 et
1391 2888 1755 2964 confringere.

405 2985 575 3047 Vsus.
607 2989 696 3049 14.
724 3022 797 3035 -
817 2992 967 3055 Ollas
1004 3014 1225 3072 quoque.
1254 3001 1379 3074 (ιν.)
1410 3004 1549 3073 Quia
1576 3007 1789 3065 diversa
1818 3007 1934 3065 otii-

335 3077 423 3141 cia
449 3078 507 3137 in
536 3083 929 3179 ecclosiasticis
950 3091 1235 3179 ordinibgs
1263 3096 1331 3155 de
1362 3096 1462 3153 Dei
1505 3100 1729 3159 servitio
1778 3100 1933 3159 aufe-

338 3178 523 3229 rentes
547 3173 603 3230 in
629 3190 787 3245 suum
806 3196 966 3247 nsum
992 3173 1387 3257 nequissimum
1410 3199 1715 3272 verterunt,

404 3265 569 3329 Vsus.
592 3269 684 3327 45.
709 3302 784 3317 η-
804 3273 1095 3343 Thuribula
1118 3290 1170 3339 et
1196 3282 1423 3353 μωρία..
1458 3284 1596 3351 cum
1623 3265 1929 3351 orationem

333 3356 722 3453 quadivinitas
759 3361 965 3434 placari
1006 3370 1211 3440 potuit,
1246 3382 1303 3431 et
1332 3375 1585 3446 poculum
1620 3379 1774 3435 verbi
1818 3396 1927 3453 quo

334 3444 467 3504 lassi
489 3448 784 3510 refocillari
811 3457 1111 3527 debuerant
1141 3444 1486 3536 impediendo
1509 3444 1853 3529 subvertunt:

404 3537 536 3612 (Ιυτ)
566 3541 707 3613 Quia
752 3552 866 3617 tam
915 3564 1147 3621 sensum.
1183 3556 1502 3626 pretiosum.
1532 3574 1699 3630 quam
1723 3561 1924 3633 eloquii

330 3642 699 3707 venustatem.
722 3638 898 3701 hostis
924 3658 1157 3715 nequam
1187 3646 1256 3703 de
1276 3648 1437 3709 domo
1463 3650 1680 3711 Domini
1706 3651 1924 3711 auferre

332 3721 573 3791 molitur,
604 3733 669 3791 et
695 3731 1353 3801 Secuntiuoqnfnsionem
1380 3739 1602 3797 ducere.
1848 3774 1861 3787 -

403 3813 570 3873 Vitas.
606 3816 693 3877 18.
719 3850 791 3867 ---
816 3820 957 3891 Tulit
982 3841 1205 3895 quoque.
1233 3826 1356 3900 (In)
1388 3828 1507 3887 Non
1544 3832 1719 3891 solum
1758 3848 1926 3905 popu—

332 3906 501 3978 lares,
527 3913 627 3968 sed
651 3921 709 3969 et
732 3912 902 3973 fortes
930 3925 985 3983 et
1005 3919 1284 3991 principes
1322 3921 1380 3991 in
1402 3923 1648 3985 Ecclesia
1675 3925 1923 3985 diabolus

2048 804 2295 866 pretatur
2318 797 2690 865 absconditus,
2718 800 3036 855 sacerdotem
3064 804 3371 873 secundum,
3402 822 3525 863 cum
3555 825 3637 866 se-

2051 884 2212 941 cundi
2234 886 2442 942 ordinis
2467 894 2632 955 viros,
2659 889 2713 944 id
2735 897 2820 945 est
2845 892 3189 964 presbyteros
3215 894 3328 967 (qui
3374 898 3635 957 talentum

2050 977 2199 1033 verbi
2246 978 2300 1035 in
2333 987 2480 1035 terra
2504 977 2773 1045 fodientes
2816 982 3237 1059 absconderant)
3269 988 3323 1043 in
3352 1004 3509 1046 suum
3540 992 3636 1049 do-

2046 1066 2274 1124 minium
2309 1070 2526 1143 subigit.
2556 1069 2626 1126 Et
2656 1081 2758 1127 tres
2797 1074 2967 1141 inani,
3008 1076 3101 1146 qui
3128 1078 3327 1133 ostium
3359 1078 3484 1138 fidet
3512 1099 3638 1153 ape-

2048 1157 2156 1212 rire
2187 1157 2507 1227 debuerant,
2544 1170 2599 1216 et
2626 1170 2874 1220 tenentes
2905 1164 3110 1222 clavem
3140 1169 3382 1227 scientiae
3404 1188 3506 1229 nec
3530 1175 3634 1246 ipsi

2045 1248 2390 1317 introierunt,
2439 1268 2541 1309 nec
2595 1253 2730 1311 alios
2777 1256 3007 1313 introire
3034 1261 3419 1331 permiserunt.
3450 1265 3634 1321 Eunu-

2045 1341 2182 1397 chus
2202 1343 2472 1415 signilicat
2498 1343 2675 1402 fatuas
2695 1347 2956 1420 virgines,
2999 1367 3119 1422 quae
3146 1368 3273 1410 vasa
3322 1354 3442 1411 oleo
3462 1371 3633 1413 vacua

2044 1431 2098 1486 in
2134 1434 2382 1490 manibus
2411 1436 2687 1502 tenebant,
2720 1440 3061 1498 continentes
3101 1458 3161 1498 se
3202 1459 3234 1498 a
3264 1445 3409 1501 coitu
3435 1460 3631 1517 corpo-

2044 1521 2169 1590 ra'li,
2201 1539 2304 1580 nec
2352 1532 2529 1584 tamen
2577 1528 2755 1585 oleum
2798 1532 2988 1604 gratiae
3034 1542 3091 1590 et
3134 1536 3523 1595 misericordiae
3573 1542 3635 1596 in

2041 1622 2265 1687 pectore
2289 1632 2387 1673 suo
2422 1618 2623 1676 habere
2652 1622 2919 1678 volebant.
2952 1623 3056 1692 Qui
3093 1624 3293 1683 frustra
3331 1643 3494 1699 super
3522 1629 3633 1686 bel-

2040 1705 2246 1763 latores
2283 1710 2687 1767 constituuntur
2718 1729 2839 1769 cum
2864 1721 3235 1787 arrogantiam
3282 1735 3389 1775 non
3422 1736 3628 1792 praeca-

2040 1805 2221 1852 veant.
2258 1797 2498 1870 Quinque
2521 1801 2656 1856 viros
2677 1802 2741 1857 de
2767 1803 2847 1858 his
2886 1807 2977 1874 qui
3017 1817 3267 1864 steterant
3308 1828 3483 1866 coram
3516 1829 3633 1885 rege

2043 1886 2262 1958 (Matth.
2294 1888 2371 1959 v),
2409 1888 2463 1944 id
2510 1896 2611 1955 est,
2660 1892 2781 1947 illos
2813 1894 2905 1964 qui
2958 1896 3198 1967 quinque
3225 1899 3474 1956 sensibus
3503 1916 3631 1957 cor-

2038 1978 2189 2048 poris
2207 1977 2470 2051 voluptati
2500 1981 2815 2051 servientes,
2843 1985 2957 2058 regi
2981 1987 3235 2044 vitiorum
3257 2005 3470 2061 semper
3494 1988 3630 2049 assi-

2039 2074 2276 2129 stebant.

2111 2164 2313 2238 Sep/rer
2343 2169 2651 2242 principem.
2683 2170 2807 2246 (In.)
2836 2172 3227 2245 Interpretatur
3247 2175 3521 2248 dissipans
3541 2178 3629 2234 vel

2039 2260 2323 2319 dividens:
2371 2263 2685 2335 signiﬁcans
2726 2280 2841 2332 eos,
2892 2268 2984 2336 qui
3036 2268 3201 2324 rudes
3247 2270 3303 2324 in
3358 2269 3624 2340 Ecclesia,

2038 2369 2175 2427 quos
2205 2356 2275 2411 ad
2300 2355 2554 2413 militiam
2603 2356 2807 2415 Christi
2835 2360 3046 2417 nutrire
3076 2362 3392 2429 debuerant,
3440 2364 3626 2434 pravis

2038 2436 2302 2517 exeniplis
2330 2447 2619 2518 dissipans,
2656 2464 2687 2503 a
2713 2457 2856 2506 ctetu
2894 2449 3132 2506 ﬁdelium
3153 2467 3252 2523 per
3271 2468 3513 2510 errorem
3548 2467 3628 2511 se-

2038 2548 2341 2609 questrant.
2377 2536 2449 2593 Et
2483 2542 2757 2612 sexaginta
2786 2542 2925 2597 viros
2946 2558 2974 2598 e
3000 2541 3177 2614 vulgo,
3203 2543 3256 2599 id
3281 2552 3386 2611 est,
3430 2544 3627 2603 stultos

2037 2641 2373 2704 oper-stores,
2404 2634 2498 2704 qui
2537 2634 2734 2690 merito
2757 2651 2788 2691 e
2813 2635 2994 2707 vulgo,
3026 2635 3154 2707 quia
3183 2635 3364 2692 divina
3394 2636 3623 2693 consilia

2039 2726 2249 2783 discere
2274 2732 2330 2783 et
2366 2724 2527 2781 factis
2552 2725 2777 2797 implere
2798 2726 3168 2798 neglexerant.

2107 2818 2177 2874 Et
2226 2819 2500 2890 sexaginta
2545 2818 2702 2873 viros.
2741 2816 2865 2891 (10.)
2897 2819 3006 2875 Hos
3032 2835 3221 2876 omnes
3265 2816 3626 2876 Nabuzardan

2037 2911 2195 2967 duxit
2226 2911 2295 2967 ad
2323 2926 2507 2982 regem
2554 2909 2862 2989 Babylonis,
2894 2920 2948 2967 et
2993 2911 3264 2968 interfecti
3319 2920 3465 2979 sunt,
3484 2912 3624 2982 quia

2035 3003 2541 3074 diabolus'prtedam
2574 3018 2735 3073 quam
2765 3005 2832 3058 ab
2860 3002 3100 3059 Ecclesia
3139 3003 3345 3070 evellit,
3390 3004 3457 3059 ad
3504 3020 3626 3076 per-

2033 3103 2210 3167 petua:
2238 3096 2430 3155 mortis
2460 3095 2891 3155 interfectionem
2918 3096 3214 3167 perducere
3254 3095 3458 3151 ambit:
3488 3108 3622 3166 quos

2032 3187 2269 3259 percutit
2298 3203 2389 3243 rex
2420 3186 2751 3244 confusionis
2777 3186 2830 3241 in
2853 3186 3145 3253 Reblatha,
3168 3188 3273 3243 hoc
3295 3198 3378 3244 est
3404 3187 3459 3242 in
3482 3186 3624 3242 mul-

1956 3241 2005 3315 c
2034 3241 2266 3335 Iitudine
2299 3278 2581 3343 scelerum,
2607 3286 2664 3333 et
2696 3293 2882 3335 amore
2910 3277 3265 3349 voluptatum.

2104 3370 2229 3443 (1ο.)
2276 3371 2409 3427 Cum
2464 3369 2540 3426 illi
2580 3370 2675 3441 qui
2716 3368 3115 3427 confessionem
3164 3369 3398 3426 nominis
3440 3369 3536 3424 Dei
3565 3369 3621 3423 in

2032 3462 2275 3519 Ecclesia
2304 3463 2627 3519 videbantur
2655 3462 2879 3529 habere,
2928 3479 3026 3534 per
3066 3462 3270 3519 scelera
3302 3460 3620 3533 multiplicia

2032 3555 2099 3610 de
2126 3563 2273 3610 terra
2316 3554 2614 3609 viventium
2657 3554 2901 3609 translati
2945 3556 3000 3610 in
3028 3569 3254 3626 regnum
3285 3550 3619 3609 confusionis

2029 3653 2089 3702 et
2113 3646 2317 3703 erroris
2343 3646 2700 3715 abducuntur,
2730 3654 2860 3714 etc.,
2894 3665 3055 3720 usque
3079 3648 3149 3703 ad
3176 3656 3230 3703 et
3254 3647 3463 3703 vultum
3483 3644 3617 3702 Con-

2032 3738 2225 3797 ditoris
2250 3740 2422 3797 nostri
2446 3755 2545 3811 per
2580 3739 2776 3797 saecula
2811 3740 3183 3810 contemplari.

2106 3829 2273 3887 Vens.
2299 3830 2391 3889 25.
2418 3862 2491 3873 -
2511 3827 2584 3886 Et
2613 3829 2825 3889 Saraia.
2874 3832 3043 3889 Filius
3089 3832 3291 3889 Saraiae
3316 3832 3618 3889 sacerdotis

2029 3930 2345 3980 reservatus
2369 3932 2473 3991 est,
2516 3932 2572 3981 et
2614 3932 2773 3996 pater
2792 3926 3026 3981 occisus.
3054 3924 3136 3981 Ex
3162 3941 3270 3997 quo
3303 3925 3360 3980 in
3386 3923 3619 3996 captivi-

332 3999 659 4073 ὼάνετοθι
672 4017 992 4078 peccatores
1020 4014 1296 4083 suum»
1318 4017 1545 4088 satagit,
1568 4019 1711 4079 unde
1738 4020 1794 4083 in
1818 4018 1922 4079 Job
1944 4050 2001 4113 Β
2028 4020 2141 4071 tate
2183 4024 2372 4091 postea
2409 4024 2569 4077 natus
2612 4025 2697 4074 est
2745 4016 2903 4075 Jesus
2930 4017 3184 4113 sacerdos
3226 4032 3474 4091 magnus,
3519 4033 3592 4089 qu

332 4088 401 4149 de
429 4090 549 4187 ipso
567 4094 768 4187 {Escae
792 4099 910 4170 ejus
926 4100 1105 4161 electra
1120 4106 1398 4187 suntﬁlab
1416 4110 1641 4182 ιιιιιι).

451 4184 549 4242 alit
576 4184 851 4261 Samiam.
898 4193 1001 4265 sui
1042 4184 1438 4270 istarum
1463 4200 1701 4273 vinctus.
1744 4219 1924 4271 secer-

2028 4106 2249 4167 reduxit
2266 4108 2523 4185 populum
2545 4125 2669 4166 cum
2690 4110 3006 4169 Zorobabel.
3308 4167 3317 4179 ,
3550 4128 3573 4209 ,⁵

352 4350 3573 4405 —_._.___________________________________

744 4477 987 4544 ΒΕΔἨ
1026 4482 1500 4552 ΗΙΕΚΟΝΥΜΙ
1540 4490 1965 4557 PROLOGUS

2039 4494 2093 4571 Ν
2136 4495 2422 4565 LIBROS
2466 4497 3175 4571 PABALIPOMENON.

1352 4629 1542 4707 (Vide
1573 4634 1739 4709 inter
1782 4633 1992 4718 Opera
2010 4639 2093 4711 Β.
2130 4639 2553 4725 Hieronymi.)

382 4779 3586 4845 Μ

1177 4933 1465 5001 SANCTI
1503 4935 1970 5007 mourn!
2010 4939 2434 5011 PROLOGUS
2458 4943 2769 5025 ALTER.

1620 5077 1795 5161 (Vide
1821 5080 1937 5146 ubi
1965 5085 2212 5168 supra.)

347 5206 3604 5271 .___..______,_____________________________

955 5347 959 5350 ’
1097 5339 1398 5420 LIBER
1472 5343 2348 5432 PABALIPOMENON
2426 5353 2844 5437 PRIMUS.

1032 5487 1307 5567 εαυτοῦ-41
1323 5493 1505 5564 θυι
1542 5512 1772 5561 unum
1806 5499 1987 5576 (mna

2039 5503 2195 5579 71:1)
2214 5545 2229 5571 ,
2270 5504 2326 5561 id
2359 5514 2438 5564 est
2462 5506 2649 5566 Venas
2678 5508 2920 5572 Durani.
