4122 6350
553 380 649 438 651

1053 379 1446 440 “'ALAFHIDI
1486 385 1731 445 STRABI
1769 389 1972 450 FULB.
2016 394 2180 452 ΜΟΝ.
2223 391 2374 450 OPP.
2417 388 2598 446 PARS
2635 389 2677 445 1.
2718 419 2788 430 —
2824 387 3282 445 THEOLOGICA.

3713 389 3820 450 632

539 501 657 556 Noe
705 505 781 556 vir
819 505 996 573 justus
1044 515 1154 558 erat
1202 514 1252 558 et
1299 506 1557 574 perfectus
1603 508 1656 560 in
1702 511 2120 578 generationibus
2149 509 2317 580 Aqui
2360 506 2491 562 Deo.
2543 505 2808 576 Regnavit
2853 511 3032 557 autem
3069 500 3306 557 Nemrod
3364 500 3420 556 in
3462 491 3731 575 Babylone
3760 518 3819 564 et

534 594 666 659 suis,
715 605 819 650 etc.
874 594 1025 666 (Gen.
1051 595 1151 665 vi.)
1205 596 1302 651 Hie
1333 600 1516 666 genuit
1563 599 1710 667 Sem,
1747 601 1914 656 Cham
1941 615 1997 658 et
2028 603 2119 659 Ja-

533 688 726 758 phetb,
780 703 876 758 per
925 704 1060 757 quos
1105 698 1224 758 post
1261 690 1522 746 diluvium
1552 693 1789 748 rediviva
1837 695 2116 750 hominum

534 777 791 835 dilatatur
817 781 1118 850 progenies.

607 870 770 925 Vitas.
801 871 855 925 5.
886 901 958 911 ——
986 870 1117 924 Filii
1144 872 1392 941 Juplieth.
1421 873 1624 946 (Ηιειι.)
1656 874 1719 929 lli
1759 877 2116 944 possederunt

533 976 734 1019 terram
761 965 816 1017 in
867 963 1016 1027 Asia,
1057 964 1124 1018 ab
1170 964 1380 1021 Amano
1405 976 1460 1020 et
1496 968 1674 1021 Tauro
1723 967 1892 1038 Syrice
1919 969 2113 1023 Cheles

529 1067 585 1110 et
631 1056 830 1111 Cilicim
864 1058 1138 1111 montibus
1175 1074 1342 1126 usque
1388 1062 1454 1112 ad
1483 1058 1676 1114 ﬂumen
1719 1059 2002 1114 Tlianaim.
2053 1059 2108 1113 ln

524 1149 764 1220 EurOpa,
794 1167 963 1220 usque
990 1151 1058 1204 ad
1091 1151 1304 1206 Gadara
1338 1155 1554 1206 nomina
1587 1152 1719 1207 locis
1742 1163 1796 1207 et
1821 1153 2112 1220 gentilibus

527 1243 915 1312 relinquentes,
945 1260 976 1299 e
1023 1246 1218 1313 quibus
1264 1258 1448 1314 postea
1498 1247 1783 1301 immutata
1826 1257 1952 1302 sunt
1998 1247 2112 1318 plu-

525 1332 683 1395 rima,
710 1342 1029 1402 permanent
1053 1342 1270 1388 caetera.

597 1422 820 1476 Tlmbal.
869 1422 1051 1494 (ΗΑΒ.)
1099 1424 1323 1479 Hiberes
1373 1426 1465 1494 qui
1503 1437 1557 1480 et
1580 1425 1826 1497 llispani,
1863 1429 2109 1498 aquibus

522 1511 832 1579 Celtiberia,
861 1515 982 1570 licet
1008 1517 1225 1586 quidam
1253 1517 1414 1572 Italos
1436 1519 1800 1589 suspicentur.

591 1605 826 1660 Mosoch.
855 1607 978 1678 (lo.)
1009 1608 1374 1678 Cappadoces,
1412 1610 1554 1666 unde
1578 1612 1708 1666 urbs
1727 1626 1913 1666 eorum
1933 1628 2104 1682 usque

517 1696 960 1779 hodieMasaeha
990 1702 1204 1756 dicitur.
1240 1701 1592 1773 Septuaginta
1616 1719 1746 1759 vero
1777 1704 2100 1776 interpretes

523 1791 831 1861 Eaptliorim
865 1794 1210 1865 Cappadoces
1238 1796 1590 1851 arbitrantur.

2224 605 2276 660 in
2301 604 2489 658 Areth.
2543 601 2670 656 Haec
2704 611 2786 655 est
2821 599 3024 654 Edessa
3059 608 3110 654 et
3141 598 3330 653 Maeha
3362 613 3482 668 qua:
3503 609 3588 653 est
3612 597 3817 658 Nisibis

2221 704 2276 752 et
2311 697 2364 749 in
2403 692 2717 756 Chalamne,
2752 707 2871 760 quae
2906 705 2935 744 a
2973 688 3200 744 Seleuco
3231 703 3358 761 rege
3386 688 3632 746 Seleucia
3669 692 3815 749 dicta

2220 793 2322 846 est,
2354 783 2437 837 vel
2463 798 2583 852 quae
2615 796 2755 835 nunc
2779 779 3087 850 Thesiphon
3120 779 3339 834 dicitur.

2296 877 2453 932 Vens.
2499 876 2587 930 Η.
2610 905 2682 914 —
2708 873 2958 929 Mesraim
3010 883 3184 926 autem
3223 875 3422 943 genuit.
3480 874 3665 949 (ΚΑΒ.)
3700 875 3815 933 Ex-

2215 968 2386 1038 ceptis
2435 967 2698 1031 Laabim,
2745 982 2774 1020 a
2826 965 3018 1034 quibus
3068 964 3262 1035 Libyes
3319 966 3582 1021 nominati
3642 978 3815 1036 sunt,

2215 1061 2305 1131 qui
2340 1062 2488 1131 prius
2524 1059 2762 1120 Phutau,
2801 1067 2857 1113 et
2891 1057 3162 1120 Castium,
3201 1058 3292 1128 qui
3323 1067 3446 1126 post
3482 1058 3817 1117 Philisthiim

2214 1153 2342 1208 dicti
2381 1160 2525 1215 sunt,
2567 1167 2702 1221 quos
2750 1165 2848 1204 nos
2889 1158 3144 1218 corrupte
3182 1149 3501 1205 Palaestinos
3554 1150 3812 1209 dicimus.

2213 1243 2433 1299 Caetera:
2492 1253 2680 1314 gentes
2745 1242 3004 1312 ignoratae
3069 1250 3196 1296 sunt
3255 1241 3434 1306 nobis,
3487 1242 3616 1311 quia
3669 1244 3816 1301 bello

2211 1333 2520 1403 Ethiopico
2588 1333 2860 1387 subversae
2906 1333 2960 1386 in
3019 1331 3346 1386 oblivionem
3403 1333 3813 1402 przeteritorum

2211 1426 2490 1482 nominum
2540 1438 2855 1496 pervenere.
2895 1423 3260 1480 Possederunt
3309 1433 3493 1479 autem
3527 1434 3736 1480 terram
3773 1440 3814 1480 a

2208 1517 2354 1574 Gaza
2403 1533 2574 1588 usque
2629 1517 2696 1572 ad
2749 1526 3026 1572 extremos
3082 1515 3219 1572 lines
3267 1516 3507 1588 Egypti.

2285 1612 2442 1667 Vens.
2486 1610 2573 1665 14.
2599 1607 3058 1680 —Gergezceum,
3097 1607 3369 1664 ﬂeverunt.
3422 1608 3521 1665 Hic
3565 1613 3813 1668 condidit

2202 1703 2412 1758 Archas
2456 1700 2712 1771 oppidum
2760 1709 2951 1755 contra
2995 1699 3256 1770 Tripolim
3298 1700 3350 1754 in
3391 1700 3668 1757 radicibus
3716 1701 3810 1758 Li-

2202 1794 2349 1860 bani,
2397 1809 2428 1848 a
2471 1808 2578 1863 quo
2619 1791 2762 1847 haud
2803 1791 2992 1861 procul
3031 1791 3137 1846 alia
3184 1791 3376 1846 civitas
3427 1791 3527 1846 fuit
3569 1794 3796 1851 nomine

588 1890 752 1944 Vens.
799 1888 1093 1944 7.-—Filii
1144 1901 1337 1945 autem.
1394 1890 1612 1963 (Gneo)
1663 1891 1744 1946 Ab
1793 1892 1880 1947 his
1917 1892 2101 1948 divisa:
2130 1895 2178 1956 Β
2206 1885 2358 1951 Sim,
2412 1900 2532 1955 quae
2579 1883 2734 1938 vario
2780 1892 2975 1937 eventu
3030 1881 3287 1938 subversa
3337 1883 3647 1952 bellorum,
3698 1901 3807 1942 no—

515 1988 642 2034 sunt
703 1980 888 2036 insulae
952 1981 1231 2037 nationum
1262 2023 1278 2047 ,
1330 1981 1525 2051 linguas
1558 2023 1574 2048 ,
1630 1983 1980 2051 cognationes
2044 1991 2101 2038 et

514 2081 721 2142 gentes.
777 2071 852 2126 De
900 2071 1136 2138 lonibus,
1184 2074 1236 2128 id
1279 2084 1362 2128 est
1405 2073 1608 2129 Graecis
1660 2085 1956 2130 nascuntur
1993 2075 2100 2130 Eli-

511 2163 604 2218 εαξί
635 2204 651 2228 ,
707 2163 797 2232 qui
856 2172 912 2218 et
963 2163 1222 2220 Eolides.
1294 2163 1447 2220 Unde
1501 2168 1604 2222 ista
1671 2166 1854 2236 lingua
1911 2167 2098 2222 Graece

510 2251 682 2308 IEolis
728 2254 946 2309 dicitur.

582 2343 818 2398 Tharsis.
881 2345 1063 2416 (ΗΑΒ.)
1120 2345 1228 2401 Hos
1284 2345 1554 2416 Iosephus
1601 2346 1798 2402 Cilices
1857 2349 2090 2415 arbitra-

508 2442 598 2486 tur
629 2475 644 2498 ,
702 2435 844 2489 unde
890 2445 943 2490 et
995 2435 1309 2507 metropolis
1366 2451 1555 2492 eorum
1605 2437 1830 2494 Tharsis
1879 2439 2091 2507 dicitur,

507 2522 674 2579 Paulo
722 2525 965 2594 apostolo
1015 2525 1248 2595 gloriosa
1299 2527 1436 2596 (Act.
1498 2526 1655 2599 xm).

577 2615 798 2672 Cetlum.
853 2618 975 2687 (lo.)
1026 2619 1072 2672 A
1110 2634 1217 2688 quo
1261 2617 1475 2686 Cilluei,
1519 2619 1652 2675 alias
1700 2619 1862 2675 Citliii
1905 2637 1934 2675 a
1973 2622 2085 2691 qui~

504 2710 607 2765 bus
658 2711 789 2765 urbs
833 2708 995 2782 Cypri
1043 2711 1239 2776 Cithia,
1292 2712 1429 2770 alias
1474 2711 1713 2770 Cithium
1759 2714 1958 2770 dicitur
1995 2731 2089 2770 us-

505 2817 612 2873 que
649 2802 830 2857 hodie.

575 2891 860 2947 Dodanim.
910 2893 1034 2966 (lo.)
1084 2894 1299 2960 Rhodii,
1348 2896 1428 2952 sic
1469 2897 1615 2952 enim
1661 2895 1806 2952 LXX
1846 2906 2086 2952 transtu-

502 2984 703 3040 lerunt.
777 2985 1042 3058 Legamus
1107 2988 1368 3044 Varronis
1429 2989 1496 3046 de
1546 2989 1962 3060 antiquitatibus
2018 2990 2087 3045 li-

498 3075 630 3131 bros
685 3084 741 3131 et
797 3075 972 3131 Sinnii
1029 3076 1340 3148 Capitonis,
1392 3088 1448 3136 et
1491 3078 1740 3135 Grzecum
1794 3080 2089 3152 Phlegonta

499 3181 833 3239 creterosque
873 3210 888 3234 ,
942 3179 996 3224 et
1053 3170 1353 3226 videbimus
1419 3187 1608 3227 omnes
1678 3186 1815 3242 pene
1880 3171 2087 3227 insulas

2201 1995 2325 2035 men
2375 1985 2587 2033 tantum
2643 1975 2760 2030 loco
2806 1974 3094 2045 pristinum
3145 1975 3469 2030 reservavit.

2277 2069 2434 2124 Vens.
2484 2066 2935 2132 iii—Aradium
2967 2081 3190 2137 quoque.
3232 2066 3278 2119 A
3314 2081 3423 2136 quo
3464 2066 3667 2128 Aradii,
3703 2071 3804 2138 qui

2198 2165 2437 2220 Aradum
2485 2161 2714 2217 insulam
2754 2159 3111 2230 possederunt
3145 2167 3375 2228 angusto
3407 2156 3551 2215 freto
3578 2174 3609 2213 a
3635 2157 3804 2216 Ριιω-

2198 2257 2337 2311 nicis
2370 2255 2554 2309 littore
2581 2261 2910 2322 separatam.

2268 2347 2338 2402 Et
2395 2345 2730 2402 Samareum.
2797 2347 2844 2397 A
2901 2357 3010 2413 quo
3058 2341 3230 2412 Syria:
3290 2339 3482 2396 Cheles
3535 2340 3802 2398 Samaria:

2197 2441 2405 2504 civitas,
2451 2452 2593 2493 nunc
2637 2451 2851 2506 quoque
2899 2442 3010 2488 tam
3057 2450 3090 2487 a
3140 2431 3294 2503 Syris
3348 2447 3511 2502 quam
3568 2433 3637 2488 ab
3689 2432 3802 2489 He-

2193 2533 2360 2589 brreis
2409 2540 2469 2585 ut
2509 2530 2660 2600 prius
2710 2527 2852 2598 apud
2906 2533 3118 2580 veteres
3166 2522 3488 2593 appellatur.

2267 2623 2660 2678 Hamatlueum.
2705 2620 2888 2692 (ΚΑΒ.)
2928 2618 2974 2672 A
3013 2633 3121 2688 quo
3160 2616 3355 2671 Emath
3391 2615 3604 2672 civitas.
3639 2615 3799 2672 Hanc

2193 2716 2514 2773 Macedones
2538 2715 2628 2785 qui
2657 2723 2782 2785 post
2804 2712 3172 2768 Alexandrum
3204 2710 3261 2764 in
3286 2707 3510 2764 Oriente
3534 2724 3800 2780 regnave-

2193 2818 2338 2873 runt,
2372 2806 2723 2878 Epiphaniam
2764 2810 3232 2874 nuncupaverunt.
3292 2800 3399 2856 Alii
3441 2800 3796 2856 Antiochiam

2193 2901 2269 2956 ita
2308 2901 2505 2956 dictam
2547 2906 2758 2969 putant.
2805 2895 2910 2950 Alii
2949 2911 3056 2951 non
3105 2909 3233 2949 vere
3281 2891 3592 2962 opinionem
3631 2907 3796 2948 suam

2191 2992 2470 3048 verisimili
2503 2991 2767 3047 vocabulo
2796 2989 3173 3054 consulentes,
3207 2988 3410 3043 Emaus
3442 2987 3673 3058 primam
3712 2987 3791 3042 ab

2190 3087 2476 3142 Antiochia
2507 3086 2844 3141 mansionem
2864 3082 3123 3150 Edassam
3151 3081 3502 3153 pergentibus
3523 3079 3792 3152 appellari

2190 3187 2402 3250 putant,
2432 3187 2487 3234 et
2511 3177 2756 3234 eamdem
2781 3175 2924 3246 apud
2953 3182 3167 3230 veteres
3191 3173 3407 3229 Emath.

495 3272 552 3318 et
599 3263 761 3318 totius
807 3263 954 3318 orbis
992 3263 1204 3330 littora,
1250 3273 1532 3334 terrasque
1582 3264 1886 3319 maritimas
1934 3263 2084 3319 ϐηθ-
2111 3253 2157 3316 C
2260 3271 2426 3326 Vens.
2456 3266 2785 3324 l7.—Filii
2818 3266 2963 3332 Sent,
2995 3273 3100 3323 etc.
3146 3264 3212 3320 Hi
3249 3264 3318 3319 ab
3350 3264 3627 3335 Euphrate
3657 3280 3792 3336 par-

494 3354 575 3410 cis
627 3354 827 3410 accolis
874 3363 1164 3426 occupatas
1209 3372 1222 3410 :
1279 3355 1371 3425 qui
1421 3356 1490 3410 ab
1530 3354 1740 3410 Amano
1795 3363 1851 3410 et
1900 3355 2082 3412 Tauro

491 3447 674 3502 omnia
717 3447 988 3503 maritima
1027 3463 1200 3519 usque
1240 3449 1308 3506 ad
1353 3462 1616 3505 oceanum
1653 3449 1938 3519 possidere
1963 3449 2081 3506 Bri-

495 3539 791 3595 tannicum.

561 3631 729 3689 Vens.
777 3634 830 3688 8.
856 3665 924 3675 —
952 3632 1118 3689 Phut.
1164 3635 1287 3708 (ιο.)
1329 3635 1547 3708 Libyes,
1593 3653 1624 3692 a
1669 3652 1779 3708 quo
1815 3645 1872 3693 et
1922 3608 2120 3694 Man:

490 3727 702 3782 ritaniae
726 3725 921 3782 ﬂuvius
943 3727 1081 3783 Phut
1106 3728 1327 3794 dicitur,
1348 3739 1404 3784 et
1425 3729 1573 3801 regio
1590 3728 1899 3786 Phutensis.
1923 3729 2078 3787 Multi

490 3831 670 3874 autem
704 3822 997 3891 scriptores
1029 3831 1140 3876 tam
1169 3823 1342 3878 Graeci
1373 3839 1537 3894 quam
1576 3823 1754 3880 Latini
1803 3824 1962 3894 hujus
1997 3825 2076 3881 rei

491 3919 658 3966 testes
713 3922 857 3967 sunt.
921 3913 1099 3980 Quare
1149 3922 1328 3968 autem
1386 3913 1442 3966 in
1490 3927 1597 3968 una
1645 3913 1881 3968 climatis
1920 3923 2076 3983 parte

488 4005 768 4074 antiquum
804 4003 986 4076 Libya:
1021 4019 1217 4059 nomen
1261 4015 1561 4075 permanet,
1595 4013 1650 4061 et
1686 4005 1892 4077 reliqua
1932 4015 2074 4062 terra

487 4102 700 4160 dicatur
727 4099 942 4167 Africa,
969 4115 1078 4155 non
1105 4108 1188 4155 est
1212 4098 1372 4168 hujus
1396 4099 1654 4170 temporis
1681 4098 1972 4155 disserere.

556 4193 711 4249 V'ers.
759 4193 813 4248 9.
838 4187 1092 4245 —Saba.
1152 4187 1275 4260 (10.)
1312 4187 1360 4242 A
1393 4203 1500 4258 quo
1539 4186 1715 4243 Sabaei
1745 4227 1760 4254 ,
1801 4189 2069 4258 interpre-

486 4297 634 4344 tatur
683 4301 826 4342 nunc
870 4284 1010 4340 Saba
1055 4283 1296 4350 Arabia,
1340 4283 1483 4338 unde
1526 4283 1582 4338 in
1627 4281 1762 4353 psal.
1800 4297 1926 4337 uxr
1977 4282 2070 4338 ubi

484 4381 747 4437 habemus
775 4396 788 4434 ς
822 4377 998 4449 Reges
1027 4376 1278 4432 "Arabum
1316 4381 1373 4431 et
1407 4372 1578 4439 Saba;
1625 4374 1678 4428 in
1712 4372 1938 4429 Hebraeo
1975 4372 2070 4428 ha-

481 4475 642 4530 betur
683 4493 695 4528 :
742 4473 916 4543 Reges
955 4471 1097 4527 Saba
1134 4479 1190 4525 et
1226 4469 1368 4524 Saba
1401 4508 1417 4534 ,
1454 4467 1687 4539 primum
1723 4481 1822 4537 per
1858 4464 2022 4522 Schin
2047 4504 2064 4533 ,

482 4567 778 4624 secundum
823 4582 920 4636 per
955 4565 1207 4620 Samech.

2185 3372 2270 3419 tes
2289 3362 2430 3417 Asia:
2453 3374 2624 3431 usque
2651 3361 2718 3414 ad
2746 3359 2986 3414 indicum
3023 3373 3288 3414 oceanum
3311 3364 3518 3413 tenent.
3561 3357 3660 3414 Est
3684 3372 3789 3412 au-

2181 3461 2293 3510 tem
2325 3451 2502 3508 Hilam
2529 3467 2560 3505 a
2589 3465 2698 3522 quo
2724 3449 2998 3519 principes
3026 3447 3288 3504 Persidis.

2253 3544 2373 3600 Has
2405 3553 2454 3600 et
2493 3541 2624 3598 Hui.
2676 3541 2775 3598 Vel
2827 3539 2921 3606 Us,
2971 3539 3373 3597 Tracbonitidis
3424 3549 3482 3597 et
3528 3540 3785 3596 Damasci

2180 3637 2429 3697 conditor
2486 3636 2629 3691 inter
2691 3633 3036 3689 Palaestinam
3091 3642 3148 3690 et
3197 3632 3541 3706 Caelesyriam
3607 3633 3788 3689 tenuit

2177 3728 2581 3800 principatum,
2626 3740 2657 3781 a
2703 3741 2811 3796 quo
2863 3733 3008 3781 terra
3060 3723 3177 3781 Hus
3226 3725 3294 3781 de
3336 3741 3441 3797 qua
3489 3723 3590 3781 Job
3630 3722 3777 3790 fuit;

2178 3819 2342 3883 unde,
2379 3815 2673 3873 secundum
2727 3813 2894 3881 LXX,
2940 3815 3027 3870 vir
3073 3823 3195 3870 erat
3236 3814 3293 3870 in
3340 3815 3559 3886 regione
3596 3813 3778 3870 Ausiti

2177 3910 2244 3966 de
2290 3909 2507 3964 nomine
2555 3905 2658 3964 Job
2703 3907 2858 3978 quasi
2898 3906 3167 3962 Husitide.

2245 4000 2410 4054 Vens.
2471 3995 2898 4069 £9.—Phaleg.
2951 3996 3136 4070 (ΚΑΒ.)
3185 3997 3460 4054 Vaticinio
3508 3996 3767 4068 quodam.

2173 4089 2375 4160 Pbaleg
2405 4089 2550 4144 enim
2582 4089 2794 4155 divisio,
2821 4090 2948 4159 quia
2979 4088 3032 4144 in
3063 4088 3255 4144 diebus
3291 4090 3429 4160 ejus,
3474 4089 3666 4160 linguas
3712 4091 3768 4145 in

2172 4179 2443 4252 Babylone
2482 4179 2668 4236 divisa:
2701 4189 2846 4236 sunt.
2894 4179 3091 4235 Narrat
3123 4187 3308 4236 autem
3335 4179 3490 4237 Philo
3525 4181 3578 4237 in
3626 4181 3770 4238 libro

2171 4270 2540 4338 Quaestionum
2583 4286 2746 4342 super
2787 4270 3064 4338 Genesim,
3113 4272 3258 4341 quod
3305 4287 3374 4328 ex
3426 4273 3600 4328 tribus
3639 4272 3769 4330 ﬁliis

2170 4362 2301 4429 Noe,
2344 4363 2520 4419 adhuc
2550 4363 2668 4435 ipso
2702 4365 2938 4431 vivente,
2977 4365 3093 4420 nati
3128 4372 3255 4419 sunt
3293 4365 3552 4420 tredecim
3594 4364 3766 4420 millia

2168 4455 2410 4510 virorum
2448 4463 2504 4511 et
2536 4463 2779 4522 centum,
2824 4463 2981 4512 extra
3021 4456 3278 4513 mulieres
3297 4464 3352 4512 et
3377 4455 3630 4527 parvulos
3658 4457 3767 4512 ha-

2167 4547 2357 4602 bentes
2388 4561 2551 4618 super
2579 4563 2639 4602 se
2667 4547 2854 4604 duces.
2899 4547 3021 4603 Filii
3053 4547 3210 4615 Sem,
3237 4547 3429 4605 Jectan
3451 4549 3674 4614 ducem;
3705 4548 3768 4603 ﬂ-

559 4658 722 4713 V'Ens.
749 4625 920 4710 10:—
936 4654 1044 4709 Iste
1070 4655 1218 4724 coepit
1261 4669 1370 4708 esse
1411 4661 1590 4722 potens
1630 4651 1685 4704 in
1721 4660 1881 4704 terra.
1923 4649 2061 4718 Quia
2087 4625 2142 4687 D
2166 4640 2224 4695 lii
2252 4639 2443 4706 Chal“.
2480 4641 2771 4706 Νεαποὼὶ
2822 4639 2917 4695 ﬁlii
2939 4639 3154 4711 139116.
3183 4640 3456 4711 suphene-
3509 4640 3640 4696 Ροει
3661 4641 3763 4695 0b-

482 4755 751 4809 insuetam
795 4748 1131 4820 tyrannidem
1166 4747 1371 4818 primus
1415 4743 1665 4813 arripuit.
1708 4741 1808 4797 Hic
1847 4742 1948 4797 fuit
1980 4757 2068 4798 ro-

480 4846 671 4900 bustus
724 4851 950 4896 venator
998 4854 1180 4894 coram
1230 4837 1459 4891 Domino
1493 4876 1509 4900 ,
1559 4835 1685 4904 quia
1733 4833 1980 4888 homines
2033 4848 2066 4887 a

480 4941 577 4997 Dei
634 4939 846 4995 cultura
896 4935 1109 4990 avertit.
1163 4931 1314 4988 Unde
1362 4929 1625 4999 Iosephus
1657 4946 1670 4980 :
1704 4926 1854 4981 Fecit
1882 4936 2063 4980 autem

479 5050 573 5089 eos
633 5031 802 5088 elatos
859 5029 928 5084 ad
992 5025 1242 5095 injuriam
1303 5023 1398 5077 Dei
1457 5033 1620 5092 atque
1670 5028 2060 5089 contemptum.
2113 5067 2119 5073 .

478 5122 735 5188 Nemrod,
790 5119 931 5175 illius
969 5117 1160 5184 Cham,
1208 5115 1302 5170 ﬁlii
1354 5113 1467 5169 Noe
1499 5154 1514 5180 ,
1567 5113 1701 5183 qui,
1752 5127 1872 5167 cum
1923 5118 2066 5166 esset

479 5215 734 5270 audacior
786 5223 842 5267 et
889 5227 1054 5268 manu
1107 5208 1436 5265 fortissimus
1465 5247 1480 5272 ,
1530 5205 1788 5261 suadebat
1825 5204 2058 5259 homini-

477 5311 580 5364 bus
633 5315 691 5362 ut
749 5323 853 5361 non
907 5307 1018 5361 Deo
1071 5318 1223 5360 suam
1280 5300 1587 5356 felicitatem
1621 5339 1637 5366 ,
1687 5296 1781 5352 sed
1827 5297 2056 5368 propriae

475 5404 660 5457 virtuti
711 5402 1060 5458 ascriberent.
1114 5398 1206 5455 Sic
1254 5399 1498 5454 homines
1536 5412 1565 5448 a
1602 5393 1701 5449 Dei
1740 5393 1932 5447 timore
1972 5406 2054 5446 re~

474 5497 721 5560 vocabat,
770 5503 826 5548 ut
867 5510 1014 5565 spem
1053 5495 1106 5548 in
1139 5491 1355 5563 propria
1392 5490 1590 5542 virtute
1628 5493 1868 5555 poneret.
1907 5483 2057 5538 Ideo-

475 5603 580 5655 que
626 5588 885 5657 putabant
938 5587 1106 5639 Deum
1161 5580 1496 5638 iutermirmri
1555 5579 1832 5631 diluvium.
1903 5577 2053 5631 Unde

475 5681 666 5734 turrim
715 5677 969 5733 aediﬁcari
1023 5677 1322 5731 suadebant
1372 5688 1534 5742 quam
1577 5686 1714 5738 aqua
1773 5684 1878 5724 non
1936 5686 2057 5739 pos-

475 5783 557 5821 set
607 5771 913 5823 ascendere.
975 5767 1257 5821 Multitudo
1307 5773 1486 5818 autem
1541 5767 1787 5831 prompta
1832 5770 1951 5814 erat
1997 5766 2057 5812 ut

476 5859 720 5916 υν-ςιιιίι-αι
763 5859 1036 5928 Νρηιωιι,
1096 5873 1256 5932 grave
1311 5865 1506 5928 putans
1559 5853 1837 5909 servitium
1891 5854 2051 5905 obse-

2170 4733 2306 4788 itum
2341 4748 2471 4788 vero
2494 4731 2626 4798 Noe,
2669 4740 3040 4788 convenerunt
3083 4733 3251 4788 duces
3289 4748 3414 4788 cum
3453 4731 3762 4804 agminibus

2169 4824 2282 4880 suis
2309 4823 2364 4878 in
2389 4838 2638 4892 campum
2657 4821 2921 4888 Sennaar,
2945 4831 3006 4877 ut
3028 4821 3101 4877 ibi
3129 4823 3321 4877 tunam
3350 4830 3756 4878 construerent.

2170 4916 2303 4971 Cum
2334 4925 2514 4971 autem
2542 4915 2890 4980 aediﬁcarent,
2920 4914 3102 4969 divisit
3125 4915 3266 4970 Deus
3296 4914 3514 4986 linguas
3536 4929 3755 4981 eorum,

2170 5018 2226 5064 et
2267 5010 2496 5064 mutavit
2535 5007 2772 5081 elligies,
2795 5018 2851 5063 et
2872 5023 2976 5062 non
3001 5008 3505 5079 cognovit'quisque
3529 5005 3758 5063 fratrem

2169 5119 2350 5169 suum,
2381 5119 2480 5158 nec
2511 5103 2718 5157 audivit
2754 5101 2987 5172 linguam
3024 5101 3259 5167 proximi
3297 5101 3399 5157 sui.
3449 5099 3585 5157 Cum
3624 5116 3758 5158 vero

2166 5195 2410 5265 magistri
2439 5195 2644 5263 lapides
2667 5193 3000 5263 quatrebant,
3044 5192 3280 5247 ministri
3321 5205 3518 5262 aquam
3554 5191 3753 5248 aﬂ'ere-

2163 5287 2315 5351 bant,
2361 5294 2417 5341 et
2461 5301 2583 5340 cum
2620 5284 2694 5338 illi
2740 5283 3055 5356 quaerebant
3092 5298 3321 5353 aquam,
3351 5283 3426 5338 illi
3454 5281 3756 5339 aﬂ‘erebaut

2163 5383 2436 5454 stipulam.
2501 5379 2697 5452 Sicque
2727 5379 2990 5435 frustrata
3028 5378 3354 5449 cogitatione
3398 5385 3755 5433 cessaverunt

2162 5476 2430 5533 aediﬁcare
2465 5483 2520 5532 et
2553 5474 2780 5545 dispersi
2820 5480 2947 5529 sunt
2981 5487 3142 5542 super
3175 5471 3370 5527 faciem
3407 5480 3589 5525 terrae.

2233 5569 2506 5624 “3115.20.
2528 5565 2798 5620 -Ιεειαη
2827 5575 3020 5618 autem.
3063 5561 3335 5635 (Ηιειιοη.)
3370 5561 3572 5616 Harum
3612 5573 3746 5631 gen-

2159 5664 2291 5718 tium
2326 5662 2622 5745 posteriora
2654 5673 2869 5712 nomina
2904 5656 3144 5710 invenire
3175 5670 3279 5710 non
3315 5653 3485 5725 potui,
3527 5651 3621 5706 sed
3657 5665 3749 5705 us-

2159 5771 2263 5825 que
2295 5741 2349 5807 iu
2369 5769 2624 5823 praesens,
2649 5749 2772 5820 quia
2802 5747 2990 5819 procul
3022 5762 3052 5799 a
3092 5746 3246 5800 nobis
3277 5753 3422 5804 sunt,
3445 5741 3529 5797 vel
3552 5741 3628 5795 ita
3651 5753 3747 5796 vo-

2155 5856 2349 5901 eantur
2378 5855 2436 5901 ut
2469 5847 2721 5917 primum,
2749 5841 2975 5912 vcl‘qute
3003 5846 3208 5894 mutata
3232 5844 3360 5895 sunt
3384 5835 3742 5912 ignorantur;
