4122 6350
353 427 460 485 653

1318 431 1584 488 GLOSSA
1623 433 2025 490 ORDINARIA.
2067 464 2136 476 ο-
2172 436 2300 492 LIB.
2344 439 2363 493 Ι
2401 433 2647 496 PARAL.

3500 447 3601 503 634

348 540 710 614 possederunt
745 550 924 597 autem
953 559 984 598 a
1009 543 1210 601 Cofene
1234 545 1396 603 ﬁuvio
1418 563 1632 606 onmem
1664 549 1824 606 India:
1854 566 1934 604 re-
1957 550 2006 610 Α
2034 547 2264 608 bulatus.
2311 555 2488 610 Variis
2526 556 2668 610 enim
2708 556 2989 612 eventibus
3025 557 3244 614 nomina
3271 570 3603 618 conmutan-

349 636 569 708 gionem
595 649 718 704 qua:
747 644 972 690 vocatur
998 635 1200 693 Hieria.

423 723 582 780 Vens.
607 725 701 782 24.
722 755 792 764 -
815 725 956 792 Sem,
989 729 1078 781 Ar.
1105 728 1287 802 (ΚΑΒ.)
1315 730 1467 787 Sicut
1492 733 1545 787 in
1573 736 1838 805 principio
1860 737 1926 792 ab

344 819 520 876 Adam
548 833 719 888 usque
747 819 813 872 ad
847 817 957 874 Noe
987 820 1170 875 decem
1199 825 1574 893 generationes
1607 827 1812 896 posuit;
1852 836 1926 882 ita

348 922 380 963 a
419 906 548 962 Sem
577 923 750 979 usque
775 908 843 963 ad
868 909 1089 977 Abram,
1131 927 1239 968 non
1281 915 1396 970 sine
1434 917 1760 971 sacramenti
1805 933 1924 988 my-

347 999 533 1055 sterio.

416 1091 580 1147 Vens.
622 1089 711 1143 29.
751 1121 820 1130 —
852 1090 1262 1164 Primogenitus.
1299 1095 1569 1167 (menon,
1624 1097 1822 1162 Quwst.
1869 1099 1925 1152 in

345 1179 555 1248 Paral.,
588 1189 720 1236 tom.
754 1181 865 1250 Ill.)
896 1183 1186 1241 Duodecim
1220 1187 1311 1242 ﬁlii
1343 1197 1639 1242 nascuntur
1665 1189 1876 1244 lsmaeli
1907 1207 1920 1243 :

343 1273 731 1344 primogenitus
771 1274 1068 1342 Nabaioth,
1109 1295 1140 1333 a
1183 1295 1290 1349 quo
1327 1281 1503 1335 omnis
1545 1281 1692 1351 regio
1719 1284 1787 1337 ab
1815 1282 1921 1337 Eu-

342 1363 535 1432 phrate
560 1380 729 1434 usque
755 1365 821 1420 ad
849 1382 997 1422 mare
1026 1368 1267 1424 Rubrum
1296 1371 1662 1428 Nabaiothena
1685 1375 1882 1430 dicitur
1906 1393 1920 1428 :

343 1467 464 1522 quae
490 1471 618 1525 pars
637 1464 720 1510 est
751 1457 981 1513 Arabiae.
1029 1459 1162 1514 Nam
1193 1461 1406 1518 familiae
1429 1464 1670 1534 ipsorum
1697 1467 1922 1537 oppida—

341 1560 450 1615 que
475 1555 530 1601 et
559 1547 709 1616 pagi,
733 1563 797 1602 ac
823 1549 1025 1603 minuta
1055 1551 1273 1607 castella
1315 1565 1367 1608 et
1409 1555 1580 1611 tribus
1608 1557 1799 1611 horum
1829 1573 1922 1627 ap-

340 1636 629 1707 pellatione
673 1637 1015 1695 celebrantur
1047 1643 1116 1696 ab
1149 1658 1255 1696 una
1294 1659 1360 1697 ex
1401 1659 1480 1699 eis
1523 1644 1694 1701 Cedar
1735 1646 1790 1700 in
1833 1646 1925 1702 de-

341 1738 520 1786 serto:
545 1738 600 1785 et
621 1730 791 1785 Duma
812 1731 916 1786 alia
941 1732 1107 1802 regio,
1135 1743 1190 1788 et
1209 1734 1510 1790 Thebaram
1539 1735 1606 1790 ad
1632 1736 1916 1804 Austrum,

341 1827 397 1874 et
427 1819 659 1876 Cedema
687 1822 754 1877 ad
780 1821 1107 1878 Orientalem
1132 1825 1364 1897 plagam.

2029 651 2138 707 tur,
2183 652 2241 698 ut
2276 645 2426 700 varia
2465 648 2722 717 mysteria
2759 648 3148 718 signiﬁcentur.

2051 795 2054 798 ,
2099 737 2264 790 Vens.
2293 737 2382 792 45.
2426 770 2476 778 -
2503 738 2737 794 Denaba.
2773 740 2976 797 Civitas
3008 742 3141 796 Hala
3176 743 3271 798 ﬁlii
3296 744 3437 801 Beor
3463 750 3603 820 regis

2027 827 2216 892 Edoni,
2243 839 2362 897 post
2393 845 2551 898 quem
2584 832 2828 900 regnavit
2857 831 3046 887 Jobab.
3090 833 3186 887 Est
3219 842 3401 889 tamen
3435 851 3602 906 usque

2027 921 2186 977 hodie
2217 922 2338 977 villa
2373 923 2607 987 Denaba,
2655 925 2709 979 in
2743 935 2935 981 octavo
2974 927 3221 984 milliario
3251 929 3598 1000 Areopoleos,

2024 1015 2368 1082 pergentibus
2395 1015 2708 1082 Armonem,
2732 1025 2788 1072 et
2827 1019 2996 1073 altera
3019 1020 3235 1076 Denaba
3263 1038 3424 1093 super
3451 1040 3602 1079 mon-

2025 1113 2131 1159 tem
2173 1105 2403 1177 l‘hegor,
2441 1107 2494 1162 in
2529 1109 2758 1178 septimo
2792 1109 2967 1180 lapide
3002 1109 3190 1166 Jebus.
3239 1111 3602 1186 Hieronymus

2025 1195 2092 1250 de
2129 1195 2324 1252 Jesbii.

2097 1286 2260 1342 Vens.
2302 1287 2393 1341 44.
2433 1288 2689 1343 —Jobab
2731 1290 2872 1358 ﬁlius
2912 1291 3092 1358 Zara',
3139 1309 3299 1363 quem
3338 1293 3440 1349 Job
3483 1310 3602 1351 esse

2024 1377 2384 1446 suspicantur.
2446 1377 2551 1434 Sed
2607 1377 2812 1434 Hebrzei
2870 1381 3102 1436 aﬁ‘erunt
3156 1397 3279 1437 eum
3319 1381 3387 1438 de
3431 1385 3600 1453 stirpe

2025 1466 2241 1522 Nachor
2283 1484 2403 1524 esse
2447 1472 2831 1540 progenitum;
2896 1472 3050 1526 Philo
3096 1482 3312 1539 autem,
3367 1475 3422 1528 in
3465 1473 3602 1527 libro

2023 1559 2391 1626 Quaestionum
2431 1575 2594 1631 super
2630 1561 2907 1628 Genesim,
2950 1575 3137 1618 narrat
3163 1565 3244 1618 his
3272 1565 3603 1636 temporibus

2023 1665 2144 1704 eum
2189 1649 2355 1704 fuisse
2394 1659 2450 1704 et
2489 1653 2764 1721 accepisse
2803 1669 3028 1708 uxorem
3072 1654 3290 1721 Dinam,
3319 1656 3483 1710 ﬁliam
3511 1655 3602 1710 Ja-

2023 1741 2164 1795 cob:
2212 1750 2268 1794 et
2305 1750 2429 1796 ante
2473 1744 2789 1799 tentationis
2835 1759 2945 1800 sua:
2986 1756 3259 1801 certamen
3304 1747 3436 1801 dicit
3481 1763 3600 1802 eam

2024 1838 2226 1900 septem
2268 1830 2406 1886 ﬁlios
2449 1840 2504 1887 et
2544 1841 2658 1888 tres
2699 1833 2838 1890 ﬁlias
2881 1835 2953 1889 illi
2996 1851 3319 1906 generasse,
3365 1838 3456 1906 qui
3500 1853 3596 1893 ex-

412 1911 573 1966 Vsns.
606 1910 1024 1969 52.—Ceturw.
1063 1915 1244 1987 (ΗΑΒ.)
1271 1916 1435 1984 Quasi
1465 1917 1748 1988 copulatae,
1775 1919 1918 1974 unde
1946 1907 1993 1967 Β
2022 1921 2204 1976 stincti
2243 1930 2368 1976 sunt
2408 1923 2460 1977 in
2509 1923 2822 1979 tentatione.
2889 1923 2995 1980 Sed
3041 1927 3090 1980 ei
3134 1937 3323 1981 sanato
3367 1928 3605 1982 reddidit

342 2005 683 2074 suspicantur
730 2003 938 2060 Hebraei
986 2022 1104 2062 eam
1153 2023 1272 2062 esse
1321 2009 1466 2080 Agar
1506 2025 1660 2078 quae,
1705 2020 1919 2067 mortua

343 2096 500 2162 Sara,
535 2096 602 2150 de
635 2098 936 2152 concubina
977 2100 1254 2154 transierit
1289 2103 1343 2154 in
1384 2115 1630 2168 uxorem,
1660 2117 1729 2157 ne
1753 2117 1918 2159 senex

340 2187 494 2242 novis
518 2196 774 2257 arguatur
803 2188 1006 2257 nuptiis
1035 2188 1328 2246 lascivisse.

411 2279 534 2352 (ln.)
557 2281 678 2335 Filii
703 2290 882 2337 autem
909 2283 1158 2350 Caeturae,
1172 2284 1327 2354 juxta
1367 2286 1653 2342 historicos
1673 2286 1922 2343 Hebrzeo-

339 2389 482 2438 rum,
513 2384 915 2444 occupaverunt
943 2375 1362 2443 Troconitidem,
1393 2377 1481 2432 alii
1517 2377 1918 2434 Traconitidem

340 2472 395 2520 et
417 2464 673 2520 Arabiam
701 2484 714 2520 :
746 2481 865 2536 qua:
895 2483 1038 2522 nunc
1067 2477 1296 2524 vocatur
1333 2469 1607 2537 Eidormo,
1646 2485 1816 2541 usque
1852 2471 1920 2526 ad

338 2560 506 2614 maris
530 2559 699 2614 Rubri
727 2561 1002 2629 terminos.

407 2652 664 2706 Assurim.
705 2653 789 2708 Ab
817 2654 1058 2709 Assurim
1087 2654 1274 2725 Syrios
1301 2655 1519 2724 quidam
1545 2663 1768 2711 vocatos
1797 2672 1921 2713 con‘

338 2743 602 2808 tendunt,
635 2751 688 2798 et
721 2759 752 2799 a
780 2744 1053 2816 plerisque
1085 2744 1211 2800 ﬁliis
1246 2743 1478 2801 Abrahae
1503 2746 1570 2802 de
1599 2745 1795 2802 Cetura
1822 2762 1916 2804 oc—

339 2845 561 2907 cupatas
582 2850 702 2891 esse
723 2836 886 2892 Indiae
909 2838 1173 2908 regiones.

409 2929 572 2984 Vens.
623 2928 714 2984 55.
733 2928 1010 2998 -ΕρΙιεν,
1052 2929 1233 3000 (ΗΑΒ.)
1265 2928 1366 2984 llic
1389 2929 1587 2984 dicitur
1616 2937 1804 2985 contra
1831 2929 1921 2984 Li-

337 3021 498 3093 byam
528 3020 828 3076 exercitum
857 3019 1108 3087 duxisse,
1140 3020 1215 3075 ibi
1240 3021 1416 3076 victor
1449 3021 1787 3088 consedisse,
1825 3036 1921 3092 po-

339 3122 622 3184 sterosque
647 3128 715 3169 ex
741 3112 959 3168 nomine
978 3127 1094 3182 ejus
1112 3111 1352 3170 Micam
1384 3128 1741 3182 nuncupasse.

451 3221 574 3261 ens.
603 3204 693 3259 36.
718 3235 787 3246 —-
812 3203 1068 3260 Tltamna.
1101 3205 1390 3274 Quaeritur,
1429 3221 1550 3260 cum
1587 3205 1829 3260 Thamna
1865 3206 1920 3262 in

337 3300 532 3356 Genesi
577 3298 789 3369 legatur
833 3271 1142 3354 concubina
1173 3313 1295 3354 esse
1341 3297 1564 3370 Eliphaz
1611 3299 1676 3354 de
1724 3312 1919 3370 genere
1946 3271 1992 3334 θ

341 3390 762 3457 Horrhazorum,
812 3390 903 3461 qui
949 3391 1088 3462 apud
1129 3390 1389 3446 Idumaeos
1435 3389 1816 3445 habitaverunt
1864 3389 1920 3444 in

339 3491 484 3538 terra
526 3478 667 3546 Seir,
712 3495 832 3550 quae
872 3479 1080 3550 peperit
1117 3478 1168 3534 ei
1199 3479 1444 3544 Amalec,
1477 3479 1746 3550 quomodo
1779 3479 1922 3535 inter

337 3570 476 3626 ﬁlios
518 3578 856 3635 numeretur,
901 3583 1026 3624 cum
1069 3569 1124 3624 in
1169 3569 1520 3639 sequentibus
1561 3569 1770 3640 legatur
1803 3569 1920 3638 ipsa

337 3665 580 3720 Thamna
614 3677 768 3720 soror
802 3661 993 3717 Lotam
1034 3661 1129 3716 ﬁlii
1162 3659 1307 3727 Seir,
1341 3661 1435 3730 qui
1471 3669 1525 3716 et
1558 3659 1771 3715 Edom?
1815 3659 1922 3713 Sed

339 3757 462 3814 Seir
501 3757 764 3813 Hebraice
815 3755 1021 3828 pilosus
1063 3753 1283 3818 dicitur,
1327 3751 1420 3822 qui
1460 3751 1560 3806 fuit
1601 3751 1656 3806 in
1703 3750 1922 3806 modum

335 3846 492 3919 pellis
531 3847 790 3918 hispidus.
848 3845 1019 3900 Edom
1061 3851 1242 3897 autem
1280 3840 1543 3896 Hebraice
1589 3840 1789 3895 rubeus
1831 3839 1917 3894 vel

339 3938 534 3993 fulvus.
578 3936 660 3993 Ab
699 3952 764 3992 eo
805 3936 968 4005 igitur
1000 3933 1146 4004 quod
1181 3932 1349 3988 rubeo
1381 3932 1503 3987 cibo
1536 3930 1776 3986 vendidit
1806 3930 1919 4000 pri-

339 4029 609 4101 mogenita
653 4026 985 4105 sua,.Edom
1024 4033 1247 4081 vocatus
1284 4032 1388 4079 est.
1434 4021 1646 4077 Hebraei
1681 4035 1810 4077 vero
1846 4019 1920 4074 ita

340 4123 574 4179 solvunt.
623 4122 819 4177 Dicunt
857 4119 1157 4175 Thamnam
1201 4116 1561 4174 concubinam
1597 4113 1766 4170 fuisse
1807 4114 1920 4170 Eli-

337 4215 497 4285 phaz,
545 4221 600 4268 et
635 4226 923 4284 generasse
955 4213 1005 4267 ei
1039 4209 1279 4276 Amalec,
1322 4209 1418 4266 sed
1457 4211 1712 4278 tanquam
1749 4206 1919 4264 ﬁliam

338 4305 482 4361 inter
519 4304 659 4360 ﬁlios
697 4305 764 4360 ab
803 4305 921 4376 ipso
959 4304 1128 4361 fuisse
1165 4307 1470 4372 educatam.

417 4393 575 4450 Vens.
609 4394 700 4449 ιο.
724 4425 792 4434 -
816 4393 1010 4458 Aliam,
1057 4396 1150 4466 qui
1195 4397 1260 4451 de
1299 4411 1496 4468 genere
1535 4395 1918 4454 Horrhaeorum

341 4496 440 4544 est.
482 4488 541 4542 In
571 4487 769 4544 Genesi
803 4488 1078 4553 scribitur,
1115 4488 1370 4554 Aluham,
1408 4489 1464 4544 id
1498 4497 1584 4545 est
1621 4489 1915 4544 exaltatus.

337 4581 396 4636 ln
437 4579 862 4650 Paralipomenis
908 4585 1038 4635 ve'ro
1061 4580 1240 4645 Alian,
1291 4581 1345 4636 id
1379 4589 1465 4636 est
1494 4581 1722 4650 ejectus,
1749 4581 1918 4652 signi-

340 4676 510 4730 ﬁcans
547 4673 672 4742 quia
712 4671 958 4726 Horrhaai
996 4671 1218 4727 exaltati
1243 4680 1384 4743 sunt
1421 4680 1714 4742 antequam
1746 4671 1916 4727 Edom

343 4781 541 4828 terram
582 4785 773 4827 eorum
811 4779 1052 4844 caperet,
1091 4779 1214 4842 post
1243 4785 1374 4826 vero
1414 4769 1592 4840 ejecti.

411 4862 589 4933 Seplu'.
617 4861 894 4933 alienos.)
929 4863 988 4916 ld
1011 4871 1114 4926 est,
1154 4861 1363 4930 unipes.
1404 4861 1462 4916 In
1487 4860 1683 4917 Genesi
1711 4861 1914 4932 Sepho,

341 4954 395 5010 id
417 4962 521 5018 est,
546 4953 726 5022 bipes;
756 4962 1046 5022 utrumque
1075 4961 1252 5006 tamen
1277 4967 1375 5022 per
1397 4963 1450 5012 tv
1475 4953 1627 5008 schin
1656 4953 1913 5008 litteram.

337 5043 502 5116 Bipes
532 5055 710 5100 autem
745 5045 960 5109 dicitur,
995 5045 1120 5115 quia
1144 5061 1172 5098 a
1197 5061 1453 5116 processu
1491 5048 1747 5116 temporis
1783 5047 1920 5101 mul~

341 5139 570 5194 titudine
609 5137 810 5196 sobolis
845 5138 1109 5210 majorem
1141 5137 1435 5195 eﬁicaciam
1473 5137 1723 5194 habuerit
1760 5154 1922 5209 quam

343 5231 397 5286 in
437 5231 648 5302 primis.

413 5323 578 5378 Vens.
603 5325 779 5381 LL—
803 5324 1064 5380 Hamran.
1098 5324 1156 5380 ln
1188 5322 1614 5394 Paralipomenis
1642 5323 1920 5391 Hamram,

345 5415 398 5470 id
435 5425 517 5472 est
553 5419 882 5483 rubricatus,
919 5418 1169 5474 sordidus
1199 5417 1284 5473 vel
1319 5417 1668 5474 tumulentus.
1715 5418 1773 5473 ln
1819 5417 1924 5474 Ge-

342 5507 460 5562 nesi
480 5508 712 5576 Amdan,
728 5510 781 5564 id
803 5518 886 5566 est
907 5507 1376 5580 concupiscibilis;
1401 5509 1495 5565 sed
1517 5518 1744 5579 utraque
1767 5510 1926 5566 unius

344 5600 581 5656 hominis
607 5603 824 5657 nomina
852 5613 997 5658 sunt.

414 5687 582 5745 Vens.
611 5689 701 5744 42.
729 5723 797 5731 -
837 5691 1032 5746 Jacan.
1074 5693 1257 5763 (ΒΑΕ.)
1297 5691 1467 5747 Jacan
1507 5691 1648 5747 ﬁlius
1686 5691 1824 5746 Aser
1860 5691 1927 5746 de

341 5797 540 5854 genere
580 5781 944 5850 llorrzeorum,
987 5786 1043 5838 in
1082 5784 1278 5839 Genesi
1317 5787 1464 5839 Acan
1504 5785 1832 5850 nominatur,
1874 5783 1926 5838 id

329 5882 427 5938 “est
466 5873 769 5933 tribulator.
817 5877 876 5936 1n
912 5875 1338 5954 Paralipomenis
1372 5873 1563 5947 Jacan,
1599 5876 1655 5934 id
1699 5885 1783 5935 est
1829 5875 1926 5934 tri-

2021 2011 2281 2066 Dominus
2318 2013 2499 2068 omnia
2540 2014 2808 2084 duplicia,
2847 2024 2901 2070 et
2947 2018 3074 2071 item
3121 2028 3325 2088 septem
3368 2019 3509 2075 ﬁlios
3547 2029 3602 2074 et

2019 2109 2132 2157 tres
2174 2101 2314 2158 ﬁlias
2351 2103 2633 2173 praedictas
2674 2121 2809 2160 uxor
2847 2108 3061 2177 genuit,
3109 2123 3339 2178 quorum
3383 2111 3600 2164 nomina

2019 2192 2210 2247 eadem
2255 2191 2470 2247 fuerunt
2509 2209 2630 2264 qua:
2670 2195 2934 2264 priorum,
2978 2197 3030 2251 id
3067 2209 3171 2263 est,
3216 2199 3460 2268 Eliphaz,
3496 2201 3598 2254 Ar-

2019 2299 2162 2349 moe,
2200 2283 2442 2349 Diasath,
2481 2285 2734 2349 Philasia,
2775 2287 3175 2357 Dipharceluth,
3203 2289 3432 2357 Thelon,
3463 2289 3601 2345 ﬁlia-

2020 2393 2140 2432 rum
2147 2391 2294 2451 yero
2322 2375 2491 2442 Meru,
2519 2376 2732 2442 Lizath,
2759 2379 2891 2433 Zeli.

2087 2468 2278 2536 Boara,
2307 2479 2413 2525 etc.
2458 2471 2588 2538 Quae
2609 2480 2692 2526 est
2710 2471 2883 2527 Bosor
2907 2474 3099 2529 civitas
3124 2475 3180 2529 in
3205 2475 3420 2530 deserto
3446 2483 3596 2532 trans

2019 2561 2309 2618 Iordanem
2347 2563 2402 2616 in
2437 2562 2579 2617 tribu
2612 2563 2821 2619 Ruben.
2866 2564 3179 2635 Appellatur
3216 2575 3273 2620 et
3297 2567 3401 2621 alia
3427 2567 3599 2623 Bosor

2020 2655 2212 2710 civitas
2251 2654 2393 2708 Esau
2430 2655 2486 2708 in
2529 2655 2803 2711 montibus
2829 2657 3081 2724 ldumeoe,
3107 2658 3173 2713 de
3213 2673 3320 2729 qua
3359 2659 3594 2716 dicitur:

2021 2742 2252 2800 Fulvida
2277 2745 2578 2799 vestimenta
2604 2745 2719 2815 ejus
2749 2762 2814 2800 ea:
2840 2745 3011 2801 Bosor

2091 2838 2254 2892 Vens.
2284 2837 2373 2891 45.
2399 2867 2468 2876 -
2497 2837 2900 2893 Themanorum.
2941 2839 3180 2894 Theman
3213 2841 3364 2910 regio
3395 2855 3428 2896 a
3459 2840 3600 2897 The-

2019 2944 2145 2983 man
2169 2927 2278 2982 ﬁlio
2301 2927 2523 2998 Eliphaz
2547 2915 2735 2982 sortita
2757 2929 3098 2984 vocabulum.
3124 2929 3219 2984 Est
3246 2946 3414 3000 usque
3439 2932 3599 2988 hodie

2020 3020 2152 3075 villa
2188 3021 2450 3084 Theman.
2479 3021 2688 3077 distans
2728 3024 2795 3078 ab
2833 3024 2966 3078 urbe
3004 3023 3165 3080 Petra
3207 3026 3444 3096 quinque
3486 3027 3602 3082 mil-

2019 3111 2182 3179 libus,
2220 3121 2275 3167 et
2306 3113 2396 3167 ubi
2431 3112 2798 3168 Romanorum
2839 3116 3067 3170 militum
3102 3118 3414 3188 praesidium
3439 3121 3598 3188 sedit,

2021 3205 2088 3260 de
2134 3221 2241 3275 quo
2277 3205 2397 3261 loco
2435 3204 2536 3260 fuit
2578 3207 2796 3277 Eliphaz
2841 3223 2937 3262 rex
2973 3209 3411 3266 Themanorum:
3453 3229 3597 3268 unus

2023 3312 2236 3368 quoque
2259 3295 2490 3353 ﬁliorum
2517 3297 2710 3354 lsmael
2731 3297 3098 3368 appellabatur
3119 3299 3380 3355 Theman.
3411 3300 3598 3356 Scien-

2021 3388 2151 3444 dum
2201 3397 2380 3444 autem
2433 3390 2578 3460 quod
2619 3390 2798 3445 omnis
2842 3391 3096 3446 australis
3149 3393 3297 3463 regio
3337 3390 3603 3448 Hebraice

2022 3479 2265 3536 Theman
2307 3481 2526 3536 dicitur.

2092 3573 2257 3629 Vens.
2285 3571 2375 3626 46.
2402 3601 2471 3616 --
2505 3571 2756 3639 Madian,
2797 3572 2992 3628 civitas
3034 3588 3066 3627 a
3105 3573 3329 3629 minimo
3368 3573 3601 3630 ﬁliorum

2021 3662 2295 3719 Abraham
2344 3672 2400 3720 et
2453 3663 2703 3720 Cethurze
2741 3665 2820 3720 sic
2853 3676 3064 3721 vocata.
3111 3665 3207 3721 Est
3239 3675 3418 3721 autem
3451 3675 3603 3722 trans

2021 3752 2273 3808 Arabiam
2316 3755 2371 3809 in
2417 3755 2632 3810 deserto
2671 3754 3064 3810 Saracenorum
3107 3763 3298 3811 contra
3336 3755 3600 3810 orientem

2023 3846 2190 3900 maris
2209 3845 2401 3912 Rubri,
2442 3849 2582 3902 unde
2614 3857 2873 3903 vocantur
2909 3847 3206 3912 Madianaei,
3231 3855 3286 3901 et
3309 3845 3602 3901 Madianaaa

2021 3939 2190 4010 regio.
2235 3938 2386 3994 Filiae
2420 3955 2634 4011 quoque
2669 3941 2841 3997 soceri
2885 3941 3052 4012 Moysi
3097 3940 3221 3996 ﬁlia:
3263 3939 3476 3994 Madian
3517 3939 3602 3993 di-

2022 4040 2258 4098 cuntur;
2315 4033 2410 4087 sed
2462 4033 2578 4088 hmo
2621 4032 2724 4087 alia
2774 4033 2964 4087 civitas
3012 4041 3097 4088 est
3141 4045 3440 4103 ononymos
3488 4031 3604 4100 ejus

2013 4120 2171 4192 juxta
2211 4124 2505 4182 Armonem
2551 4133 2607 4182 ct
2646 4124 2985 4195 Areopolim,
3026 4122 3180 4192 cujus
3221 4123 3397 4179 adhuc
3435 4122 3604 4178 ruinae

2021 4224 2414 4272 monstrantur.

2101 4309 2258 4365 Vens.
2300 4307 2390 4363 48.
2431 4339 2503 4348 -
2545 4306 2839 4362 ΒοΙιοὸοιΙι.
2880 4307 3023 4362 Urbs
3063 4312 3148 4360 est
3181 4305 3338 4375 juxta
3381 4302 3603 4357 ﬂuvium

2019 4400 2112 4456 ubi
2143 4407 2260 4456 erat
2293 4415 2387 4454 rex
2430 4399 2622 4462 Edom,
2661 4407 2719 4452 et
2755 4413 2928 4468 usque
2971 4395 3129 4450 hodie
3169 4402 3255 4448 est
3289 4392 3603 4463 praesidium

2019 4493 2088 4548 in-
2140 4494 2360 4563 regione
2419 4490 2730 4556 Gabalena,
2793 4498 2850 4544 et
2897 4489 3050 4542 vicus
3110 4484 3332 4556 grandis
3388 4485 3482 4554 qui
3526 4484 3606 4540 sic

2019 4592 2268 4640 vocatur.

2094 4678 2258 4733 Vens.
2289 4675 2470 4731 50.—
2510 4673 2718 4730 Matred
2756 4673 2905 4742 ﬁliw,
2948 4679 3054 4726 etc.
3096 4670 3226 4725 Duae
3270 4678 3475 4724 matres
3517 4669 3608 4725 hic

2023 4775 2398 4832 numerantur,
2433 4766 2502 4820 ad
2539 4763 2952 4836 signiﬁcandum
2993 4760 3330 4832 mysterium,
3374 4768 3433 4814 ut
3463 4759 3606 4814 auri-

2024 4859 2113 4915 fex
2158 4859 2433 4932 genuisset
2470 4855 2952 4928 dispensatricem,
2998 4860 3054 4908 et
3093 4852 3458 4922 dispensati-ix
3501 4851 3605 4904 Do-

1993 4952 2157 5026 ,mini
2204 4952 2626 5023 benignitatem,
2689 4949 2817 5020 quia
2871 4962 2936 5002 ex
2993 4945 3361 5018 profunditate
3417 4960 3608 4999 sensus

2026 5047 2268 5102 nascitur
2309 5044 2532 5100 facunda
2579 5042 2778 5098 locutio
2821 5057 2940 5112 qua:
2985 5040 3144 5097 ﬁdem
3189 5040 3443 5094 mundam
3484 5053 3608 5107 gra-

2029 5139 2162 5193 tiam
2202 5135 2298 5190 Dei
2342 5143 2682 5206 promeretur
2722 5133 2942 5205 gignere
2990 5133 3044 5187 in
3093 5131 3352 5187 cordibus
3393 5129 3605 5185 audito-

2028 5245 2264 5372 rm\Iv’lens.
2298 5317 2388 5371 51.
2432 5347 2502 5356 —-
2544 5316 2735 5382 Duces,
2771 5323 2876 5372 etc.
2923 5313 3234 5369 Notandum
3271 5311 3415 5381 quod
3454 5311 3606 5382 prius

2029 5429 2184 5486 reges
2214 5413 2349 5467 dixit
2384 5412 2450 5467 de
2479 5412 2671 5477 Edom,
2702 5421 2890 5482 postea
2929 5410 3096 5465 duces
3137 5424 3260 5463 cum
3301 5408 3451 5478 prius
3491 5407 3607 5462 fue-

2029 5517 2188 5562 runt:
2212 5521 2441 5576 quorum
2463 5505 2720 5576 quasdam
2745 5513 2948 5560 matres
2970 5501 3236 5568 nominat,
3256 5509 3316 5555 ut
3331 5498 3606 5556 Oolibama

2027 5609 2082 5654 et
2113 5598 2373 5653 'l'hamna.

2099 5690 2221 5744 Dum
2249 5690 2423 5743 Atina.
2471 5689 2603 5742 Alva
2647 5689 2698 5742 in
2738 5687 2934 5742 Genesi
2981 5687 3198 5755 legitur,
3243 5683 3398 5752 cujus
3433 5683 3603 5738 inter-

2027 5786 2256 5855 pretatio
2295 5785 2560 5851 elevatio;
2609 5783 2663 5838 in
2703 5781 3130 5854 Paralipomenis
3167 5778 3348 5844 Aliha,
3393 5776 3450 5834 id
3491 5783 3607 5844 est,

2030 5889 2192 5948 super
2229 5890 2370 5933 eam.

4101 4605 4103 4638 ὀ

4102 4661 4103 4686 ι

4101 5303 4103 5332 4

4101 5343 4103 5378 1

4102 5383 4103 5406 ι
