4122 6350
526 339 634 399 635

1139 449 1369 506 CAPUT
1407 449 1467 504 11.

580 543 768 599 Achar
792 544 901 614 qui.
943 542 1222 613 (ﬁnenem,
1247 541 1448 607 Quen.
1477 542 1531 596 in
1561 540 1774 606 Paral.,
1821 551 1952 596 tom.
1983 541 2100 613 IlI.)

519 639 700 692 Achar
736 633 828 706 qui
867 643 923 690 et
970 633 1161 688 Achan
1203 632 1259 688 in
1299 629 1463 688 Josue
1505 629 1726 696 dicitur,
1787 629 1842 685 id
1881 641 1966 686 est
2010 646 2100 686 co-

519 727 674 784 luber
713 725 996 790 insidians,
1035 722 1217 780 Achar
1261 722 1530 787 turbatus,
1576 730 1708 786 etc.,
1732 738 1894 792 usque
1929 722 2001 778 ad
2046 723 2100 776 id

517 829 633 886 est,
675 818 1017 876 multitudine
1059 828 1407 889 peccatorum
1446 819 1700 874 exstincti
1738 827 1881 874 sunt.

590 910 756 968 Vens.
783 911 930 968 9.-.—
958 910 1176 976 Calathi,
1223 910 1276 965 id
1321 918 1434 976 est,
1479 910 1635 966 canis
1675 925 1864 975 meus,
1909 909 2002 979 qui
2043 915 2100 964 et

517 1004 702 1070 Caleb,
738 1004 792 1072 id
840 1014 926 1060 est
957 1003 1133 1067 cauis,
1171 1017 1314 1058 unus
1354 1002 1420 1058 de
1461 1002 1915 1072 exploratoribus.
1964 1002 2098 1060 1105-

517 1117 614 1157 ron
653 1114 868 1171 quoque
904 1107 960 1153 et
992 1096 1234 1167 Jepbone
1267 1096 1412 1152 idem
1447 1104 1553 1162 est,
1595 1097 1735 1151 unde
1761 1096 1925 1152 Caleb
1953 1095 2096 1152 ﬁlius

514 1194 749 1259 Hesrou,
790 1203 846 1248 et
886 1191 1172 1261 aliquando
1211 1190 1355 1246 ﬁlius
1390 1189 1634 1261 Jephone
1678 1191 1896 1259 legitur.

584 1288 751 1344 Vens.
782 1286 870 1340 1.3.
899 1314 968 1328 —
995 1283 1108 1338 lsai
1142 1293 1318 1338 autem
1353 1286 1550 1355 genuit.
1600 1282 1657 1336 ln
1699 1283 1838 1337 libro
1880 1282 2091 1353 Regum

513 1379 710 1434 dicitur
734 1377 935 1434 habere
959 1376 1061 1433 lsai
1091 1387 1216 1433 octo
1243 1377 1401 1442 111105,
1447 1378 1499 1432 111
1537 1375 1960 1445 Paralipomeuis
1987 1393 2090 1432 non

512 1469 742 1538 amplius
776 1485 938 1538 quam
980 1478 1207 1539 septem.
1261 1469 1366 1523 Sed
1402 1467 1589 1522 dicunt
1626 1466 1835 1522 Hebraei
1881 1466 2090 1521 Nathau

509 1561 828 1631 prophetam
867 1561 1032 1614 ﬁlium
1071 1561 1234 1616 Sama
1261 1559 1368 1631 (vel
1391 1559 1664 1623 Sammaa,
1707 1558 1790 1612 vel
1828 1559 2088 1630 Simmaa)

510 1652 603 1707 ﬁlii
644 1653 768 1718 lsai,
816 1667 975 1722 quem
1016 1653 1070 1707 in
1113 1653 1291 1707 locum
1337 1651 1434 1706 ﬁlii
1478 1651 1730 1706 educavit
1770 1659 1825 1704 et
1865 1652 2092 1704 nutrivit

509 1743 652 1798 inter
684 1743 822 1798 ﬁlios
853 1751 1216 1797 numeratum.
1267 1743 1412 1798 Inter
1445 1743 1584 1798 111105
1617 1758 1832 1812 quoque
1857 1743 1957 1797 lsai
1985 1742 2090 1796 Na-

1020 335 1415 392 WALAFRIDI
1453 334 1699 392 STRABI
1738 333 1942 391 FULD.
1986 333 2152 390 MON.
2193 334 2343 391 OPP.
2387 335 2570 392 PARS
2609 337 2651 392 l.
2689 368 2756 377 —
2797 337 3249 396 THEOLOGICA.

2124 453 2176 514 Α
2273 449 2436 505 Vens.
2461 451 2550 505 54.
2581 481 2648 491 -
2677 451 3021 518 Bethlehem;
3071 454 3264 509 civitas
3305 452 3495 520 David,
3538 455 3594 510 in
3635 457 3777 514 tribu

3676 342 3780 398 636

2201 539 2472 608 Ι11111110,111
2519 557 2624 612 qua
2666 544 2929 602 Dominus
2972 554 3133 601 natus
3186 555 3270 601 est
3318 547 3374 602 in
3430 549 3661 617 septimo
3713 553 3782 610 ab

2201 631 2316 686 Elia
2357 632 2608 688 milliaria
2657 645 2845 690 contra
2889 637 3296 704 meridionalem
3332 637 3574 710 plagam,
3624 640 3781 710 juxta

2201 722 2344 777 viam
2389 739 2508 794 quae
2555 725 2704 780 ducit
2745 725 3000 793 Hebron,
3047 729 3138 786 ubi
3180 729 3490 800 sepulcrum
3527 731 3678 789 Jesse
3723 741 3783 792 et

2200 814 2369 868 David
2413 817 2754 883 ostenditur,
2792 827 2849 874 et
2883 818 3032 874 mille
3067 821 3285 877 circiter
3311 823 3560 891 passibus
3593 826 3780 894 procul

2199 907 2364 962 turris
2384 907 2548 975 Ader,
2573 908 2626 968 id
2642 907 2742 964 ’051
2769 910 2935 964 turris
2956 911 3160 983 gregis,
3181 912 3238 967 in
3259 913 3492 982 quodam
3523 915 3780 972 vaticiuio

2196 1008 2441 1069 pastores
2475 999 2768 1057 Βοωίοίοω
2797 1001 3100 1058 nativitatis
3133 1004 3383 1060 conscios
3409 1013 3535 1061 ante
3567 1007 3778 1080 signiﬁ-

2197 1105 2349 1146 cans.

2269 1185 2372 1249 Qui
2399 1185 2659 1240 diuidebat
2686 1185 2965 1241 dimidium
2996 1189 3663 1259 requietionrmﬂllenom,
3686 1192 3776 1249 ubi

2191 1278 2397 1348 supra),
2425 1278 2478 1332 id
2509 1289 2592 1334 est
2621 1289 2798 1336 sortes
2830 1280 3044 1337 Madian
3078 1283 3236 1352 juxta
3266 1283 3515 1353 sepulcra
3553 1286 3778 1354 patriar-

2191 1369 2414 1424 charum
2459 1386 2578 1439 qua:
2615 1381 2742 1426 sunt
2777 1372 2832 1427 in
2873 1373 3232 1430 Cariatharbe
3273 1377 3504 1445 accepit,
3535 1387 3592 1432 et
3617 1379 3777 1448 hujus

2191 1455 2289 1511 ﬁlii
2319 1456 2539 1514 fuerunt
2560 1458 2785 1526 Jethrei,
2828 1472 2936 1522 etc.
2993 1463 3221 1520 Seraitae
3257 1475 3313 1520 et
3340 1466 3654 1523 Esthaolitae
3685 1485 3776 1525 no-

2190 1548 2338 1604 mina
2394 1549 2634 1606 locorum
2691 1555 2870 1609 sortiti
2931 1565 3095 1621 sunt,
3151 1557 3244 1626 qui
3301 1566 3426 1612 sunt
3481 1557 3668 1614 Sarrai
3722 1569 3780 1617 et

2191 1638 2434 1705 Esthaol,
2468 1643 2558 1696 ubi
2589 1643 2832 1712 sepultus
2852 1655 2935 1701 est
2959 1645 3214 1702 Samson.
3253 1648 3597 1719 Requietatio
3629 1653 3778 1709 enim

2191 1734 2496 1804 sepulcrum
2519 1737 2735 1792 dicitur.
2757 1739 2864 1794 Alii
2884 1741 3166 1798 dimidium
3191 1745 3545 1814 requietionis
3564 1755 3782 1818 tempus

510 1835 638 1888 than
669 1835 934 1889 adductus
969 1844 1054 1890 est
1090 1836 1159 1889 ad
1197 1835 1526 1901 Samuelem,
1561 1807 1653 1905 qui
1688 1807 1761 1891 ει-
1776 1835 2085 1904 Ionatham,
2117 1807 2165 1867 Β
2192 1829 2472 1885 dimidium
2495 1832 2818 1904 intelligunt,
2836 1852 2944 1905 quo
2959 1837 3050 1891 ﬁlii
3079 1837 3241 1893 Israel
3267 1848 3552 1909 coeperunt
3573 1849 3779 1898 terram

507 1927 597 1996 qui
639 1927 910 1998 percussit
948 1928 1180 1982 leonem.
1232 1927 1300 1982 Et
1335 1928 1616 1984 sciendum
1656 1932 1801 1998 quod
1840 1931 1930 1984 ubi
1971 1946 2092 2002 pro-

505 2019 666 2087 pheta
692 2027 935 2084 vocatur,
972 2008 1184 2074 Na'than
1225 2019 1501 2085 scribitur,
1544 2035 1652 2076 non
1690 2020 1956 2076 Jonathan

579 2108 742 2162 Vens.
773 2109 858 2162 17.
880 2139 951 2149 -
975 2108 1174 2163 Jether.
1214 2110 1269 2164 In
1293 2110 1523 2181 Regum,
1554 2110 1743 2165 Jethra
1776 2111 2083 2178 lsraelites;

503 2203 595 2257 sed
639 2202 955 2256 meritorum
994 2202 1229 2272 qualitas
1267 2203 1638 2268 diversitatem
1683 2205 1962 2260 nominum
2007 2206 2086 2262 fa-

501 2293 607 2358 cit;
637 2309 765 2346 nam
789 2291 976 2347 Jethra
1003 2294 1279 2349 residuum
1308 2295 1721 2366 interpretatur,
1745 2297 1933 2352 Jether
1958 2314 2086 2353 vero

501 2385 773 2439 modicum
820 2384 1128 2451 residuum,
1170 2396 1225 2440 et
1265 2388 1482 2442 residuo
1515 2388 1762 2458 jungitur
1803 2389 2081 2458 Israelitis,

501 2476 713 2531 modico
753 2477 970 2532 residuo
1009 2477 1318 2533 lsmaelitis.

571 2566 734 2621 Vens.
778 2568 867 2625 l9.
892 2597 966 2610 -—
1008 2567 1268 2640 Ephrata.
1311 2570 1588 2643 (11100011.)
1625 2571 1751 2628 llaec
1792 2584 1875 2630 est
1917 2574 2083 2630 Maria

500 2673 655 2712 soror
685 2658 886 2730 Moysi,
925 2669 1100 2716 mater
1132 2661 1262 2727 Ilur,
1297 2663 1468 2731 patris
1500 2663 1652 2729 lluri,
1687 2665 1787 2720 Avi
1817 2666 2075 2722 Beseleel.

373 2771 380 2778 ·
499 2747 616 2804 11111·
639 2765 767 2805 vero
789 2758 873 2805 est
895 2752 988 2820 qui
1013 2768 1136 2808 cum
1157 2752 1339 2809 Aaron
1361 2756 1666 2811 sustinebat
1689 2771 1881 2820 manus
1909 2755 2078 2827 Moysi

498 2851 772 2912 pugnante
799 2841 981 2900 Iosue.

573 2932 736 2987 Vens.
765 2933 859 2989 22.
884 2965 955 2975 —
980 2934 1120 2990 Jair.
1161 2933 1260 2992 llic
1297 2936 1461 3005 judex
1504 2937 1604 2992 fuit
1642 2947 1767 3008 post
1808 2939 1976 2996 Thola
2023 2949 2078 2996 et
2109 3003 2114 3010 ι

491 3026 756 3098 judicavit
782 3027 946 3084 Israel
974 3029 1186 3086 duobus
1211 3040 1264 3086 et
1285 3033 1475 3104 viginti
1499 3033 1674 3100 annis,
1705 3033 1908 3089 habens
1938 3034 2076 3091 ﬁlios

497 3109 737 3189 triginta,
774 3121 1048 3192 principes
1085 3123 1367 3177 civitatum
1407 3124 1646 3194 triginta,
1694 3141 1814 3195 qua:
1853 3126 1920 3180 ah
1960 3127 2076 3197 ipso

493 3213 784 3268 nominata:
824 3223 969 3279 sunt,
1013 3215 1155 3270 sicut
1196 3217 1248 3270 in
1287 3215 1426 3270 libro
1465 3213 1716 3270 Judicum
1758 3216 1972 3288 legitur.

564 3304 729 3360 Vens.
757 3305 850 3360 25.
866 3336 936 3346 —
962 3305 1091 3360 Nati
1112 3317 1253 3360 sunt.
1283 3305 1556 3361 Hactenus
1579 3309 1811 3377 scriptor
1837 3308 2076 3363 historia:

491 3399 666 3452 texuit
700 3399 1105 3468 generationem
1142 3400 1373 3453 duorum
1413 3398 1647 3453 ﬁliorum
1684 3399 1914 3467 Hesron,
1944 3402 2074 3457 duo-

490 3505 610 3543 rum
650 3491 1038 3560 posteriorum,
1063 3490 1114 3544 id
1145 3499 1252 3556 est,
1279 3490 1444 3546 Aram
1470 3500 1522 3546 et
1546 3490 1756 3557 Calubi,
1783 3492 1850 3546 de
1877 3493 2072 3563 quibus

488 3577 637 3646 prius
679 3580 950 3645 narravit;
997 3581 1121 3648 quia
1161 3580 1367 3650 regiam
1409 3589 1464 3635 et
1502 3581 1898 3637 sacerdotalem
1939 3598 2074 3652 quo—

487 3668 759 3736 quomodo
793 3668 961 3724 voluit
1007 3671 1347 3726 innotescere
1391 3671 1730 3742 dignitatem.
1781 3672 1934 3729 Nunc
1971 3690 2070 3730 au-

487 3765 595 3812 tem
634 3759 702 3814 ad
741 3761 1121 3832 primogeniti,
1163 3762 1218 3818 id
1253 3773 1336 3820 est
1370 3757 1657 3831 Jérameel,
1698 3766 2069 3839 genealogiam

488 3848 647 3902 redit.

559 3939 723 3993 Vens.
747 3939 836 3994 26.
850 3969 922 3980 —
943 3941 1134 3997 Onam.
1159 3942 1259 3999 Hic
1281 3944 1350 3999 ab
1368 3941 1540 4000 Onam
1566 3945 1674 4000 ﬁlio
1694 3945 1846 4002 Iuda:
1867 3963 2068 4005 nomen

485 4031 716 4102 accepit,
759 4032 855 4087 sed
901 4030 1176 4099 diﬁ‘erunt,
1222 4036 1348 4105 quia
1390 4051 1489 4106 per
1531 4036 1666 4091 Num
1711 4038 1852 4094 ﬁlius
1893 4037 2065 4108 Iuda,

485 4123 628 4180 ﬁlius
664 4121 930 4181 Jerameel
970 4140 1071 4197 per
1109 4126 1247 4182 Mem
1291 4129 1556 4184 scribitur

556 4217 720 4274 Vens.
749 4218 925 4274 54.-
949 4216 1133 4275 Seaan.
1176 4219 1330 4276 Hunc
1361 4219 1571 4277 Hebraei
1603 4223 1789 4280 dicunt
1811 4239 1934 4281 esse
1957 4226 2067 4282 Eli-

482 4307 710 4374 melech,
737 4309 916 4364 virum
939 4308 1150 4376 Noemi,
1176 4320 1385 4383 patrem
1419 4313 1684 4370 Mahalom
1722 4324 1777 4372 et
1797 4317 2059 4386 Cheliom,

482 4406 537 4452 et
575 4399 694 4455 ideo
736 4402 970 4473 scriptor
1017 4401 1074 4457 in
1105 4404 1460 4472 sequentibus
1493 4405 1668 4461 innuit
1710 4409 1853 4478 quod
1889 4408 2080 4490 Sesan~

482 4503 589 4542 non
627 4489 878 4545 habuerit
919 4491 1088 4559 ﬁlios,
1135 4494 1229 4549 sed
1274 4493 1442 4563 ﬁlias,
1487 4497 1613 4566 quia
1649 4497 1757 4554 duo
1802 4499 1898 4556 ﬁlii
1943 4491 2120 4571 ejus;

483 4578 686 4649 absque
725 4580 909 4638 liberis
949 4585 1144 4640 mortui
1187 4594 1332 4641 sunt.

556 4668 719 4725 Vens.
766 4672 857 4726 45.
898 4703 971 4715 —
1024 4674 1257 4732 Hebrus.
1313 4676 1519 4735 Civitas
1567 4681 1622 4735 in
1666 4698 1773 4752 qua
1815 4687 2060 4755 regnavit

481 4759 649 4816 David
691 4771 897 4832 septem
933 4767 1090 4822 annis
1131 4778 1422 4839 antequam
1465 4774 1712 4844 regnavit
1751 4777 1806 4830 in
1843 4776 2060 4834 Jerusa-

480 4869 614 4908 sem.
661 4853 943 4924 Signiﬁcat
985 4859 1099 4914 haec
1142 4860 1261 4915 loca
1303 4864 1522 4919 nomina
1567 4867 1842 4936 accepisse
1884 4884 1915 4923 a
1953 4887 2054 4940 po-

477 4947 638 5003 steris
661 4945 846 5016 Caleb,
868 4949 962 5020 qui
983 4949 1196 5008 Ilebron
1220 4961 1277 5008 et
1299 4957 1604 5013 suburbana
1631 4959 1750 5029 ejus
1773 4962 1831 5016 in
1853 4971 2058 5018 sortem
2103 5005 2127 5029 .

478 5038 702 5108 accepit.

547 5129 712 5188 Vens.
747 5133 837 5189 50.
863 5165 936 5176 —
963 5133 1038 5189 Hi
1077 5145 1226 5191 erant
1269 5139 1390 5208 filii.
1437 5141 1783 5213 Recapitulat
1821 5159 2054 5216 genera-

476 5222 676 5277 tionem
703 5222 867 5281 Caleb
882 5226 947 5282 de
965 5225 1224 5298 Ephrata,
1249 5245 1411 5300 quam
1437 5243 1562 5289 ante
1581 5235 1804 5301 dimisit,
1837 5240 2054 5307 quando

477 5313 590 5370 Ilur
629 5315 694 5371 de
720 5315 982 5388 Ephrata,
1031 5318 1085 5374 id
1115 5329 1230 5386 est,
1274 5322 1443 5379 Maria
1473 5341 1661 5382 sorore
1692 5327 1859 5400 Moysi
1901 5330 2052 5401 geni-

474 5420 587 5465 tum
617 5414 878 5469 narravit.

543 5503 709 5558 Vens.
733 5503 822 5559 52.
853 5536 924 5548 -
942 5503 1336 5571 Carlathiarim,
1361 5523 1482 5577 quae
1509 5517 1565 5562 et
1602 5507 1966 5577 Cariathabal,
1995 5515 2049 5569 id

471 5604 556 5650 est
577 5596 770 5652 civitas
792 5598 1047 5662 saltuum,
1075 5615 1181 5653 una
1206 5600 1271 5654 de
1291 5599 1514 5654 urbibus
1542 5599 1966 5660 Gabaonitarum
1993 5608 2048 5663 in

473 5703 616 5740 nono
639 5688 894 5745 milliario
915 5690 1168 5745 euntibus
1192 5689 1260 5744 ab
1297 5689 1446 5746 Helia
1495 5691 1789 5763 Diospolim
1823 5695 1875 5750 in
1903 5697 2050 5752 tribu

470 5776 627 5838 Juda.

2189 1923 2570 1989 promissionis
2611 1927 2910 1995 possidere,
2940 1930 3008 1984 ab
3033 1945 3100 1984 eo
3141 1931 3352 1986 scilicet
3383 1941 3626 2002 tempore
3667 1947 3780 2004 quo

2189 2009 2398 2082 Moyses
2431 2013 2580 2070 dedit
2602 2025 2800 2071 terram
2838 2016 3042 2072 Galaad
3065 2019 3208 2073 ultra
3235 2019 3552 2087 Jordanem,
3584 2021 3776 2078 Ruben

2188 2112 2244 2158 et
2262 2103 2397 2169 Gad,
2423 2115 2478 2160 et
2501 2106 2736 2162 dimidia:
2759 2108 2923 2163 tribui
2948 2108 3212 2177 Manasse,
3243 2127 3525 2182 nsquequo
3548 2124 3762 2168 caetera:

2187 2197 2360 2251 tribus
2409 2206 2584 2253 sortes
2625 2216 2751 2254 suas
2796 2213 3140 2272 acceperunt.
3187 2203 3242 2258 111
3295 2202 3457 2272 hujus
3507 2206 3772 2275 temporis

2187 2289 2473 2344 medietate
2494 2289 2681 2344 dicunt
2705 2289 2866 2346 Sobal
2891 2307 3011 2348 esse
3053 2303 3347 2358 mortuum,
3398 2303 3454 2349 et
3493 2295 3567 2349 ita
3615 2295 3778 2350 dimi-

2186 2377 2330 2432 dium
2372 2379 2766 2448 requietionum
2805 2383 3039 2448 vidisse,
3078 2383 3132 2439 id
3160 2391 3274 2447 est,
3319 2384 3387 2439 ad
3427 2384 3775 2441 medietatem

2185 2469 2326 2524 illius
2353 2472 2612 2541 temporis
2640 2476 2974 2542 pervenisse.

2254 2558 2477 2630 Mystice
2507 2570 2685 2616 autem
2740 2562 2926 2631 Sobal,
2973 2566 3025 2621 id
3069 2577 3152 2622 est
3199 2583 3336 2624 vana
3375 2577 3642 2635 vetustas,
3683 2568 3776 2628 vel

2180 2654 2351 2708 vectis
2379 2657 2448 2708 ad
2479 2655 2824 2724 portandum.
2848 2657 3061 2715 1111111105
3091 2660 3363 2731 signiﬁcat
3397 2662 3488 2731 qui
3525 2661 3769 2731 antiqui-

2183 2757 2269 2800 tus
2297 2746 2526 2815 populus
2551 2747 2643 2803 Dei
2691 2751 3025 2806 vocabantur
3063 2761 3118 2808 et
3156 2753 3326 2823 legem
3371 2754 3568 2809 litterae
3604 2755 3773 2824 primi

2181 2848 2524 2909 acceperunt,
2545 2841 2635 2910 qui
2658 2841 2825 2897 libros
2847 2843 2978 2914 legis
3001 2853 3059 2900 et
3084 2846 3471 2914 pr0phetarum
3495 2845 3770 2912 ferebant,

2180 2932 2275 2985 sed
2308 2932 2625 3001 mysterium
2669 2933 3059 2990 incarnationis
3109 2935 3311 2991 Christi
3352 2951 3459 2991 non
3498 2937 3771 3008 intellige-

2177 3023 2326 3089 bant.
2355 3023 2505 3078 Unde
2526 3024 2806 3079 dimidium
2829 3025 3246 3094 requietionum,
3271 3026 3324 3081 id
3349 3035 3434 3081 est
3481 3027 3768 3083 historiam

2179 3115 2445 3171 viderunt.
2469 3117 2561 3171 Ille
2598 3126 2778 3172 autem
2810 3117 3202 3188 pleniudinem
3225 3119 3618 3188 requietionum
3639 3135 3769 3190 pos-

2101 3176 2148 3248 C
2180 3206 2340 3271 sidet,
2371 3209 2464 3279 qui
2497 3219 2617 3278 post
2663 3176 2827 3280 opera
2860 3176 3002 3266 bona
3041 3211 3197 3266 valde
3237 3176 3536 3268 iri-aeterna
3580 3176 3768 3282 quiete

2177 3296 2394 3366 gaudet.
2428 3296 2524 3352 Vel
2556 3299 2836 3356 dimidium
2879 3296 3098 3369 requiei
3113 3299 3290 3366 videt,
3330 3302 3420 3372 qui
3461 3311 3583 3372 post
3623 3320 3770 3374 prai-

2176 3389 2346 3444 sentis
2390 3389 2515 3443 vitae
2556 3389 2793 3446 laborem
2841 3391 3034 3450 animae
3087 3392 3324 3461 quietem
3374 3394 3552 3454 habet.
3609 3394 3767 3452 Tunc

2176 3491 2356 3536 autem
2391 3481 2777 3550 perfectionem
2819 3482 3213 3552 requietionum
3258 3484 3491 3550 videbit,
3537 3501 3662 3542 cum
3702 3495 3765 3544 et

2177 3573 2352 3628 anima
2375 3581 2431 3627 et
2456 3588 2682 3642 corpora
2708 3571 3017 3642 perfruetur
3043 3572 3373 3644 perfectione
3392 3575 3589 3644 quietis

2247 3667 2410 3720 Vens.
2447 3665 2536 3720 55.
2558 3696 2629 3712 η-
2662 3665 3052 3722 "sibilantium.
3091 3664 3218 3736 (111.)
3263 3665 3505 3726 Traduut
3544 3667 3754 3724 Hebnei

2171 3756 2333 3814 labes
2362 3757 2527 3814 fuisse
2551 3759 2829 3813 doctorem
2865 3759 3000 3829 legis
3036 3759 3460 3828 peritissimum,
3501 3760 3556 3816 iu
3601 3759 3756 3828 cujus

2174 3860 2465 3920 conspectu
2487 3852 2758 3906 sedebant
2781 3849 2880 3906 ﬁlii
2909 3849 3074 3907 (1111101
3101 3891 3117 3917 ,
3139 3852 3230 3922 qui
3259 3861 3315 3908 et
3343 3851 3517 3909 Jobab
3539 3853 3754 3922 cognati

2171 3940 2360 4012 Moysi.
2395 3941 2600 3997 Scriba!
2630 3942 2797 4012 igitur
2826 3942 3078 3997 dicuntur
3097 3953 3378 4002 .canentes
3413 3952 3575 4015 atque
3602 3959 3753 4001 reso-

2169 4043 2385 4099 nantes,
2417 4035 2543 4104 quia
2560 4033 2775 4089 assidue
2803 4034 2860 4088 in
2889 4035 3026 4106 legis
3043 4035 3138 4090 Dei
3163 4035 3436 4091 locutione
3459 4038 3754 4092 versaban-

2169 4132 2258 4179 tur
2307 4142 2322 4178 :
2365 4125 2427 4180 in
2473 4126 2843 4182 tabernaculis
2891 4141 3108 4198 quoque
3159 4137 3523 4186 commoratus
3563 4147 3751 4202 regum

2167 4227 2356 4272 narrat
2413 4219 2658 4274 historia.
2703 4217 2864 4277 labes
2923 4219 3202 4276 Christum
3249 4221 3518 4291 signiﬁcat
3558 4238 3749 4280 verum

2167 4311 2485 4381 magistrum
2522 4320 2832 4367 sanctorum
2861 4311 3051 4368 laudes
3076 4313 3185 4368 Deo
3220 4315 3550 4368 canentium.
3589 4312 3751 4370 labes

2164 4403 2308 4458 enim
2341 4403 2726 4474 interpretatur
2765 4405 3056 4472 exsiccem,
3090 4403 3338 4459 Christus
3363 4414 3544 4462 autem
3571 4405 3752 4463 ﬂuxus

2133 4484 2464 4550 carnalium
2505 4495 2858 4566 cupiditatum
2901 4496 2954 4550 in
2995 4496 3110 4552 suis
3147 4495 3396 4552 ﬁdelibus
3426 4497 3747 4552 exsiccavit.

2165 4587 2353 4652 Cinaei,
2377 4588 2430 4643 id
2480 4595 2565 4642 est
2593 4587 2866 4656 possessio
2901 4587 2984 4643 vel
3013 4588 3374 4658 possidentes,
3401 4596 3528 4644 sunt
3555 4603 3752 4644 omnes

2166 4682 2321 4737 electi
2351 4679 2421 4735 de
2456 4681 2652 4750 quibus
2689 4681 2931 4735 dicitur:
2969 4679 3273 4735 Hereditas
3303 4693 3422 4736 mea
3459 4679 3651 4744 Israel,
3690 4689 3748 4736 et

2165 4789 2393 4846 quorum
2440 4773 2711 4843 possessio
2738 4773 2998 4828 Dominus
3025 4781 3130 4830 est.
3161 4771 3380 4828 Rechab
3411 4771 3748 4840 interpreta-

2167 4877 2255 4924 tur
2297 4869 2484 4937 auriga
2535 4866 2622 4920 vel
2661 4866 2963 4921 aacendena.
3011 4865 3077 4922 Hi
3127 4875 3308 4922 autem
3363 4873 3627 4920 venerunt
3673 4864 3746 4920 de

2160 4960 2339 5018 calore
2361 4959 2530 5030 patris
2564 4959 2757 5014 domus
2778 4957 3016 5023 Rechab,
3056 4958 3182 5028 quia
3223 4975 3253 5014 a
3295 4967 3447 5028 patre
3475 4955 3744 5012 luminum

2157 5053 2330 5126 gratia
2354 5051 2592 5123 Spiritus
2612 5049 2952 5116 inﬂammati,
2987 5065 3084 5121 per
3123 5050 3438 5120 quadrigam
3479 5050 3738 5104 virtutum

2157 5146 2212 5200 in
2255 5145 2422 5200 010105
2450 5143 2765 5209 ascendunt,
2799 5146 2864 5198 de
2906 5144 3101 5212 quibus
3137 5143 3373 5198 dicitur:
3429 5142 3740 5212 Quicunque

2162 5238 2366 5310 Spiritu
2395 5237 2494 5292 Dei
2519 5246 2769 5308 aguntur,
2793 5236 2847 5289 hi
2878 5235 2978 5304 ﬁlii
3011 5235 3110 5289 Dei
3134 5245 3252 5290 sunt
3280 5234 3452 5307 (Rom.
3486 5235 3626 5308 vui).

2771 5369 2997 5428 CAPUT
3031 5369 3115 5427 III.

2227 5510 2391 5566 Vens.
2436 5511 2488 5568 l.
2536 5541 2586 5552 -—
2639 5508 2809 5566 David
2851 5526 2988 5564 vero.
3036 5508 3200 5574 Redit
3245 5509 3310 5566 ad
3359 5509 3735 5580 explicandam

2153 5602 2466 5675 progeniem
2499 5599 2686 5663 David,
2709 5615 2870 5669 quam
2914 5609 3038 5654 ante
3066 5600 3285 5665 dimisit,
3329 5616 3451 5656 cum
3493 5602 3733 5659 sobolem

2152 5694 2374 5747 Amram
2403 5691 2497 5744 ﬁlii
2527 5690 2734 5746 Ilesron
2779 5704 3101 5745 enumerans
3137 5691 3382 5760 pervenit
3416 5692 3483 5748 ad
3537 5692 3636 5749 lsai
3677 5700 3733 5748 et

2160 5787 2228 5841 ad
2247 5784 2386 5840 ﬁlios
2417 5783 2566 5855 ejus,
2593 5798 2822 5853 quorum
2853 5781 3022 5838 David
3044 5783 3386 5840 novissimus.
