4122 6350
519 463 623 522 659
1013 457 1404 519 WALAFRIDI
1441 460 1690 518 STRABI
1725 460 1931 521 FULD.
1975 457 2142 519 MON.
2179 458 2333 519 OPP.
2373 460 2553 521 PARS
2586 462 2630 519 Ι.
2668 492 2739 504 -
2776 458 3233 519 THEOLOGICA.
3666 466 3768 523 ϐω

517 574 758 631 Ecclesia
792 573 842 646 (1
886 571 1010 630 Cor.
1050 576 1113 648 ι).
1166 575 1421 631 Dilatavit
1470 576 1732 631 terminos
1773 572 1922 644 ejus,
1961 575 2090 645 quia
2114 576 2472 646 Aprietatem
2521 576 2756 633 nominis
2815 575 2924 631 ﬁlia
2954 575 3178 656 Domini
3230 586 3595 646 nuncupatur,
3641 583 3768 652 quia

515 666 757 724 omnium
787 667 1028 737 gentium
1050 666 1198 720 dedit
1224 667 1274 721 ei
1297 666 1687 731 haereditatem,
1718 676 1773 723 et
1798 667 2092 738 possessio-

514 774 644 817 nem
695 759 811 831 ejus
851 759 1097 815 extendit
1123 773 1294 828 usque
1334 760 1402 814 ad
1444 759 1703 814 terminos
1737 768 1915 815 terrae.
1957 757 2093 814 Cum

514 868 622 926 quo
654 850 756 907 fuit
797 867 992 908 manus
1035 851 1270 918 Domini,
1310 852 1436 923 quia
1471 853 1711 923 potentia
1755 853 1970 909 deitatis
1994 869 2093 925 per

513 960 637 1002 eum
686 945 915 1001 virtutes
961 955 1016 1000 et
1072 944 1329 999 miracula
1379 942 1529 1000 fecit.
1579 946 1695 1016 Ipse
1726 963 1964 1019 equoque
2010 955 2094 1002 est

512 1036 686 1091 virtus
720 1032 814 1090 Dei
862 1045 917 1091 et
956 1035 1237 1105 sapientia,
1247 1050 1393 1118 *per
1437 1049 1597 1104 quem
1646 1034 1809 1090 Pater
1856 1036 2095 1091 condidit

510 1128 694 1185 omnia
731 1143 852 1199 qua:
897 1127 951 1182 in
999 1126 1151 1182 caelis
1199 1135 1324 1180 sunt
1360 1135 1415 1180 et
1456 1126 1508 1181 in
1542 1134 1714 1190 terra,
1762 1124 1848 1181 cui
1888 1126 2089 1181 malitia

512 1218 823 1276 Iudaeorum
862 1234 1062 1275 nocere
1093 1234 1199 1273 non
1236 1219 1430 1289 potuit,
1469 1219 1560 1288 qui
1586 1218 1651 1274 de
1684 1235 1742 1274 se
1769 1219 1845 1274 ait
1880 1237 1893 1272 :
1941 1216 2091 1273 Venit

510 1313 750 1383 princeps
786 1311 944 1382 hujus
970 1310 1174 1374 mundi,
1211 1320 1261 1363 et
1290 1311 1346 1363 in
1376 1326 1456 1363 me
1480 1326 1584 1364 non
1614 1310 1765 1364 habet
1781 1310 2086 1381 quidquam.

510 1400 616 1457 Per
635 1416 757 1457 eum
787 1418 1003 1473 quoque
1034 1400 1427 1456 benedicuntur
1458 1402 1695 1456 membra
1729 1400 1868 1469 ejus,
1899 1401 1950 1456 id
1983 1411 2089 1469 est,

510 1489 777 1557 Ecclesia,
806 1492 893 1548 cui
918 1507 1016 1561 per
1042 1491 1234 1547 Isaiam
1265 1491 1493 1546 dicitur:
1520 1492 1700 1546 Dilata
1729 1492 1901 1547 locum
1925 1502 2091 1548 tento-

510 1583 578 1636 rti
603 1584 704 1647 tui,
733 1592 840 1638 etc.
887 1581 1022 1653 (lsa.
1053 1580 1183 1653 LIV).
1216 1580 1349 1637 Cum
1400 1597 1464 1637 eo
1508 1590 1593 1636 est
1636 1597 1825 1637 manus
1853 1583 2084 1649 Domini,

510 1675 636 1746 quia
666 1675 719 1730 in
744 1677 858 1745 ipsa
887 1683 1147 1746 operatur
1178 1673 1348 1729 Filius
1374 1675 1489 1740 Dei,
1513 1675 1604 1745 qui
1627 1685 1712 1731 est
1733 1676 2013 1731 brachium
2035 1692 2092 1732 et

509 1767 728 1822 dextera
754 1765 953 1820 Patris.
986 1764 1055 1819 Et
1078 1775 1243 1836 porta:
1285 1766 1442 1836 inferi
1479 1783 1580 1821 non
1618 1767 1964 1837 prwvalebunt
1996 1768 2089 1822 ad-

507 1876 685 1914 versus
712 1877 860 1924 eum,
893 1875 994 1915 nec
1037 1859 1284 1916 diabolus
1324 1860 1688 1917 dominabitur
1708 1863 1779 1927 ei,
1811 1850 1938 1934 quia
1963 1864 2087 1920 data

508 1959 583 2004 est
618 1951 666 2005 ei
692 1960 920 2021 potestas
940 1967 1097 2021 super
1121 1967 1324 2005 omnem
1348 1953 1590 2007 virtutem
1617 1954 1836 2010 inimici.

576 2061 739 2117 Vrsas.
785 2062 869 2116 11.
892 2059 1140 2117 —Caleb
1186 2073 1360 2118 autem
1410 2065 1597 2135 frater.
1626 2066 1809 2139 (ΗΑΒ.)
1832 2067 2086 2141 Legimus

505 2165 666 2221 supra
704 2150 870 2207 Caleb
910 2167 1031 2207 esse
1082 2152 1249 2208 ﬁlium
1283 2153 1511 2222 Hesron,
1558 2156 1711 2226 cujus
1738 2158 1936 2216 fratres
1966 2160 2085 2218 fue-

504 2248 632 2295 runt
676 2239 812 2295 Ram
842 2251 898 2297 et
943 2241 1228 2298 Jerameel.
1284 2244 1450 2300 Aiunt
1489 2261 1621 2318 ergo
1672 2248 1881 2306 Hebraei
1951 2253 2086 2309 Ram

503 2329 668 2388 Caleb
707 2330 934 2388 fratrem
965 2332 1131 2390 Suam
1164 2335 1253 2391 hic
1293 2337 1573 2408 appellari.
1608 2340 1675 2395 Et
1703 2340 2089 2415 interpretatur

501 2424 640 2481 Ram
687 2426 940 2495 excelsus,
994 2427 1102 2485 Sua
1145 2429 1379 2497 humilis,
1431 2432 1574 2501 quod
1622 2430 1848 2491 Judaico
1891 2437 2086 2507 populo

501 2520 778 2586 convenit,
816 2520 941 2589 quia
987 2520 1233 2576 excelsus
1267 2519 1454 2576 fuitin
1498 2523 1642 2578 cultu
1687 2527 1848 2583 unius
1890 2528 1986 2584 Dei
2031 2539 2086 2585 et

499 2611 740 2680 potentia
770 2611 957 2683 regni;
980 2611 1074 2667 sed
1099 2612 1226 2681 quia
1248 2612 1339 2667 Dei
1365 2612 1561 2669 Filium
1589 2617 1865 2688 suscipere
1890 2619 2082 2686 noluit,

501 2701 723 2757 humilis
769 2701 946 2758 factus
995 2710 1080 2759 est
1123 2712 1286 2775 atque
1318 2705 1461 2774 vilis,
1496 2716 1557 2763 ut
1602 2708 1737 2765 ﬁant
1782 2711 1942 2782 primi
1982 2728 2083 2768 no-

500 2807 736 2848 VISSlmI.

574 2892 733 2949 Vens.
767 2893 854 2948 i2.
878 2925 950 2936 -
979 2893 1104 2968 (1ο.)
1142 2894 1335 2953 Recita.
1390 2897 1618 2967 Quidam
1664 2909 1857 2971 putant
1898 2901 2082 2960 Recba

499 2993 719 3049 nomine
768 2993 936 3049 David
981 2996 1298 3064 nuncupari.
1359 2996 1456 3051 Est
1501 2998 1644 3052 enim
1683 2996 1862 3052 Hecha
1906 3006 2080 3054 tener.

501 3081 655 3139 Unde
695 3084 865 3140 David
891 3085 958 3141 de
983 3101 1041 3141 se
1068 3087 1172 3141 ait:
1221 3086 1335 3158 Ego
1358 3104 1475 3142 sum
1506 3098 1649 3144 tener
1681 3099 1731 3144 et
1761 3100 1946 3146 unctus
1992 3108 2083 3148 rea:

500 3171 589 3245 (ΙΙ
616 3173 745 3246 Reg.
777 3177 883 3248 ut).
913 3176 1031 3247 Ipse
1058 3193 1272 3249 quoque
1300 3178 1453 3248 quasi
1484 3179 1809 3236 vermiculus
1843 3181 1971 3252 ligni
2000 3191 2079 3237 te-

498 3282 599 3322 ner
625 3283 744 3324 esse
785 3269 1005 3325 dicitur.
1052 3271 1178 3327 Ideo
1219 3278 1401 3326 autem
1430 3271 1534 3325 viri
1571 3271 1754 3327 Recba
1802 3273 2076 3340 dicuntur,
2105 3280 2150 3344 (ζ

499 3357 625 3426 quia
654 3369 877 3430 propter
913 3362 1324 3433 exprimendam
1368 3364 1738 3435 genealogiam
1786 3366 1956 3422 David
1991 3367 2081 3423 hic

505 3452 751 3506 annotati
780 3461 925 3508 sunt.

573 3554 1150 3614 Vsus.13.—Saraia
1196 3567 1367 3615 autem
1403 3561 1600 3632 genuit.
1645 3559 1724 3616 De
1773 3559 1960 3616 Saraia
1995 3563 2079 3619 di-

504 3646 647 3701 citur
685 3645 822 3703 Joab
858 3649 1127 3720 prodisse,
1156 3650 1247 3721 qui
1272 3649 1428 3721 juxta
1474 3651 1710 3706 nominis
1756 3642 2081 3723 iutérpreta-

501 3738 704 3794 tionem
751 3749 903 3810 pater
945 3742 1101 3796 vallis
1148 3742 1437 3805 artiﬁcum
1458 3742 1675 3806 dicitur,
1706 3743 1832 3812 quia
1865 3744 1931 3799 de
1962 3744 2085 3799 ﬁliis

500 3825 617 3896 ejus
667 3827 886 3885 fuerunt
934 3833 1219 3888 architecti
1268 3834 1361 3902 qui
1405 3832 1813 3890 aediﬁcaverunt
1861 3837 2082 3890 domum

498 3917 731 3972 Domini.
763 3918 1013 3976 Artiﬁces
1038 3936 1169 3977 vero
1191 3921 1283 3992 qui
1315 3923 1369 3976 in
1392 3922 1534 3977 valle
1578 3922 1824 3979 habitant
1856 3932 2085 3995 possunt

498 4009 602 4065 dici
632 4009 880 4066 doctores
904 4010 1058 4083 legis,
1085 4026 1221 4081 quos
1241 4012 1457 4066 scientia
1486 4028 1593 4068 non
1624 4015 1776 4083 inﬂat
1796 4055 1811 4080 ,
1834 4015 1925 4069 sed
1955 4016 2084 4069 cha-

498 4101 626 4154 ritas
659 4100 887 4170 wdiﬁcat
912 4099 964 4173 (I
990 4099 1113 4156 Cor.
1140 4102 1277 4175 vin),
1301 4118 1437 4173 quos
1450 4105 1714 4159 modestia
1735 4112 1790 4160 et
1806 4105 2083 4162 humilitas

498 4193 722 4261 exaltat,
743 4204 805 4251 ut
830 4193 1092 4252 Gamaliel
1124 4205 1181 4253 et
1210 4195 1409 4253 Paulus
1453 4196 1571 4267 ejus
1607 4197 1902 4269 discipulus
1939 4197 2078 4270 (Act.

456 4326 465 4335 ι
504 4303 563 4353 v,
591 4292 750 4353 xx").

566 4388 1120 4447 Vsas.l7.—Ezra.
1159 4390 1599 4465 (Rn-Hrraon.).
1652 4392 1820 4448 Aiunt
1870 4392 2084 4450 Hebraei

498 4482 718 4549 Ezram,
764 4483 855 4553 qui
903 4484 1290 4555 interpretatur
1334 4485 1644 4551 auxiliator,
1683 4499 1805 4540 esse
1861 4484 2082 4541 Amram

497 4584 704 4646 patrem
743 4575 910 4646 Moysi
936 4585 991 4632 et
1038 4576 1257 4643 Aaron;
1311 4574 1515 4639 Jether,
1564 4577 1617 4632 id
1652 4584 1757 4644 est,
1797 4576 2078 4642 auxilium,

496 4678 619 4722 esse
663 4666 875 4734 Aaron;
909 4678 962 4721 et
994 4668 1190 4733 Mered,
1240 4670 1330 4740 qui
1372 4668 1643 4733 rebellans,
1674 4684 1796 4726 esse
1832 4668 2072 4740 Moysen.

498 4759 677 4830 prer
700 4774 914 4830 quoque
956 4760 1042 4815 vel
1067 4758 1267 4832 Opher,
1299 4760 1352 4815 id
1379 4768 1498 4827 est,
1534 4759 1818 4831 pulverem,
1864 4758 2073 4841 Heldad

499 4854 701 4909 fuisse:
735 4850 892 4908 Jalon
929 4866 1060 4908 vero
1086 4862 1141 4908 et
1188 4852 1446 4920 Meldath,
1475 4852 1569 4923 qui
1607 4854 1714 4909 duo
1740 4853 1806 4909 de
1854 4862 2073 4922 septua-

498 4946 648 5019 ginta
709 4946 1014 5003 senioribus
1064 4946 1301 5013 fuerunt,
1334 4962 1473 5017 quos
1523 4946 1737 5019 Moyses
1766 4963 1797 5003 a
1831 4948 1941 5003 Deo
1978 4962 2073 5004 ac-

500 5042 641 5113 cepit
687 5042 754 5097 ad
804 5040 1023 5112 regendi
1076 5041 1257 5112 pepuli
1306 5042 1596 5097 auxilium:
1648 5042 1870 5097 tradunt
1928 5042 2073 5097 enim

501 5133 720 5205 Moysen
766 5144 883 5207 post
921 5145 1194 5207 acceptam
1236 5135 1406 5207 legem
1454 5136 1508 5191 in
1536 5151 1720 5191 eremo
1760 5135 1904 5205 patri
1947 5149 2074 5190 sua-

498 5226 655 5292 sisse,
694 5236 752 5281 ut
789 5236 1018 5283 matrem
1066 5227 1387 5292 dimitteret,
1417 5242 1483 5284 eo
1512 5227 1654 5298 quod
1683 5227 1854 5298 ipsius
1898 5226 2073 5281 amica

498 5326 665 5382 esset,
705 5315 807 5372 fuit
833 5319 978 5374 enim
1009 5318 1111 5375 tilia
1158 5317 1306 5385 chi,
1337 5329 1622 5389 postquam
1652 5317 1874 5374 Amram
1918 5316 2074 5373 duxit

499 5407 660 5463 aliam
680 5422 751 5464 ex
773 5424 881 5481 qua
907 5410 1096 5466 habuit
1138 5409 1365 5467 Heldath
1394 5419 1451 5466 et
1475 5409 1730 5465 Meldath.

566 5514 854 5592 Genuitque
903 5519 1153 5575 Mariam.
1201 5520 1327 5593 (ln.)
1379 5519 1617 5574 Sammai
1667 5516 1884 5587 Moysen
1914 5516 2074 5573 intel-

497 5607 587 5683 ligi
622 5611 825 5678 volunt,
856 5621 988 5677 etc.,
1020 5628 1183 5683 usque
1217 5612 1285 5665 ad
1333 5612 1458 5681 quia
1496 5608 1749 5679 populum
1794 5608 1849 5662 in
1886 5621 2072 5664 eremo

497 5702 841 5771 gubernavit,
871 5710 929 5757 et
964 5703 1206 5757 doctrina
1243 5718 1339 5757 sua
1372 5700 1614 5770 quotidie
1646 5698 1929 5769 gubernat.

572 5811 731 5867 Vsus.
761 5812 1101 5868 lS.—Filiw
1131 5813 1447 5868 Pharaonis.
1479 5810 1604 5883 (ln.)
1626 5810 1817 5866 Filiam
1840 5809 2078 5867 Pbarao~

496 5904 584 5971 bis
609 5911 837 5968 matrem
876 5904 1046 5981 Moysr
1073 5914 1251 5975 vocat,
1278 5921 1397 5979 qua:
1421 5906 1585 5963 etiam
1613 5904 1906 5963 secundum
1946 5919 2077 5979 pro-

2191 665 2389 722 bonam
2436 667 2644 722 scilicet
2684 666 3016 721 voluntatem
3043 666 3096 722 in
3133 667 3419 722 nutriendo
3466 683 3633 737 puero
3668 672 3772 728 lia-

2192 757 2328 823 huit,
2359 765 2415 813 et
2450 758 2700 823 Amared,
2736 758 2791 813 id
2816 768 2901 814 est
2940 759 3118 828 Moyse
3153 768 3375 828 accepta
3409 760 3624 827 dicitur,
3640 765 3772 835 quia

2192 850 2397 906 relictis
2427 850 2583 906 idolis
2609 851 2677 906 ad
2706 850 2800 906 Dei
2829 850 3030 906 cultum
3058 866 3324 907 conversa
3351 860 3455 908 est.

2261 942 2425 999 Vrsas.
2453 944 2626 999 2L—
2644 943 2757 999 Her
2785 954 2952 1015 pater.
2979 944 3101 1017 (ln.)
3130 945 3293 1001 Redit
3335 946 3403 1002 ad
3453 948 3771 1020 progeniem

2191 1033 2394 1091 Phares
2419 1036 2485 1091 de
2513 1051 2617 1106 qua
2652 1045 2803 1091 ortus
2841 1045 2924 1091 est
2972 1036 3158 1102 David,
3193 1047 3250 1092 ut
3278 1039 3591 1109 progeniem
3632 1039 3769 1097 Juda

2193 1127 2259 1181 de
2303 1141 2409 1195 qua
2443 1134 2563 1181 orta
2594 1137 2678 1181 est
2710 1127 2886 1182 tribus
2935 1128 3082 1199 regia
3112 1128 3167 1182 in
3210 1128 3381 1185 David
3429 1132 3768 1191 terminaret.

2192 1217 2432 1272 Tradunt
2469 1218 2612 1272 enim
2643 1219 2786 1273 hunc
2810 1218 2975 1274 fuisse
3016 1219 3306 1294 Elilpelecb
3335 1220 3510 1276 virum
3558 1222 3765 1291 Noemi,

2192 1310 2246 1365 in
2277 1311 2430 1382 cujus
2459 1308 2698 1381 tempore
2742 1321 2965 1383 propter
3009 1315 3457 1384 praevaricatores
3505 1315 3639 1389 legis
3686 1318 3769 1375 sol

2189 1405 2361 1470 stetit,
2386 1414 2445 1459 ut
2465 1406 2578 1459 viso
2600 1405 2859 1461 miraculo
2880 1416 3325 1463 converterentur
3345 1410 3413 1464 ad
3445 1409 3765 1479 Dominum;

2189 1495 2331 1565 quod
2361 1496 2487 1566 quia
2523 1506 2985 1567 contempserunt,
3019 1497 3246 1554 invaluit
3271 1499 3460 1566 fames,
3490 1509 3546 1556 et
3573 1503 3665 1572 qui
3710 1504 3769 1559 in

2191 1589 2335 1643 tribu
2380 1587 2515 1644 Juda
2567 1588 2719 1659 prior
2766 1589 3068 1655 videbatur,
3117 1590 3297 1661 inOpia
3346 1603 3596 1663 cogente,
3643 1608 3768 1650 cum

2187 1695 2356 1736 uxore
2382 1690 2434 1735 et
2463 1681 2586 1735 ﬁliis
2617 1681 2790 1752 patria
2828 1681 3035 1753 pulsus,
3064 1683 3119 1737 in
3166 1684 3602 1755 peregrinatione
3641 1701 3769 1742 cum

2190 1771 2314 1828 ﬁliis
2341 1782 2584 1828 mortuus
2623 1781 2726 1828 est.

2262 1861 2431 1919 Vnus.
2455 1863 2546 1918 22.
2575 1861 2880 1919 —Securus
2906 1875 2955 1919 et
3001 1864 3312 1921 Incendens.
3346 1865 3470 1934 (11).)
3518 1866 3771 1926 Mahalon

2111 1934 2160 1995 Β
2187 1965 2242 2012 et
2270 1956 2512 2019 Chelion,
2544 1957 2634 2028 qui
2673 1957 2761 2012 hic
2803 1955 3038 2012 Securus
3074 1965 3128 2013 et
3151 1957 3456 2014 luceudens
3491 1960 3769 2027 dicuntur,

2185 2044 2354 2103 fuisse
2390 2047 2443 2102 in
2496 2047 2668 2112 Moab,
2701 2049 2826 2117 quia
2873 2064 3069 2104 uxores
3111 2048 3430 2107 Moabitidas
3472 2053 3772 2121 duxerunt,

2184 2137 2327 2192 unde
2352 2137 2407 2192 in
2438 2135 2663 2193 Hebraeo
2691 2154 2799 2194 non
2828 2139 3118 2215 principes,
3147 2140 3241 2197 sed
3277 2142 3461 2198 mariti
3489 2143 3771 2213 dicuntur,

2186 2226 2328 2282 sicut
2351 2226 2493 2283 illius
2526 2228 2721 2299 linguae
2749 2229 2996 2285 doctores
3023 2230 3261 2285 tradunt.

2259 2315 2364 2383 Qui
2394 2320 2580 2373 reversi
2604 2330 2724 2374 sunt
2748 2321 2823 2386 in,
2850 2330 2956 2376 etc.
2997 2321 3185 2378 Noemi
3218 2331 3273 2378 et
3313 2323 3480 2390 Ruth,
3506 2341 3628 2397 qua:
3674 2341 3771 2385 re-

2186 2420 2358 2463 versae
2383 2418 2513 2464 sunt
2541 2409 2596 2463 in
2619 2409 2931 2466 Bethlebem
2962 2413 3144 2468 audita
3173 2415 3330 2484 panis
3354 2416 3621 2471 ubertate.

2256 2496 2421 2553 Vsus.
2439 2498 2808 2571 Ωδμ-Εἱμιὶ
2834 2502 3145 2559 habitantes.
3175 2505 3393 2573 Figulos
3412 2508 3501 2576 qui
3540 2510 3594 2562 in
3615 2508 3779 2580 plan-

2186 2589 2480 2646 tationibus
2499 2598 2554 2645 et
2581 2592 2799 2675 sepibuq
2823 2592 3069 2671 laborant
3118 2595 3369 2653 doctores
3396 2597 3769 2668 intelligimus,

2185 2681 2274 2750 qui
2298 2678 2535 2735 formant
2554 2689 2611 2737 et
2634 2691 2962 2752 componunt
2985 2699 3108 2739 vasa
3140 2684 3375 2752 Domini,
3399 2686 3597 2758 ﬁngere
3618 2690 3771 2744 enim

2183 2783 2506 2839 componere
2548 2770 2794 2836 dicimus,
2829 2773 2972 2828 unde
3009 2775 3399 2846 compositores
3444 2776 3543 2833 luti
3571 2778 3771 2848 ﬁgulos

2182 2877 2456 2919 vocamus.
2491 2863 2555 2918 Hi
2582 2865 2795 2920 vineam
2820 2864 3032 2922 Domini
3060 2868 3304 2923 doctrina
3332 2869 3650 2940 plantantet
3669 2888 3773 2927 ex-

2184 2955 2391 3023 colunt,
2421 2958 2756 3013 exhortando
2785 2966 2838 3013 et
2862 2960 3066 3015 orando
3094 2962 3361 3016 muniunt.
3394 2960 3462 3017 Hi
3492 2964 3632 3034 apud
3666 2980 3762 3019 re-

2183 3063 2304 3121 gem
2331 3050 2385 3103 in
2410 3050 2662 3120 operibus
2696 3051 2809 3107 suis
2836 3063 3131 3119 morantur,
3162 3054 3288 3124 quia
3330 3054 3383 3109 in
3414 3054 3519 3110 ﬁde
3559 3054 3771 3112 Christi

2184 3152 2464 3199 manentes
2499 3145 2759 3216 quidquid
2796 3146 3001 3213 dicunt,
3033 3148 3295 3219 quidquid
3331 3159 3519 3221 agunt,
3556 3152 3622 3207 ad
3652 3151 3772 3224 glo-

2182 3235 2318 3289 riam
2348 3235 2440 3290 Dei
2475 3233 2698 3291 faciunt.

2258 3326 2425 3384 Vens.
2442 3326 2532 3381 28.
2550 3358 2619 3367 —
2634 3324 3014 3384 Habitaverunt
3040 3330 3117 3397 in,
3146 3340 3253 3387 etc.
3281 3330 3573 3405 Progenies
3595 3332 3768 3401 Ruth,

2185 3433 2303 3488 qua:
2342 3418 2396 3473 in
2430 3417 2562 3489 ipsis
2596 3417 2813 3488 sepibus
2838 3428 2896 3475 et
2928 3420 3349 3491 plautationibus
3374 3423 3649 3481 habitasse
3678 3424 3769 3481 di-

2187 3508 2351 3574 citur,
2378 3507 2596 3579 quando
2620 3507 2689 3564 ad
2710 3509 2912 3580 regiam
2944 3510 3260 3581 dignitatem
3293 3521 3349 3569 et
3368 3514 3766 3570 munimentum

2187 3598 2362 3671 plebis
2386 3599 2502 3655 haec
2530 3598 2792 3670 plantatio
2817 3602 3081 3671 pervenit.

2214 3744 2217 3747 ,
2256 3688 2676 3761 Commoratique
2728 3701 2850 3746 sunt
2879 3692 2969 3747 ibi.
2996 3692 3054 3748 la
3090 3692 3286 3751 Genesi
3314 3710 3408 3751 sex
3432 3696 3765 3762 scribuntur,

2186 3784 2281 3841 sed
2309 3784 2400 3840 hic
2437 3783 2611 3840 Sober
2635 3786 3095 3856 prietermittitur:
3121 3789 3248 3859 quia
3276 3788 3422 3845 nulla
3447 3790 3513 3845 de
3540 3805 3607 3845 eo
3635 3805 3764 3860 pro-

2186 3881 2390 3953 genies.
2425 3880 2533 3936 Sed
2558 3881 2801 3951 quaedam
2837 3882 3054 3937 nomina
3098 3890 3378 3938 mutantur
3400 3882 3514 3939 suis
3538 3883 3763 3938 rationi-

2182 3970 2305 4027 bus.
2332 3969 2390 4025 In
2417 3970 2614 4027 Genesi
2660 3973 2804 4028 enim
2842 3970 3088 4039 Gemuel,
3118 3973 3170 4028 id
3193 3985 3277 4030 est
3305 3984 3476 4030 mater
3503 3973 3632 4039 Dei;
3673 3972 3763 4029 hic

2187 4063 2432 4129 Hamuel,
2464 4065 2517 4120 id
2547 4075 2629 4121 est
2656 4064 2837 4136 legens
2862 4080 2984 4120 cum
3022 4065 3154 4122 Deo.
3188 4066 3417 4134 Quidam
3464 4066 3517 4121 in
3556 4064 3753 4121 Genesi

2182 4162 2408 4209 vocatur
2431 4152 2602 4218 Echa,
2639 4154 2727 4209 hic
2766 4163 2947 4211 autem
2978 4153 3148 4222 Jarib,
3175 4155 3229 4211 id
3263 4163 3344 4212 est
3374 4155 3611 4225 litigans,
3633 4155 3761 4223 quia

2185 4244 2252 4300 de
2277 4258 2343 4300 eo
2371 4245 2537 4300 exivit
2562 4243 2801 4320 Zambri,
2826 4246 2918 4317 qui
2947 4262 3071 4302 cum
3111 4246 3459 4302 Madianilide
3484 4246 3762 4301 fornicans

2185 4352 2216 4391 a
2247 4335 2451 4392 Phinee
2477 4335 2755 4393 sacerdote
2776 4347 3085 4409 peremptus
3114 4346 3214 4394 est.
3247 4334 3418 4394 Jacim
3448 4337 3501 4391 in
3528 4335 3756 4400 Genesi,

2184 4429 2239 4485 id
2261 4436 2344 4484 est
2372 4428 2722 4500 praeparatio;
2749 4429 2836 4485 hic
2878 4444 3008 4486 vero
3046 4429 3357 4514 nominatur
3396 4428 3558 4495 Zara,
3597 4428 3651 4483 id
3676 4436 3769 4483 est

2182 4529 2351 4577 ortus.

2104 4642 2156 4703 Β
2254 4612 2327 4669 Et
2367 4615 2607 4670 universa
2643 4616 2882 4687 cognatio
2925 4632 3045 4680 non,
3079 4626 3184 4673 etc.
3216 4615 3351 4685 Quia
3394 4615 3611 4672 Simeon
3651 4631 3766 4671 non

2179 4705 2368 4761 habuit
2417 4713 2618 4759 tantam
2669 4705 2907 4761 sobolem
2945 4715 3203 4777 quantam
3245 4703 3445 4773 Iudas;
3506 4705 3649 4760 unde
3701 4706 3762 4760 in

2179 4795 2343 4854 Josue
2369 4797 2604 4854 dicitur:
2638 4796 2861 4853 Simeon
2901 4814 3000 4869 per
3046 4800 3396 4869 cognationes
3436 4810 3562 4854 suas
3606 4812 3765 4853 acce-

2177 4888 2323 4958 pisse
2360 4886 2726 4944 haereditatem
2764 4888 2819 4942 in
2848 4888 3027 4944 medio
3055 4888 3287 4945 ﬁliorum
3311 4886 3468 4943 Juda.

2250 4977 2352 5033 Hae
2372 4979 2626 5045 civitates,
2647 4985 2755 5034 etc.
2787 4977 2926 5046 Quia
2961 4978 3208 5035 Sicelech
3234 4989 3290 5035 et
3316 4978 3602 5040 Bersabee,
3639 4992 3766 5049 quae

2179 5074 2329 5131 Juda:
2365 5073 2581 5130 fuerunt
2605 5083 2659 5130 et
2685 5090 2715 5130 a
2750 5074 3002 5131 Simeone
3028 5076 3230 5132 invasa:
3254 5083 3400 5141 sunt,
3439 5090 3470 5130 a
3508 5073 3675 5129 David
3704 5073 3761 5127 it.

2180 5166 2463 5239 pristinam
2487 5164 2638 5222 Judae
2672 5166 3040 5222 hmreditatem
3070 5167 3370 5222 redierunt.

2248 5261 2411 5317 Vatis.
2440 5260 2531 5316 38.
2555 5290 2627 5300 —
2660 5259 2758 5315 Isti
2790 5276 2908 5315 sunt
2951 5260 3228 5314 nominati.
3267 5257 3546 5327 Descripta
3589 5254 3765 5325 stirpe

2180 5351 2448 5409 Simeonis
2469 5359 2525 5407 et
2564 5351 2776 5408 actibus
2812 5366 3024 5417 eorum,
3064 5350 3292 5422 mystice
3330 5349 3600 5420 signatur,
3628 5345 3761 5416 quia

2178 5443 2427 5499 doctores
2451 5442 2646 5509 sancti,
2689 5442 2744 5499 id
2783 5452 2869 5499 est
2902 5442 3157 5498 Ecclesia:
3194 5441 3467 5513 principes
3503 5437 3761 5511 gregibus

2175 5532 2377 5588 Christi
2412 5548 2609 5604 pascua
2647 5533 2996 5605 providentes
3032 5532 3450 5606 proﬁciscuntur
3478 5531 3533 5586 in
3577 5528 3764 5584 Gador

2176 5624 2260 5679 vel
2286 5623 2485 5692 Gader,
2527 5640 2647 5696 quae
2695 5626 3087 5697 interpretatur
3133 5642 3274 5696 sepes
3318 5622 3450 5694 ejus.
3501 5620 3629 5676 Haec
3673 5625 3761 5675 est

2100 5744 2117 5759 ι
2177 5714 2419 5771 Ecclesia
2447 5730 2563 5785 quae
2588 5723 2673 5771 est
2700 5715 2937 5771 ﬁdelium
2968 5715 3212 5771 defensio
3242 5733 3255 5767 :
3292 5714 3366 5769 ibi
3399 5722 3525 5768 sunt
3552 5721 3761 5782 pascua

2179 5823 2350 5879 usque
2372 5808 2439 5864 ad
2453 5808 2728 5864 Orientem
2753 5808 2926 5873 vallis,
2944 5808 2996 5865 id
3022 5818 3106 5865 est
3128 5807 3554 5864 incarnationem
3567 5803 3755 5870 Verbi,

2167 5901 2269 5981 ‘qui
2314 5901 2645 5975 semetipsum
2688 5901 3005 5972 exinanivit,
3056 5900 3189 5958 servi
3225 5900 3453 5975 formam
3496 5896 3757 5973 accipiens
