4122 6350
377 365 476 424 6H

1319 359 1585 419 GLOSSA
1619 359 2018 418 0RDINARIA.
2054 390 2124 402 —
2162 362 2292 418 LIB.
2333 362 2357 420 ι
2393 351 2646 422 PARAL.

3516 371 3621 428 642

378 478 598 552 (Philip.
627 475 690 548 ι.)
715 473 774 531 1η
802 489 868 532 eo
897 477 1241 533 inveniuntur
1259 491 1481 548 pascua.
1512 478 1631 550 Ipse
1658 482 1800 536 enim
1825 482 1937 536 ait:
1969 484 2016 544 Α
2045 482 2190 552 genti
2221 481 2240 550 (
2257 482 2286 535 I
2305 461 2340 533 ν
2391 482 2515 553 Reg.
2551 483 2663 554 xv),
2696 492 2756 540 nt
2781 491 2923 542 esset
2964 485 3014 541 ei
3057 485 3258 543 auxilio
3289 493 3346 542 et
3372 487 3615 547 ﬁrmaret

376 573 482 628 Per
523 589 604 626 me
630 572 675 625 si
711 572 826 642 quis
862 572 1143 636 introierit,
1183 571 1502 641 ingredietur
1541 583 1588 626 et
1635 575 1942 643 egredietur,

374 675 420 719 et
443 679 644 735 pascua
688 661 912 714 inveniet
941 660 1121 727 (Joan.
1156 660 1233 732 ι),
1265 662 1496 717 virtutes
1525 663 1749 720 scilicet.
1783 663 1851 718 In
1886 681 1946 720 eo

375 767 513 811 terra
536 753 792 806 latissima
819 762 866 806 et
887 754 1084 823 quieta,
1111 752 1163 806 id
1191 763 1297 818 est,
1323 754 1495 824 gratia
1522 753 1755 828 Spiritus
1775 756 1946 813 sancti

375 848 622 923 copiosa;
663 847 715 902 in
743 860 849 919 qua
880 854 1005 902 ante
1044 845 1423 904 bahitaverant
1459 850 1524 904 de
1548 851 1715 920 stirpe
1753 848 1943 917 Cham,

376 946 643 1018 signiﬁcat
666 945 904 1016 gentium
941 943 1336 998 multitudinem
1368 943 1508 999 idola
1546 945 1847 1014 reliquisse,
1893 951 1950 999 et

377 1039 442 1092 ad
473 1037 634 1092 unius
669 1035 761 1090 Dei
795 1035 998 1091 cultum
1028 1034 1373 1090 conﬁnxisse.
1411 1035 1473 1090 Hi
1519 1052 1648 1106 ergo
1677 1045 1948 1092 venerunt

378 1146 512 1201 quos
557 1144 722 1199 supra
759 1126 1144 1197 descripsimus
1174 1127 1490 1181 nominatim
1521 1127 1572 1180 in
1597 1127 1784 1182 diebus
1810 1127 1945 1182 Eze-

377 1223 512 1278 chiae
541 1222 684 1292 regis
713 1219 873 1285 Iuda,
900 1222 1108 1292 hoc_est
1131 1219 1187 1274 in
1218 1220 1448 1274 adventu
1475 1218 1696 1274 Christi.
1724 1220 1842 1292 Ipse
1867 1230 1950 1277 est

377 1313 520 1367 enim
565 1285 812 1366 Christus
842 1310 939 1365 Dei
982 1285 1176 1375 v’irtus,
1219 1324 1380 1380 quem
1415 1309 1696 1376 Ezechias,
1743 1285 1949 1367 scilicet

378 1401 642 1456 fortitudo
671 1400 902 1465 Domini,
931 1399 1221 1470 signiﬁcat.

451 1493 826 1548 Percusserunt
857 1490 1198 1546 tabernacula
1228 1507 1246 1545 :
1273 1493 1512 1562 percutit
1546 1491 1650 1546 fide
1693 1492 1947 1547 taberna-

378 1582 497 1638 cula
526 1583 809 1652 impiorum
827 1590 881 1636 et
904 1581 1236 1635 habitatores
1257 1582 1539 1652 impiorum
1559 1583 1772 1652 quando
1787 1584 1948 1638 abne-

378 1685 512 1745 gans
544 1671 876 1742 impietatem
902 1685 1116 1726 omnem
1143 1679 1197 1725 et
1227 1671 1508 1726 saecularia
1534 1673 1820 1738 desideria,
1851 1687 1948 1743 per

379 1762 579 1819 Christi
607 1761 935 1832 baptismum
973 1777 1002 1815 a
1031 1762 1282 1817 sordibus
1309 1762 1546 1817 abluitur
1577 1774 1944 1832 peccatorum,

376 1861 562 1924 postea
588 1852 810 1907 studens
839 1851 1038 1916 sobrie,
1059 1851 1203 1921 juste
1237 1859 1292 1906 et
1317 1851 1404 1922 pie
1433 1852 1615 1906 vivere
1641 1853 1693 1906 in
1721 1853 1825 1906 hoc
1848 1868 1948 1907 sa:-
1975 1833 2021 1893 Β

377 1945 517 2010 culo,
551 1951 611 1998 ut
647 1942 741 1997 ﬁat
778 1941 920 2013 quod
965 1942 1223 2010 scriptum
1255 1951 1380 1996 est:
1409 1939 1476 1995 Et
1513 1944 1607 1996 erit
1644 1943 1834 1997 inloco
1862 1942 1950 1997 ubi

377 2045 497 2088 ante
520 2034 716 2088 dictum
741 2043 814 2087 est
844 2045 863 2084 .'
895 2030 1020 2086 Non
1046 2030 1187 2101 plebs
1209 2048 1323 2086 mea
1347 2049 1435 2086 vos
1463 2045 1480 2084 :
1520 2032 1590 2086 ibi
1630 2032 1951 2087 vocabuntur

377 2127 476 2198 ﬁlii
502 2127 596 2180 Dei
619 2125 793 2200 (Osee.
833 2125 896 2196 ι).
1847 2121 1856 2128 ‘

451 2216 611 2272 Vens.
652 2217 742 2271 42.
782 2246 852 2256 —
897 2213 1012 2268 Viri
1052 2215 1338 2286 quingenti.
1381 2213 1572 2269 Patres
1600 2213 1734 2269 Novi
1767 2214 1954 2269 Testa-

381 2310 546 2364 menti
576 2309 668 2379 qui
699 2308 952 2364 abierunt
982 2307 1037 2360 in
1059 2313 1298 2361 mentem
1327 2306 1468 2372 Seir,
1492 2317 1545 2361 et
1565 2315 1954 2377 percusserunt

307 2397 312 2402 ’
381 2398 635 2469 reliquias
651 2397 1091 2462 Amalecitarum,
1109 2397 1232 2467 quia
1257 2396 1564 2466 superbiam
1589 2396 1751 2466 hujus
1767 2397 1954 2452 mundi

381 2489 784 2552 conculcantes,
827 2487 1222 2543 deformitatem
1263 2489 1516 2543 vitiorum
1548 2490 1949 2559 comprimunt;

381 2578 436 2632 hi
467 2587 696 2648 quatuor
721 2578 993 2641 dicuntur,
1034 2579 1159 2648 quia
1187 2578 1493 2649 evangelica
1523 2579 1764 2634 doctrina
1792 2595 1952 2634 vera-

382 2671 520 2725 citer
562 2670 834 2734 instructi,
882 2669 1164 2740 spirituale
1203 2670 1401 2724 bellum
1450 2678 1636 2725 contra
1681 2671 1955 2726 daemones

383 2762 764 2818 convenienter
799 2769 1022 2832 gerunt;
1053 2761 1325 2830 percussis
1364 2761 1606 2830 reliquiis
1635 2761 1956 2816 Amalecita-

383 2869 533 2918 rum,
583 2853 654 2908 ibi
696 2851 1040 2917 habitabant,
1087 2851 1213 2922 quia
1249 2851 1488 2922 expulsis
1530 2852 1862 2908 daemonibus
1899 2852 1954 2908 in

383 2945 502 3000 loco
526 2944 777 2999 vitiorum
795 2944 1026 2998 virtutes
1057 2943 1406 3007 substituunt,
1435 2959 1660 3011 quarum
1683 2943 1954 3012 possessio

385 3041 655 3097 hominem
681 3039 842 3095 efficit
876 3039 1094 3094 beatum
1133 3054 1307 3110 usque
1333 3038 1398 3092 ad
1433 3039 1575 3094 diem
1616 3039 1780 3104 hunc,
1811 3038 1955 3108 quod

385 3149 597 3206 semper
618 3133 722 3189 dici
752 3142 928 3204 potest
962 3148 1129 3202 usque
1165 3134 1230 3188 ad
1264 3133 1424 3188 ﬁnem
1460 3133 1666 3198 mundi,
1695 3133 1822 3202 quia
1856 3132 1956 3186 Ec-

2046 588 2268 643 regnum
2293 574 2431 644 ejus,
2455 590 2560 629 non
2590 576 2731 645 quod
2755 593 2874 632 eum
2901 578 3234 632 transtulerit
3261 579 3314 633 in
3345 578 3616 652 Assyrios,

2044 662 2138 718 sed
2160 663 2302 733 quod
2328 663 2846 735 Teglathphalnasar
2871 683 2965 722 rex
2987 668 3158 722 Assur
3178 668 3232 722 in
3262 668 3450 724 diebus
3477 670 3618 726 Pha-

2045 769 2139 808 cee
2167 754 2308 825 regis
2337 755 2501 808 Israel
2547 758 2687 826 cepit
2715 757 2913 822 Ahion,
2943 765 2995 813 et
3023 758 3155 812 Abel
3198 759 3419 814 domum
3465 761 3616 816 Maa-

2045 843 2170 909 cha,
2196 853 2251 898 et
2278 843 2434 899 lanoe
2459 854 2514 900 et
2537 846 2705 902 Cedes
2730 855 2784 902 et
2805 846 2943 901 Asor
2965 860 3018 903 et
3038 847 3238 902 Galaad
3264 857 3317 903 et
3346 847 3617 906 Galilaeam

2045 940 2102 987 et
2146 934 2452 988 universam
2491 943 2689 989 terram
2719 935 3028 1005 Nephthali,
3056 946 3111 992 et
3141 938 3416 994 transtulit
3444 954 3538 996 eos
3565 941 3618 995 in

2045 1022 2311 1094 Assyrios.
2339 1022 2619 1078 Postremo
2652 1036 2835 1081 narrat
2862 1029 3003 1096 quod
3033 1027 3376 1085 Salmanasar
3397 1047 3494 1086 rex
3519 1032 3623 1087 As-

2047 1115 2313 1186 syriorum
2363 1115 2500 1171 Osee
2549 1116 2713 1171 ﬁlium
2758 1119 2854 1172 Ela
2900 1135 3078 1190 regem
3118 1119 3283 1175 Israel
3322 1121 3618 1178 obsidendo

2049 1209 2222 1262 tribus
2261 1207 2419 1262 anuis
2450 1207 2751 1263 Samariam
2783 1212 2948 1281 cepit,
2989 1219 3042 1266 et
3071 1213 3341 1268 transtulit
3370 1213 3536 1268 Israel
3565 1214 3620 1268 in

2046 1299 2294 1372 Assyrios
2334 1309 2389 1356 et
2424 1303 2604 1372 posuit
2642 1318 2736 1358 eos
2782 1303 2834 1358 in
2880 1303 3037 1358 Ahila
3067 1314 3116 1359 et
3162 1306 3216 1359 in
3258 1305 3426 1371 Abor,
3469 1307 3621 1376 juxta

2046 1392 2268 1449 fluvium
2293 1393 2494 1449 Gozam
2524 1397 2577 1450 in
2607 1397 2917 1452 civitatibus
2947 1397 3240 1452 Medorum.
3275 1398 3428 1454 Unde
3477 1414 3624 1469 qua:-

2047 1487 2232 1540 ritur:
2288 1487 2557 1555 quomodo
2615 1488 2670 1542 in
2723 1486 3146 1558 Paralipomenis
3186 1490 3428 1544 dicamus
3486 1489 3623 1544 Phul

2047 1585 2102 1632 et
2125 1575 2679 1647 Theglathphalnasar
2706 1595 2862 1650 reges
2887 1580 3234 1650 Assyriorum
3281 1579 3624 1637 transtulisse

2048 1666 2237 1722 Ruben
2266 1675 2322 1722 et
2349 1667 2484 1734 Gad,
2511 1678 2563 1724 et
2591 1670 2867 1724 dimidiam
2901 1671 3100 1724 tribum
3131 1670 3374 1726 Manasse
3403 1671 3456 1724 in
3492 1668 3624 1726 Ahi-

2049 1758 2154 1814 lam
2180 1768 2234 1814 et
2261 1760 2405 1814 Abor
2431 1770 2485 1816 et
2510 1763 2676 1816 Aram
2712 1770 2767 1816 et
2798 1761 3020 1816 ﬂuvium
3048 1763 3267 1829 Gozan;
3300 1778 3422 1818 cum
3455 1762 3623 1817 Mala-

2049 1853 2192 1907 chim
2237 1862 2417 1908 narret
2449 1854 2552 1908 hoc
2603 1851 2950 1914 Salmanasar
2991 1853 3186 1910 fecisse
3212 1856 3303 1926 qui
3348 1854 3626 1909 transtulit

2048 1942 2215 1998 Israel
2243 1944 2296 1998 in
2319 1944 2591 2016 Assyrios,
2615 1954 2669 2000 et
2694 1947 2874 2016 posuit
2900 1946 2955 2000 in
2981 1946 3114 2002 locis
3139 1947 3497 2017 supradictis?
3519 1945 3626 2002 Sed

2049 2050 2205 2107 reges
2236 2035 2580 2108 Assyriorum
2609 2052 2819 2107 pnores
2849 2039 2951 2094 hoc
2979 2037 3172 2094 fecisse
3201 2039 3473 2105 dicuntur,
3500 2040 3626 2110 quia

2051 2137 2333 2198 coeperunt
2355 2144 2477 2183 cum
2495 2141 2652 2200 gente
2666 2130 3012 2202 Assyriorum
3034 2131 3177 2201 quod
3203 2132 3390 2185 eadem
3417 2147 3547 2200 gens
3571 2132 3626 2186 in

2051 2223 2281 2291 posteris
2331 2219 2576 2291 perfecit.
2618 2221 2781 2276 Aram
2817 2237 2977 2290 quam
3016 2220 3462 2292 Paralipomenon
3515 2235 3630 2276 mc-

2052 2324 2248 2380 morat,
2303 2315 2585 2368 Malachim
2645 2314 3027 2384 praetermittit.
3085 2311 3383 2368 Autumant
3420 2311 3630 2368 Hebraei

2053 2419 2172 2460 esse
2199 2403 2377 2475 Rages
2410 2403 2683 2458 civitatem
2714 2402 3008 2458 Medorum.

2658 2538 2884 2596 CAPUT
2933 2538 3019 2593 Ἣ.

2171 2690 2287 2729 ens.
2399 2701 2469 2712 -—-
2493 2669 2620 2724 Filii
2649 2669 2789 2735 Levi,
2818 2667 3038 2735 Gerson,
3065 2677 3171 2724 etc.
3195 2668 3462 2722 Johanan.
3487 2666 3632 2723 Prte-

2054 2765 2319 2822 termissis
2368 2764 2488 2818 aliis
2531 2763 2656 2817 filiis
2707 2761 2836 2817 Levi
2883 2761 2974 2832 qui
3023 2760 3271 2817 similiter
3319 2761 3635 2816 sacerdotes

2054 2859 2278 2915 fuerunt
2305 2858 2360 2912 in
2413 2858 2572 2912 domo
2611 2855 2844 2920 Domini,
2885 2854 3130 2908 Johanan
3179 2852 3483 2923 specialiter
3524 2852 3638 2906 Iau-

2056 2949 2234 3013 datur,
2278 2947 2403 3017 quia
2438 2945 2669 3000 viriliter
2695 2944 2892 2999 restitit
2930 2943 3074 2999 Ozias
3118 2942 3228 3012 regi
3259 2956 3356 3011 per
3381 2957 3439 2997 se
3467 2942 3638 2998 sacri-

2057 3038 2219 3094 ﬁcare
2265 3037 2466 3092 volenti
2505 3055 2516 3089 :
2570 3046 2625 3090 et
2671 3035 2977 3091 constantia
3021 3034 3188 3088 ani-mi
3243 3042 3297 3087 et
3345 3033 3460 3089 zelo
3507 3033 3640 3104 legis

2058 3131 2297 3201 explevit
2321 3129 2554 3184 ofﬁcium
2593 3128 2910 3184 sacerdotis.

386 3227 549 3282 clesia
577 3242 748 3296 usque
779 3227 844 3280 ad
876 3226 1038 3279 ﬁnem
1069 3225 1253 3280 mundi
1284 3234 1583 3295 permanet,
1607 3225 1664 3280 in
1699 3240 1803 3295 qua
1824 3240 1957 3296 quo-
1983 3217 2028 3280 C
2130 3225 2293 3279 Vsus.
2350 3223 2437 3278 15.
2492 3253 2563 3263 -
2613 3222 2780 3277 Porro
2831 3222 3069 3276 Josedec.
3134 3221 3381 3294 (Histros.
3435 3221 3636 3287 Quasi.

387 3319 517 3375 tidie
545 3319 800 3388 antiquus
824 3316 995 3372 hostis
1023 3317 1403 3386 triumphatur.

1005 3448 1231 3506 CAPUT
1268 3448 1334 3505 ν.

460 3582 624 3638 Vsus.
661 3585 711 3638 I.
733 3613 787 3624 —-
825 3582 932 3639 Sed
955 3600 1070 3637 cum
1097 3583 1285 3650 violas,
1313 3591 1419 3638 etc.
1444 3582 1626 3657 (ΗΑΒ.)
1642 3582 1767 3639 Ideo
1784 3583 1961 3638 ablata

393 3686 520 3732 sunt
557 3676 741 3732 Ruben
789 3677 1171 3749 primogenita,
1203 3677 1329 3747 quia
1373 3677 1625 3732 dormivit
1659 3694 1780 3733 cum
1809 3677 1957 3743 Bala,

315 3759 340 3775 ’
392 3770 690 3824 concubina
726 3771 896 3840 patris
948 3769 1054 3833 sui,
1098 3775 1152 3822 et
1188 3769 1311 3822 data
1351 3777 1475 3822 sunt
1509 3764 1706 3837 Joseph
1748 3766 1857 3820 ﬁlio
1876 3767 1964 3837 ju-

395 3861 553 3926 niori,
597 3864 747 3930 cujus
785 3861 1071 3932 progenies
1115 3859 1500 3929 multiplicatur
1529 3867 1585 3914 et
1618 3859 1828 3916 excedit
1868 3874 1964 3929 po-

397 3951 618 4006 tentiam
647 3952 795 4024 regni
821 3953 962 4006 inter
987 3953 1172 4007 decem
1201 3951 1390 4005 tribus.

467 4043 691 4116 Mystice
740 4053 918 4098 autem
968 4045 1232 4113 signiﬁcat
1261 4045 1469 4097 ruinam
1518 4044 1715 4114 prioris
1761 4059 1961 4114 popun,

399 4138 488 4208 qui
509 4147 567 4192 ut
597 4137 985 4208 primogenitus
1014 4135 1243 4191 debebat
1279 4136 1636 4190 sacerdotium
1667 4145 1722 4190 et
1743 4151 1966 4206 regnum

399 4232 678 4300 accipere;
711 4231 803 4285 sed
843 4231 966 4300 quia
999 4229 1286 4283 maculavit
1318 4237 1544 4283 stratmu
1576 4230 1745 4298 patris
1775 4231 1877 4295 sui,
1914 4230 1966 4284 id

399 4331 483 4378 est
519 4339 715 4394 corpus
735 4325 957 4390 Christi,
986 4328 1037 4382 in
1065 4345 1171 4398 quo
1201 4340 1317 4384 erat
1345 4331 1617 4400 plenitudo
1645 4330 1964 4395 divinitatis,

399 4414 454 4469 in
484 4431 645 4472 cruce
689 4419 967 4488 suspendit
1001 4430 1056 4474 et
1093 4422 1288 4477 occidit
1319 4441 1331 4476 :
1367 4423 1703 4493 primogeniti
1735 4423 1966 4491 dignitas

399 4509 466 4562 ad
496 4509 823 4579 spiritualem
859 4509 1078 4581 Joseph,
1117 4512 1169 4566 id
1216 4522 1298 4568 est
1323 4512 1594 4568 Christum
1623 4524 1679 4568 et
1716 4512 1968 4566 Ecclesia!

399 4599 652 4671 populum
703 4600 963 4655 translata
1006 4609 1120 4666 est;
1153 4603 1220 4657 ad
1265 4617 1421 4672 quem
1451 4611 1606 4672 pater
1637 4619 1650 4656 :
1687 4600 1764 4654 Tu
1803 4619 1856 4655 es
1885 4619 1972 4654 sa-

401 4691 579 4743 cerdos
609 4691 662 4742 in
705 4701 954 4745 veternum
997 4693 1280 4746 secundum
1308 4694 1542 4747 ordinem
1573 4691 1968 4758 Melchisedech,

400 4787 505 4834 etc.
533 4779 703 4850 (Psal.
732 4781 866 4851 cut.)

471 4869 638 4927 Vsus.
671 4874 758 4926 10.
785 4904 856 4913 -
880 4871 1075 4928 Contra
1101 4875 1387 4945 Agarenos.
1412 4874 1661 4945 (HIERON.
1684 4875 1737 4928 in
1758 4871 1968 4946 Paral.)

407 4965 714 5022 Verisimile
762 4977 845 5022 est
890 4969 1035 5039 Agar
1078 4967 1242 5023 fuisse
1274 4967 1585 5032 Cethuram,
1631 4983 1752 5022 cum
1795 4967 1849 5021 in
1881 4982 1971 5023 se-

404 5057 690 5128 quentibus
731 5059 876 5114 dicat
907 5059 1202 5115 Rubenitas
1239 5069 1294 5114 et
1322 5059 1580 5115 Gaaditas
1615 5068 1669 5114 et
1699 5061 1976 5116 dimidiam

404 5151 604 5205 tribum
624 5151 868 5207 Manasse
889 5168 1012 5206 cum
1035 5153 1296 5223 Agareuis
1321 5168 1586 5223 pugnasse
1604 5162 1659 5208 et
1685 5155 1980 5224 praebuisse

402 5240 569 5296 Israel
605 5243 861 5297 auxilium
908 5243 1147 5309 Ituraeos,
1199 5243 1460 5314 Naphaeos
1507 5253 1564 5299 et
1605 5244 1790 5300 Nodab
1836 5244 1974 5300 ﬁlios

403 5331 666 5389 Ismaelis.
703 5333 888 5390 Nadab
925 5344 1106 5390 autem
1137 5343 1240 5399 est,
1283 5344 1341 5390 ut
1379 5337 1611 5402 videtur,
1652 5337 1743 5406 qui
1783 5336 1835 5390 in
1867 5335 1976 5392 Ge-

404 5425 521 5481 nesi
569 5426 771 5481 Cedma
814 5426 1032 5492 dicitur,
1083 5427 1138 5482 id
1179 5436 1262 5483 est
1304 5429 1644 5498 antiquorum
1696 5429 1776 5482 vel
1828 5437 1977 5482 ante-

404 5518 620 5572 cedens.

477 5604 642 5660 γης.
672 5606 763 5660 26.
794 5636 864 5646 —
892 5606 958 5660 Et
999 5607 1296 5662 suscitavit.
1318 5607 1618 5662 Notandum
1649 5618 1728 5663 est
1759 5608 1901 5678 quod
1927 5607 1980 5662 in

409 5698 621 5771 Regum
647 5699 843 5753 dicitur
869 5699 1005 5754 Phul
1043 5714 1221 5770 regem
1263 5699 1604 5772 Assyriorum
1633 5716 1662 5754 a
1699 5701 1978 5756 Manahem

408 5790 519 5845 ﬁlio
555 5788 726 5845 Caddi
765 5804 887 5861 rege
929 5791 1091 5845 Israel
1141 5793 1413 5861 accepisse
1458 5793 1602 5848 mille
1645 5793 1844 5848 talenta
1894 5807 1980 5846 ar-

2074 3316 2236 3370 Hebr.
2267 3312 2555 3386 inJ’aral.)
2577 3315 2802 3370 Josedec
2831 3314 3016 3368 dicunt
3045 3327 3164 3367 esse
3194 3312 3419 3366 Esdram
3462 3328 3640 3367 sacer-

2063 3411 2262 3474 dotem,
2289 3418 2416 3471 etc.,
2444 3425 2604 3479 usque
2631 3408 2700 3461 ad
2731 3407 2959 3462 Esdram
2987 3419 3115 3460 vero
3139 3421 3260 3460 esse
3281 3406 3636 3472 sacerdotem,

2062 3499 2237 3553 virum
2253 3498 2458 3568 justum
2486 3505 2541 3551 et
2567 3497 2879 3567 gloriosum.

2132 3609 2298 3665 Vens.
2328 3611 2418 3666 28.
2447 3641 2516 3650 —
2539 3610 2693 3665 Abia.
2731 3609 2850 3675 Hic,
2893 3616 2950 3663 ut
2981 3607 3188 3665 Hebraei
3219 3610 3454 3676 tradunt,
3479 3609 3640 3678 iudex

2065 3703 2386 3760 constitutus
2421 3717 2644 3756 munera
2691 3701 3007 3771 accipiebat,
3059 3701 3202 3770 quod
3253 3701 3386 3763 Joel,
3441 3703 3532 3770 qui
3585 3711 3640 3758 et

2065 3795 2173 3852 Vas
2198 3794 2336 3857 seni,
2369 3794 2546 3848 senior
2576 3793 2690 3863 ejus
2730 3793 2869 3847 ﬁlius
2903 3793 3099 3858 sciens,
3133 3809 3238 3850 non
3283 3794 3587 3862 corrigebat
3619 3812 3632 3848 :

2066 3889 2185 3943 idco
2215 3897 2438 3956 uterque
2461 3901 2720 3956 peccasse
2765 3887 2960 3942 dicitur
2994 3888 3286 3943 secundum
3326 3887 3634 3942 Hebraeum.

2067 3979 2220 4035 Unde
2260 3996 2272 4031 :
2320 3976 2543 4031 Factum
2587 3987 2660 4030 est
2703 3995 2820 4031 cum
2872 3981 3122 4033 senuisset
3181 3977 3417 4044 Samuel,
3469 3978 3643 4048 posuit

2065 4069 2203 4138 ﬁlios
2224 4085 2345 4122 suos
2363 4069 2572 4138 judices
2600 4067 2790 4134 Israel,
2815 4079 2863 4122 et
2895 4079 3100 4126 cratera.

2139 4181 2300 4237 Vnus.
2329 4181 2418 4235 5f.
2454 4213 2521 4221 ——
2545 4181 2642 4235 Isti
2670 4192 2789 4236 sunt
2817 4199 2945 4254 quos
2983 4184 3268 4247 constituit,
3297 4182 3643 4251 anticipando

2069 4274 2134 4329 de
2163 4273 2373 4339 ofﬁciis,
2397 4283 2677 4330 cantorum
2707 4274 2871 4328 David
2899 4275 2987 4344 qui
3020 4275 3237 4344 organis
3275 4274 3499 4328 musicis
3525 4274 3644 4328 lau-

2070 4365 2164 4420 des
2185 4364 2410 4419 Dominc
2440 4365 2728 4428 canebant,
2757 4379 2878 4418 cum
2904 4379 3089 4418 eorum
3117 4362 3488 4434 genealogiam
3519 4380 3646 4420 nar-

2071 4467 2237 4522 raret,
2289 4456 2623 4527 praelibavit;
2667 4471 2764 4510 suo
2815 4465 2998 4510 autem
3049 4455 3238 4510 ordine
3287 4456 3552 4525 quomodo
3592 4457 3647 4513 id

1997 4578 2049 4637 D
2073 4548 2326 4604 fecissent
2351 4547 2761 4602 demonstrabit.

2148 4661 2310 4716 Vens.
2341 4662 2430 4715 44.
2453 4690 2523 4701 —
2546 4659 2721 4714 Ethan
2746 4659 2906 4730 ﬁlius.
2940 4661 3113 4716 Ethan
3141 4677 3282 4716 unus
3309 4663 3375 4718 de
3401 4663 3646 4718 cantori-

2077 4754 2179 4808 bus
2232 4752 2432 4817 tribus,
2480 4751 2572 4821 qui
2621 4767 2804 4806 coram
2843 4751 3012 4808 David
3050 4752 3105 4806 in
3143 4753 3402 4823 cymbalis
3439 4754 3650 4809 Iaudem
3713 4813 3724 4822 κ

2081 4843 2176 4898 Dei
2213 4844 2630 4912 concrepabant.
2672 4842 2740 4896 Et
2775 4845 3106 4909 notandum,
3157 4845 3303 4913 quod
3353 4846 3492 4900 sicut
3535 4845 3654 4900 fue-

2080 4951 2205 4996 runt
2243 4953 2353 4997 tres
2390 4941 2483 4995 ﬁlii
2521 4939 2687 5006 Levi,
2726 4938 2930 5005 Caath,
2971 4939 3180 4995 Gerson
3219 4949 3276 4996 et
3307 4940 3498 4995 Merari
3521 4979 3536 5004 ,
3577 4939 3651 4994 ita

2082 5043 2194 5090 tres
2233 5042 2485 5088 cantores
2516 5051 2528 5086 :
2562 5033 2732 5086 Eman
2764 5033 2830 5088 de
2861 5030 3062 5098 Caath,
3090 5032 3272 5102 Asaph
3309 5032 3376 5087 de
3412 5030 3652 5098 Gerson;

2083 5127 2258 5181 Ethan
2309 5126 2374 5180 de
2425 5125 2640 5180 Morari.
2695 5125 2915 5196 Mystice
2963 5135 3141 5180 autem
3192 5125 3495 5194 signiﬁcant
3531 5141 3656 5180 san-

2085 5230 2201 5275 ctos
2248 5220 2526 5285 doctores,
2580 5219 2672 5290 qui
2722 5227 2922 5275 sanctae
2966 5218 3245 5274 Trinitatis
3277 5217 3381 5272 ﬁde
3425 5218 3652 5286 imbuti,

2079 5311 2374 5367 secundum
2404 5311 2862 5382 dispensationem
2887 5312 3002 5366 veri
3026 5309 3194 5364 David
3223 5309 3655 5378 praedicationem

2079 5402 2354 5471 Evangelii
2384 5402 2482 5456 toti
2509 5403 2710 5458 mundo
2741 5402 3087 5456 annuntiant.

2156 5512 2314 5566 Vnus.
2354 5511 2444 5567 48.
2474 5544 2542 5552 —
2569 5512 2761 5567 Levita:
2800 5513 2909 5584 qui.
2949 5511 3082 5578 Quia
3111 5511 3288 5566 omnis
3313 5511 3446 5565 ordo
3484 5510 3659 5565 eccle-

2078 5603 2331 5657 siasticus
2363 5605 2657 5658 secundum
2685 5604 3049 5674 apostolorum
3081 5604 3422 5659 traditionem
3441 5644 3454 5666 ,
3482 5612 3537 5659 et
3564 5605 3656 5675 qui

2076 5696 2364 5766 primatum
2417 5705 2630 5761 tenent,
2665 5704 2835 5749 totum
2868 5697 3225 5751 ministerium
3259 5703 3429 5766 agunt
3469 5696 3520 5750 in
3557 5696 3660 5750 Ec-

2076 5786 2239 5841 clesia
2265 5785 2395 5850 Dei;
2429 5785 2570 5842 unde
2601 5803 2612 5840 :
2646 5783 2712 5839 Ut
2741 5787 2877 5840 scias
2903 5787 3160 5857 quomodo
3194 5795 3425 5857 oporteat
3458 5795 3506 5840 te
3535 5803 3663 5840 con-
