4122 6350
483 403 590 462 645
975 393 1366 453 WALAFRIDI
1403 387 1650 447 STRABI
1687 383 1892 443 FULD.
1936 380 2101 438 MON.
2139 377 2291 434 OPP.
2328 376 2509 433 PARS
2545 377 2587 432 I.
2625 407 2694 418 —
2732 373 3173 432 THEOLOGICA
3635 372 3739 427 644

481 512 679 570 versari
728 510 786 566 in
844 509 1000 565 domo
1037 505 1168 572 Dei,
1198 521 1316 577 qutv
1347 501 1583 558 Ecclesia
1613 498 1708 552 Dei
1759 497 1890 563 vivi,
1949 504 2054 549 etc.
2083 493 2138 554 Α
2162 491 2416 546 sacerdos
2464 506 2690 561 magnus
2715 530 2729 555 ,
2775 489 2867 559 qui
2918 485 3394 542 Deuteronomium
3442 485 3649 542 invenit
3685 487 3738 542 in

483 610 504 680 (
525 607 554 662 Ι
585 607 718 662 Tim.
749 619 809 660 ιιι
831 605 874 677 ).

552 699 716 755 Vens.
744 697 832 753 49.
859 726 931 737 -
955 693 1152 748 Aaron.
1186 690 1462 746 Christum
1493 685 1796 778 signiﬁcat,
1825 681 1920 735 ﬁlii
1949 678 2063 778 ejus
2125 752 2131 778 δ

479 790 738 850 ECClesiaa
766 786 1023 858 populum
1045 825 1059 850 ,
1095 784 1180 838 cui
1209 781 1408 836 dicitur
1435 796 1448 832 :
1490 777 1594 832 Vos
1623 777 1746 830 estis
1773 791 1932 846 genus
1962 771 2065 826 ele-

482 894 622 940 ctum
643 925 658 950 ,
690 880 862 954 regale
889 877 1273 940 sacerdotium,
1309 881 1413 927 etc.
1454 869 1472 942 (
1499 869 1524 924 1
1559 867 1704 923 Petr.
1736 884 1774 922 ιι
1802 867 1819 936 )
1849 907 1862 931 ,
1904 879 2062 934 quem

485 992 727 1036 summus
763 971 1002 1047 pontifex
1037 969 1220 1025 docuit
1257 982 1418 1036 super
1452 964 1619 1018 altare
1653 961 1772 1016 ﬁdei
1813 958 2066 1014 holocau-

484 1081 628 1128 stum
674 1070 940 1124 bonorum
983 1077 1205 1134 operum
1253 1067 1310 1115 et
1350 1059 1630 1114 incensum
1673 1052 1939 1109 orationis
1984 1049 2067 1105 of-

485 1159 665 1226 ferre;
708 1166 764 1214 et
797 1163 857 1211 ut
892 1162 1208 1226 precaretur
1235 1166 1333 1222 pro
1364 1146 1558 1211 Israel,
1593 1147 1647 1202 id
1675 1153 1758 1200 est
1787 1158 1883 1214 pro
1921 1149 2066 1196 statu

486 1245 774 1311 Ecclesiae,
830 1242 1125 1301 secundum
1177 1247 1446 1312 praecepta
1503 1235 1638 1307 legis
1689 1249 1788 1304 per
1842 1231 2066 1303 Moysen

486 1341 628 1395 data.
670 1338 886 1411 Repetit
923 1345 1102 1391 autem
1140 1331 1509 1405 genealogiam
1559 1328 1738 1382 Aaron
1789 1340 1958 1396 usque
1998 1323 2066 1380 ad

485 1429 808 1494 Achimaas,
861 1429 1004 1499 quod
1053 1442 1154 1498 pro
1208 1425 1363 1480 laude
1411 1421 1528 1491 ejus
1576 1422 1778 1476 factum
1831 1415 2063 1483 videtur,

485 1521 611 1595 quia
638 1520 847 1577 ﬁdelius
879 1517 981 1574 fuit
1009 1517 1180 1573 David
1212 1516 1266 1571 in
1296 1514 1566 1570 omnibus.

1091 1667 1316 1726 CAPUT
1352 1667 1462 1721 VII.

554 1805 720 1862 Vens.
755 1804 809 1861 8.
832 1834 904 1845 —
925 1805 1117 1858 Omnes
1148 1802 1238 1867 hi,
1267 1801 1368 1870 ﬁlii
1407 1799 1627 1853 Beclwr.
1661 1796 1982 1867 Ubicunque
2009 1795 2062 1850 in

487 1899 604 1970 lege
641 1897 896 1953 scribitur
927 1915 942 1950 :
978 1895 1169 1951 Omnes
1197 1895 1264 1960 ,Ιιὶ
1302 1894 1400 1962 ﬁlii
1441 1893 1600 1949 istius
1633 1891 1718 1947 vel
1754 1892 1896 1947 illius
1920 1931 1934 1956 ,
1973 1900 2066 1946 aut

485 2005 585 2062 pro
613 1988 931 2045 meritorum
969 1986 1288 2041 excellentia
1327 1993 1448 2051 est,
1487 1994 1580 2039 aut
1613 1999 1711 2054 pro
1749 1983 2063 2037 meritorum

483 2079 938 2144 deterioratione,
979 2086 1038 2132 ut
1075 2075 1191 2148 ejus
1221 2077 1470 2132 dicantur
1497 2090 1617 2131 esse
1644 2073 1740 2128 lilii
1770 2071 1923 2141 cujus
1952 2070 2064 2126 fue-

482 2180 610 2231 runt
638 2171 960 2227 imitatores.

551 2261 718 2318 Vens.
778 2261 864 2316 M.
905 2291 977 2302 —
1015 2257 1417 2330 Concubinaque
1480 2255 1614 2327 ejus.
1676 2255 1802 2312 Haec
1866 2256 2066 2311 dicitur

479 2353 646 2412 fuisse
676 2353 785 2409 ﬁlia
815 2352 910 2408 ﬁlii
940 2351 1152 2418 Balam,
1186 2366 1306 2422 quae
1341 2350 1395 2404 in
1429 2347 1725 2420 Egyptum
1745 2389 1759 2414 ,
1790 2348 1933 2403 fame
1969 2363 2062 2403 co-

479 2458 673 2522 gente,
701 2465 730 2505 a
753 2457 906 2520 patre
932 2448 1141 2504 venalis
1170 2447 1329 2502 ducta
1358 2461 1388 2499 a
1418 2443 1665 2498 Manasse
1695 2462 1706 2496 :
1740 2443 1830 2512 qui
1856 2443 2065 2498 horreis

478 2551 712 2615 praeerat
749 2543 970 2598 cibariis
1005 2539 1148 2613 patri
1182 2540 1354 2604 datis,
1395 2537 1451 2592 in
1489 2536 1802 2608 conjugium
1842 2536 2062 2591 miseri-

482 2633 720 2690 corditer
747 2640 998 2703 suscepta
1029 2639 1134 2687 est.

552 2724 718 2780 Vens.
753 2723 839 2780 15.
867 2755 937 2764 -
963 2722 1230 2794 Happltim
1249 2762 1264 2787 ,
1293 2730 1426 2788 etc.,
1457 2722 1660 2792 prioris
1710 2720 1804 2775 ﬁlii
1855 2720 2064 2776 Machir

482 2818 600 2876 haec
629 2819 738 2875 duo
771 2819 990 2876 nomina
1026 2831 1146 2874 esse
1179 2818 1454 2884 dicuntur,
1493 2821 1588 2873 sed
1619 2817 1913 2873 secundum
1944 2830 2066 2871 esse

482 2906 754 2981 Salphaad
778 2918 834 2966 et
858 2925 1048 2965 eorum
1073 2923 1319 2964 sororem
1347 2907 1631 2972 Maachan,
1658 2923 1822 2978 quam
1854 2906 2064 2962 Hesron

480 3017 605 3060 cum
665 3003 948 3075 sexaginta
1001 3010 1146 3062 esset
1208 3016 1474 3056 annorum
1530 3001 1738 3070 accepit
1802 3015 2066 3066 uxorem,

477 3105 600 3161 quae
626 3092 835 3162 peperit
859 3091 908 3146 ei
942 3090 1112 3146 ﬁlium
1144 3089 1340 3163 Segub,
1366 3091 1507 3146 sicut
1538 3105 1699 3159 supra
1727 3089 1927 3145 dictum
1957 3098 2061 3145 est.

549 3181 718 3238 Vitas.
778 3182 865 3238 18.
895 3181 1160 3236 —Soror
1211 3190 1386 3235 autem
1435 3179 1548 3249 ejus
1600 3178 1836 3249 Regium.
1894 3177 2064 3234 Soror

480 3272 636 3329 Ulam
671 3271 767 3328 ﬁlii
805 3273 1048 3340 Phares,
1089 3272 1186 3328 ﬁlii
1226 3271 1458 3338 Machir,
1495 3280 1555 3326 ut
1589 3273 1906 3341 praedictum
1945 3281 2060 3338 est;

477 3364 620 3420 hanc
647 3363 872 3436 quidam
905 3365 1129 3420 tradunt
1157 3362 1324 3420 fuisse
1351 3371 1584 3424 matrem
1610 3361 1740 3419 Jesu
1771 3363 1866 3417 ﬁlii
1898 3363 2065 3430 Nave,

477 3457 568 3526 qui
609 3455 695 3510 vir
729 3455 959 3511 decorus
996 3462 1362 3526 nuncupatur,
1402 3456 1472 3510 ob
1512 3454 1727 3525 insigne
1761 3454 1981 3510 virtutis
2013 3464 2068 3510 et

476 3547 834 3618 principatus.
870 3547 974 3602 Alii
1007 3547 1195 3603 dicunt
1233 3548 1504 3603 Deboram
1535 3561 1760 3602 uxorem
1799 3545 2066 3619 Lapidoth

476 3637 898 3710 prophetissam.

553 3730 721 3786 Vsns.
771 3729 863 3785 20.
895 3761 966 3771 —
1003 3725 1138 3784 Filii
1173 3738 1347 3784 autem
1401 3725 1678 3802 Ephraim.
1731 3729 2069 3786 Fabulantur

478 3817 693 3875 Hebraei
723 3821 868 3890 quod
897 3819 992 3875 lilii
1025 3821 1283 3892 Ephraim
1304 3863 1319 3890 ,
1358 3831 1682 3894 congregata
1722 3823 2068 3879 multitudine

426 3967 428 3970 τ
481 3909 702 3963 vivente
729 3917 919 3979 patre,
958 3911 1138 3966 conati
1176 3919 1302 3966 sunt
1338 3913 1406 3967 ad
1449 3920 1648 3968 terram
1689 3914 2069 3984 promissionis

479 3997 702 4065 reverti,
740 4006 796 4054 et
829 3999 884 4054 in
921 3998 1060 4056 Geth
1090 4000 1499 4057 Palaestiuorum
1537 4003 1704 4058 occisi
1744 4011 1896 4071 sunt,
1925 4003 2069 4059 unde

481 4096 699 4146 caeteras
750 4089 925 4146 tribus
960 4106 1061 4162 per
1095 4092 1371 4149 desertum
1410 4095 1770 4162 adducuntur,
1808 4113 1879 4152 ne
1914 4097 2068 4152 vide-

478 4187 606 4235 rent
627 4193 754 4237 ossa
777 4173 1009 4237 fratrum
1031 4195 1274 4249 suorum,
1301 4187 1432 4240 etin
1460 4186 1670 4255 psalmo
1695 4185 2069 4242 dicitur:Filii

478 4269 711 4345 Ephrem
738 4277 972 4331 conveni
1000 4285 1126 4331 sunt
1152 4276 1209 4331 in
1235 4277 1320 4332 die
1349 4276 1469 4333 belli
1495 4278 1515 4352 (
1539 4276 1690 4335 Psal.
1720 4295 1902 4336 Lxxvu
1924 4278 1966 4354 ).

1060 4432 1192 4491 CAP
1201 4433 1293 4540 U.T
1334 4434 1470 4491 VIII.

2164 584 2364 652 templo
2409 583 2619 638 Domini
2658 585 2709 637 in
2749 592 2990 652 tempore
3023 580 3218 647 Josite,
3263 590 3318 636 et
3355 581 3555 636 dicitur
3587 590 3742 653 pater

2164 676 2328 730 fuisse
2357 677 2603 732 .Ieremia:
2635 678 2930 747 prophetae.

2234 770 2397 824 Vens.
2435 767 2520 822 16.
2543 798 2613 808 -
2637 766 2872 823 Idi-than.
2903 763 3208 838 (IIII-2am.)
3243 765 3494 822 Cantoris
3538 767 3744 834 David,

2165 861 2388 916 scilicet.
2406 859 3006 915 Obscrvabantcnim‘in
3034 868 3190 929 porta
3218 859 3363 927 regis
3387 859 3452 912 ad
3479 858 3744 915 orientem

2166 956 2231 1010 de
2260 953 2384 1008 ﬁliis
2413 953 2541 1008 Levi
2569 968 2665 1024 per
2692 952 2838 1006 vices
2875 968 2998 1006 suas
3031 959 3300 1018 cantores,
3328 959 3384 1006 et
3411 950 3648 1005 vicissim
3677 951 3748 1005 ad

2164 1044 2500 1116 psallendum
2526 1059 2646 1098 cum
2678 1042 2845 1098 David
2869 1042 3278 1106 conveniebant,
3303 1042 3429 1112 quia
3457 1051 3747 1112 antequam

2167 1135 2425 1207 templum
2467 1135 2824 1190 aediﬁcaretur
2869 1135 2924 1188 in
2965 1133 3187 1204 palatio,
3237 1142 3357 1188 erat
3411 1148 3538 1188 arca
3583 1142 3750 1189 testa-

2167 1229 2352 1290 menti,
2379 1233 2433 1282 et
2464 1227 2534 1282 ibi
2563 1226 2871 1281 serviebant
2897 1225 3110 1282 aedituis

2238 1319 2402 1374 Vnns.
2432 1316 2830 1374 I9.—Sellum
2869 1333 2985 1370 vero
3024 1315 3167 1384 ﬁlius
3213 1313 3363 1369 Core.
3407 1313 3563 1372 Prior
3607 1313 3748 1370 Cora

2167 1429 2264 1484 per
2292 1414 2465 1483 Aleph
2492 1413 2766 1476 scribitur,
2793 1419 2848 1464 et
2873 1418 3027 1464 sonat
3048 1409 3207 1473 Cora,
3231 1410 3500 1464 secundus
3529 1424 3623 1479 per
3645 1409 3746 1474 Ile,

2168 1515 2222 1560 et
2248 1514 2405 1561 sonat
2427 1504 2582 1559 Core.
2613 1503 2750 1559 Cora
2773 1502 3027 1566 clamans,
3056 1501 3191 1556 Core
3219 1501 3394 1556 calvus
3426 1501 3751 1571 interpreta-

2169 1606 2279 1652 tur.
2313 1597 2412 1652 IIic
2436 1605 2517 1651 est
2541 1596 2634 1666 qui
2664 1595 2716 1649 in
2739 1594 2990 1649 Numeris
3017 1593 3336 1649 seditionem
3363 1593 3531 1648 movit
3559 1600 3748 1648 contra

2172 1687 2386 1760 Moysen
2419 1688 2608 1761 (Nam.
2643 1687 2776 1760 xvr).

2242 1779 2492 1835 Custodes
2508 1779 2895 1836 vestibulorum.
2917 1777 3192 1850 (IIIERON.)
3216 1777 3353 1845 Quia
3374 1777 3754 1832 custodiebant

2091 1857 2140 1920 Β
2169 1874 2408 1928 exterius
2437 1873 2638 1927 ostium
2665 1872 3018 1928 tabernaculi.
3064 1871 3252 1927 Patres
3280 1888 3409 1927 vero
3438 1887 3625 1926 eorum
3656 1871 3751 1940 qui

2170 1961 2353 2018 subter
2381 1963 2691 2016 scribuntur
2720 1971 2774 2016 et
2803 1962 2894 2032 qui
2923 1962 2976 2016 in
3017 1961 3282 2017 Psalterio
3312 1963 3496 2018 titulos
3525 1963 3748 2030 habent,

2167 2055 2544 2110 custodiebant
2577 2054 2802 2109 interius
2829 2054 3025 2108 ostium
3057 2064 3112 2108 et
3139 2063 3390 2109 cantores
3428 2062 3607 2109 erant.

2239 2145 2520 2199 “183.20.
2566 2175 2637 2185 --
2679 2145 2900 2199 Pltiuees
2949 2156 3140 2198 autent.
3187 2144 3365 2214 Nepos
3411 2145 3625 2210 Aaron,
3655 2146 3752 2216 qui

2168 2237 2345 2291 adhuc
2372 2238 2601 2300 vivebat,
2630 2245 2688 2290 ut
2719 2236 2935 2292 tradunt
2963 2236 3195 2300 Hebraei,
3221 2245 3275 2291 et
3301 2237 3446 2291 vices
3477 2237 3752 2292 ministro-

2167 2347 2288 2385 rum
2310 2331 2612 2386 ordinabat.
2634 2329 2770 2384 Sunt
2791 2338 2972 2384 autem
2991 2329 3137 2384 vices
3158 2329 3344 2400 viginti
3365 2337 3599 2401 quatuor
3617 2345 3757 2400 quas

2168 2423 2336 2478 David
2366 2424 2635 2479 ordinavit
2665 2425 2730 2477 ad
2753 2423 3111 2478 ministerium
3133 2424 3486 2479 tabernaculi.
3518 2425 3672 2481 Unde
3699 2424 3756 2482 in

2168 2515 2460 2585 Evangelio
2486 2534 2498 2569 :
2522 2514 2814 2570 Zacharias
2843 2515 2907 2569 de
2936 2515 3054 2570 vice
3079 2515 3210 2569 Abia
3240 2513 3391 2586 (Luc.
3425 2515 3486 2587 ι).

2240 2608 2404 2664 Vens.
2434 2608 2523 2663 26.
2546 2639 2613 2647 —
2637 2607 2736 2661 llis
2781 2618 3007 2679 quatuor
3047 2605 3270 2673 Levitis,
3304 2619 3406 2664 etc.
3443 2609 3626 2681 (ΚΑΒ.)
3651 2608 3755 2676 Qui

2168 2699 2387 2755 fuerunt
2424 2700 2477 2753 hi
2525 2706 2758 2768 quatuor
2799 2698 2998 2752 Levita:
3041 2699 3235 2770 quibus
3275 2701 3452 2757 omnis
3496 2718 3756 2759 numerus

2168 2790 2408 2846 creditus
2434 2799 2554 2844 erat
2571 2789 2870 2858 janitorum
2895 2789 3301 2846 demonstratur
3341 2809 3464 2848 cum
3508 2794 3751 2852 dicitur:

2168 2879 2246 2936 De
2276 2880 2423 2935 Hosa
2453 2891 2648 2946 autent,
2674 2881 2728 2934 id
2754 2891 2827 2935 est
2869 2881 2932 2935 de
2971 2880 3097 2950 ﬁliis
3141 2881 3359 2948 Morari,
3388 2882 3556 2938 Semrt'
3601 2887 3752 2954 prin-

2167 2989 2304 3042 ceps,
2332 2983 2460 3038 etc.,
2483 2981 2542 3026 ut
2571 2973 2799 3027 habetur
2821 2974 2872 3027 in
2896 2989 3012 3044 cap.
3039 2989 3185 3028 xxvi.
3216 2975 3458 3044 Quatuor
3482 2979 3758 3050 principes

2161 3061 2456 3134 janitorum
2485 3068 2656 3122 sancti
2691 3068 2940 3123 doctores
2977 3079 3104 3124 sunt
3133 3071 3222 3141 qui
3251 3083 3484 3142 quatuor
3509 3073 3756 3146 Evange-

2169 3155 2254 3212 liis
2283 3159 2480 3212 ostium
2509 3158 2630 3212 ﬁdei
2657 3168 2936 3215 servantes
2967 3159 3299 3228 patefaciunt
3327 3164 3673 3220 credentibus
3696 3174 3756 3220 et

2091 3226 2137 3290 (ἶ
2168 3249 2500 3304 concludunt
2530 3226 3028 3320 blasphemantibus
3050 3293 3064 3317 ,
3091 3253 3285 3322 quibus
3309 3271 3430 3310 cum
3455 3255 3615 3312 Petro
3639 3257 3754 3312 cla-

2166 3355 2262 3394 ves
2304 3340 2612 3394 commissae
2658 3349 2783 3394 sunt
2827 3340 3041 3413 (Matth.
3076 3344 3211 3417 xvr).
3263 3344 3328 3399 Ili
3373 3362 3471 3416 per
3515 3358 3754 3418 quatuor

2166 3440 2358 3486 ventos
2398 3432 2535 3486 ostia
2577 3434 2919 3499 custodiunt,
2966 3435 3090 3504 quia
3139 3450 3238 3506 per
3283 3445 3516 3508 quatuor
3562 3439 3752 3511 plagas

2167 3523 2353 3578 mundi
2376 3533 2563 3594 gentes
2589 3525 2657 3578 ad
2687 3523 2846 3580 ﬁdem
2872 3535 3087 3592 vocant,
3113 3536 3171 3582 et
3193 3527 3492 3586 Ecclesiam
3523 3531 3753 3602 vigilan-

2167 3621 2253 3668 ter
2278 3621 2516 3669 servant.

2241 3727 2405 3782 Vsns.
2442 3728 2530 3784 28.
2554 3757 2623 3769 —-
2645 3727 2721 3783 De
2746 3729 2932 3784 horum
2970 3746 3156 3800 genere
3179 3741 3324 3786 erant
3361 3741 3412 3788 et
3443 3748 3602 3804 super
3623 3751 3753 3790 vasa

2168 3821 2424 3875 minister.
2458 3819 2580 3892 (Iu.)
2613 3820 2835 3892 Mystice
2872 3822 2938 3876 de
2968 3831 3111 3876 cmtu
3141 3832 3452 3879 sanctorum
3487 3824 3754 3896 praedica-

2169 3920 2346 3966 torum
2368 3913 2706 3978 ordinantur,
2730 3913 2822 3982 qui
2849 3928 3012 3983 super
3034 3931 3162 3971 vasa
3185 3916 3420 3983 Domini,
3444 3918 3498 3973 id
3524 3929 3608 3975 est
3635 3921 3754 3976 anis

2170 4023 2286 4062 mas
2315 4006 2550 4062 ﬁdelium
2581 4009 2656 4080 (in
2689 4009 2885 4078 quibus
2906 4010 3157 4066 voluntas
3193 4013 3286 4067 Dei
3317 4014 3557 4084 quotidie
3586 4016 3752 4070 mini-

2169 4098 2395 4169 stratur)
2432 4099 2745 4170 pervigilem
2790 4101 2991 4154 habent
3037 4103 3356 4158 custodiam.
3403 4104 3516 4160 Sub
3561 4119 3751 4160 eorum

2169 4191 2410 4247 custodia
2456 4199 2538 4245 est
2587 4190 2781 4257 simila,
2811 4192 2997 4248 vinum
3031 4202 3086 4249 et
3113 4196 3308 4260 oleum,
3346 4198 3540 4266 quibus
3569 4215 3754 4255 sacra-

2168 4291 2351 4340 menta
2381 4284 2625 4354 corporis
2655 4291 2708 4339 et
2745 4285 3022 4355 sanguinis
3048 4286 3258 4342 Domini
3290 4277 3672 4357 conﬁciuntur,
3696 4298 3753 4347 et

2169 4373 2407 4445 Spiritus
2452 4376 2624 4430 sancti
2669 4379 2841 4445 gratia
2887 4379 3150 4448 spirituali
3192 4382 3446 4438 unctione
3495 4385 3748 4440 traditur.

2168 4465 2273 4538 Ipsi
2305 4468 2430 4522 thus
2454 4467 2759 4522 orationum
2786 4477 2841 4523 et
2866 4480 3108 4526 aromata
3140 4473 3398 4529 virtutum
3428 4476 3482 4530 in
3507 4475 3752 4533 Ecclesia

552 4564 715 4620 Vens.
740 4564 793 4620 6.
814 4565 1003 4633 —Qui
1027 4567 1271 4622 translati
1291 4578 1413 4624 sunt
1435 4570 1489 4623 in
1507 4568 1818 4627 Mona/mlh.
1839 4572 2066 4641 Quando

2170 4567 2538 4629 componunt,
2565 4568 2620 4614 et
2646 4561 2700 4615 in
2725 4571 3013 4631 conspectu
3042 4563 3253 4619 Domini
3283 4566 3465 4620 vinum
3496 4575 3751 4638 accepta-

483 4669 585 4726 pro
617 4653 824 4710 scelere
865 4655 918 4710 in
956 4671 1181 4713 uxorem
1223 4658 1423 4714 Levitae
1454 4659 1631 4731 gladio
1657 4675 1984 4719 corruerunt
2010 4673 2065 4720 et

481 4745 726 4801 sexcenti
756 4753 969 4800 tantum
999 4758 1397 4804 remanserunt.

555 4835 722 4891 Vens.
759 4835 812 4889 7.
843 4863 914 4877 —-
946 4836 1197 4892 Naaman
1247 4851 1421 4895 autem
1456 4852 1504 4896 et
1539 4843 1747 4899 Achia:
1791 4846 2064 4918 principes

480 4925 731 4994 fuerunt,
757 4927 852 4984 sed
879 4927 1020 4983 Cera
1047 4944 1105 4985 se
1131 4932 1507 4988 subdiderunt.
1538 4934 1692 4991 Unde
1717 4938 2066 5009 singulariter

478 5018 680 5075 dicitur
720 5035 736 5074 :
777 5020 900 5092 Ipse
923 5022 1188 5076 transtulit
1219 5040 1306 5080 eos
1326 5063 1342 5092 ,
1378 5027 1444 5082 de
1477 5041 1585 5097 quo
1617 5029 1750 5084 exiit
1783 5032 2066 5103 progenies

479 5109 621 5166 Cera
649 5111 744 5182 qui
770 5110 876 5168 fuit
901 5121 1062 5184 pater
1090 5113 1296 5172 Semei.

1090 5241 1318 5308 CAPUT
1361 5247 1454 5307 IX.

550 5383 714 5441 Vsus.
744 5384 797 5440 2.
831 5415 903 5427 —
933 5384 1224 5442 Nathintei.
1282 5388 1579 5460 (thauma,
1613 5390 1819 5458 Qutest.
1852 5394 1906 5447 in
1939 5391 2057 5448 Pa-

477 5473 607 5542 ral.,
636 5484 770 5532 tom.
792 5475 880 5532 III.
904 5474 925 5549 )
947 5476 1182 5545 Donum,
1212 5479 1296 5534 vel
1323 5480 1376 5534 in
1403 5481 1707 5537 humilitate
1736 5484 2053 5540 servientes.

477 5560 548 5622 Ili
575 5573 700 5621 sunt
725 5565 1042 5624 Gabaonita:
1069 5585 1206 5640 quos
1230 5569 1394 5626 Josue
1421 5572 1547 5627 vitae
1574 5573 1830 5640 donavit,
1863 5584 1918 5630 et
1944 5591 2057 5631 ser-

479 5655 613 5712 vitio
647 5658 830 5729 templi
871 5661 1181 5732 deputavit.
1223 5671 1283 5718 ut
1319 5679 1487 5734 aquas
1516 5673 1571 5719 et
1599 5664 1743 5735 ligna
1779 5674 2058 5736 portarent

482 5745 684 5817 (Iosue
711 5765 766 5803 ix
789 5750 828 5818 ).

560 5835 714 5893 Vens.
755 5841 840 5894 II.
868 5871 939 5884 --
964 5840 1162 5898 Helcia:
1200 5845 1300 5914 ﬁlii
1341 5845 1616 5901 Mosellam
1643 5888 1654 5912 ,
1685 5857 1789 5904 etc.
1823 5848 1924 5904 Hic
1955 5849 2054 5904 fuit

2165 4652 2275 4710 bile
2309 4652 2560 4706 reddunt.

2239 4745 2402 4799 Vens.
2430 4743 2518 4798 51.
2540 4775 2611 4784 -
2632 4743 2954 4800 Mal/talltias
2993 4745 3190 4801 Levites
3235 4748 3606 4819 primogenita
3635 4748 3753 4805 Sel-

2164 4836 2277 4891 tum
2299 4835 2492 4889 Corita:
2519 4837 2796 4905 prefectns
2817 4847 2928 4890 erat
2951 4854 3130 4892 eorum
3151 4855 3268 4908 qua:
3289 4841 3343 4892 in
3364 4843 3630 4910 sartagine
3650 4839 3750 4910 fri-

2167 4927 2440 4999 gebantur.
2472 4925 2608 4993 Quia
2649 4926 2899 4983 Christus
2936 4937 3129 4984 auctor
3163 4939 3246 4986 est
3284 4942 3748 4987 sacramentorum

2168 5014 2491 5081 caelestium,
2513 5016 2604 5070 ubi
2629 5017 2869 5085 quotidie
2889 5020 3045 5088 panis
3067 5029 3122 5075 et
3136 5021 3320 5076 vinum
3345 5021 3402 5076 in
3425 5022 3747 5078 memoriam

2167 5107 2438 5178 passionis
2465 5106 2582 5176 ejus
2607 5107 2926 5175 oll‘eruntur,
2952 5120 3007 5166 et
3034 5121 3196 5182 caput
3237 5114 3478 5168 omnium
3505 5095 3596 5185 qui
3625 5129 3752 5169 can-

2168 5215 2293 5256 nem
2319 5217 2472 5256 suam
2506 5201 2622 5270 ejus
2644 5204 2892 5274 exemplo
2927 5205 3267 5278 cruciﬁgunt,
3295 5216 3347 5262 et
3380 5198 3617 5278 passioni
3645 5221 3748 5279 pro

2169 5291 2286 5362 ejus
2311 5296 2532 5351 nomine
2560 5297 2796 5351 tradunt.

2241 5387 2404 5441 Vsus.
2438 5387 2526 5442 32.
2548 5417 2620 5427 ——
2639 5384 2816 5444 Panes
2835 5400 2982 5444 erant
3004 5393 3388 5462 propositionis.
3424 5395 3540 5448 Duo
3561 5401 3615 5449 et
3639 5395 3747 5448 duo

2169 5480 2381 5535 divisim
2413 5482 2784 5551 coquebantur
2827 5492 2952 5538 ante
2993 5485 3276 5539 sabbatum
3322 5487 3616 5540 secundum
3647 5483 3743 5540 Jo-

2166 5575 2413 5644 sephum,
2431 5583 2486 5628 et
2506 5575 2735 5630 sabbato
2755 5591 2912 5630 mane
2933 5592 3098 5647 super
3119 5593 3358 5634 mensam
3378 5580 3741 5648 ponebantur,

2165 5666 2232 5721 de
2255 5666 2449 5734 quibus
2481 5667 2533 5721 in
2561 5667 2796 5722 Levitico
2824 5667 3034 5737 plenius
3063 5669 3319 5725 dixrmus.

2237 5757 2396 5812 Vens.
2426 5758 2514 5812 54.
2541 5789 2610 5798 ——
2634 5757 2819 5828 Capita
2851 5759 3146 5815 Levitarnm
3190 5765 3282 5831 per
3319 5761 3550 5828 familias
3590 5777 3738 5815 suos.

2163 5849 2390 5920 Dignum
2437 5861 2542 5916 est,
2575 5861 2634 5905 ut
2680 5859 2881 5921 quanto
2925 5852 3047 5921 quis
3093 5851 3342 5922 praelatus
3385 5860 3469 5907 est
3505 5851 3735 5916 caeteris,
