4122 6350
377 393 486 454 645

1336 387 1605 446 GLOSSA
1646 387 2046 446 ORDINARIA.
2074 418 2146 430 ——
2175 388 2303 448 LIB.
2341 383 2364 447 Ῐ
2397 393 2648 451 PARAL.

3535 405 3646 464 ωδ

373 520 528 572 tanto
554 510 804 568 devotior
827 499 898 565 sit
924 507 978 564 in
1008 507 1204 565 divinis
1235 505 1444 563 oliiciis.
1473 507 1565 564 ille
1589 508 1730 563 bene
1754 507 1955 577 princi-
1982 511 2035 570 Α
2059 507 2346 573 ιιίοὶιωιιω,
2381 508 2683 566 Abinadab.
2731 507 2866 579 Quia
2905 511 3054 568 hunc
3099 513 3218 569 veri
3254 516 3400 588 regis
3440 517 3644 578 Christi

282 637 290 647 ·
371 618 558 682 patum
585 603 871 660 ministerii
904 609 1112 668 servat,
1139 601 1230 672 qui
1258 601 1434 656 studet
1457 617 1685 684 manere
1723 601 1776 656 in
1803 600 1960 656 Jeru-

2063 601 2507 672 omnipotentiam
2540 619 2759 676 negare,
2790 604 2940 659 illum
2987 602 3223 675 Spiritus
3267 610 3442 664 sancti
3489 612 3648 669 donis

373 701 562 764 salem,
597 698 648 753 id
678 706 762 753 est
790 698 841 751 in
873 695 1082 750 visione
1106 693 1276 764 pacis,
1308 701 1365 747 ut
1408 693 1667 749 tumultus
1695 694 1878 750 saeculi
1905 701 1959 749 et
2059 692 2342 764 derogare,
2360 695 2518 750 istum
2540 696 2734 752 summi
2755 696 2932 752 Patris
2952 697 3248 754 bonitatem
3269 699 3648 772 blasphemare

372 792 673 861 voluptates
717 788 900 845 carnis
949 785 1117 857 fugiat
1154 793 1210 840 ct
1234 785 1469 856 quietem
1502 784 1699 840 mentis
1738 785 1792 840 in
1830 801 1958 841 con-

372 883 721 956 templatione
767 881 859 936 Dei
911 880 1147 942 habeat,
1207 879 1392 933 dicens
1447 893 1569 934 cum
1623 875 1951 934 Psalmista:

370 976 601 1032 La’tatus
627 991 742 1028 sum
764 973 819 1027 in
849 971 927 1026 his
958 987 1074 1042 quw
1103 969 1243 1025 dicta
1270 981 1390 1025 sunt
1425 973 1572 1026 mihi.

441 1069 605 1124 Vens.
633 1067 723 1123 55.
743 1065 1010 1120 —Jahiet
1032 1106 1047 1130 ,
1089 1065 1180 1136 qui
1229 1066 1281 1120 in
1329 1059 1536 1136 Regum
1557 1106 1572 1131 ,
1600 1061 1758 1118 Ahiel
1801 1069 1957 1134 pater

367 1160 458 1217 Cis
499 1161 671 1231 patris
715 1157 867 1224 Saul,
891 1165 944 1212 et
992 1158 1380 1229 interpretatur
1419 1167 1568 1225 pater
1602 1171 1751 1210 meus
1785 1155 1950 1212 Deus.

365 1250 538 1306 Jahtel
583 1251 819 1306 disertus
848 1249 965 1316 Dei,
993 1247 1131 1304 forte
1170 1263 1266 1320 pro
1309 1250 1632 1304 meritorum
1671 1249 1947 1304 distantia.

366 1343 433 1400 Et
461 1343 760 1399 notandum
787 1342 930 1414 quod
960 1343 1104 1398 inter
1136 1341 1274 1397 ﬁlios
1297 1340 1476 1396 Jahiel
1504 1333 1595 1395 Cis
1620 1348 1675 1395 et
1699 1339 1810 1396 Ner
1839 1341 1949 1395 fra-

367 1446 478 1491 tres
516 1444 780 1491 vocantur
804 1443 1041 1500 etsunt,
1069 1441 1124 1488 et
1155 1435 1206 1488 in
1245 1433 1452 1504 Regum
1493 1433 1566 1488 ita
1597 1431 1859 1500 habetur;
1895 1433 1950 1489 in

363 1527 716 1596 sequentibus
752 1541 881 1582 vero
923 1525 1121 1582 dicitur
1161 1525 1303 1595 quod
1333 1523 1439 1580 Ner
1479 1525 1663 1596 genuit
1691 1523 1804 1591 Cis,
1837 1540 1946 1580 non

363 1617 504 1687 quod
537 1617 802 1688 genuerit,
835 1615 926 1672 sed
957 1615 1452 1686 quodedueaverit.

430 1706 596 1762 Vens.
627 1707 717 1764 59.
740 1740 809 1748 —
830 1707 1123 1762 Abinadab.
1159 1706 1256 1761 lli'e
1287 1714 1343 1761 ut
1376 1705 1426 1761 in
1461 1703 1669 1778 Regum
1703 1722 1824 1762 cum
1853 1721 1945 1776 pa-

363 1809 443 1856 tre
471 1800 685 1855 occisus
721 1809 1003 1864 narratur,
1035 1797 1317 1854 Abinadab
1345 1807 1572 1854 vocatur
1593 1805 1649 1853 et
1673 1798 1942 1868 interpre-

359 1899 504 1946 tatur
530 1889 810 1947 Abinadab
838 1901 986 1962 pater
1015 1907 1156 1946 meus
1184 1899 1360 1946 votum
1377 1932 1391 1956 ,
1419 1889 1697 1945 Abinadab
1722 1863 1946 1960 papulas
1973 1863 2022 1935 Β

359 2001 502 2040 meus
534 1993 732 2039 votum.

428 2075 644 2130 Esbaal.
674 2065 820 2147 Ignis
847 2075 1077 2130 maritus
1100 2115 1116 2141 ,
1143 2073 1232 2130 hic
1260 2081 1342 2128 est
1368 2069 1634 2137 lsboseth,
1669 2072 1724 2128 id
1753 2080 1837 2128 est
1862 2073 1947 2128 vir

357 2165 711 2222 confusionis.

431 2261 591 2314 Vens.
622 2258 714 2313 40.
736 2289 806 2298 --
833 2255 1145 2311 Meribbaat.
1188 2255 1434 2326 Litigans
1460 2255 1512 2310 in
1546 2254 1825 2320 maritum,
1858 2254 1946 2310 hic

354 2357 439 2406 est
486 2347 869 2421 Miphiboseth,
899 2348 992 2420 qui
1045 2349 1432 2419 interpretatur
1473 2347 1538 2402 de
1585 2365 1674 2403 ore
1715 2349 1945 2420 ignomi-

358 2445 470 2498 nia.

986 2505 1214 2569 CAPUT
1248 2511 1314 2566 Χ.

427 2627 594 2684 Vens.
621 2627 671 2683 1.
697 2658 768 2667 -
787 2623 1137 2690 Philisthiim,
1170 2634 1274 2680 etc.
1303 2619 1488 2697 (nam)
1519 2619 1700 2679 Multis
1727 2625 1945 2682 omissis

353 2735 474 2792 quae
516 2719 570 2774 in
602 2718 742 2774 libro
769 2717 1040 2774 Samuelis
1076 2717 1142 2772 de
1171 2716 1422 2770 Samuele
1463 2723 1517 2771 et
1559 2713 1722 2771 Saule
1759 2727 1946 2772 narrat

353 2813 612 2879 historia,
645 2829 831 2868 casum
860 2811 989 2868 Saul
1029 2819 1082 2866 et
1125 2809 1342 2864 familiae
1377 2808 1493 2879 ejus
1532 2821 1939 2867 commemorat.

353 2903 577 2976 Mysliee
622 2905 854 2960 innuens
878 2945 892 2970 ,
925 2903 1051 2972 quia
1095 2917 1202 2957 non
1246 2910 1331 2957 est
1379 2917 1600 2958 necesse
1629 2903 1795 2958 vitam
1826 2904 1945 2976 ejus

353 2983 684 3060 describere,
715 2990 870 3060 cujus
920 2991 1085 3061 impia
1128 2993 1469 3046 conversatio
1505 2991 1668 3047 ﬁnem
1709 2993 1940 3050 celerem

351 3085 552 3155 meruit
589 3086 868 3155 accipere,
920 3087 975 3138 et
1003 3081 1228 3154 ﬁgurate
1263 3082 1415 3152 regni
1442 3081 1748 3139 Iudaeorum
1777 3091 1831 3140 et
1856 3099 1942 3140 sa-

351 3154 573 3233 cerdotii
600 3154 797 3231 veteris
819 3174 982 3230 ﬁnem
1005 3173 1360 3228 demonstrat.
1387 3173 1467 3227 Ad
1492 3173 1662 3229 David
1687 3190 1745 3230 se
1768 3183 1941 3231 trans-

349 3269 502 3334 tulit,
535 3269 688 3339 cujus
730 3266 872 3322 facta
905 3274 961 3322 et
997 3265 1458 3336 dispensationem
1493 3266 1645 3337 regni
1677 3268 1938 3336 contexit,

349 3361 442 3431 Qui
489 3371 675 3433 typum
717 3369 863 3416 tenet
903 3360 1018 3416 veri
1049 3359 1217 3414 David
1256 3373 1482 3429 regnum
1515 3359 1636 3415 eteli
1685 3368 1740 3416 et
1781 3369 1942 3417 terras

348 3455 697 3524 possidentis.
716 3453 834 3521 Quo
857 3453 1172 3508 imminente
1185 3451 1516 3506 Philisthiim
1538 3469 1689 3509 more
1711 3469 1808 3510 suo
1834 3470 1936 3525 pu-

349 3552 515 3617 gnant
540 3551 728 3601 contra
754 3543 941 3611 Israel,
962 3551 1015 3599 et
1043 3542 1288 3609 vincunt,
1307 3543 1454 3612 quia,
1473 3546 1937 3616 appropinquante

347 3638 554 3708 gratia,
603 3637 861 3708 gentiles,
895 3636 1038 3691 sicut
1084 3642 1240 3699 ante,
1273 3635 1580 3705 castitatem
1629 3635 1938 3692 Israeliticae

346 3727 471 3782 ﬁdei
506 3729 921 3800 oppugnabant;
955 3737 1098 3781 nunc
1144 3723 1283 3779 mala
1314 3739 1477 3794 opera
1498 3766 1512 3790 ,
1541 3742 1687 3780 nunc
1717 3725 1936 3782 idolola-

346 3817 464 3873 triae
483 3818 684 3874 cultum
708 3815 1064 3882 ostendendo,
1088 3816 1228 3871 sicut
1249 3813 1468 3870 Balaam
1491 3815 1720 3872 docebat
1739 3816 1935 3873 Balaac

345 3910 560 3967 mittere
590 3910 906 3967 scandalum
951 3923 1134 3966 coram
1164 3907 1290 3964 ﬁliis
1317 3907 1516 3976 Israel,
1545 3909 1708 3965 edere
1736 3920 1790 3966 et
1819 3909 1931 3966 for-

345 4005 542 4062 nicari.

417 4089 789 4167 Fugeruntque
832 4093 950 4149 viri.
1002 4092 1106 4162 Qui
1149 4091 1319 4149 fertes
1362 4091 1688 4150 videbantur
1735 4097 1789 4151 in
1837 4096 1932 4153 Dei

345 4186 832 4258 Contemplatione,
883 4185 1010 4241 dum
1061 4185 1280 4242 incaute
1325 4201 1489 4257 opera
1548 4189 1828 4259 gentilium
1879 4199 1934 4248 et

345 4277 647 4332 doctrinam
678 4285 1000 4346 sequuntur,
1029 4277 1410 4333 haereticorum
1433 4293 1648 4350 quoque
1676 4281 1932 4350 perditio-

344 4383 469 4424 nem
499 4384 605 4424 non
635 4382 827 4438 parum
858 4368 999 4438 juvit
1025 4368 1299 4424 smcularis
1344 4369 1590 4426 scientia.
1629 4371 1782 4428 Unde
1811 4375 1931 4444 qui-

345 4457 468 4514 dam
495 4459 569 4514 ait
594 4477 604 4512 :
631 4458 943 4532 Philosophi
974 4453 1300 4530 patriarchae
1336 4458 1714 4518 bteretieorum
1741 4465 1928 4521 Eccle-

345 4553 439 4609 siae
461 4553 754 4624 puritatem
782 4567 1041 4624 perversa
1069 4553 1412 4609 maculaverc
1437 4553 1702 4610 doctrina.

421 4658 580 4714 Vsus.
606 4659 660 4713 2.
694 4689 766 4700 —
806 4658 1040 4731 Cumque
1083 4660 1604 4730 appropinquassent.
1651 4661 1930 4718 lrruerunt

342 4753 568 4826 gentiles
613 4753 850 4824 undique
897 4754 953 4807 in
991 4767 1216 4824 regnum
1259 4752 1411 4808 Judze
1453 4761 1507 4808 et
1536 4753 1675 4809 ﬁlios
1705 4754 1838 4824 ejus,
1876 4765 1930 4812 et

342 4853 699 4916 corruperunt
726 4849 1040 4902 sacerdotes
1058 4885 1072 4911 ,
1101 4845 1309 4901 scribas
1343 4855 1400 4901 et
1432 4845 1738 4904 Pharisaeos
1767 4849 1925 4916 ﬁlios,

340 4940 544 4995 scilicet
571 4948 627 4994 et
654 4939 971 4996 seductores
1012 4939 1155 4995 illius
1195 4935 1348 5010 regni
1376 4935 1661 4998 haereticos
1690 4958 1926 5013 quoque,

307 5047 410 5116 {ne
455 5031 774 5102 simpliciter
810 5032 1039 5104 gratiam
1085 5030 1320 5102 Spiritus
1349 5032 1526 5086 sancti
1570 5033 1930 5103 pradicarent

310 5129 319 5138 '
341 5131 436 5178 aut
459 5124 720 5191 colerent,
752 5132 1060 5180 vetuerunt.

410 5211 706 5271 Abinadab.
744 5215 824 5272 Ne
851 5225 1063 5288 patrem
1104 5216 1198 5287 qui
1242 5232 1342 5273 nos
1373 5216 1478 5273 sibi
1517 5215 1796 5288 adoptavit
1820 5220 1929 5290 spi-

340 5305 521 5361 rituali
569 5307 712 5364 dono
759 5308 922 5379 digna
972 5306 1311 5365 confessione
1355 5307 1743 5376 laudaremus,
1783 5312 1928 5382 quod

267 5384 291 5407 ’
337 5399 613 5472 signiﬁcat
660 5399 995 5469 interfectio,
1038 5403 1322 5460 Abinadab
1373 5404 1426 5460 id
1469 5412 1553 5460 est
1599 5403 1772 5462 patris
1818 5409 1926 5464 mei

338 5493 645 5560 spontanei.

413 5579 725 5637 Melchisua.
777 5581 855 5640 Ne
885 5584 939 5639 in
975 5583 1177 5642 Christi
1219 5600 1384 5657 regno
1417 5585 1643 5642 salutem
1689 5584 1926 5642 futuram

340 5675 647 5730 credamus.
683 5675 976 5733 Melehisua
1014 5678 1157 5732 enim
1210 5677 1598 5750 interpretatur
1644 5695 1734 5734 rea:
1781 5695 1925 5732 meus

339 5762 504 5818 salus.
552 5765 933 5839 Philosophus,
965 5768 1056 5836 qui
1101 5767 1286 5822 Arium
1327 5770 1568 5836 seduxit,
1603 5771 1754 5840 quasi
1791 5770 1922 5824 Mel-

340 5855 529 5912 chisua
557 5861 794 5916 occidit:
820 5860 912 5931 qui
927 5859 1327 5930 Macedoniam,
1354 5859 1667 5929 Ionatham;
1694 5865 1785 5934 qui
1805 5863 1918 5919 Ma-

2057 785 2316 855 magister
2341 789 2706 858 corruptionis
2733 789 2971 846 edocuit.

2129 877 2294 934 Vens.
2318 878 2515 936 «L—Et
2537 882 2672 937 dixit
2694 881 2830 938 Saul
2852 883 2941 945 ad,
2963 889 3070 940 etc.
3089 882 3246 940 Hune
3267 883 3480 943 Hebraei
3497 885 3644 961 Doeg

2055 966 2348 1026 Idummum
2371 971 2556 1026 dicunt
2575 986 2695 1027 esse
2717 974 2807 1043 qui
2837 974 3030 1030 videns
3054 974 3183 1030 Saul
3204 989 3323 1032 esse
3345 986 3641 1046 mortuum,

2056 1060 2253 1118 timens
2275 1061 2466 1129 David,
2497 1064 2734 1135 seipsum
2763 1065 3056 1122 interfecit.
3081 1065 3315 1124 Puerum
3345 1085 3475 1126 vero
3493 1070 3644 1142 (quia

2054 1150 2302 1208 diadema
2326 1163 2382 1210 et
2400 1155 2665 1209 armillam
2689 1154 2817 1211 Saul
2844 1157 3024 1212 attulit
3045 1160 3113 1214 ad
3127 1158 3318 1233 David)
3330 1173 3454 1217 esse
3474 1162 3646 1217 ﬁlium
3702 1185 3711 1195 ·

2053 1242 2219 1316 Doeg,
2254 1253 2308 1302 et
2354 1246 2527 1316 ipsum
2576 1247 2724 1318 Doeg
2769 1263 2889 1303 esse
2934 1259 3166 1320 puerum
3202 1265 3329 1307 cum
3356 1267 3466 1324 quo
3513 1252 3646 1310 Saul

2053 1339 2332 1408 quaerebat
2357 1340 2538 1394 asinas
2563 1341 2734 1411 patris
2768 1341 2870 1394 sui.

2123 1428 2205 1482 Ad
2250 1431 2589 1501 armigerum.
2617 1431 2795 1502 (BEDA
2824 1433 2879 1487 in
2915 1451 3032 1504 cap.
3057 1434 3129 1490 28
3164 1435 3201 1490 ι.
3232 1453 3249 1492 t
3277 1436 3440 1511 Reg.)
3483 1438 3644 1511 Legis

2051 1519 2322 1576 doctores.
2343 1521 2652 1577 Sicutenim
2671 1539 2821 1579 arma
2845 1534 2902 1580 et
2922 1527 3132 1597 sagittae
3148 1527 3492 1596 Philisthiim,
3508 1541 3640 1600 etc.,

2054 1623 2214 1682 usque
2248 1612 2316 1664 ad
2352 1621 2409 1666 ut
2438 1629 2546 1669 non
2573 1616 3096 1684 contaminarentur,
3129 1621 3228 1675 sed
3252 1630 3310 1676 ut
3339 1623 3642 1679 manduca-

2047 1708 2170 1756 rem
2192 1704 2416 1770 pascha.

2122 1793 2312 1849 Noluit
2349 1805 2522 1852 autem
2551 1798 2799 1868 armiger.
2833 1798 2952 1855 Non
2977 1807 3062 1856 est
3085 1802 3466 1874 ambigendum
3497 1807 3643 1863 inter

2049 1887 2310 1958 reprobos
2333 1888 2466 1960 legis
2495 1889 2744 1944 doctores
2773 1889 2938 1947 fuisse
2968 1893 3181 1963 aliquos
3204 1897 3296 1966 qui
3323 1898 3474 1952 verbi
3508 1914 3640 1954 acu-

2050 1991 2174 2036 men
2211 1983 2278 2035 ad
2319 1981 2960 2040 occidendos‘auditores
2991 1991 3307 2055 pervertere
3337 1989 3561 2056 nollent,
3588 1998 3643 2045 et

2053 2080 2232 2126 tamen
2280 2072 2427 2142 ipsos
2472 2074 2748 2130 auditores
2794 2075 2886 2144 qui
2936 2081 3082 2131 recte
3117 2078 3260 2133 dicta
3301 2094 3331 2133 a
3368 2081 3645 2150 magistris

2045 2171 2394 2232 acceperant,
2425 2163 2772 2234 despiciendo
2808 2165 2894 2221 vel
2931 2166 3359 2238 blasphemando
3395 2187 3450 2226 m
3486 2187 3642 2228 suam

2048 2253 2280 2308 vertisse
2308 2255 2602 2324 perniciem
2629 2273 2642 2312 τ
2668 2272 2899 2326 quorum
2933 2258 3050 2314 visa
3085 2267 3284 2327 morte,
3313 2262 3367 2318 id
3395 2271 3480 2318 est
3508 2277 3639 2334 pec-

2050 2344 2206 2399 eandi
2235 2343 2620 2412 obstinatione,
2649 2355 2705 2402 et
2731 2347 2877 2418 ipsos
2898 2349 3050 2404 verbi
3075 2350 3358 2407 ministros
3378 2363 3478 2421 per
3504 2359 3644 2408 tem-

2047 2449 2182 2506 pora
2213 2435 2594 2503 deterioratos,
2623 2438 2935 2494 testimonia
2974 2439 3108 2512 legis
3148 2455 3268 2512 qua:
3293 2443 3436 2500 male
3464 2443 3639 2501 inter-

2047 2530 2252 2600 prctari
2299 2529 2630 2597 timuerant,
2677 2532 2779 2587 sibi
2819 2536 3164 2591 occasionem
3213 2535 3407 2593 fecisse
3447 2539 3638 2595 ruinae.

2049 2618 2300 2676 Hzerctici
2329 2637 2544 2692 quoque
2568 2632 2915 2693 peccatorum
2961 2639 3182 2682 suorum
3219 2625 3416 2698 jacuiis
3444 2643 3646 2686 cruen-

2049 2713 2164 2776 tati,
2197 2727 2320 2768 cum
2361 2713 2525 2768 verba
2569 2714 2750 2770 divina
2791 2716 2845 2770 in
2888 2727 3268 2788 argumutum
3309 2721 3394 2776 sui
3430 2722 3642 2778 erroris

2049 2807 2295 2873 trahunt,
2324 2817 2474 2861 arma
2503 2821 2598 2862 sua
2639 2815 2832 2863 contra
2860 2817 3054 2880 peetus
3083 2817 3246 2866 suam
3279 2813 3528 2868 morituri
3558 2814 3643 2869 in‘

2047 2903 2284 2953 vertunt.
2319 2898 2556 2967 Quilibet
2581 2900 2745 2955 etiam
2777 2899 3100 2969 catholicus,
3127 2915 3250 2958 cum
3281 2912 3454 2960 autem
3476 2915 3642 2976 quam

2046 3003 2146 3061 pro
2176 2990 2446 3045 communi
2471 2991 2703 3047 utilitate
2729 2992 2939 3059 didicit,
2973 2994 3265 3065 superbiae,
3293 2997 3634 3065 cenodoxiae,

2045 3083 2392 3154 philargyria:
2413 3083 2496 3139 vel
2519 3083 2804 3153 cujuslibet
2828 3085 2944 3139 vitii
2971 3087 3293 3158 contagione
3313 3087 3527 3157 polluit,
3543 3105 3644 3144 suo

2047 3191 2106 3231 se
2129 3175 2306 3247 gladio
2337 3175 2598 3242 confodit,
2625 3177 2752 3247 quia
2774 3192 2883 3248 quo
2904 3177 3118 3233 defendi
3149 3180 3219 3234 ab
3248 3179 3403 3236 hoste
3428 3181 3634 3246 debuit,

2047 3269 2100 3323 in
2137 3269 2311 3338 ipsum
2335 3269 2513 3323 irruit.

2115 3359 2279 3414 Vens.
2307 3359 2360 3415 5.
2383 3389 2455 3401 -—
2478 3359 2633 3427 Quod
2683 3377 2802 3415 cum
2849 3362 3064 3417 vidisset
3103 3365 3350 3434 armiger.
3382 3365 3640 3422 Videntes

2043 3452 2246 3530 indocti
2296 3467 2438 3509 verae
2485 3453 2806 3510 humilitatis
2838 3455 3201 3512 medicamina
3250 3456 3638 3528 lavacrumque

2041 3547 2318 3618 baptismi,
2345 3548 2658 3618 ignorantes
2683 3548 2736 3602 in
2763 3549 2950 3604 Judaea
2981 3545 3272 3621 magistros
3302 3565 3430 3606 suos
3459 3555 3640 3607 eerta-

2040 3641 2187 3696 mine
2218 3627 2486 3712 spirituali
2512 3643 2707 3709 vietos,
2727 3649 2784 3698 et
2809 3643 3003 3713 v‘ulg'us
3035 3659 3139 3699 non
3166 3659 3423 3715 paucum,
3448 3661 3638 3704 eorum

2041 3731 2248 3788 auditui
2285 3733 3012 3804 proximum,lpersequente
3037 3735 3370 3802 adversario,
3402 3751 3432 3791 a
3455 3737 3640 3807 prisca

2039 3823 2363 3880 constantiae
2410 3823 2540 3880 sede
2593 3824 2860 3896 fugatum,
2891 3823 3157 3894 majorum
3204 3827 3361 3882 ruina
3407 3829 3633 3894 turbati,
3665 3873 3682 3894 ,

2038 3933 2203 3988 opera
2230 3919 2492 3972 virtutum
2515 3925 2570 3972 et
2592 3917 2892 3973 munimina
2921 3919 3162 3975 scientiae
3185 3921 3484 3993 spiritualis
3513 3935 3640 3993 qua:

2037 4009 2361 4074 habuerant,
2402 4009 2722 4064 amiserunt.
2778 4011 3168 4082 Venet-antqua
3210 4021 3432 4082 peccata
3467 4007 3638 4085 genti?

2034 4100 2187 4169 lium,
2216 4111 2272 4157 et
2316 4109 2510 4158 cuncta
2554 4103 2755 4160 Judaeis
2796 4103 3092 4160 incredulis
3139 4105 3318 4161 studia
3368 4107 3632 4164 vlrtutum

2033 4211 2289 4266 perversa
2314 4196 2652 4252 habitatione
2673 4203 3054 4266 corruperunt.
3073 4195 3352 4253 Venerunt
3366 4199 3632 4255 immundi

2034 4288 2279 4356 spiritus,
2307 4296 2362 4344 et
2395 4287 2556 4344 corda
2586 4301 2708 4359 qua:
2738 4289 2868 4344 ﬁdei
2897 4289 3207 4344 constantia
3245 4290 3509 4354 deseruit,
3537 4304 3632 4345 oc—

2034 4390 2384 4450 cupaverunt.
2441 4381 2718 4438 Venerunt
2763 4389 2972 4452 gentes,
2997 4389 3053 4435 et
3096 4381 3301 4450 optima
3350 4382 3630 4450 quondam

2032 4471 2344 4526 Judmorum
2394 4472 2572 4526 studia
2627 4471 2938 4535 credendo,
2973 4483 3067 4525 sua
3115 4469 3380 4526 fecerunt.
3432 4469 3628 4528 Unde:

2035 4561 2318 4631 Auferetur
2341 4579 2374 4616 a
2394 4562 2536 4616 vobis
2561 4577 2777 4632 regnum
2805 4560 2901 4614 Dei
2910 4601 2924 4626 ,
2939 4561 2987 4615 et
3006 4561 3222 4615 dabitur
3244 4561 3385 4633 genti
3410 4561 3632 4634 facienti

2036 4655 2266 4724 fructum
2296 4654 2408 4723 ejus
2440 4652 2654 4725 (Matth.
2685 4652 2823 4724 χχι).

2104 4747 2270 4802 Vsus.
2308 4745 2394 4801 lO.
2417 4777 2488 4785 —
2523 4746 2589 4800 Et
2635 4757 2812 4818 caput.
2866 4745 3044 4821 (Ras.
3079 4747 3135 4801 in
3171 4745 3402 4822 Par-at.)
3453 4743 3630 4822 Caput

2035 4839 2213 4896 Saulis
2248 4840 2302 4894 in
2354 4840 2552 4910 templo
2601 4842 2786 4913 Dagon
2822 4840 3118 4898 Philisthaei
3152 4841 3460 4910 aﬂixerunt,
3491 4853 3624 4912 etc.,

2033 4951 2197 5005 usque
2225 4933 2294 4988 ad
2329 4933 2432 4988 alia
2458 4941 2541 4989 est
2561 4934 2704 4990 enim
2733 4934 2970 4991 Bethsan
2999 4935 3052 4991 in
3083 4933 3334 4994 Judieum
3359 4943 3414 4992 et
3436 4933 3622 5006 Josue,

2035 5039 2154 5095 qua:
2183 5026 2573 5096 interpretatur
2596 5026 2784 5081 domus
2819 5028 3138 5083 securitatis.

2104 5117 2271 5173 Vens.
2302 5115 2581 5174 H.—-—Hoc
2596 5136 2712 5173 cum
2730 5120 2996 5175 audissent
3013 5121 3107 5174 viri
3131 5118 3312 5174 Iabes.
3329 5115 3458 5191 (1b.,
3469 5117 3623 5193 ibid.)

2032 5211 2149 5267 Viri
2175 5211 2383 5267 scilicet
2413 5211 2698 5280 Ecclesiae,
2725 5221 2855 5280 etc.,
2885 5230 3047 5286 usque
3081 5213 3152 5266 ad
3177 5213 3294 5268 haec
3318 5221 3402 5267 est
3427 5213 3624 5270 civitas

2031 5319 2194 5374 quam
2221 5304 2412 5374 primis
2439 5305 2588 5377 regni
2617 5306 2700 5362 sui
2729 5305 2985 5378 auspiciis
3013 5301 3142 5360 Saul
3166 5303 3235 5361 ab
3262 5303 3497 5361 hostium
3520 5305 3620 5362 ob-

2034 5401 2245 5456 sidione
2274 5397 2540 5455 liberavit.

2107 5490 2273 5547 Vens.
2302 5491 2388 5546 l2.
2412 5519 2476 5534 -ο
2508 5491 2768 5560 Quercum
2794 5499 2997 5564 qureret
3024 5508 3080 5546 tn
3107 5491 3290 5558 Iabes,
3320 5501 3368 5548 et
3397 5491 3621 5564 jejuna.

2034 5591 2218 5641 verunt
2242 5596 2435 5658 septem
2453 5585 2658 5652 diebus,»
2677 5595 2781 5641 etc.
2815 5584 2888 5641 Ut
2917 5585 2984 5638 ad
3011 5585 3251 5656 requiem
3278 5585 3616 5656 perveniant.

2033 5677 2164 5734 Post
2187 5693 2280 5733 sex
2316 5679 2457 5734 enim
2501 5680 2660 5749 hujus
2687 5679 2868 5734 saeculi
2909 5685 3098 5734 aetates
3141 5679 3339 5751 quibus
3367 5679 3422 5735 in
3451 5693 3620 5737 carne

2032 5769 2358 5836 laboramus,
2392 5773 2638 5841 sequitur
2663 5771 2893 5840 septima
2919 5771 3118 5842 quietis
3147 5772 3472 5827 animarum.

2101 5864 2342 5936 Mystice,
2377 5865 2444 5920 de
2471 5865 2712 5919 caecitate
2743 5861 3049 5920 Iudaeorum
3075 5865 3360 5922 sabbatum
3385 5863 3615 5924 carnali-
