4122 6350
1779 277 1784 280 .
1800 253 1950 278 Δειμτη
1967 271 1978 279 ,
2021 278 2026 280 _
2039 265 2184 280 .__.,-...
2245 271 2248 274 .

499 374 602 431 647

990 371 1386 430 WALAFRIDI
1424 370 1671 428 STRABI
1705 371 1910 429 FULD.
1953 367 2118 425 MON.
2158 366 2309 424 OPP.
2353 363 2532 422 PARS
2570 364 2614 420 l.
2652 395 2723 406 —
2760 357 3221 420 TIIEOLOGICA.

3657 358 3765 414 648

490 506 576 548 ter
600 487 1026 552 observantium,
1054 486 1384 540 contribules
1411 486 1513 548 sui,
1544 485 1596 538 id
1625 491 1706 539 est
1737 483 1920 538 ﬁdeles
1945 497 2073 536 con-
2102 485 2154 542 Α
2248 478 2412 534 Vens.
2441 479 2526 532 12.
2553 509 2622 518 -
2648 467 2913 532 Ahohites.
2948 475 3145 540 Ahohi,
3186 482 3248 529 ut
3279 471 3490 529 Hebraei
3518 473 3760 542 tradunt,

492 583 640 636 tinue
683 579 887 642 dolent,
919 586 974 632 et
999 575 1154 645 quasi
1183 584 1386 646 septem
1422 575 1612 629 diebus
1636 575 1898 644 jejunant.
1934 573 2070 626 Per-

489 678 647 742 cepto
699 676 875 722 autem
923 665 1184 737 mysterio
1230 674 1432 718 octavae
1480 664 1588 718 diei
1633 661 2066 726 resurrectionis,

489 761 704 829 utrique
732 765 987 829 perpetua
1015 754 1306 810 festivitate
1326 755 1650 824 gaudebunt.

559 847 835 904 Moraliter
861 854 1041 900 autem
1086 845 1190 900 viri
1235 844 1406 899 sancti
1451 845 1786 900 detestantur
1832 851 2066 899 mortem

491 941 798 1013 impiorum,
831 947 887 994 et
930 936 1178 1009 exempla
1221 952 1408 991 eorum
1451 936 1736 1007 sepulturae
1781 936 2067 992 oblivionis

490 1035 727 1090 tradunt.
779 1031 994 1103 Septem
1021 1031 1135 1086 dies
1153 1027 1427 1098 jejunant,
1455 1029 1508 1084 id
1535 1038 1618 1084 est
1656 1043 1818 1084 omne
1856 1037 2069 1098 tempus

488 1130 649 1199 hujus
669 1129 811 1193 vitae,
827 1127 972 1198 quod
997 1125 1303 1196 septenario
1329 1125 1534 1180 dierum
1561 1140 1788 1179 numero
1809 1124 2064 1190 volvitur,

485 1219 542 1274 in
571 1219 905 1274 continentia
934 1217 1158 1281 ducunt,
1184 1223 1241 1272 et
1262 1215 1535 1272 abstinent
1560 1215 1630 1270 ab
1655 1215 1805 1270 omni
1833 1214 1975 1270 malo
1997 1229 2067 1270 ne

487 1309 737 1365 similiter
759 1307 1081 1366 moriantur.

1098 1437 1326 1495 CAPUT
1357 1437 1448 1494 XI.

561 1573 720 1630 Vsus.
766 1575 822 1630 5.
863 1603 938 1616 —
977 1570 1230 1644 Majores.
1279 1572 1459 1647 (ΚΑΒ.)
1504 1572 1789 1644 Prophetae
1834 1571 2064 1643 apostoli
2113 1577 2116 1579 λ

477 1665 598 1738 pari
619 1665 901 1720 devotione
926 1664 995 1719 ad
1015 1663 1294 1719 Christum
1317 1672 1670 1729 concurrunt,
1695 1663 1838 1718 unde
1864 1681 1877 1716 :
1906 1661 2064 1716 Prin-

479 1761 614 1829 cipes
642 1756 821 1829 populi
851 1766 1198 1812 convenerunt
1225 1758 1280 1811 in
1304 1773 1468 1810 unum
1495 1773 1614 1810 cum
1651 1755 1763 1810 Deo
1796 1745 2064 1810 Abraliam

479 1848 653 1922 (l’sal.
682 1848 768 1920 ιι).

547 1941 711 1996 Vsus.
741 1941 794 1996 5.
817 1972 889 1982 —
909 1942 1292 2014 Dixeruntque.
1321 1940 1506 1997 Caecos
1540 1949 1594 1997 et
1627 1941 1849 1997 claudos
1883 1950 1940 1997 et
1982 1941 2061 1996 le-

476 2049 667 2104 prosos
691 2033 760 2088 ad
790 2043 1162 2106 contemptum
1186 2034 1332 2104 regis
1351 2043 1651 2090 statuentes
1671 2049 1833 2104 super
1854 2050 2060 2100 muros,

477 2133 532 2180 et
559 2125 802 2181 dicentes
841 2127 969 2196 quia
997 2125 1394 2196 prohibuerunt
1420 2140 1542 2180 eum
1565 2127 1694 2182 cmci
1716 2135 1771 2181 et
1793 2126 1990 2182 claudi.

548 2216 791 2286 Mystice,
825 2218 992 2272 David
1043 2217 1351 2274 Jebusaeum
1380 2219 1446 2274 de
1470 2217 1770 2274 Jerusalem
1819 2217 2058 2288 ejiciens,

475 2297 743 2380 signiﬁcat
771 2307 1049 2366 Christum
1075 2311 1349 2366 daemones
1378 2311 1738 2381 expellentem
1760 2326 1791 2366 a
1810 2311 2063 2368 cordibus

475 2400 754 2469 ﬁdelium,
781 2411 837 2458 et
880 2404 1081 2460 ibidem
1125 2406 1464 2461 mansionem
1508 2421 1663 2461 suam
1711 2413 2058 2461 statuentem.

473 2489 750 2548 Jebusaeus
775 2493 920 2549 enim
947 2493 1338 2565 interpretatur
1366 2495 1703 2551 conculcatus
1720 2537 1735 2562 ,
1761 2495 2061 2551 Jerusalem

473 2584 601 2638 visio
638 2585 804 2655 pacis.
859 2584 1014 2642 Unde
1061 2596 1118 2642 et
1155 2587 1432 2657 discipulis
1474 2589 1586 2642 suis
1613 2589 1689 2642 ait
1729 2587 1906 2643 :Ecce
1941 2589 2062 2643 dedi

472 2678 616 2733 vobis
643 2688 949 2745 potestatem
999 2679 1240 2735 calcandi
1274 2699 1433 2752 super
1459 2692 1737 2752 serpentes,
1770 2691 1874 2738 etc.
1906 2682 2056 2755 (Luc.

473 2769 553 2840 ι).
585 2768 730 2826 Bene
758 2786 887 2842 ergo
916 2771 971 2826 in
1014 2772 1218 2844 Regum
1250 2773 1514 2843 scriptum
1543 2782 1657 2839 est,
1687 2775 1830 2846 quod
1875 2775 2062 2844 ejectis

473 2863 634 2920 caecis
667 2873 724 2919 et
765 2864 973 2921 claudis
1000 2867 1091 2936 qui
1122 2867 1378 2922 odiebant
1407 2868 1647 2923 animam
1668 2909 1682 2934 ,
1714 2869 1879 2924 David
1919 2870 2062 2939 cepit

474 2967 656 3008 arcem
691 2951 854 3020 Sion,
885 2970 1146 3026 suamque
1177 2958 1452 3013 civitatem
1483 2960 1735 3025 vocavit,
1763 2960 1892 3031 quia
1931 2961 2059 3016 dum

471 3043 721 3101 Christus
768 3047 1035 3118 malignos
1080 3049 1300 3117 spiritus
1329 3058 1384 3104 et
1424 3051 1643 3122 turbam
1689 3051 1947 3107 vitiorum
1995 3054 2062 3108 de

475 3136 657 3194 anima
699 3138 938 3208 expellit,
997 3139 1304 3194 illuminans
1346 3156 1464 3196 eam
1512 3143 1811 3212 sapientia,
1864 3145 2060 3200 merito

2175 571 2341 627 frater
2370 570 2471 625 fuit
2497 571 2599 626 lsai
2626 571 2796 640 patris
2820 570 3008 634 David,
3034 567 3189 637 cujus
3211 567 3356 622 ﬁlius
3388 566 3489 621 fuit
3512 567 3759 632 Eleazar,

2172 663 2264 732 qui
2295 663 2398 716 fuit
2445 663 2586 716 inter
2615 664 2727 716 tres
2755 661 3184 732 potentissimus,
3215 676 3352 730 quos
3384 658 3650 730 Iosephus
3677 661 3764 716 di-

2171 753 2244 808 cit
2272 769 2392 808 esse
2420 753 2708 808 Eusebium
2742 753 2910 807 ﬁlium
2937 737 3227 817 Achimeae,
3255 761 3312 807 et
3337 751 3565 807 Eleazar
3591 751 3761 809 ﬁlium

2169 843 2332 910 Addi,
2361 855 2418 900 et
2449 845 2716 900 Semeiam
2743 845 2913 900 ﬁlium
2949 843 3067 899 Heli

2242 935 2435 1009 (Gneo.
2465 938 2610 992 hom.
2657 936 2746 990 54.
2775 937 2831 991 in
2855 935 3085 1006 Euang.)
3121 934 3481 1006 Cogitandum
3508 952 3756 993 summo-

2169 1045 2299 1102 pere
2337 1040 2444 1096 est,
2476 1038 2582 1086 etc.
2608 1073 2623 1097 ,
2670 1046 2833 1100 usque
2875 1028 2944 1083 ad
2973 1038 3162 1084 contra
3193 1043 3252 1082 se
3289 1027 3493 1100 rigidus
3529 1029 3694 1084 etiam
3725 1046 3758 1086 a

2169 1121 2332 1177 licitis
2357 1120 2678 1176 abstinebat.

2237 1211 2399 1267 Vens.
2431 1210 2522 1266 2L
2559 1241 2632 1252 —
2673 1209 3038 1266 Verumtamen
3063 1226 3227 1282 usque
3274 1210 3345 1265 ad
3392 1219 3494 1266 tres
3537 1211 3753 1282 primos.

2167 1301 2266 1358 Hic
2312 1310 2534 1372 apparet
2571 1301 2714 1372 quod
2754 1299 2941 1356 Abisai
2993 1301 3248 1371 princeps
3289 1307 3410 1355 erat
3458 1300 3604 1355 inter
3645 1309 3759 1357 tres

2165 1401 2472 1462 sequentes.
2511 1391 2618 1447 Sed
2645 1391 2712 1446 ad
2756 1398 2865 1445 tres
2917 1390 3121 1460 primos
3167 1403 3276 1444 non
3301 1390 3594 1460 ,pervenit,
3641 1389 3760 1446 les-

2165 1485 2346 1551 baam,
2375 1483 2691 1539 Eleazarum
2719 1492 2775 1539 et
2799 1483 3074 1538 Semmaa.

2239 1575 2460 1648 Mystice
2483 1583 2662 1630 autem
2692 1573 3034 1645 signiﬁcatur
3057 1572 3202 1642 quod
3229 1587 3388 1630 nemo
3414 1579 3754 1640 sanctorum,

2165 1666 2291 1722 licet
2318 1667 2612 1722 virtutibus
2659 1667 2919 1732 emineat,
2977 1667 3046 1720 ad
3088 1665 3449 1734 aequalitatem
3501 1666 3759 1736 potentiae

2169 1757 2348 1814 Patris
2371 1751 2571 1814 et‘Filii
2596 1767 2652 1812 et
2679 1755 2913 1828 Spiritus
2937 1757 3110 1811 sancti
3138 1755 3433 1826 perveniat.
3461 1755 3756 1823 Quoniam,

2087 1844 2281 1925 Bquis
2339 1853 2393 1907 in
2446 1851 2668 1907 nubibus
2716 1852 3009 1922 wquabitur
3067 1849 3343 1904 Domino?
3403 1857 3512 1904 etc.
3578 1847 3758 1920 (Psal.

2168 1942 2451 2000 Lxxxvnt.l

2553 2064 2624 2074 —
2648 2033 2792 2088 Ariel
2845 2031 3024 2099 Moab,
3049 2023 3117 2086 id
3164 2040 3249 2086 est
3293 2031 3496 2098 leones,
3536 2033 3674 2089 sicut
3700 2033 3761 2088 in

2075 2167 2086 2198 ι
2165 2128 2374 2199 Regum
2427 2126 2658 2193 dicitur,
2702 2125 2852 2181 viros
2885 2123 3092 2180 scilicet
3134 2121 3463 2180 fortissimos
3490 2123 3548 2178 in
3591 2139 3763 2196 regno

2164 2219 2320 2275 Moab
2333 2227 2612 2288 -tanquam
2637 2218 2840 2275 leones.

2235 2313 2508 2384 Interfecit
2533 2312 2755 2368 leonem.
2786 2311 3046 2368 Hebraeus
3074 2313 3220 2368 hunc
3258 2313 3473 2370 leonem
3490 2312 3630 2370 Joab
3668 2329 3763 2370 ar-

2163 2407 2416 2474 bitratur,
2465 2407 2558 2477 qui
2591 2407 2647 2461 in
2689 2407 2848 2462 domo
2878 2405 3090 2460 Domini
3119 2415 3310 2462 tenens
3340 2422 3543 2464 cornua
3567 2407 3763 2464 altaris

2162 2500 2378 2555 occisus
2401 2506 2504 2554 est.
2547 2497 2735 2552 Altare
2761 2497 2908 2552 enim
2937 2496 3172 2552 cisterna
3201 2498 3419 2564 dicitur,
3463 2499 3588 2568 quia
3614 2499 3765 2554 sicut

2165 2608 2302 2664 aqua
2328 2593 2578 2648 cisternae
2599 2592 2844 2657 mundat,
2875 2591 2948 2646 ita
2966 2591 3334 2648 sanctuarium
3347 2591 3444 2647 Dei
3474 2593 3763 2649 hominum

2163 2684 2349 2754 expiat
2377 2691 2626 2753 peccata.

2236 2773 2418 2846 (ΕΑΒ.)
2436 2774 2606 2841 Quem
2632 2772 2770 2829 liber
2781 2773 3010 2844 Regum,
3037 2781 3170 2840 etc.,
3195 2789 3358 2844 usque
3379 2773 3449 2828 ad
3469 2781 3525 2828 et
3545 2773 3766 2830 hastam

2164 2880 2326 2936 quam
2357 2880 2466 2920 non
2484 2873 2640 2925 recte
2667 2865 2906 2930 tenebat,
2937 2864 3186 2919 extorsit.

2237 2957 2488 3027 Tempore
2536 2957 2688 3011 nivis.
2734 2955 2852 3024 Qua
2904 2963 3084 3027 potest
3134 2957 3311 3028 gratia
3363 2955 3585 3021 Christi,
3641 2973 3768 3029 quae

2161 3047 2364 3103 mundo
2391 3044 2745 3116 resplenduit,
2799 3053 2854 3098 et
2882 3044 3052 3116 frigus
3100 3045 3408 3113 charitatis,
3449 3063 3556 3118 quo
3603 3047 3770 3103 refri-

2165 3149 2393 3210 gescunt
2417 3139 2682 3203 homines,
2717 3137 3034 3210 signiﬁcari.
3065 3137 3301 3195 Banaias
3330 3155 3482 3206 vero,
3512 3142 3605 3211 qui
3635 3143 3770 3196 trdi-

473 3243 572 3284 arx
603 3227 754 3295 Sion,
785 3229 839 3285 id
866 3238 950 3286 est
976 3231 1358 3300 speculationis
1391 3243 1446 3287 et
1473 3208 1608 3290 visio
1639 3208 2055 3305 pacis'vocatur,
2089 3208 2135 3272 (ἶ
2167 3208 2356 3300 limior
2383 3229 2643 3284 Dominus
2673 3208 3084 3299 ἰηιέτρνειδιιιτ.
3135 3229 3412 3286 (Ἂιτῖδιυῐιι
3465 3208 3764 3303 Signiﬁcat.

475 3321 541 3378 de
580 3338 684 3393 qua
730 3333 876 3379 recte
924 3323 1125 3379 dicitur
1165 3325 1303 3394 psal.
1352 3327 1732 3382 Lxxvaotus
1778 3329 1834 3382 in
1871 3327 2065 3382 Judrea

472 3413 633 3480 Deus,
666 3425 714 3470 et
743 3416 800 3470 in
825 3415 998 3471 Israel
1022 3434 1269 3488 magnum
1297 3435 1484 3474 nomen
1519 3420 1654 3491 ejus.
1689 3419 1757 3475 Et
1785 3421 1958 3491 factus
1988 3429 2064 3476 est

476 3505 532 3560 in
556 3523 682 3574 pace
711 3505 856 3562 locus
880 3509 1013 3578 ejus.

545 3595 707 3653 Vsus.
744 3599 797 3653 8.
824 3599 1060 3655 —Joab
1118 3612 1290 3658 autem
1340 3605 1543 3678 reliqua
1596 3607 1739 3662 urbis
1785 3610 2060 3665 exstruxit.

473 3688 577 3746 Per
604 3691 930 3748 industriam
961 3696 1104 3750 enim
1142 3697 1332 3752 militis
1372 3700 1647 3756 civitatem
1677 3703 1923 3757 munivit.
1967 3701 2062 3759 Jo-

471 3785 672 3852 sephus
700 3792 881 3840 tamen
905 3787 1038 3842 dicit
1080 3789 1246 3845 David
1275 3795 1608 3862 superiorem
1639 3797 1912 3851 civitatem
1940 3813 2062 3851 mu-

473 3872 620 3928 nisse
646 3915 660 3940 ,
706 3876 866 3944 eique
913 3879 1217 3948 copulando
1255 3898 1440 3938 arcem
1488 3901 1653 3940 unum
1696 3903 1892 3958 corpus
1937 3888 2064 3944 ell'e-

473 3963 615 4018 cisse
665 3973 720 4018 et
746 3975 941 4022 cuncta
988 3985 1144 4024 muro
1195 3971 1634 4031 circumdedisse.
1707 3977 1881 4048 Super
1927 3995 2063 4048 opus

473 4066 655 4110 autem
681 4071 960 4112 murorum
990 4061 1334 4116 constituisse
1368 4061 1534 4119 Jacob
1557 4107 1570 4129 ,
1602 4067 1874 4136 expulisse
1901 4067 2064 4123 Jebu-

474 4159 613 4200 sanos
652 4155 706 4202 et
744 4145 1136 4220 Jerosolymam
1175 4165 1419 4232 vocasse.
1455 4152 1580 4210 Jero
1617 4156 1762 4210 enim
1799 4155 2062 4213 Hebraice

474 4243 706 4298 munitio
754 4251 860 4298 est.
914 4245 1164 4303 Christus
1215 4265 1428 4320 quoque
1487 4251 1541 4306 in
1591 4252 1773 4309 Judma
1825 4257 2062 4326 primum

475 4330 825 4405 Evangelium
852 4337 1266 4406 praedicavit,Et
1291 4341 1576 4398 ecclesiam
1603 4343 1722 4399 fidei
1755 4362 1866 4401 suae
1892 4348 2064 4402 muni-

473 4423 619 4478 tione
668 4424 919 4481 ﬁrmavit.
972 4426 1129 4494 Joab,
1161 4431 1254 4499 qui
1311 4432 1515 4498 reliqua
1569 4435 1718 4490 urbis
1769 4440 2059 4504 exstruxit,

477 4514 748 4585 signiﬁcat
792 4518 1066 4588 apostolos
1117 4527 1174 4575 et
1224 4524 1544 4592 apostolicos
1605 4526 1751 4582 viros
1800 4529 1891 4598 qui
1944 4538 2065 4598 post

478 4605 850 4661 ascensionem
893 4608 1108 4665 Domini
1154 4612 1414 4682 plurimos
1441 4615 1510 4670 de
1557 4617 1805 4686 gentibus
1832 4635 2058 4675 conver-

407 4739 412 4744 .
477 4702 692 4761 terunt;
721 4697 863 4751 unde
887 4715 899 4749 :
926 4697 1025 4752 Dei
1049 4700 1315 4770 adjutores
1337 4721 1541 4771 sumus,
1571 4705 1672 4760 Dei
1703 4709 1837 4778 agri.

548 4783 713 4840 Vsus.
747 4786 835 4841 11.
865 4817 936 4829 -
963 4787 1232 4846 Jesbaam.
1289 4792 1564 4869 (Ηιειιοδ.)
1615 4796 1770 4853 Hunc
1796 4797 2063 4870 Iosephus

477 4872 768 4930 Eusebium
799 4878 1060 4943 nominat,
1093 4890 1148 4936 et
1175 4881 1344 4937 ﬁlium
1365 4885 1856 4954 dicuntAchimeze,
1886 4891 1978 4960 qui
2007 4892 2062 4948 in

476 4968 649 5023 aciem
682 4969 918 5024 hostium
944 4968 1260 5042 frequenter
1290 4975 1616 5046 irrumpens,
1670 4995 1778 5034 non
1811 4983 2064 5038 cessabat

477 5060 650 5115 donec
686 5063 1030 5135 octingentos
1057 5066 1353 5122 occiderat.
1402 5069 1506 5122 Alii
1537 5071 1679 5126 hunc
1705 5072 1874 5127 David
1898 5074 2060 5130 intel-

475 5151 672 5224 ligunt,
717 5156 843 5225 quia
869 5154 1104 5212 Jesbaan
1133 5151 1520 5229 interpretatur
1542 5163 1726 5218 sedens
1767 5164 1821 5219 in
1846 5165 2058 5236 papula.

478 5241 744 5298 Ahamoni
777 5261 905 5301 vero
931 5249 1369 5318 sapientissimus
1386 5293 1400 5318 ,
1445 5253 1590 5308 unde
1617 5255 1672 5308 in
1699 5255 1903 5326 Regum
1928 5260 2064 5314 scri-

479 5331 663 5387 bitur:
697 5332 892 5390 Sedens
929 5339 987 5392 in
1039 5340 1290 5394 cathedra
1337 5343 1752 5413 sapientissimus
1802 5345 1889 5418 (II
1929 5347 2058 5421 Reg.

481 5427 664 5498 χχιιι).
715 5427 824 5483 Sed
876 5429 949 5484 ibi
998 5432 1296 5489 vermiculo
1330 5433 1460 5504 ligni
1507 5447 1881 5508 comparatur,
1937 5441 2064 5510 quia

483 5516 827 5573 minuebatur
852 5520 926 5574 illi
964 5513 1226 5592 sapientia
1259 5538 1480 5596 prepter
1506 5538 1810 5596 peccatum,
1843 5533 1986 5600 quod
2012 5533 2068 5589 in

487 5605 672 5663 Uriam
695 5612 1062 5668 commiserat.
1090 5615 1242 5671 Unde
1270 5617 1342 5672 ibi
1371 5619 1712 5690 octingentos
1735 5637 1840 5676 uno
1868 5624 2068 5694 impetu

481 5697 844 5768 interfecisse,
880 5704 970 5760 hic
998 5714 1178 5762 autem
1207 5716 1503 5780 trecentos,
1535 5725 1633 5781 pro
1656 5721 1881 5781 peccato
1921 5716 2066 5772 enim

481 5790 753 5850 m‘inorata
782 5805 866 5852 est
889 5796 1052 5855 fama.

2170 3323 2236 3377 de
2259 3337 2366 3391 quo
2396 3321 2595 3377 dicitur
2620 3340 2632 3374 :
2665 3320 2968 3389 AE‘di/icans
2992 3321 3287 3376 Jerusalem
3333 3321 3615 3390 Dominus,
3649 3333 3763 3380 etc.

2168 3413 2582 3486 (Psal..cxr.v1.)
2615 3413 2714 3469 Htc
2752 3414 2918 3469 multa
2955 3430 3118 3485 opera
3144 3417 3496 3487 perpetravit,
3528 3418 3619 3488 qui
3642 3418 3763 3474 ait:

2166 3505 2328 3560 Pater
2347 3522 2492 3560 meus
2522 3522 2684 3576 usque
2711 3507 2865 3560 modo
2890 3517 3158 3576 operatur,
3183 3517 3230 3560 et
3255 3525 3346 3580 ego
3365 3526 3552 3579 operor
3570 3509 3762 3582 (Joan.

2167 3597 2240 3671 v).
2274 3598 2373 3652 Hic
2398 3609 2482 3653 est
2507 3599 2578 3653 de
2597 3598 2847 3665 Cabseel,
2879 3600 2932 3654 id
2958 3607 3060 3667 est,
3096 3600 3161 3654 de
3192 3603 3614 3674 congregatione
3646 3603 3763 3660 Do-

2165 3693 2320 3758 mini,
2353 3692 2478 3762 quia
2519 3693 2584 3746 ad
2613 3707 2736 3746 cum
2767 3692 2946 3748 omnis
2984 3701 3294 3748 sanctorum
3327 3705 3501 3752 cattus
3521 3697 3769 3766 pertinet

2167 3787 2256 3856 qui
2289 3788 2622 3843 descendens
2653 3787 2718 3842 de
2746 3787 2900 3842 caelis
2924 3829 2938 3854 ,
2993 3796 3049 3842 et
3078 3787 3255 3843 factus
3289 3789 3482 3854 homo,
3521 3788 3764 3855 leonem,

2167 3879 2220 3935 id
2250 3888 2334 3934 est
2363 3879 2634 3934 diabolum
2676 3881 2770 3950 qui
2805 3879 3139 3935 inﬁdelitatis
3163 3882 3500 3952 suazfrigore
3543 3893 3766 3952 torpen-

2169 3979 2273 4027 tem
2303 3973 2560 4025 mundum
2589 3973 2936 4042 possidebat,
2988 3983 3162 4029 morte
3209 3990 3305 4029 sua
3337 3975 3670 4032 interﬁciens
3701 3979 3766 4036 in

2166 4062 2434 4116 infernum
2463 4062 2739 4118 demersit.
2771 4062 2870 4118 Hic
2893 4062 3229 4136 Egyptium,
3269 4067 3321 4121 id
3347 4075 3450 4132 est,
3476 4065 3762 4134 Antichri-

2167 4163 2309 4210 stum
2342 4157 2582 4226 peccatis
2607 4155 2984 4227 nigerrimum,
3038 4157 3090 4211 id
3119 4165 3204 4213 est
3234 4158 3474 4230 quinque
3505 4159 3762 4215 sensibus

2166 4249 2410 4318 corporis
2432 4249 2746 4304 abutentem
2769 4249 2836 4304 ad
2859 4249 3083 4316 scelera,
3108 4265 3206 4320 per
3230 4251 3437 4320 virgam
3459 4251 3638 4306 crucis
3667 4268 3766 4306 su-

2165 4357 2381 4412 perans,
2409 4341 2626 4412 propria
2655 4357 2803 4396 reum
2841 4341 3083 4411 nequitia
3110 4341 3310 4396 virtute
3332 4343 3610 4398 damnavit
3636 4356 3766 4412 per—

2167 4442 2348 4503 petua.
2381 4431 2439 4487 In
2471 4432 2662 4488 diebus
2689 4431 2850 4498 nivis,
2896 4433 3022 4503 quia
3058 4447 3157 4502 per
3204 4445 3437 4488 mortem
3472 4445 3763 4504 peccatum

2167 4523 2426 4594 expiavit.
2467 4523 2656 4579 Unde:
2700 4521 2924 4578 Ιιαυαὺξε
2947 4539 3028 4578 me
3061 4533 3109 4579 et
3143 4540 3300 4596 super
3343 4526 3512 4580 niuem
3533 4526 3759 4583 dealba-

2168 4617 2260 4670 bor
2291 4613 2464 4684 (Psal.
2497 4617 2570 4688 ι).

2239 4708 2404 4764 Vens.
2453 4708 2544 4763 24.
2575 4740 2646 4751 -
2690 4709 2839 4765 Inter
2888 4719 3010 4766 tres.
3058 4709 3246 4767 Abisai
3279 4720 3336 4768 et
3384 4711 3658 4770 Sobochai
3702 4724 3764 4772 et

2168 4800 2454 4866 Jonathan,
2485 4801 2682 4871 quibus
2706 4801 2914 4857 viribus
2959 4803 3298 4873 aequabatur,
3329 4804 3425 4875 qui
3448 4815 3569 4861 erat
3593 4822 3763 4878 super

2169 4891 2413 4963 triginta,
2440 4891 2579 4946 sicut
2601 4890 2860 4946 Hebraaus
2883 4889 3132 4947 affirmat.

2772 5025 2999 5083 CAPUT
3035 5027 3146 5084 XII.

2241 5161 2405 5215 Vens.
2437 5159 2524 5214 l2.
2551 5189 2624 5199 --
2650 5157 2724 5212 Hi
2747 5176 2950 5233 quoque
2975 5169 3243 5218 uenerunt.
3285 5161 3404 5220 Huc
3427 5179 3600 5235 usque
3625 5178 3766 5220 enu-

2171 5251 2400 5306 meravit
2425 5249 2594 5305 fortes
2615 5250 2782 5305 David
2807 5251 2901 5320 qui
2922 5249 3245 5321 adjuverunt
3270 5268 3395 5309 eum
3417 5262 3476 5309 ut
3505 5266 3765 5327 regnaret

2172 5357 2336 5413 super
2357 5340 2540 5396 Israel.

2246 5435 2350 5502 Qui
2366 5445 2514 5490 erant
2543 5435 2837 5506 fortissimi,
2865 5448 2970 5493 etc.
3003 5437 3310 5494 Secundum
3336 5439 3573 5498 litteram
3595 5443 3764 5516 signi—

2172 5530 2300 5583 ﬁcat
2336 5543 2428 5584 eos
2460 5530 2627 5600 agiles
2656 5545 2777 5587 esse
2820 5540 2875 5585 et
2921 5540 3174 5588 strenuos
3210 5535 3356 5588 omni
3398 5549 3594 5606 genere
3637 5537 3759 5591 bel-

2172 5621 2337 5674 lundi.
2387 5620 2608 5692 Mysticc
2639 5638 2766 5678 vero
2795 5622 2994 5678 milites
3022 5623 3224 5679 Christi
3261 5641 3369 5681 non
3399 5641 3612 5698 segnes,
3661 5629 3760 5684 sed

2172 5713 2438 5769 studiosos
2487 5713 2746 5769 describit
2791 5714 2846 5769 in
2891 5717 3164 5787 prosperis
3217 5726 3273 5773 et
3330 5719 3384 5774 in
3419 5721 3684 5786 adversis,
3728 5738 3759 5778 a

2173 5806 2377 5864 dextris
2402 5813 2458 5862 et
2485 5821 2517 5862 a
2537 5806 2792 5864 sinistris.
