4122 6350
371 454 477 522 649

1333 465 1600 525 GLOSSA
1634 465 2030 524 0RDINARIA.
2072 495 2142 506 —
2176 464 2304 521 LIB.
2345 465 2366 519 l
2404 464 2634 520 PARAL

3511 473 3614 528 650

437 581 598 637 Vens.
625 583 679 638 8.
711 613 780 622 —
817 582 1044 639 Veloces.
1073 583 1254 656 (ΒΑΕ.)
1295 584 1436 640 Dicit
1457 602 1556 656 pro
1582 601 1777 642 sensus
1807 599 1934 640 acu-
1961 594 2013 654 Α
2109 583 2269 639 Vens.
2301 584 2390 638 55.
2411 615 2482 625 —
2510 583 2740 654 Viginti,
2781 591 2886 637 etc.
2915 583 3097 654 (ΚΑΒ.)
3124 584 3364 654 Apostoli
3406 587 3618 646 scilicet

362 672 507 728 utine
542 673 626 728 vel
647 676 893 745 corporis
913 677 1174 746 agilitate.
1203 676 1430 748 Mystice
1460 694 1589 734 vero
1617 679 1708 748 qui
1737 677 1939 734 Christi

359 762 608 819 militiam
633 765 974 834 profitentur,
1003 782 1108 822 non
1135 766 1334 823 debent
1363 782 1484 824 esse
1510 769 1719 838 parvuli
1750 784 1936 831 sensu,

359 852 456 908 sed
480 853 762 922 providere
809 855 968 922 bona,
1025 873 1130 912 non
1184 865 1392 913 tantum
1434 874 1617 915 coram
1661 859 1792 928 Deo,
1845 858 1942 914 sed

360 943 526 998 etiam
550 959 732 1000 coram
758 947 1007 1002 omnibus
1034 949 1342 1006 hominibus

431 1038 595 1092 Vens.
617 1037 1147 1106 M.——Novissimus,
1177 1053 1282 1098 etc.
1310 1043 1410 1100 Hic
1434 1043 1938 1115 signiﬁcantdocto-

360 1127 762 1185 resJudteorum
776 1141 829 1186 et
847 1132 1149 1202 gentilium,
1174 1135 1238 1189 de
1269 1135 1463 1204 quibus
1483 1134 1681 1190 Paulus
1699 1149 1765 1190 ex
1794 1135 1937 1190 tribu

357 1221 632 1290 Beniamin
664 1224 776 1278 ait:
810 1221 1022 1290 Petrus,
1049 1225 1280 1281 Jacobus
1313 1237 1361 1281 et
1397 1227 1648 1294 Joannes,
1689 1229 1780 1299 qui
1800 1228 1938 1282 vide-

357 1313 548 1368 bantur
573 1315 830 1370 columnae
857 1334 987 1383 esse,
1017 1319 1227 1372 dextras
1257 1320 1382 1373 mihi
1410 1320 1678 1385 dederunt,
1717 1330 1765 1375 et
1803 1321 1937 1374 Bar-

356 1407 506 1460 nabte
531 1407 810 1474 societatis,
842 1417 947 1464 etc.
996 1407 1138 1481 (Gal.
1175 1409 1274 1480 χι.)
1324 1409 1387 1464 Ili
1437 1410 1502 1464 ad
1529 1409 1802 1465 Christum
1847 1426 1936 1466 ve-

355 1498 569 1552 nientes
589 1514 684 1569 per
699 1501 880 1556 omnia
903 1501 1164 1569 explorati
1187 1509 1332 1556 sunt.
1365 1501 1517 1557 Unde
1540 1501 1752 1571 (Matth.
1777 1503 1889 1571 xvt)
1917 1520 1933 1559 :

363 1587 466 1643 Vos
509 1601 682 1645 autem
727 1608 877 1662 quem
912 1608 993 1646 me
1019 1609 1128 1646 esse
1171 1593 1344 1646 dicitis
1367 1592 1393 1646 Ρ
1419 1591 1716 1662 Respondit
1739 1592 1936 1647 Petrus

351 1699 448 1753 pro
482 1684 772 1740 omnibus:
818 1683 896 1740 Tu
923 1702 978 1740 es
1029 1685 1268 1740 Christus
1313 1683 1487 1739 Filius
1524 1684 1622 1738 Dei
1669 1686 1786 1739 vivi.
1835 1683 1933 1740 Cui

350 1773 610 1829 Dominus
635 1793 648 1829 :
681 1773 758 1828 Tu
789 1793 843 1831 es
867 1775 1079 1841 Petrus,
1124 1785 1172 1831 et
1201 1792 1358 1846 super
1385 1777 1520 1830 hanc
1545 1785 1744 1846 petram
1767 1775 1936 1843 (edifi-

351 1867 476 1921 cabo
515 1867 806 1922 Ecclesium
851 1885 1043 1924 meam.
1095 1869 1160 1924 Et
1189 1869 1357 1924 alibi:
1409 1869 1638 1938 Accipite
1680 1867 1933 1939 Spiritum

2039 664 2094 733 et
2119 677 2398 747 apostolici
2425 677 2526 732 viri
2559 677 2626 732 ad
2655 685 2899 731 nostrum
2933 677 3103 731 David
3133 679 3462 734 conveniunt
3483 689 3538 736 et
3563 682 3616 736 ei

2041 770 2392 841 spiritualiter
2417 769 2755 840 copulantur,
2786 777 2841 824 et
2864 768 2952 823 alii
2981 778 3089 824 tam
3124 785 3191 825 ex
3217 769 3415 826 Iudaeis
3451 788 3616 842 quam

2039 863 2291 934 gentibus
2313 879 2420 918 uno
2441 863 2604 918 corde
2623 871 2679 918 et
2706 863 2819 933 pari
2843 872 2970 916 voto
2998 873 3286 930 certantes,
3315 874 3375 920 ut
3402 865 3498 920 ﬁat
3517 881 3617 922 rex

2037 951 2234 1019 David,
2267 962 2321 1008 et
2345 954 2445 1024 ipsi
2475 954 2584 1008 sint
2607 970 2828 1025 regnum
2857 953 3080 1010 Christi.
3587 1029 3589 1031 ι

2109 1042 2273 1098 Vens.
2306 1045 2395 1100 59.
2415 1074 2488 1086 -—-
2511 1045 2701 1100 Tribus
2731 1047 2930 1101 diebus.
2959 1047 3117 1104 Omni
3143 1057 3385 1118 tempore
3411 1050 3621 1106 scilicet

2037 1135 2196 1191 ﬁdem
2222 1137 2506 1192 Trinitatis
2539 1146 2782 1194 tenentes
2803 1180 2818 1204 ,
2847 1148 2901 1194 et
2931 1141 3020 1210 qui
3050 1141 3209 1210 primi
3247 1143 3498 1198 doctores
3517 1184 3531 1207 ,
3562 1143 3620 1196 id

2035 1236 2152 1292 est,
2183 1231 2408 1300 apostoli
2442 1246 2506 1286 ex
2539 1231 2720 1286 divina
2757 1231 3034 1301 Scriptura
3069 1233 3323 1288 alimenta
3347 1249 3618 1304 praepara-

2034 1329 2243 1384 verant,
2274 1322 2603 1392 accipientes
2638 1329 2694 1376 ct
2737 1322 2979 1377 omnium
3023 1321 3284 1379 bonorum
3342 1322 3618 1395 largitioni

2034 1413 2237 1482 gratias
2265 1424 2507 1486 agentes.
2606 1459 2610 1462 .

2625 1531 2850 1588 CAPUT
2887 1531 3022 1587 XIII.

2106 1681 2266 1740 Vens.
2305 1685 2357 1738 I.
2400 1685 2621 1740 —Iniit
2656 1697 2850 1741 autem.
2891 1689 3194 1758 Apostolis,
3235 1691 3616 1762 evangelistis,

2033 1772 2124 1842 qui
2147 1773 2303 1829 ﬁdem
2333 1775 2724 1832 incarnationis
2745 1794 2776 1831 a
2800 1777 3002 1834 Iudaeis
3029 1780 3098 1833 ad
3124 1780 3352 1835 salutem
3377 1783 3618 1852 gentium

2032 1863 2446 1920 transtulerunt.
2496 1866 2609 1923 Hoc
2641 1876 2722 1923 est
2767 1869 2910 1924 enim
2957 1869 3022 1924 de
3061 1870 3196 1925 colle
3235 1870 3620 1927 Cariathiarim

347 1970 604 2024 sanctum,
645 1978 868 2030 quorum
907 1962 1208 2016 remiseritis
1247 1971 1458 2032 peccata
1486 1962 1821 2016 remittuntur
1851 1961 1924 2016 ei’s

2029 1952 2172 2024 (qua:
2197 1964 2281 2010 est
2310 1955 2362 2010 in
2391 1956 2526 2011 Juda
2545 1999 2560 2022 ,
2591 1967 2647 2014 et
2673 1959 3064 2029 interpretatur
3098 1963 3279 2015 civitas
3306 1962 3616 2033 sylvarum),

348 2049 530 2122 (Joan.
560 2051 674 2124 xx).

339 2165 342 2168 ’
417 2141 582 2197 Vens.
620 2141 704 2196 15.
736 2172 807 2184 —
835 2142 1178 2198 Transierunt
1208 2143 1518 2198 Jordanem.
1551 2142 1824 2208 Iordanis,
1878 2143 1933 2197 in

346 2249 452 2304 quo
485 2233 1066 2305 Christusabaptizatus
1109 2242 1224 2300 est,
1256 2235 1582 2304 baptismum
1615 2231 1927 2305 signiﬁcata

345 2328 490 2383 hunc
518 2335 802 2382 transeunt
827 2329 1074 2384 doctores
1103 2342 1289 2383 mense
1309 2328 1507 2398 primo,
1531 2328 1744 2398 quando
1778 2328 1934 2380 inun-

344 2419 470 2474 dare
505 2421 763 2474 constravit
794 2437 981 2489 super,
1030 2419 1156 2490 quia
1204 2417 1432 2474 Domino
1475 2419 1528 2473 in
1572 2431 1738 2473 carne
1771 2432 1933 2487 appa-

343 2519 498 2566 rente
519 2519 574 2564 et
598 2526 799 2565 annum
829 2509 1214 2580 acceptabilem
1247 2517 1618 2572 consecrante,
1646 2518 1934 2581 postquam

342 2601 665 2672 baptismum
694 2617 793 2658 suo
821 2603 1144 2673 baptismate
1173 2584 1534 2668 consecravit,
1581 2603 1758 2672 ipsum
1795 2616 1934 2672 prae-

341 2691 572 2747 dicando
601 2703 656 2746 et
680 2691 1007 2764 baptizando
1042 2701 1156 2748 toto
1184 2691 1315 2748 orbe
1344 2693 1690 2748 diffuderunt.

411 2782 481 2836 Et
506 2801 682 2839 omnes
727 2784 1034 2855 fugaverunt
1063 2785 1153 2856 qui
1178 2784 1523 2838 morabantur
1550 2783 1753 2856 (Rite).
1791 2782 1932 2850 Quia

337 2873 573 2941 Judteos,
605 2892 740 2946 quos
789 2877 1081 2932 Orientalis
1109 2876 1264 2948 plaga
1298 2884 1518 2947 propter
1551 2884 1732 2931 ortum
1759 2875 1934 2930 scien-

265 2989 276 2998 ο
343 2969 432 3024 tiae
461 2971 594 3040 legis
623 2970 910 3041 signiﬁcat,
959 2970 1043 3025 vel
1072 2968 1298 3040 gentiles
1317 3010 1332 3034 ,
1364 2970 1416 3023 in
1443 2969 1639 3040 quibus
1668 2967 1933 3022 naturalis

337 3062 624 3135 prudentia
670 3063 891 3126 occidit,
939 3061 1064 3116 dum
1101 3061 1304 3116 cultum
1339 3060 1432 3115 Dei
1469 3060 1774 3115 attribuunt
1815 3059 1932 3114 ido-

337 3153 428 3220 lis,
465 3152 739 3226 Evangelii
773 3152 1154 3223 przedicatione
1194 3151 1531 3222 fugaverunt.
1589 3150 1743 3206 Unde
1773 3168 1785 3202 ε
1819 3149 1934 3204 Ini-

2034 2045 2100 2099 ad
2132 2061 2190 2100 se
2214 2062 2394 2102 arcam
2425 2047 2634 2104 Domini
2664 2050 2963 2105 transferre
3000 2052 3109 2106 :de
3137 2053 3433 2108 eminentia
3473 2055 3622 2109 scili-

2035 2143 2119 2189 cet
2149 2135 2553 2206 Scripturarum
2600 2143 2740 2210 apud
2789 2140 3004 2197 Iudaeos
3051 2144 3262 2212 posita,
3304 2145 3394 2198 ubi
3426 2147 3621 2199 umbra

2033 2243 2315 2284 nemorosa
2347 2231 2640 2302 ﬁgurarum
2672 2235 2942 2301 abundat;
2983 2237 3050 2290 ad
3083 2237 3415 2293 intellectum
3448 2238 3622 2308 genti-

2033 2317 2099 2460 liis
2128 2318 2344 2388 populi,
2375 2320 2464 2375 ubi
2497 2321 2752 2377 fundatur
2774 2323 3016 2379 Ecclesia
3035 2364 3049 2388 ,
3078 2326 3237 2381 ﬁdem
3269 2326 3480 2381 Domini
3503 2341 3622 2396 per-

2069 2422 2248 2460 ucere.

2069 2422 2248 2462 ucere.

2025 2509 2027 2512 ‘
2109 2498 2266 2555 Vens.
2299 2501 2354 2556 5.
2377 2533 2448 2542 -
2471 2502 2595 2558 Νοη
2624 2506 2779 2558 enim.
2815 2505 2998 2578 (ΗΑΒ.)
3043 2506 3178 2573 Quia
3225 2507 3621 2578 interpretatur

2034 2589 2202 2648 Vetus
2227 2592 2635 2650 Testamentum
2667 2598 3006 2666 spiritualem
3034 2615 3254 2655 sensum
3277 2601 3366 2671 qui
3397 2601 3618 2668 latebat,

2031 2685 2259 2755 populus
2286 2685 2374 2741 ille
2391 2689 2614 2758 aperire
2643 2705 2748 2743 non
2779 2691 2986 2760 potuit,
3015 2692 3156 2746 sicut
3181 2709 3324 2748 nunc
3350 2693 3622 2750 revelatus

2031 2787 2115 2832 est
2140 2779 2398 2848 apostolis
2435 2788 2492 2835 et
2533 2782 2846 2852 prophetis,
2886 2792 3076 2851 gentes
3114 2785 3319 2840 scilicet
3363 2801 3485 2842 esse
3530 2803 3619 2842 co-

2032 2871 2276 2927 haeredes
2302 2882 2356 2928 et
2391 2876 2806 2946 comparticipes
2831 2877 3209 2945 promissionis
3237 2879 3472 2934 Domini.

2103 2965 2268 3020 Vens.
2292 2965 2346 3020 5.
2369 2997 2438 3005 —
2458 2967 2503 3019 A
2534 2966 2711 3023 Sihor.
2744 2968 2906 3023 Sihor
2925 2969 3118 3026 ﬂuvius
3141 2969 3359 3042 Aigypti
3383 2981 3488 3035 est,
3519 2974 3616 3042 qui

2033 3071 2063 3109 a
2092 3055 2229 3122 Nilo.
2265 3065 2324 3112 ut
2355 3057 2552 3121 ferunt,
2587 3051 2884 3126 derivatur,
2918 3069 2975 3115 et
3008 3062 3399 3130 interpretatur
3429 3064 3618 3133 ﬁrma-

2032 3160 2350 3202 mamentum
2397 3166 2588 3204 novum
2634 3160 2684 3205 et
2731 3151 3020 3215 turbidum,
3053 3153 3196 3206 unde
3245 3171 3256 3204 :
3294 3152 3434 3217 Quid
3477 3170 3615 3207 nunc

334 3251 500 3303 micos
527 3264 666 3302 meos
691 3247 881 3302 dedisti
923 3246 1052 3300 mihi
1096 3246 1359 3311 deorsum,
1383 3255 1432 3301 et
1460 3246 1689 3300 odientes
1719 3261 1800 3300 me
1823 3245 1931 3299 dis-

2032 3239 2125 3292 tibi
2147 3241 2218 3294 vis
2249 3241 2304 3295 in
2344 3241 2428 3296 uia
2454 3241 2706 3313 ZEgypti,
2731 3251 2788 3296 ut
2824 3244 2969 3298 bibas
2991 3261 3183 3314 aquam
3217 3244 3481 3298 turbidam
3504 3243 3620 3315 (Je-

333 3339 610 3410 perdidisti
640 3336 813 3409 (Psal.
845 3339 1003 3410 xvn).

406 3431 571 3488 Vens.
596 3431 682 3486 l9.
714 3462 786 3472 —
805 3429 978 3486 Porro
1007 3431 1072 3486 de
1095 3431 1360 3486 Manasse.
1395 3429 1460 3485 Hi
1487 3430 1694 3486 scilicet
1713 3439 1924 3501 septem

333 3526 607 3597 principes
631 3524 724 3596 qui
776 3525 842 3580 de
867 3523 1118 3579 Manasse
1148 3533 1434 3588 venerunt,
1485 3523 1794 3594 signiﬁcant
1817 3521 1928 3592 pri-

336 3633 454 3673 IIOS
473 3617 726 3672 Ecclesiae
747 3616 998 3670 doctores
1019 3615 1086 3670 de
1107 3612 1290 3670 Judzea
1315 3615 1613 3676 venientes,
1642 3615 1732 3683 qui
1761 3613 1928 3682 septi-

334 3705 495 3762 formi
527 3705 732 3776 Spiritu
759 3704 1011 3760 illustrati
1039 3702 1297 3772 adjuvant
1321 3712 1566 3758 nostrum
1597 3703 1765 3756 David
1790 3717 1924 3756 con-

335 3811 418 3856 tra
467 3799 818 3862 latrunculos,
852 3798 908 3854 id
957 3806 1042 3854 est
1065 3797 1350 3852 hatreticos
1396 3796 1481 3851 vel
1519 3796 1743 3866 spiritus
1772 3794 1926 3848 mali-

333 3910 491 3964 gnos,
513 3892 606 3963 qui
635 3909 745 3948 non
773 3899 988 3948 cessant
1009 3891 1075 3945 de
1091 3889 1332 3945 Ecclesia
1365 3903 1554 3959 rapere
1576 3897 1630 3943 et
1652 3888 1926 3958 captivarc

334 4005 471 4061 quos
501 3996 755 4059 possunt;
787 3988 926 4042 unde
960 4004 972 4039 :
1027 3985 1134 4039 Deo
1161 3995 1337 4038 autem
1375 3984 1574 4054 gratias
1610 3982 1699 4054 qui
1725 3997 1926 4050 semper

336 4081 623 4150 triumphat
650 4095 743 4132 nos
773 4079 828 4132 in
864 4075 1070 4132 Christo
1091 4075 1221 4131 Iesu
1245 4075 1328 4146 (II
1358 4073 1480 4129 Cor.
1507 4073 1570 4147 ι).

406 4195 571 4252 Vens.
593 4197 686 4251 22.
715 4227 786 4236 ——
817 4194 1092 4250 Exercitus
1133 4193 1248 4248 Dei.
1299 4191 1400 4260 Qui
1443 4191 1652 4248 scilicet
1675 4205 1926 4262 egressus

334 4300 418 4347 est
443 4290 508 4347 de
534 4288 791 4362 )Egypto,
821 4289 875 4344 id
906 4298 988 4344 est
1019 4295 1271 4344 sexcenta
1301 4286 1466 4342 millia
1495 4327 1510 4350 ,
1542 4285 1618 4341 sic
1650 4291 1925 4355 exponunt

333 4381 568 4438 Hebraei.
601 4380 708 4437 Sed
739 4382 985 4452 mystice,
1014 4381 1064 4434 in
1092 4379 1332 4435 exercitu
1363 4378 1532 4433 nostri
1557 4377 1722 4431 David
1749 4375 1930 4446 quoti-

336 4475 421 4531 die
452 4490 707 4530 numerus
737 4473 970 4528 ﬁdelium
994 4473 1213 4536 crescit,
1242 4472 1414 4528 donec
1436 4469 1810 4540 compleantur
1832 4467 1925 4539 qui

335 4568 405 4623 ad
434 4569 598 4622 vitam
625 4568 998 4638 pratdestinati
1027 4576 1154 4622 sunt
1180 4575 1457 4621 aeternam.

406 4677 690 4748 Vens.g25.
717 4709 788 4719 —
814 4676 884 4732 Ut
911 4678 1277 4748 transferrent.
1313 4676 1450 4744 Quia
1479 4678 1650 4732 sancti
1671 4676 1920 4732 doctores
1945 4681 2000 4742 D

333 4771 571 4826 maxime
619 4770 932 4824 desiderant
969 4778 1028 4822 ut
1063 4769 1261 4822 veteris
1303 4766 1434 4837 legis
1464 4766 1640 4822 cultus
1681 4768 1733 4822 in
1763 4767 1922 4837 spiri-

332 4860 534 4919 tualem
561 4860 966 4934 intelligentiam
995 4858 1268 4930 Evangelii
1301 4855 1676 4924 transferatur,
1709 4865 1763 4913 et
1790 4855 1924 4911 ﬁant

331 4956 521 5012 omnia
548 4969 708 5010 nova.

409 5066 571 5122 Vens.
603 5065 720 5122 .27.
760 5096 831 5106 —
881 5063 1080 5119 loiada
1131 5078 1330 5134 quoque
1376 5062 1612 5131 princeps
1660 5061 1725 5114 de
1766 5061 1925 5130 stirpe

336 5156 538 5222 Aaron,
594 5165 698 5213 etc.
747 5153 904 5210 Hunc
949 5153 1169 5208 tradunt
1213 5151 1423 5228 Hebraei
1477 5151 1644 5207 fuisse
1689 5150 1923 5206 Phinees

338 5249 510 5306 ﬁlium
541 5250 800 5314 Eleazari,
827 5250 895 5305 ad
925 5248 1078 5320 cujus
1103 5246 1560 5317 comparationem
1592 5245 1768 5302 Sadoc
1787 5260 1924 5316 puer

337 5355 566 5400 vocatur
591 5323 846 5412 tanquam
876 5350 1035 5398 aetate
1076 5348 1126 5396 et
1172 5339 1366 5396 merito
1392 5340 1588 5396 minor.

412 5458 575 5514 Vens.
602 5455 693 5512 52.
723 5485 798 5496 --
829 5454 906 5509 De
932 5454 1057 5524 ﬁliis
1091 5470 1292 5526 quoque
1337 5453 1608 5520 lssachar,
1646 5456 1770 5522 uiri,
1812 5463 1916 5511 etc.

337 5550 602 5610 Doctores
638 5550 776 5622 legis
815 5551 868 5604 in
898 5549 1039 5603 tribu
1069 5548 1318 5604 lssachar
1347 5547 1512 5603 fuisse
1545 5549 1784 5615 tradunt,
1826 5549 1918 5620 qui

337 5637 549 5714 singula
597 5652 839 5715 tempora
888 5643 1332 5699 caeremoniarum
1379 5639 1715 5698 observanda
1761 5642 1920 5697 doce-

339 5727 488 5800 bant,
530 5737 740 5807 etquid
782 5735 965 5792 facere
1007 5735 1227 5791 deberet
1265 5733 1428 5790 Israel
1477 5734 1918 5803 pra-scribebant.

341 5821 406 5882 Ili
441 5827 693 5902 doctores
728 5827 983 5883 Ecclesiae
1011 5824 1337 5897 signiﬁcant,
1379 5841 1608 5898 quorum
1640 5825 1924 5898 prmeptis

341 5919 540 5975 subditi
570 5921 963 5989 obtemperant.

737 6009 1012 6073 Ρηιιοι..
1045 6008 1246 6072 CXIII

1959 3312 2005 3376 Β
2037 3349 2165 3386 rem.
2215 3333 2350 3404 vn)?
2387 3312 2784 3390 Cariathiarim.
2845 3312 3050 3391 Civitas
3089 3337 3364 3402 Damasci,
3398 3312 3523 3406 qum
3563 3337 3619 3392 in

2031 3422 2198 3479 Amos
2225 3423 2542 3480 Emathabal
2564 3467 2578 3489 ,
2629 3427 2681 3481 id
2727 3435 2811 3481 est
2845 3427 3043 3481 Emath
3082 3443 3295 3499 magna,
3326 3443 3446 3497 qua:
3475 3444 3619 3484 nunc

2030 3513 2332 3584 Epiphania
2373 3525 2738 3587 nuncupatur.
2774 3517 2879 3571 Per
2923 3517 3087 3573 Sihor
3114 3529 3293 3573 autem
3324 3528 3378 3573 et
3418 3520 3618 3574 Emath

2031 3614 2196 3660 totam
2226 3615 2426 3662 terram
2456 3609 2834 3678 promissionis
2861 3611 3289 3679 comprehendit.
3318 3611 3423 3667 Per
3451 3611 3617 3667 Sihor

2031 3699 2242 3767 rivum,
2289 3702 2499 3756 scilicet
2545 3702 2628 3757 vel
2679 3711 3012 3769 torrentem,
3061 3703 3330 3774 signiﬁcat
3394 3704 3616 3776 1Egypti

2030 3792 2322 3847 australem
2340 3802 2572 3863 partem.
2597 3791 2701 3850 Per
2723 3795 2916 3849 Emath
2952 3810 3084 3850 vero
3107 3797 3612 3865 septentrionalem.

2029 3882 2406 3948 Cariutharim,
2425 3899 2545 3953 quae
2567 3885 2694 3940 alibi
2719 3884 3122 3952 Cariathabaal,
3145 3886 3338 3942 civitas
3359 3887 3612 3955 saltuum,

2028 3987 2132 4026 una
2164 3972 2230 4028 de
2255 3974 2478 4030 urbibus
2505 3973 2928 4031 Gabaonitarum
2963 3978 3016 4031 in
3047 3977 3189 4033 tribu
3218 3976 3356 4034 Juda
3387 3979 3441 4032 in
3466 3995 3612 4036 nono

2029 4066 2284 4122 milliario
2315 4068 2384 4123 ab
2416 4067 2569 4124 Helia
2611 4071 2864 4126 euntibus
2894 4069 3189 4142 Diospolim
3210 4113 3226 4138 ,
3269 4073 3336 4127 de
3365 4088 3470 4142 qua
3516 4073 3618 4128 fuit

2027 4155 2189 4214 Urias
2212 4161 2506 4229 propheta,
2535 4176 2696 4230 quem
2733 4160 3006 4216 interfecit
3034 4160 3280 4217 Joachim
3312 4161 3366 4215 in
3396 4161 3618 4217 Jerusa-

2027 4250 2132 4307 lem
2173 4254 2467 4309 secundum
2503 4251 2818 4309 Jeremiam.
2861 4254 3034 4310 Filius
3058 4270 3270 4324 quoque
3315 4253 3478 4308 Sobal
3509 4255 3613 4310 Ca-

2027 4343 2330 4398 riathiarim
2357 4345 2574 4411 dicitur,
2601 4347 2742 4400 sicut
2765 4346 3015 4416 superius
3048 4346 3353 4400 ostenditur

2099 4433 2262 4490 Vens.
2299 4435 2351 4489 6.
2379 4435 2653 4490 —Omm‘s
2683 4435 2779 4490 vir.
2813 4437 3029 4490 Electus
3058 4436 3310 4492 nobilior.
3344 4436 3615 4496 Numerus

2027 4540 2211 4586 autem
2239 4532 2431 4591 borum
2462 4532 2702 4586 virorum
2729 4533 2780 4585 in
2809 4531 3017 4603 Regum
3049 4534 3473 4603 comprehensus
3508 4545 3610 4604 est,

2027 4622 2116 4676 ubi
2147 4622 2344 4693 legitur
2375 4640 2388 4676 :
2425 4621 2766 4694 Congregavit
2799 4633 2974 4677 autem
3013 4625 3182 4679 David
3216 4641 3394 4682 omnes
3425 4626 3612 4683 electos

2025 4731 2089 4768 ex
2117 4713 2287 4769 Israel
2316 4715 2531 4784 triginta
2570 4714 2736 4768 millia
2765 4715 2849 4782 (11
2876 4713 3002 4787 Reg.
3029 4718 3126 4784 vn).

2099 4805 2260 4861 Vens.
2293 4809 2346 4858 9.
2369 4835 2442 4845 -
2463 4803 2593 4859 Cum
2623 4816 2794 4860 autent
2820 4809 3165 4877 pervenissent
3184 4851 3198 4871 ,
3227 4819 3330 4866 etc.
3362 4811 3518 4884 (Ras.
3544 4830 3610 4869 ex

2025 4897 2272 4970 Hieron.)
2305 4897 2536 4953 Ventum
2577 4907 2661 4954 est
2700 4898 2765 4952 ad
2805 4915 2986 4955 aream
3011 4900 3218 4957 Chidon
3238 4945 3252 4970 ,
3285 4914 3417 4972 etc.,
3449 4923 3611 4978 usque

2026 4989 2094 5044 ad
2123 4999 2376 5058 tanquam
2403 4988 2549 5044 dicat
2581 5008 2594 5043 :
2629 4987 2762 5043 Mihi
2789 4990 2923 5044 absit
2953 4990 3196 5061 glor.’ari,
3229 4994 3330 5048 nisi
3360 4995 3414 5048 in
3454 5011 3608 5049 cruce

2025 5066 2237 5136 Domini
2261 5082 2425 5136 nostri
2449 5080 2580 5136 Iesu
2606 5080 2804 5136 Christi
2831 5081 2974 5155 (Gal.
3002 5084 3101 5158 vr).

2098 5172 2262 5228 Vens.
2299 5173 2386 5226 11.
2413 5202 2480 5212 --
2503 5171 2584 5226 Eo
2622 5174 2762 5245 quod
2809 5175 3066 5231 divisisset
3108 5177 3366 5232 Dominus
3414 5178 3602 5236 Oeam.

2025 5269 2300 5346 (Ηιεκοκ.)
2325 5268 2568 5324 Tradunt
2594 5269 2805 5326 Hebrtei
2835 5272 3118 5327 Abinadab
3137 5273 3472 5327 sacerdotem
3488 5271 3608 5341 jus-

2023 5363 2160 5419 sisse
2187 5363 2310 5418 ﬁliis
2339 5362 2450 5418 suis
2475 5361 2586 5418 Oza
2616 5371 2668 5418 et
2700 5360 2864 5429 Haio,
2901 5373 2960 5418 ut
2987 5371 3272 5434 portarent
3295 5379 3477 5419 arcam
3504 5365 3606 5419 hu-

2021 5455 2189 5512 meris
2211 5455 2508 5510 secundum
2530 5464 2860 5526 praeceptum
2885 5453 3038 5522 legis.
3068 5450 3174 5508 Sed
3204 5454 3330 5523 quia
3355 5469 3458 5509 non
3480 5469 3605 5524 por-

2027 5554 2308 5612 taverunt,
2358 5561 2460 5600 nec
2507 5544 2772 5600 Caathitis
2800 5543 3118 5614 portandam
3149 5543 3446 5611 dederunt,
3475 5559 3604 5602 aer-

2025 5640 2193 5696 cussit
2219 5639 2478 5694 Dominus
2507 5636 2673 5692 Ozam
2699 5679 2714 5701 ,
2753 5645 2808 5691 et
2838 5637 3040 5693 divisit.

2097 5731 2295 5785 Divisio
2321 5729 2468 5785 01w.
2489 5729 2743 5784 Traditur
2761 5729 2904 5797 quod
2929 5729 3160 5786 aruisset
3185 5729 3465 5786 brachium
3484 5730 3602 5802 ejus

2027 5832 2083 5880 et
2113 5824 2400 5888 humerus,
2429 5821 2520 5876 ubi
2554 5835 2680 5876 arca
2729 5820 2937 5875 Domini
2969 5823 3229 5892 portanda
3273 5830 3421 5889 erat,
3451 5831 3510 5880 et
3548 5825 3602 5880 in

2028 5916 2174 5975 illius
2201 5915 2319 5972 loco
2348 5913 2545 5970 divisio
2571 5913 2818 5984 quaedam
2850 5914 2989 5970 facta
3016 5926 3118 5971 est.

3011 6013 3086 6072 21
