4122 6350
499 416 591 472 654

989 408 1383 469 WALAFRl-Dl
1424 406 1671 465 STRABI
1709 400 1916 460 FULD.
1959 394 2122 455 MON.
2165 395 2317 454 OPP.
2356 394 2538 452 PARS
2574 396 2616 450 l.
2656 423 2727 439 -—-
2764 390 3198 485 THEOLOCICA

3648 390 3759 452 653

577 533 733 587 Vsus.
762 530 848 583 17.
872 557 941 567 ——
962 526 1030 582 In
1069 527 1231 597 ,domo
1278 522 1594 581 Obededom.
1640 518 1916 594 (Hauon)
1942 515 2079 585 Quia
2104 518 2159 581 Α
2181 514 2559 570 suavissimam
2589 513 2817 569 reddant
2842 511 3191 570 cantilenam.
3221 509 3357 565 Huic
3371 509 3582 565 cithara
3608 510 3758 568 vidc-

501 634 556 683 et
586 625 702 695 ipse
731 618 942 676 Levita.
991 617 1221 690 Cognita
1268 623 1448 671 autem
1479 628 1643 669 causa
1680 627 1782 684 pro
1824 624 1930 682 qua
1971 606 2082 665 Oza
2185 616 2272 663 tur
2297 605 2571 663 contraria
2600 620 2717 677 quae
2749 605 2802 660 in
2832 604 2941 661 imo
2967 602 3209 659 continet
3246 601 3396 673 quod
3433 599 3760 659 Psalterium

502 728 793 792 percussus
821 722 936 779 est,
973 710 1137 782 jussit
1176 706 1346 762 David
1393 721 1576 762 arcam
1617 703 1821 775 portari
1850 699 2085 774 propriis
2185 702 2238 757 in
2264 700 2459 775 capite.
2506 697 2847 792 Psalterium
2874 713 2999 792 cum
3040 696 3229 792 decem
3255 695 3473 792 chordis
3516 694 3761 792 Ecclesia

501 806 788 868 levitarum
810 803 1083 869 humeris,
1113 800 1255 857 sicut
1280 807 1431 871 patet
1475 798 1529 852 in
1574 794 1841 869 sequenti.
1882 792 2087 849 Notan-

2186 803 2269 849 est
2293 810 2416 850 cum
2442 791 2709 863 Decalogo
2746 790 2903 860 legis.
2954 788 3092 845 Huic
3131 788 3377 860 opposita
3402 796 3487 845 est
3516 787 3759 855 cithara,

507 902 635 959 dum
663 904 925 971 quantum
950 890 1230 963 delinquat
1262 889 1355 963 qui
1394 903 1592 959 corpus
1619 885 1832 943 Domini
1873 882 2089 954 indigne
2189 902 2308 957 quae
2334 884 2521 957 viginti
2546 892 2780 955 quatuor
2807 882 3028 939 chordis
3055 882 3112 938 in
3141 881 3364 937 modum
3384 880 3544 937 delun
3562 880 3764 937 litterae

511 992 743 1063 accipit,
774 989 820 1046 si
849 988 1075 1044 devotus
1104 981 1359 1040 sacerdos
1400 978 1612 1036 interiit
1648 978 1741 1050 qui
1767 991 1950 1032 arcam
1986 972 2088 1029 Do-

2224 978 2532 1053 omponitur
2556 979 2638 1051 (ut
2658 976 2979 1049 peritissimi
3006 977 3247 1046 tradunt)
3276 983 3334 1032 et
3356 990 3455 1046 per
3488 975 3685 1047 digitos
3706 974 3767 1030 in

510 1083 694 1141 minici
720 1080 947 1153 ﬁguram
975 1074 1218 1146 corporis
1244 1070 1442 1129 minori
1472 1085 1636 1142 quam
1657 1068 1845 1125 debuit
1866 1079 2090 1122 venera-

512 1174 658 1232 tione
684 1171 967 1244 corripuit.

2193 1072 2438 1130 diversos
2466 1071 2655 1128 modos
2678 1070 3006 1127 concitatur.
3033 1068 3157 1126 Haec
3181 1068 3483 1125 Ecclesium
3494 1067 3768 1138 signiﬁcat

2193 1181 2312 1239 quae
2331 1181 2454 1222 cum
2500 1164 2690 1236 viginti
2716 1171 2951 1233 quatuor
2980 1160 3259 1217 seniorum
3304 1159 3644 1230 dogmatibus
3670 1158 3771 1214 tri-

582 1264 881 1335 Allegorice
908 1267 1086 1315 autem
1110 1254 1281 1313 David
1309 1252 1606 1319 Christum,
1638 1267 1764 1307 arca
1796 1246 2093 1335 Ecclesium
2194 1273 2320 1313 nam
2346 1257 2508 1313 habet
2529 1254 2759 1311 formam
2785 1254 2839 1308 in
2865 1252 3084 1309 modum
3107 1250 3262 1307 dena,»
3282 1250 3504 1315 nam,
3524 1257 3583 1306 ει
3608 1249 3771 1306 ﬁdem

513 1332 784 1428 signiﬁcat
818 1394 830 1406 .
860 1366 1020 1421 quam
1047 1348 1163 1403 vult
1185 1342 1435 1403 Christus
1460 1343 1513 1399 in
1537 1342 1810 1398 civitatem
1836 1354 1989 1396 suam
2009 1332 2097 1391 ad-

2198 1360 2399 1409 sanctae
2429 1349 2712 1433 Trinitatis
2741 1345 3030 1417 signiﬁcat.
3074 1343 3179 1400 Per
3206 1358 3400 1399 manus
3432 1350 3613 1399 autem
3636 1356 3797 1412 apo--

513 1448 745 1509 ducere,
772 1441 959 1497 unde:
995 1437 1118 1493 Non
1162 1454 1279 1493 sum
1320 1436 1510 1490 missus
1556 1434 1658 1488 nisi
1706 1428 1776 1486 ad
1822 1446 1936 1484 oves
1981 1440 2097 1499 quae

2224 1443 2460 1501 talorum
2483 1450 2539 1497 et
2564 1428 3021 1511 evangelistarum
3048 1436 3103 1491 in
3132 1436 3378 1492 diversos
3404 1434 3649 1491 modulos
3674 1432 3778 1490 Ve-

514 1536 779 1608 perierunt
804 1532 989 1586 domus
1012 1528 1183 1584 Israel
1208 1526 1425 1599 (Matth.
1457 1523 1572 1598 xv.)
1596 1525 1663 1579 Et
1686 1522 1813 1578 alibi
1837 1539 1851 1576 :
1876 1518 2100 1577 chitas

512 1640 577 1679 ea:
617 1632 764 1694 parte
785 1620 1000 1692 contigit
1027 1620 1082 1673 in
1113 1616 1315 1683 Israel,
1347 1626 1451 1673 etc.
1513 1612 1685 1687 (Rom.
1716 1614 1817 1685 xl).

1094 1766 1323 1829 CAPUT
1383 1768 1521 1825 XIV.

2204 1533 2336 1590 teris
2362 1543 2421 1589 et
2444 1531 2582 1588 Novi
2617 1529 2977 1596 Testamenti,
3008 1528 3165 1587 aliter
3185 1529 3243 1585 in
3288 1528 3506 1595 littera,
3534 1526 3691 1583 aliter
3715 1525 3778 1582 in

2205 1640 2367 1682 sensu
2397 1625 2701 1681 concitatur
2730 1622 3045 1696 ﬁguraliter.

2278 1715 2453 1787 Lyris.
2485 1715 2627 1787 Lyra
2651 1714 2869 1780 dicitur,
2898 1715 3001 1772 ἀπὸ
3028 1721 3118 1771 τοῦ
3138 1715 3304 1789 λύραν,
3332 1713 3388 1771 id
3409 1722 3512 1778 est,
3544 1727 3577 1769 a
3602 1712 3785 1769 vario-

2208 1816 2322 1863 tate
2349 1823 2543 1864 vocum
2558 1848 2573 1875 ,
2601 1823 2666 1863 ec
2687 1807 2833 1879 quod
2858 1807 3103 1873 diversos
3124 1805 3285 1863 faciat
3314 1820 3499 1863 sonos.
3526 1803 3656 1860 Haec
3681 1805 3787 1860 Ee-

586 1888 752 1947 Vaus.
797 1882 1168 1954 '5.—Accepit
1217 1897 1421 1953 quoque
1469 1880 1677 1947 David,
1722 1886 1829 1935 etc.
1879 1872 2097 1950 (ΗΑΒ.)

2224 1900 2418 1957 :lcsiam
2435 1872 2724 1973 signiﬁcat;
2738 1914 2859 1970 quae
2879 1899 2936 1953 in
2965 1872 3227 1957 varietate
3250 1896 3589 1954 diversarum
3613 1895 3784 1953 disci-

518 1974 694 2038 Multae
718 1991 917 2033 uxores
944 1972 1116 2029 David
1160 1973 1361 2029 multas
1388 1978 1575 2043 gentes
1611 1969 1952 2042 signiﬁcant,
1981 1978 2100 2040 qua:

517 2088 613 2146 per
634 2072 796 2128 ﬁdem
820 2068 1038 2126 Christo
1064 2063 1406 2139 copulantur.
1437 2064 1792 2127 Concubitus,
1822 2065 2103 2121 haeretico-

518 2176 641 2222 rum
671 2161 960 2229 ecclesias,
992 2176 1113 2231 quae
1157 2158 1453 2216 Christiani
1504 2159 1739 2214 nominis
1785 2157 1940 2213 titulo
1988 2154 2103 2229 glo-

518 2254 746 2311 riantur.
780 2250 887 2308 Sed
924 2250 1054 2323 quia
1098 2259 1322 2322 propter
1359 2248 1599 2306 carnalia
1642 2248 1793 2305 lucra
1822 2247 2103 2306 Christum

521 2352 842 2419 sequuntur,
876 2360 985 2400 non
1029 2344 1317 2416 coniuges,
1364 2342 1459 2399 sed
1489 2341 1804 2399 concubinae
1833 2341 2101 2398 dicuntur.

522 2438 679 2494 Nunc
710 2452 866 2509 reges
909 2436 958 2492 si
995 2435 1180 2507 plures
1207 2436 1442 2491 habeant
1491 2449 1722 2500 uxores,
1748 2433 1953 2489 crimen
1992 2438 2106 2496 est,

531 2530 655 2600 quia
687 2527 873 2600 ﬁgurae
900 2526 1257 2581 transierunt.

592 2598 761 2677 Vsus.
788 2620 844 2677 8.
865 2648 936 2661 -—
953 2616 1240 2673 Audientes
1269 2628 1462 2673 autem.
1512 2598 1798 2672 Dili‘amata
1828 2613 2114 2685 Evangelii.

526 2714 703 2786 gratia
725 2716 781 2767 et
810 2726 976 2782 regno
1004 2709 1208 2767 Christi
1231 2711 1433 2781 ubique
1453 2708 1747 2780 praedicata
1765 2749 1780 2776 ,
1808 2714 1995 2781 gentes
2015 2722 2112 2761 un-

531 2806 697 2877 dique
720 2808 1075 2860 surrexerunt
1102 2798 1534 2857 contradicentes
1546 2799 1839 2872 Evangeiio
1866 2799 2037 2871 pacis.

599 2895 766 2951 Vsus.
797 2892 884 2949 15.
908 2918 976 2934 —-
996 2890 1065 2947 In
1093 2891 1362 2947 cacumine
1398 2906 1665 2963 pyrorum.
1698 2886 1882 2962 (ΗΑΒ.)
1909 2888 1969 2944 In
2010 2886 2114 2944 He-

530 2990 681 3045 braeo
720 3000 881 3053 vero,
907 2985 1178 3057 flentium,
1230 2984 1285 3039 id
1327 2992 1440 3049 est,
1492 2982 1759 3038 idolorum
1796 2980 1986 3037 venire
2020 2978 2114 3049 ju-

530 3081 653 3146 bet,
694 3086 828 3144 etc.,
878 3090 1040 3149 usque
1086 3076 1154 3130 ad
1198 3086 1338 3146 quos
1380 3073 1620 3146 Spiritus
1666 3080 1885 3129 sanctus
1931 3071 2117 3144 dirigit

532 3170 936 3243 praemonendo.
966 3232 971 3239 ι

2204 1994 2481 2066 plinarum
2506 1992 2793 2058 historice,
2832 1990 3157 2063 allegorice,
3199 1989 3559 2061 tropologice,
3598 1998 3655 2046 et
3686 2003 3792 2060 per

2207 2088 2485 2157 anagogen
2514 2098 2739 2140 suavem
2784 2098 2980 2139 sonum
3023 2082 3310 2153 exprimit,
3343 2083 3443 2139 sed
3466 2096 3499 2136 a
3533 2082 3791 2154 sympho-

2207 2176 2311 2231 nia:
2342 2174 2691 2246 simplicitate
2718 2189 2828 2230 non
2866 2174 3093 2233 recedit.
3124 2173 3597 2248 Cymbala’astem
3624 2175 3791 2232 adin-

2207 2266 2379 2324 vicem
2402 2281 2658 2338 percussa
2702 2281 2895 2322 sonum
2930 2264 3168 2333 iaciunt,
3193 2266 3375 2323 unde:
3405 2264 3645 2321 Laudato
3670 2284 3797 2322 eam

2209 2360 2267 2414 in
2285 2358 2534 2431 cymbalis
2554 2360 2679 2415 bene
2697 2359 3026 2428 sonantibus,
3056 2367 3161 2416 etc.
3190 2358 3365 2426 (Psal.
3397 2359 3507 2431 ct).
3528 2358 3795 2431 Cymbala

2208 2449 2348 2505 bene
2375 2452 2629 2507 sonantia
2665 2460 2794 2508 sunt
2834 2448 2979 2506 labia
3017 2459 3238 2519 nostra,
3265 2466 3387 2521 qua:
3412 2464 3671 2521 percussa
3723 2449 3799 2506 ad

2212 2542 2445 2599 invicem
2470 2558 2692 2599 suavem
2715 2545 2967 2601 humanae
2996 2544 3146 2601 vocis
3172 2544 3513 2603 harmoniam
3538 2543 3797 2599 reddunt.
3912 2542 3919 2547 ’

2282 2631 2447 2689 Vsus.
2473 2633 2564 2688 21.
2587 2664 2657 2674 -
2678 2631 2787 2689 Pro
2823 2644 3007 2690 octava
3038 2635 3332 2702 canebant,
3368 2644 3477 2690 etc.
3516 2632 3801 2705 (Ηιειοι.)

2211 2724 2272 2781 In
2315 2726 2403 2782 die
2449 2725 2661 2783 scilicet
2690 2725 2883 2797 iudicii
2924 2728 3219 2785 adventum
3256 2727 3474 2785 Domini
3521 2725 3802 2797 signiﬁca-

2214 2818 2380 2887 bant,
2412 2819 2468 2875 iu
2495 2836 2624 2890 quo,
2662 2819 2817 2877 ﬁnita
2861 2820 3044 2877 saeculi
3090 2822 3464 2888 hebdomada,
3506 2821 3691 2878 veniet
3728 2821 3803 2879 ad

2209 2911 2498 2985 judicium.
2529 2912 2685 2969 Unde
2727 2921 2915 2970 sextus
2954 2912 3225 2985 psalmus,
3268 2914 3363 2985 qui
3396 2928 3522 2970 eum
3560 2921 3806 2971 tremore
3864 2940 3883 2953 -

2210 3003 2402 3074 iudicii
2431 3013 2704 3067 cantatur.
2738 3004 2833 3063 tali
2878 3005 3038 3063 titulo
3080 3013 3438 3077 praenotatur.
3480 3004 3581 3062 llic
3616 3014 3805 3063 autem

2218 3112 2478 3155 numerus
2526 3113 2721 3168 magna
2781 3099 3023 3155 continet
3080 3108 3445 3157 sacramenta.
3494 3097 3630 3158 Octo
3677 3099 3801 3156 ani—

2220 3206 2323 3247 mm
2348 3191 2607 3262 ingressae
2647 3199 2774 3247 sunt
2801 3191 2857 3247 in
2897 3206 3084 3247 arcam
3128 3190 3274 3257 Noe,
3310 3201 3371 3249 et
3423 3193 3627 3249 mundo
3678 3204 3809 3264 per-

609 3256 771 3355 v...
806 3252 988 3355 ρετ
1004 3258 1557 3355 mussantque
1604 3254 1832 3355 eam.
1877 3254 2119 3312 Perculit
2144 3245 2191 3311 α
2221 3245 3616 3350 ag...:.i.....*o....t..‘ni.imusne;

535 3351 787 3409 Christus
820 3350 912 3422 (tui
937 3352 995 3407 in
1021 3349 1158 3406 colle
1185 3348 1452 3420 superbire
1475 3348 1812 3414 consistunt,
1849 3355 1904 3403 et
1932 3355 2119 3433 conte-

536 3447 609 3503 rit
639 3461 822 3518 sepem
851 3444 1098 3511 duritiae,
1141 3452 1329 3499 eorum
1372 3443 1619 3498 dividens
1660 3440 2018 3514 pertinaciam
2061 3446 2124 3496 ut

540 3538 687 3594 solus
715 3537 1023 3594 dominetur
1061 3535 1115 3590 in
1145 3536 1278 3590 orbe
1306 3542 1608 3600 terrarum,
1641 3532 1782 3587 unde
1826 3530 2072 3603 sequitur
2106 3548 2120 3586 :

539 3628 979 3702 Diwlgatumqne
1000 3636 1075 3682 est
1106 3640 1291 3681 nomen
1320 3624 1493 3681 David
1518 3625 1584 3697 in
1612 3623 1866 3680 universis
1899 3623 2123 3695 regioni-

544 3720 639 3776 ltus
658 3761 672 3787 ,
704 3730 751 3777 et
776 3720 1033 3775 Dominus
1060 3759 1075 3785 ,
1106 3728 1212 3774 etc.

1139 3872 1370 3930 CAPUT
1416 3872 1534 3930 XV.

621 4036 784 4092 Vm.
814 4035 870 4090 Ξ.
892 4065 963 4076 -
985 4032 1128 4089 Tunc
1168 4034 1301 4089 dixit
1334 4033 1501 4090 David
1543 4048 1562 4087 :
1602 4033 1856 4091 Illicttum
1884 4046 1981 4102 est,
2022 4046 2129 4091 etc.

549 4128 734 4202 (ΗΑΒ.)
777 4127 896 4184 Νοη
943 4126 1054 4182 vult
1102 4128 1352 4185 Christus
1398 4135 1459 4181 ut
1512 4127 1719 4200 indigni
1763 4129 2131 4185 ecclesiastico

548 4222 843 4295 fungantur
872 4217 1085 4286 cilicio,
1114 4219 1208 4277 sed
1233 4218 1430 4274 eruditi
1457 4218 1683 4273 scientia
1708 4227 1765 4275 et
1790 4236 1999 4275 morum
2031 4221 2132 4277 ho-

549 4320 758 4374 nestate
797 4316 1025 4386 spectati
1052 4320 1269 4384 portant
1291 4326 1475 4368 arcam
1501 4312 1689 4379 Dei,id
1701 4321 1785 4369 est
1802 4312 2095 4369 Ecclesiam
2116 4354 2133 4381 ,

551 4409 796 4467 humeris
813 4409 887 4480 pii
914 4407 1152 4473 laboris,
1198 4416 1255 4461 et
1280 4404 1590 4471 exsultant,
1620 4406 1763 4460 unde
1798 4424 1813 4461 :
1856 4404 1967 4461 Fac
2006 4422 2134 4476 opus

552 4503 916 4575 euangelista,
954 4502 1303 4557 ministerium
1332 4510 1479 4554 tuum
1511 4500 1667 4570 imple
1686 4498 1769 4571 (II
1803 4498 1939 4555 Tim.
1964 4499 2060 4572 iv).

626 4598 790 4652 Vsus.
821 4595 876 4650 5.
897 4594 1423 4665 —Congregavitque
1458 4591 1754 4645 uniuersum
1788 4590 1978 4646 Israel.
2019 4590 2134 4647 Non

556 4687 730 4744 solum
758 4686 928 4743 David
948 4726 964 4751 ,
993 4686 1087 4741 sed
1107 4685 1274 4740 etiam
1302 4696 1491 4739 omnes
1510 4681 1787 4751 prophetae
1812 4682 1865 4736 in
1890 4681 2135 4739 Ecclesia

558 4776 760 4836 Christi
785 4776 947 4833 dictis
969 4783 1026 4831 et
1056 4774 1217 4831 factis
1244 4771 1604 4829 incarnatioui
1647 4772 1927 4843 praebuere
1954 4771 2133 4829 locum

560 4876 620 4926 ut
636 4868 797 4926 citius
837 4865 1131 4923 adveniens
1172 4864 1556 4927 susciperetur.
1605 4876 1729 4919 cum
1774 4859 1968 4919 luisset
2012 4870 2140 4919 ants

558 4961 929 5034 prophetatns.

630 5048 799 5107 Vens.
824 5046 911 5103 l2.
933 5077 1006 5090 -
1026 5044 1445 5114 Ssnctiﬁcamim‘
1467 5059 1587 5097 cum
1609 5041 1885 5113 fratribus.
1904 5043 2138 5103 Ministrl

560 5141 696 5198 Novi
722 5139 1053 5197 Testamenti
1078 5136 1189 5191 vita
1215 5143 1272 5190 et
1297 5133 1542 5189 doctrina
1569 5133 1763 5188 debent
1787 5149 1909 5189 esse
1929 5136 2138 5203 mundi,

561 5232 757 5304 quibus
779 5231 1004 5285 dicitur:
1031 5225 1212 5283 Sancti
1240 5233 1399 5279 estote
1417 5223 1663 5295 quoniam
1685 5240 1777 5295 ego
1796 5236 2007 5281 sanctus
2024 5243 2143 5283 sum

564 5322 754 5397 (Leuit.
782 5321 919 5394 xix).
953 5321 1057 5389 Qui
1082 5326 1248 5375 recta:
1273 5315 1396 5372 ﬁdei
1427 5314 1609 5371 verbis
1629 5323 1684 5371 et
1704 5317 1951 5388 exemplo
1963 5319 2145 5388 operis

565 5414 768 5472 debent
802 5414 1046 5470 ﬁdelibus
1081 5409 1464 5468 commendare
1488 5407 1917 5466 incarnationem
1941 5410 2144 5469 Christi

565 5515 624 5564 et
654 5507 1077 5577 redemptionem
1106 5500 1328 5560 humani
1359 5499 1606 5571 generis,
1639 5507 1746 5555 etc.

640 5593 801 5652 Vnus.
853 5594 1246 5650 l6.—Nablis
1294 5587 1562 5652 uidelicet,
1611 5597 1715 5643 etc.
1762 5590 1990 5649 Nablum
2042 5595 2146 5651 lle-

568 5689 782 5755 braice,
804 5688 1125 5745 Psalterium
1153 5684 1362 5747 Graece,
1392 5678 1751 5735 laudatorium
1787 5682 1998 5742 Latine.
2036 5687 2144 5744 Ha-

572 5780 665 5833 bet
692 5778 1013 5835 Psalterium
1046 5784 1289 5831 ventrem
1317 5771 1540 5826 obesum
1567 5767 1620 5821 in
1652 5774 2053 5843 superioribus,
2089 5790 2148 5834 ut

578 5865 897 5921 chordarum
946 5866 1030 5919 illa
1080 5864 1299 5935 religata
1348 5853 1811 5923 discipliuabiliter
1851 5877 2143 5939 percussu,

2221 3374 2484 3433 Dominus
2528 3374 2710 3448 elegit.
2755 3376 2853 3433 Die
2894 3387 3088 3433 octavo
3144 3376 3399 3449 puriﬁcat
3436 3378 3804 3435 circumcisio.

2226 3467 2322 3523 Die
2347 3474 2560 3529 octavo,
2585 3466 2642 3521 id
2668 3476 2753 3523 est
2780 3467 3083 3533 Dominieo,
3114 3469 3357 3525 surrexit
3380 3468 3649 3525 Christus.

2298 3554 2462 3614 Vsus.
2501 3558 2594 3612 24.
2615 3588 2685 3598 -
2706 3558 2877 3615 Porro
2902 3558 3157 3617 Sebenias
3199 3569 3249 3615 et
3278 3560 3538 3629 Josapltat
3558 3600 3575 3627 ,
3600 3568 3708 3616 etc.
3742 3558 3811 3617 lli

2228 3656 2437 3719 septem
2464 3650 2775 3707 sacerdotes
2792 3666 2977 3707 coram
3007 3667 3135 3709 arca
3166 3653 3310 3711 tubis
3346 3659 3606 3708 canentes
3635 3652 3814 3709 sancti

2224 3741 2644 3811 praedicatores,
2672 3751 2799 3798 sunt
2825 3742 3132 3814 septiformi
3175 3743 3382 3815 Spiritu
3414 3744 3604 3815 gratia:
3626 3743 3813 3815 pleni,

2230 3834 2323 3905 qui
2345 3835 2695 3906 Evangelium
2721 3837 2777 3892 in
2808 3836 3049 3894 Ecclesia
3073 3837 3279 3893 Christi
3298 3837 3619 3907 pradicant,
3641 3846 3699 3893 et
3722 3853 3817 3893 sa-

2233 3936 2573 3983 cramentum
2598 3928 2991 3985 incarnationis
3018 3930 3358 3989 auditoribus
3383 3931 3701 4002 praedicant.

2304 4014 2649 4088 Clangebant.
2692 4017 2865 4075 Aliter
2900 4018 2964 4075 ﬁt
3013 4020 3155 4081 ιυιη,
3198 4021 3563 4093 conﬁrmandi
3592 4021 3817 4092 populi,

2235 4106 2392 4162 aliter
2432 4109 2844 4177 couductionis,
2896 4111 3054 4167 aliter
3115 4113 3388 4180 victoriae,
3435 4114 3594 4170 aliter
3635 4128 3822 4184 perse-

2236 4199 2432 4269 quendi
2464 4198 2734 4267 inimicos,
2773 4200 2932 4258 aliter
2962 4198 3329 4261 conclusionis
3354 4206 3672 4272 civitatum,
3704 4199 3819 4264 etc.

2240 4282 2389 4345 Tuba
2438 4301 2619 4348 autem
2665 4294 3141 4350 consuetudinaria
3199 4296 3343 4367 apud
3388 4310 3569 4353 rerum
3612 4300 3825 4369 peritos

2239 4382 2343 4438 hoc
2368 4383 2530 4439 modo
2562 4382 2852 4452 formatur,
2881 4395 2940 4440 ut
2969 4387 3138 4443 tribus
3160 4387 3355 4445 fistulis
3388 4390 3545 4445 aereis
3566 4390 3618 4444 in
3643 4390 3827 4461 capite

2241 4480 2470 4545 angusto
2490 4474 2805 4546 inspiretur,
2823 4477 2962 4533 sicut
2976 4493 3076 4548 per
3090 4488 3321 4549 quatuor
3342 4481 3632 4536 vociducas
3651 4496 3829 4538 aereas

2242 4583 2361 4636 qua:
2387 4582 2486 4637 per
2509 4584 2709 4624 aereum
2740 4568 3152 4628 fundamentum
3185 4584 3477 4644 quaternas
3501 4588 3662 4632 voces
3691 4590 3830 4645 pro-

2244 4659 2476 4725 ducunt,
2508 4662 2772 4732 mugitum
2795 4664 3330 4721 vehementissimam
3362 4659 3677 4738 proferant:
3702 4684 3835 4739 qua:

2244 4750 2554 4822 signiﬁcant
2580 4750 2931 4825 Evangelium
2963 4756 3102 4812 trina
3133 4756 3478 4815 confessione
3514 4760 3676 4815 trium
3702 4774 3833 4832 per-

2242 4854 2536 4908 sonarum,
2588 4843 2643 4900 in
2675 4844 2853 4916 capite
2889 4858 3156 4919 angusto,
3212 4846 3274 4904 id
3316 4854 3401 4905 est
3440 4849 3497 4905 in
3540 4850 3833 4908 nativitate

2244 4931 2446 4989 Christi
2489 4934 2753 4994 divinitus
2782 4938 3125 5009 inspiratam,
3151 4956 3248 5013 per
3269 4948 3515 5014 quatuor
3534 4938 3836 5001 Weiducas

2244 5039 2418 5082 creas
2434 5066 2449 5090 ,
2478 5026 2533 5083 id
2558 5036 2646 5084 est
2666 5044 2768 5101 per
2788 5039 3025 5100 quatuor
3052 5031 3446 5105 evangelista;
3468 5040 3629 5098 meo,
3654 5034 3715 5090 id
3744 5044 3837 5091 est

2248 5118 2426 5174 stabili
2446 5120 2573 5176 ﬁdei
2612 5130 2672 5177 et
2696 5125 2879 5194 operis
2906 5135 2991 5180 est
3018 5125 3375 5183 fundamento
3396 5126 3453 5182 in
3481 5128 3615 5183 orbe
3639 5138 3833 5182 vocem

2249 5216 2779 5273 vehementissimam
2823 5220 2980 5290 quasi
3018 5221 3165 5277 ωδω
3218 5220 3599 5291 congregantis
3638 5230 3836 5276 vocem

2249 5308 2514 5364 emittere.

2323 5399 2485 5458 Vens.
2509 5402 2598 5458 27.
2624 5434 2698 5445 -—
2718 5404 2889 5465 Dauid
2918 5416 3115 5463 autem.
3158 5408 3411 5465 Christus
3441 5406 3840 5464 incarnationis

2252 5508 2363 5547 sua:
2386 5501 2442 5549 et
2466 5496 2737 5564 passionis
2765 5498 3071 5570 exeutplum
3099 5507 3259 5556 antes
3281 5515 3313 5555 a
3336 5498 3537 5557 ludatis
3560 5498 3838 5557 nectitur.

2254 5583 2595 5653 manifestat;
2640 5588 3112 5663 lignum‘namque
3138 5591 3209 5647 de
3250 5600 3396 5648 terra
3430 5602 3617 5648 eumn
3644 5590 3837 5647 multi-

2252 5675 2381 5747 plici
2410 5677 2596 5737 labore
2624 5682 2692 5737 ad
2720 5684 3011 5739 candorem
3049 5683 3217 5743 vestis
3246 5685 3601 5756 perveniens,
3636 5683 3840 5740 verita-

2256 5780 2363 5825 tem
2404 5771 2654 5830 humanae
2697 5777 2881 5831 carnis
2910 5777 3051 5833 inter
3078 5774 3287 5849 ﬂagella
3332 5777 3719 5849 triumphantis
3746 5790 3840 5831 os-

2256 5863 2456 5931 tendit,
2488 5874 2540 5920 et
2576 5865 2677 5922 hoc
2707 5876 2789 5922 est
2814 5884 2826 5921 :
2853 5866 3021 5924 Dauid
3041 5877 3153 5925 erat
3184 5869 3242 5923 in
3265 5866 3476 5940 Ephori.
