4122 6350
484 432 588 488 655

992 424 1372 480 ννΑιΑιτιιιῡι
1414 419 1660 476 STRABI
1700 418 1904 474 FULD.
1948 417 2067 472 MOI

2168 415 2305 472 DPP.
2347 413 2526 470 PARS
2565 415 2608 469 Ι.
2648 444 2718 454 -
2754 413 3208 471 THEOLOGICA.

3633 416 3734 471 656

463 555 466 558 λ
554 541 716 597 Vens.
743 537 828 592 12.
851 566 920 580 -ο
949 535 1256 604 ίΕάὶνῖεαὸἰι
1284 534 1521 595 domum,
1546 530 1600 583 id
1622 537 1704 583 est
1725 527 2021 582 Ecclesiam
2045 541 2060 580 :
2089 531 2140 590 Α
2166 523 2608 596 occidisse,'quod
2626 525 2758 580 vitio
2787 502 3111 596 scriptorum.
3133 523 3332 579 factum
3347 533 3448 579 est.
3468 523 3601 580 Joab
3613 542 3740 583 vero

485 635 676 690 domus
701 627 866 683 David
896 633 1116 700 prepter
1140 621 1397 690 templum
1429 620 1522 672 Dei
1556 619 1624 672 de
1647 617 1957 670 hominibus
1985 614 2063 668 fa-

482 736 652 789 ctum,
680 738 783 778 non
816 721 880 775 de
900 718 1184 788 lapidibus,
1215 714 1307 768 ubi
1336 712 1562 784 populus
1593 711 1648 764 in
1675 718 1934 764 aeternum
1971 709 2065 762 ha-

482 818 618 871 bitet
646 828 768 869 cum
799 811 908 866 Deo
935 817 991 864 et
1024 808 1077 861 in
1113 808 1240 870 Deo,
1268 814 1322 860 et
1349 804 1491 858 Deus
1521 818 1650 858 cum
1694 800 1906 872 populo.
1939 800 2064 854 Ideo

483 925 605 964 cum
643 905 935 962 secundum
977 899 1329 970 Septuaginta
1358 898 1560 952 dictum
1591 896 1662 951 sit
1685 911 1781 965 per
1812 892 2059 947 Nalhan:

482 1002 550 1056 Et
571 998 838 1054 nuntiabit
873 995 967 1050 tibi
1013 993 1272 1048 Dominus
1298 991 1553 1061 quoniam
1585 990 1800 1044 domum
1832 988 2066 1042 aediﬁca-

469 1092 712 1162 .bis’ipsi,
741 1097 925 1158 postea
956 1102 1052 1157 per
1078 1084 1244 1139 David
1275 1083 1502 1138 dicitur:
1532 1080 1794 1147 Quoniam
1823 1089 1902 1143 tu,
1922 1078 2063 1131 Deus

484 1181 672 1252 Israel,
696 1185 929 1241 revelasti
955 1199 1134 1237 aurem
1161 1182 1292 1234 servi
1317 1181 1417 1243 tui,
1443 1180 1657 1232 dicens:
1689 1176 1913 1229 Domum
1939 1174 2067 1227 (rdi-

482 1280 649 1348 ﬁcabo
690 1279 780 1331 tibi
809 1275 892 1348 (Il
917 1274 1043 1344 Reg.
1079 1273 1197 1336 vn).
1245 1271 1392 1325 Hanc
1438 1271 1580 1325 enim
1621 1270 1835 1322 domum
1871 1275 1924 1320 et
1969 1280 2065 1320 nos

481 1370 809 1424 aediﬁcamus
824 1368 958 1421 bene
979 1364 1225 1426 vivendo,
1244 1371 1298 1417 et
1323 1360 1725 1429 Deusjuvando,
1753 1359 1924 1412 unde:
1949 1355 2066 1410 Nisi

482 1461 734 1515 Dominus
756 1459 1087 1524 aediﬁcaverit
1117 1456 1350 1521 domum,
1379 1465 1482 1509 etc.
1523 1451 1693 1523 (Psal.
1718 1451 1926 1519 cxxvi.)

557 1553 620 1606 Et
652 1555 890 1606 thronus.
923 1548 1275 1621 Hyperbolice
1316 1549 1380 1602 de
1413 1547 1522 1600 ﬁlio
1547 1545 1648 1598 lsai
1672 1543 1842 1613 accipi
1867 1549 2062 1612 potest.

481 1647 548 1700 At
575 1659 700 1698 vero
729 1641 979 1698 Christus
1030 1641 1094 1695 de
1126 1640 1332 1694 semine
1376 1637 1541 1692 David
1587 1644 1762 1698 natus,
1794 1631 2064 1686 cxaltatus

481 1745 565 1791 est
611 1749 774 1804 super
801 1746 1015 1787 omnem
1041 1730 1400 1799 principatum
1425 1735 1478 1782 et
1506 1732 1826 1796 potestatem
1857 1731 1912 1775 et
1930 1721 2065 1804 _vir-

483 1835 678 1888 tutem,
712 1823 796 1878 cui
825 1821 986 1876 Pater
1015 1821 1225 1874 donavit
1249 1835 1451 1882 nomen,
1477 1816 1616 1888 quod
1642 1825 1716 1869 est
1738 1829 1892 1884 super
1917 1799 2066 1864 omne

2165 620 2447 675 duodecim
2475 618 2640 673 millia
2670 621 2980 690 prostravit,
3029 617 3172 672 sicut
3213 619 3266 672 in
3295 617 3451 673 titulo
3477 619 3741 690 quinqua-

2165 714 2355 786 gesimi
2407 714 2621 783 septimi
2658 715 2848 783 psalmi
2881 713 3156 768 scribitur.
3193 713 3291 767 Hic
3330 723 3512 767 autem
3556 714 3742 770 decem

2165 815 2221 860 et
2243 814 2366 860 octo
2405 805 2588 860 Abisai
2640 803 2973 860 interfecisse
3015 804 3349 874 perhibetur,
3407 806 3500 858 sed
3531 820 3631 876 pro
3661 806 3742 861 di-

2166 904 2369 964 gnitate
2418 897 2566 966 regia
2617 898 2851 966 ascripta
2905 905 2989 952 est
3027 895 3193 950 David
3242 895 3489 950 victoria.
3523 896 3586 949 Et
3617 898 3743 965 quia

2167 984 2414 1041 Christus
2465 987 2730 1040 examinis
2769 987 2851 1042 sui
2901 986 3234 1042 districtione
3293 985 3345 1039 in
3394 985 3480 1040 his
3538 987 3629 1056 qui
3678 987 3745 1040 de

2166 1095 2232 1135 eo
2291 1096 2456 1151 prava
2502 1081 2762 1144 sentiunt,
2812 1080 3090 1135 stultitiam
3137 1079 3480 1134 immoderali
3535 1078 3744 1149 saporis

2167 1173 2482 1243 exstinguit,
2504 1173 2646 1226 unde
2679 1191 2692 1225 :
2728 1171 2828 1236 Qui
2853 1173 3000 1226 vertit
3022 1171 3256 1241 linguam
3283 1187 3459 1237 suam,
3487 1169 3664 1222 incidit
3688 1169 3743 1222 in

2167 1263 2365 1317 malum
2390 1261 2574 1334 (Prov.
2606 1264 2762 1330 xvn).

2239 1355 2402 1410 Vens.
2434 1354 2606 1409 16.-
2629 1355 2973 1410 Achimelech.
3002 1355 3060 1410 Id
3091 1363 3194 1417 est,
3223 1353 3392 1407 frater
3418 1369 3574 1408 meus
3603 1367 3694 1406 rex
3729 1370 3742 1405 :

2169 1448 2260 1517 qui
2292 1448 2343 1500 in
2369 1446 2573 1514 Regum
2621 1446 2954 1509 Abimelecb,
3009 1445 3060 1500 id
3089 1455 3193 1510 est,
3242 1453 3393 1514 pater
3434 1459 3586 1499 meus
3627 1460 3743 1508 rex,

2169 1538 2425 1593 Ecclesiae
2451 1537 2760 1594 sacerdotes
2783 1539 3022 1602 instruit,
3060 1547 3119 1591 ut
3145 1537 3238 1607 qui
3269 1552 3367 1606 per
3393 1536 3635 1590 ordinem
3661 1535 3746 1589 di—

2171 1629 2408 1700 gnitatis,
2441 1630 2612 1700 patris
2641 1637 2826 1684 tenent
2847 1629 3047 1696 locum,
3098 1643 3196 1698 per
3241 1627 3597 1682 humilitatem
3637 1627 3750 1680 fra-

2172 1730 2282 1776 tres
2304 1731 2650 1785 censeantur,
2681 1730 2735 1776 et
2771 1737 2874 1776 non
2913 1720 3258 1776 dominentur
3280 1719 3334 1772 in
3375 1719 3537 1773 clero.

2242 1810 2402 1866 Vens.
2423 1810 2837 1866 l7.—Phelethi.
2857 1811 3129 1882 (HIERON.)
3144 1810 3500 1865 Admirabiles
3513 1809 3596 1864 vel
3615 1809 3749 1863 vivi—

483 1934 687 1978 nomen,
721 1924 774 1970 ut
820 1915 876 1968 in
906 1913 1112 1967 nomine
1155 1909 1285 1965 Jesu
1309 1925 1458 1964 omne
1499 1924 1632 1980 genu
1669 1908 1930 1977 ﬂectatur,
1961 1911 2065 1956 etc.
2101 1889 2145 1948 Β
2175 1901 2598 1972 ﬁcatores,quos
2623 1903 3041 1972 quidamdicunt
3065 1903 3229 1958 fuisse
3243 1902 3578 1972 septuaginta
3601 1901 3748 1968 judi-

482 2007 702 2080 (Philip.
731 2006 815 2076 ιι.)

1049 2117 1274 2174 CAPUT
1299 2115 1480 2172 XVIII.

559 2258 715 2313 Vens.
751 2257 802 2312 l.
841 2286 911 2297 —
956 2254 1026 2308 Et
1055 2253 1217 2324 ﬁlias.
1250 2252 1432 2324 (ΗΑΒ.)
1460 2249 1696 2304 Minores
1719 2245 1968 2302 civitates
1994 2241 2062 2296 ad

481 2350 823 2419 metropolim
849 2348 1208 2420 pertinentes,
1235 2353 1368 2411 etc.,
1391 2359 1553 2412 usque
1578 2341 1646 2396 ad
1670 2349 1724 2395 et
1760 2352 1886 2394 caro
1915 2333 2064 2406 cogi-

483 2451 580 2514 tur.
601 2443 808 2498 servire
832 2441 1068 2512 spiritui.
1173 2489 1180 2494 .

549 2533 713 2588 Vens.
743 2531 798 2586 5.
833 2556 905 2572 -——
934 2531 1216 2584 Adareser.
1249 2527 1350 2594 Qui
1390 2527 1778 2596 interpretatur
1807 2522 2062 2576 decorum

482 2624 771 2688 auxilium;
819 2639 914 2678 rex
937 2623 1102 2687 Soba,
1138 2621 1229 2689 qui
1271 2620 1660 2688 interpretatur
1714 2615 1932 2668 incensa
1977 2609 2065 2664 vel

482 2724 824 2778 convertens,
849 2711 1120 2782 signiﬁcat
1143 2709 1462 2782 gentilitatis
1505 2706 1634 2760 vitia
1693 2703 1926 2759 naturali
1959 2701 2066 2756 fer-

481 2821 614 2860 vore
642 2818 868 2859 accensa
900 2820 914 2856 :
943 2811 1128 2858 contra
1155 2816 1274 2871 qua:
1303 2800 1550 2854 Christus
1583 2795 1822 2863 conﬂigit
1849 2803 1904 2850 et
1942 2795 2063 2848 vin-

481 2902 556 2956 cit
586 2898 760 2970 gladio
781 2898 1018 2968 spiritus,
1041 2895 1180 2964 quod
1203 2903 1276 2949 est
1301 2893 1506 2949 verbum
1533 2891 1626 2945 Dei
1655 2889 1869 2962 (Ephes.
1891 2887 1990 2960 γι).

552 2991 714 3045 Vens.
752 2989 807 3043 4.
836 3019 907 3030 -
950 2985 1408 3058 Subnervavitque.
1457 2983 1764 3038 Subnervat
1816 2980 2066 3036 Christus

483 3088 870 3154 repugnantem
891 3079 993 3135 sibi
1022 3080 1309 3150 superbam
1357 3076 1543 3132 mundi
1581 3073 1924 3130 altitudinem
1965 3073 2064 3128 hu-

485 3189 660 3228 manae
683 3173 960 3244 sapientiae
984 3188 998 3237 ;
1032 3171 1172 3242 quod
1201 3179 1378 3225 tamen
1405 3175 1766 3239 opportunum
1793 3174 1849 3221 et
1874 3173 2060 3236 aptum

484 3263 854 3336 przedicationi
891 3263 1112 3332 reperit,
1147 3268 1387 3316 reservat
1423 3259 1546 3314 sibi.

554 3352 719 3410 Vens.
749 3353 802 3408 6.
837 3383 902 3394 —
928 3351 998 3406 In
1024 3350 1307 3406 Damasco.
1339 3349 1635 3404 Damascus
1655 3347 1852 3402 nobilis
1873 3347 2064 3402 civitas

482 3445 751 3502 Phtenicis
779 3485 794 3508 ,
844 3443 1115 3514 sanguinis
1165 3439 1407 3512 poculum
1453 3440 1860 3510 interpretatur.
1907 3436 2063 3508 Syria

482 3536 718 3592 sublimis
765 3535 851 3590 vel
894 3535 1155 3589 humecta.
1205 3531 1490 3588 Gentilitas
1539 3531 1706 3596 enim,
1756 3531 1908 3602 prius
1947 3528 2064 3584 libi-

485 3629 609 3685 dine
629 3627 793 3684 ﬂuida
839 3635 895 3681 et
919 3625 1112 3696 spiritu
1143 3625 1391 3702 superba,
1425 3623 1742 3694 sanguinem
1768 3623 2065 3677 humanum

485 3720 703 3776 sitiebat
733 3736 746 3772 :
787 3733 930 3774 nunc
959 3717 1284 3787 baptismate
1319 3715 1518 3771 Christi
1570 3713 1849 3778 mundata,
1878 3709 2065 3782 profe-

485 3823 580 3867 ctu
609 3811 871 3865 virtutum
898 3808 1157 3876 exaltata,
1187 3806 1464 3878 sanguinis
1480 3806 1599 3876 ejus
1627 3804 1877 3881 poculum
1918 3803 2064 3858 desi—

487 3905 662 3957 derat.

559 3992 723 4046 Vens.
746 3992 800 4045 7.
823 4021 893 4032 —
936 3990 1239 4044 Pharetras.
1277 3989 1534 4058 Dogmata
1562 3987 1840 4058 gentilium
1870 3988 2066 4058 quibus

490 4085 789 4154 disciplinae
867 4083 1116 4139 liberales
1156 4083 1522 4147 continentur,
1561 4097 1697 4152 quas
1747 4081 1994 4137 Christus
2033 4097 2065 4135 a

487 4175 788 4248 gentilitate
828 4175 1048 4231 abstulit
1076 4183 1130 4228 et
1151 4174 1204 4228 in
1235 4174 1516 4228 servitium
1549 4174 1801 4229 Ecclesiae
1837 4190 2063 4230 conver-

489 4268 554 4320 tit
609 4284 622 4320 :
667 4276 894 4338 prosunt
949 4266 1091 4320 enim
1133 4265 1200 4320 ad
1245 4265 1696 4336 expugnationem
1749 4268 1951 4322 erroris
2010 4274 2065 4322 et

487 4359 952 4416 conﬁrmationem
982 4359 1244 4414 veritatis.

560 4452 727 4506 Vens.
767 4451 910 4506 8.—
950 4450 1222 4505 Salomon.
1261 4449 1397 4518 Quia
1424 4467 1552 4523 ergo
1583 4467 1678 4506 rex
1713 4461 1896 4507 noster
1917 4453 2065 4523 paci-

489 4547 644 4609 ﬁcus,
685 4552 1008 4599 vetustatem
1033 4544 1354 4599 elocutionis
1402 4546 1467 4598 de
1511 4545 1816 4600 humilitate
1863 4561 2065 4600 eversae

495 4637 813 4710 gentilitatis
833 4639 900 4692 ad
922 4639 1316 4692 emundandam
1344 4638 1573 4708 gratiam
1601 4637 1853 4708 baptismi
1880 4648 1936 4693 et
1975 4638 2067 4692 ﬁr-
2099 4631 2146 4690 D

492 4737 824 4790 mamentum
865 4729 988 4783 ﬁdei
1012 4743 1107 4797 per
1135 4729 1574 4798 prmdieationem
1602 4730 1673 4800 pii
1708 4731 1972 4800 dogmatis
2015 4729 2068 4783 in

491 4837 651 4879 usum
687 4820 943 4877 Ecclesiae
974 4822 1257 4876 convertit.
1301 4819 1505 4876 Tebath
1556 4821 1700 4875 enim
1749 4823 2069 4891 interpreta-

495 4925 583 4969 tur
621 4912 864 4986 parvulus
893 4912 1048 4977 venit,
1091 4921 1143 4967 et
1172 4911 1325 4966 Chun
1375 4910 1731 4981 pulchritudo.
1778 4912 1879 4977 Qui
1924 4910 2069 4965 enim

490 5006 775 5078 parvulum
805 5020 863 5059 se
885 5005 1145 5073 agnoscit,
1170 5003 1394 5071 pulcher
1411 5014 1466 5058 et
1493 5003 1772 5072 speciosus
1795 5005 1848 5059 in
1876 5005 2070 5059 decore

491 5095 750 5154 Virtutum
790 5094 983 5150 eﬂicitu
995 5112 1036 5149 r.

566 5187 725 5241 Vens.
758 5185 996 5242 l2.—In
1022 5185 1151 5240 valle
1180 5184 1502 5241 Salinarum.
1529 5185 1588 5240 In
1621 5186 1824 5257 Regum
1843 5186 1914 5240 ita
1931 5187 2069 5242 scri-

493 5289 644 5351 ptum
658 5286 741 5332 est
755 5295 768 5331 :
785 5275 830 5328 F
834 5279 929 5332 erit
945 5277 1042 5331 sibi
1055 5276 1220 5330 David
1235 5293 1421 5330 nomen
1433 5293 1552 5330 cum
1567 5287 1903 5331 reverteretur
1916 5288 2068 5346 capta

497 5371 657 5441 Syria
697 5370 752 5422 in
809 5368 939 5424 valle
966 5367 1292 5432 Salinarum,
1323 5371 1470 5424 cwsis
1509 5368 1683 5424 decem
1730 5380 1778 5424 et
1800 5379 1914 5422 octo
1945 5367 2060 5422 mil-

494 5459 632 5516 libus
654 5459 738 5533 (11
756 5460 877 5530 Reg.
897 5459 1037 5531 vni),
1056 5461 1199 5530 quia,
1228 5462 1455 5528 scilicet,
1485 5463 1662 5518 erexit
1687 5463 1787 5517 sibi
1804 5462 2067 5517 fornicem

495 5551 874 5622 triumphalem
917 5570 930 5604 :
980 5551 1105 5606 fecit
1133 5554 1297 5607 etiam
1353 5554 1456 5608 sibi
1503 5569 1718 5618 nomen,
1760 5555 1884 5623 quia
1927 5555 2070 5609 victa

497 5641 654 5713 Syria
667 5642 915 5697 Damasci
931 5650 987 5697 et
999 5641 1141 5713 Syna
1157 5642 1340 5709 Sobal,
1355 5644 1582 5699 alterum
1595 5645 1835 5700 erexisse
1849 5645 2067 5700 dicitur.

570 5754 778 5810 Decem.
807 5754 863 5810 In
891 5755 1212 5826 quibusdam
1256 5766 1437 5814 autem
1476 5757 1749 5813 codicibus
1799 5757 2073 5812 invenitur

500 5845 667 5902 David
713 5864 817 5905 non
847 5849 1034 5920 viginti
1061 5858 1114 5906 et
1147 5860 1270 5906 octo
1303 5851 1471 5905 millia
1501 5852 1552 5905 in
1583 5850 1720 5905 valle
1764 5850 2071 5907 Salinarum

2167 2008 2278 2057 ces,
2303 2008 2454 2047 more
2479 2008 2667 2047 eorum
2683 2009 2819 2063 quos
2841 1992 3051 2064 Moyses
3075 1992 3302 2046 Domino
3323 1992 3668 2062 praecipiente
3691 1991 3748 2044 in

2165 2099 2348 2140 eremo
2378 2084 2556 2155 elegit.
2604 2085 2710 2139 Alii
2749 2085 2934 2140 dicunt
2963 2084 3270 2139 Cerethzeos
3293 2067 3360 2137 ad
3388 2085 3493 2139 hoc
3519 2085 3747 2153 deputa-

2169 2187 2250 2235 tos
2276 2189 2333 2240 ut
2378 2196 2500 2236 reos
2537 2180 2810 2251 punirent,
2863 2179 3199 2235 Phclethaeos
3234 2194 3366 2236 vero
3397 2189 3470 2266 ‘ut
3507 2181 3752 2235 insontes

2165 2269 2534 2326 defenderent.

2237 2364 2427 2420 Porro.
2469 2366 2588 2420 Filii
2647 2367 2836 2432 David,
2868 2366 3070 2422 Christi
3107 2373 3234 2422 sunt
3257 2364 3465 2430 ﬁdeles,
3501 2379 3639 2436 quos
3693 2365 3751 2419 ei

2165 2470 2348 2516 sancta
2377 2461 2518 2531 parit
2541 2460 2802 2525 Ecclesia,
2836 2461 2927 2530 qui
2949 2471 3075 2517 sunt
3104 2476 3265 2531 genus
3299 2459 3539 2525 electum,
3578 2455 3752 2528 regale

2165 2555 2512 2608 sacerdotium
2541 2554 2590 2624 (l
2621 2551 2769 2608 Petr.
2795 2555 2878 2626 ιι).

2236 2643 2409 2699 Primi
2433 2646 2502 2699 ad
2524 2662 2758 2700 manum.
2789 2645 2924 2712 Quia
2952 2645 3111 2700 bonis
3156 2644 3411 2716 operibus
3462 2649 3752 2698 merentur

2165 2739 2270 2794 sibi
2319 2754 2544 2808 regnum
2604 2738 2748 2804 cteli,
2782 2747 2932 2794 tanto
2995 2737 3106 2794 Deo
3159 2736 3448 2792 viciniores
3473 2777 3488 2803 ,
3543 2743 3752 2805 quanto

2165 2829 2486 2886 sanctiores.

2724 2964 2956 3024 CAPUT
3011 2963 3152 3020 XIX.

2236 3078 2396 3135 Vens.
2430 3079 2555 3133 1.-
2577 3079 2820 3132 Ammon.
2845 3077 3027 3148 (Itan)
3048 3075 3148 3142 Qui
3179 3075 3584 3144 interpretatur,
3613 3080 3750 3136 etc.,

2165 3191 2327 3246 usque
2375 3174 2443 3228 ad
2497 3173 2652 3244 cujus
2712 3171 2886 3228 vultus
2942 3179 3017 3225 est
3071 3185 3226 3240 super
3297 3168 3545 3238 facientes
3604 3165 3755 3218 mala

2089 3251 2134 3317 C
2168 3265 2341 3341 (Psal.
2381 3264 2600 3337 nam.)

2772 3378 3000 3436 CAPUT
3030 3377 3148 3433 XX.

2237 3495 2402 3551 Vens.
2446 3495 2497 3549 l.
2527 3523 2600 3534 —
2630 3491 2994 3564 Congregavit.
3023 3489 3208 3563 (ΗΑΒ.)
3260 3489 3394 3544 Joab
3418 3488 3618 3545 bellum
3665 3488 3758 3542 in-

2166 3588 2402 3651 choavit,
2455 3585 2625 3640 David
2654 3584 2907 3656 perfecit.
2937 3581 3184 3638 Christus
3213 3581 3357 3636 enim
3391 3580 3585 3635 bellum
3617 3579 3752 3647 agit,

2165 3695 2288 3734 cum
2312 3677 2728 3748 praedicatorum
2758 3675 2892 3730 ordo
2935 3682 3123 3730 contra
3161 3673 3348 3728 mundi
3392 3681 3642 3742 potentes
3689 3671 3756 3725 ﬁ-

2167 3772 2250 3826 dei
2273 3770 2516 3840 oppouit,
2535 3769 2628 3823 sed
2647 3769 2769 3823 ﬁnis
2781 3767 3097 3824 certaminis
3111 3775 3168 3821 et
3190 3765 3492 3834 triumphus
3511 3764 3578 3818 ad
3594 3762 3756 3818 Chri-

2167 3873 2307 3919 stum
2340 3861 2593 3922 relertur,
2620 3861 2711 3932 qui
2739 3869 2985 3930 operatur
3031 3859 3088 3912 in
3115 3858 3263 3912 nobis
3293 3857 3421 3912 velle
3437 3866 3484 3910 et
3505 3855 3758 3927 perﬁcere

2167 3951 2389 4024 (Philip.
2446 3949 2528 4018 ιι).
2575 3949 2679 4016 Qui
2710 3963 2993 4012 coronam,
3027 3962 3190 4017 quam
3239 3945 3453 4000 diabolo
3507 3943 3750 4006 abstulit,

2166 4044 2266 4099 sibi
2299 4042 2521 4112 aptavit,
2555 4039 2762 4106 ﬁdeles,
2809 4039 3017 4094 scilicet
3042 4039 3133 4108 qui
3187 4037 3340 4107 quasi
3381 4051 3580 4092 corona
3625 4050 3754 4090 eum

2166 4135 2430 4194 ambiunt,
2477 4131 2619 4186 unde
2651 4149 2665 4185 :
2703 4129 2989 4184 Benedices
3021 4145 3228 4184 ceroma
3260 4128 3388 4183 anni
3418 4126 3754 4198 benignitatis

2165 4234 2270 4278 tua:
2298 4223 2478 4295 (Deut.
2508 4224 2633 4294 vtt).

2236 4315 2402 4370 Vens.
2449 4314 2506 4368 2.
2535 4344 2605 4354 -
2654 4310 2940 4380 Coronam,
2990 4323 3096 4370 etc.
3149 4311 3426 4386 (Hienou.)
3453 4310 3589 4377 Quia
3613 4325 3748 4365 con-

2166 4405 2342 4461 llando
2405 4406 2654 4477 purgavit
2710 4407 3008 4462 secundum
3080 4407 3274 4476 legem.
3334 4404 3580 4459 Tradunt
3655 4417 3753 4456 au-

2168 4508 2274 4556 tem
2301 4499 2511 4554 Hebraei
2558 4498 2706 4568 (quia
2737 4499 2982 4554 illicitum
3027 4507 3148 4554 erat
3192 4497 3393 4553 homini
3443 4495 3629 4551 Judzeo
3680 4494 3752 4548 de

2173 4595 2328 4650 idolis
2380 4595 2583 4666 aliquid
2639 4595 2755 4649 auri
2806 4594 2891 4650 vel
2934 4594 3143 4666 argenti
3184 4591 3452 4662 accipere,
3497 4588 3622 4658 quia
3662 4586 3751 4641 lex

2174 4687 2530 4742 idololatrian:
2579 4690 2744 4758 vetat)
2795 4687 2952 4741 Ethai
3003 4686 3280 4740 Hethzrum
3311 4682 3430 4754 (qui
3470 4683 3536 4735 de
3586 4678 3752 4734 Phili-

2173 4776 2356 4832 stlueis
2381 4777 2446 4830 ad
2479 4778 2644 4832 David
2671 4777 2913 4850 venerat)
2939 4793 3196 4833 coronam
3212 4777 3276 4831 de
3300 4777 3478 4846 capite
3504 4772 3749 4828 Melchon

2173 4869 2440 4938 rapuisse,
2474 4877 2534 4922 ut
2563 4868 2751 4923 liceret
2776 4867 2962 4923 Judaeo
2989 4870 3055 4924 de
3082 4883 3244 4924 manu
3270 4866 3508 4922 hominis
3533 4879 3744 4933 capere,

2174 4962 2316 5032 quod
2337 4962 2403 5016 de
2449 4961 2623 5030 capite
2651 4961 2778 5016 idoli
2804 4979 2910 5017 non
2934 4962 3147 5017 licebat.

2247 5075 2469 5130 Bellum.
2501 5071 2680 5148 (ΒᾸΒ.)
2717 5075 3021 5131 Notandum
3053 5075 3193 5145 quod
3225 5075 3277 5129 in
3321 5073 3750 5144 Paralipomenis

2175 5167 2277 5220 tria
2307 5167 2442 5222 bella
2473 5166 2633 5222 David
2649 5168 3015 5238 principaliter
3043 5167 3309 5237 leguntur,
3335 5176 3464 5231 etc.,
3495 5183 3656 5238 usque
3680 5165 3750 5219 ad

2175 5257 2319 5312 unde
2347 5276 2360 5311 :
2386 5257 2452 5311 In
2484 5258 2589 5312 Deo
2619 5259 2872 5328 faciemus
2885 5262 3144 5318 virtutem.
3178 5267 3264 5312 etc
3309 5256 3480 5325 (Psal.
3507 5260 3638 5327 us).

2253 5367 2412 5424 Vens.
2459 5369 2511 5423 5.
2549 5401 2618 5410 —
2648 5369 2805 5424 Aliud
2848 5370 3056 5424 bellum.
3092 5371 3211 5443 (lu.)
3265 5370 3320 5424 in
3357 5370 3561 5440 Regum
3615 5369 3748 5423 libro

2180 5469 2254 5515 ita
2295 5478 2309 5514 :
2346 5459 2573 5514 Tertium
2613 5461 2711 5530 fuit
2764 5462 2819 5514 in
2881 5459 2989 5514 σοὺ
3056 5475 3236 5514 contra
3307 5457 3639 5513 Philisthwcs
3694 5456 3748 5510 in

2173 5570 2276 5624 quo
2309 5552 2560 5624 percussit
2602 5551 2900 5606 Adeodatus
2923 5551 3066 5620 ﬁlius
3109 5551 3312 5616 Saltus,
3363 5547 3744 5618 polymitaritts,

2174 5641 2571 5697 Bethlehemites
2598 5639 2808 5696 Goliath
2860 5639 3154 5703 Gethreum,
3183 5647 3287 5696 etc.
3325 5636 3407 5711 (Il
3435 5635 3561 5708 Reg.
3609 5645 3741 5704 ut).

2175 5735 2312 5802 Gob,
2337 5743 2468 5800 etc.,
2497 5753 2657 5807 usque
2691 5735 2760 5788 ad
2789 5732 2997 5790 Hebraei
3021 5749 3149 5790 vero
3202 5733 3458 5805 Araphan
3514 5739 3738 5786 matrem

2177 5830 2454 5901 gigantum
2499 5828 2734 5899 Orpham
2768 5843 2962 5885 nurum
2993 5826 3177 5885 Noemi
3203 5826 3555 5881 arbitrantur.
