  <div class='ocr_page' id='page_1' title='image "/cluster/home/n/w/nwhite01/storage/ocr_20150623/113/hvd.32044018909572/334.png"; bbox 0 0 4122 6350; ppageno 0'>
   <div class='ocr_carea' id='block_1_1' title="bbox 399 489 500 547">
    <p class='ocr_par' dir='ltr' id='par_1_1' title="bbox 399 489 500 547">
     <span class='ocr_line' id='line_1_1' title="bbox 399 489 500 547; baseline 0.02 -2"><span class='ocrx_word' id='word_1_1' title='bbox 399 489 500 547; x_wconf 69' lang='lat'><strong>657</strong></span> 
     </span>
    </p>
   </div>
   <div class='ocr_carea' id='block_1_2' title="bbox 987 629 1388 687">
    <p class='ocr_par' dir='ltr' id='par_1_2' title="bbox 987 629 1388 687">
     <span class='ocr_line' id='line_1_2' title="bbox 987 629 1388 687; baseline -0.005 0"><span class='ocrx_word' id='word_1_2' title='bbox 987 630 1213 687; x_wconf 81' lang='lat' dir='ltr'><strong>CAPUT</strong></span> <span class='ocrx_word' id='word_1_3' title='bbox 1250 629 1388 685; x_wconf 76' lang='lat' dir='ltr'><strong>XXI.</strong></span> 
     </span>
    </p>
   </div>
   <div class='ocr_carea' id='block_1_3' title="bbox 463 764 1963 838">
    <p class='ocr_par' dir='ltr' id='par_1_3' title="bbox 463 764 1963 838">
     <span class='ocr_line' id='line_1_3' title="bbox 463 764 1963 838; baseline -0.005 -13"><span class='ocrx_word' id='word_1_4' title='bbox 463 768 627 825; x_wconf 76' lang='lat' dir='ltr'><strong>Vitas.</strong></span> <span class='ocrx_word' id='word_1_5' title='bbox 655 766 708 823; x_wconf 84' lang='lat'><strong>5.</strong></span> <span class='ocrx_word' id='word_1_6' title='bbox 748 797 820 808; x_wconf 93' lang='lat'>—</span> <span class='ocrx_word' id='word_1_7' title='bbox 844 765 911 821; x_wconf 83' lang='lat' dir='ltr'><strong>Et</strong></span> <span class='ocrx_word' id='word_1_8' title='bbox 941 766 1176 821; x_wconf 79' lang='lat' dir='ltr'><strong>inventus</strong></span> <span class='ocrx_word' id='word_1_9' title='bbox 1200 775 1298 832; x_wconf 82' lang='lat' dir='ltr'><strong>est,</strong></span> <span class='ocrx_word' id='word_1_10' title='bbox 1322 773 1430 822; x_wconf 90' lang='lat' dir='ltr'><strong>etc.</strong></span> <span class='ocrx_word' id='word_1_11' title='bbox 1450 764 1635 838; x_wconf 67' lang='grc' dir='ltr'><strong>(ΚΑΒ.)</strong></span> <span class='ocrx_word' id='word_1_12' title='bbox 1661 764 1719 820; x_wconf 91' lang='lat' dir='ltr'><strong>In</strong></span> <span class='ocrx_word' id='word_1_13' title='bbox 1751 765 1963 835; x_wconf 98' lang='lat' dir='ltr'><strong>Regum</strong></span> 
     </span>
    </p>
   </div>
   <div class='ocr_carea' id='block_1_4' title="bbox 394 855 1965 927">
    <p class='ocr_par' dir='ltr' id='par_1_4' title="bbox 394 855 1965 927">
     <span class='ocr_line' id='line_1_4' title="bbox 394 855 1965 927; baseline -0.006 -11"><span class='ocrx_word' id='word_1_14' title='bbox 394 863 530 917; x_wconf 86' lang='lat' dir='ltr'><strong>libro</strong></span> <span class='ocrx_word' id='word_1_15' title='bbox 562 860 657 914; x_wconf 87' lang='lat' dir='ltr'><strong>ita.</strong></span> <span class='ocrx_word' id='word_1_16' title='bbox 686 857 837 927; x_wconf 83' lang='lat' dir='ltr'><strong>Quod</strong></span> <span class='ocrx_word' id='word_1_17' title='bbox 879 857 1094 911; x_wconf 87' lang='lat' dir='ltr'><strong>inventa</strong></span> <span class='ocrx_word' id='word_1_18' title='bbox 1131 866 1253 912; x_wconf 90' lang='lat' dir='ltr'><strong>sunt</strong></span> <span class='ocrx_word' id='word_1_19' title='bbox 1278 857 1342 912; x_wconf 88' lang='lat' dir='ltr'><strong>tle</strong></span> <span class='ocrx_word' id='word_1_20' title='bbox 1373 857 1536 912; x_wconf 91' lang='lat' dir='ltr'><strong>Israel</strong></span> <span class='ocrx_word' id='word_1_21' title='bbox 1559 857 1829 926; x_wconf 91' lang='lat' dir='ltr'><strong>octoginta</strong></span> <span class='ocrx_word' id='word_1_22' title='bbox 1849 855 1965 908; x_wconf 89' lang='lat' dir='ltr'><strong>mil-</strong></span> 
     </span>
    </p>
   </div>
   <div class='ocr_carea' id='block_1_5' title="bbox 393 947 1965 1020">
    <p class='ocr_par' dir='ltr' id='par_1_5' title="bbox 393 947 1965 1020">
     <span class='ocr_line' id='line_1_5' title="bbox 393 947 1965 1020; baseline -0.005 -12"><span class='ocrx_word' id='word_1_23' title='bbox 393 955 463 1008; x_wconf 85' lang='lat' dir='ltr'><strong>lia</strong></span> <span class='ocrx_word' id='word_1_24' title='bbox 516 953 755 1006; x_wconf 89' lang='lat' dir='ltr'><strong>virorum</strong></span> <span class='ocrx_word' id='word_1_25' title='bbox 779 949 994 1004; x_wconf 81' lang='lat' dir='ltr'><strong>fortium</strong></span> <span class='ocrx_word' id='word_1_26' title='bbox 1051 949 1192 1004; x_wconf 88' lang='lat' dir='ltr'><strong>etde</strong></span> <span class='ocrx_word' id='word_1_27' title='bbox 1219 949 1357 1005; x_wconf 78' lang='lat' dir='ltr'><strong>Iuda</strong></span> <span class='ocrx_word' id='word_1_28' title='bbox 1385 950 1768 1020; x_wconf 79' lang='lat' dir='ltr'><strong>quinquaginta</strong></span> <span class='ocrx_word' id='word_1_29' title='bbox 1801 947 1965 1002; x_wconf 85' lang='lat' dir='ltr'><strong>millia</strong></span> 
     </span>
    </p>
   </div>
   <div class='ocr_carea' id='block_1_6' title="bbox 393 1040 1962 1116">
    <p class='ocr_par' dir='ltr' id='par_1_6' title="bbox 393 1040 1962 1116">
     <span class='ocr_line' id='line_1_6' title="bbox 393 1040 1962 1116; baseline -0.002 -19"><span class='ocrx_word' id='word_1_30' title='bbox 393 1052 768 1116; x_wconf 76' lang='lat' dir='ltr'><strong>pugnatorum.</strong></span> <span class='ocrx_word' id='word_1_31' title='bbox 814 1040 1075 1097; x_wconf 83' lang='lat' dir='ltr'><strong>Asserunt</strong></span> <span class='ocrx_word' id='word_1_32' title='bbox 1127 1052 1305 1096; x_wconf 90' lang='lat' dir='ltr'><strong>autem</strong></span> <span class='ocrx_word' id='word_1_33' title='bbox 1361 1041 1566 1096; x_wconf 74' lang='lat' dir='ltr'><strong>Hebnei</strong></span> <span class='ocrx_word' id='word_1_34' title='bbox 1599 1042 1738 1095; x_wconf 87' lang='lat' dir='ltr'><strong>hunc</strong></span> <span class='ocrx_word' id='word_1_35' title='bbox 1772 1056 1962 1094; x_wconf 86' lang='lat' dir='ltr'><strong>nume-</strong></span> 
     </span>
    </p>
   </div>
   <div class='ocr_carea' id='block_1_7' title="bbox 397 1133 1962 1203">
    <p class='ocr_par' dir='ltr' id='par_1_7' title="bbox 397 1133 1962 1203">
     <span class='ocr_line' id='line_1_7' title="bbox 397 1133 1962 1203; baseline -0.002 -14"><span class='ocrx_word' id='word_1_36' title='bbox 397 1151 511 1190; x_wconf 89' lang='lat' dir='ltr'><strong>rum</strong></span> <span class='ocrx_word' id='word_1_37' title='bbox 560 1135 628 1187; x_wconf 90' lang='lat' dir='ltr'><strong>ab</strong></span> <span class='ocrx_word' id='word_1_38' title='bbox 653 1133 786 1187; x_wconf 89' lang='lat' dir='ltr'><strong>.loah</strong></span> <span class='ocrx_word' id='word_1_39' title='bbox 833 1134 1108 1188; x_wconf 83' lang='lat' dir='ltr'><strong>inventum</strong></span> <span class='ocrx_word' id='word_1_40' title='bbox 1151 1149 1292 1199; x_wconf 92' lang='lat' dir='ltr'><strong>esse,</strong></span> <span class='ocrx_word' id='word_1_41' title='bbox 1345 1134 1436 1188; x_wconf 89' lang='lat' dir='ltr'><strong>sed</strong></span> <span class='ocrx_word' id='word_1_42' title='bbox 1493 1134 1811 1203; x_wconf 76' lang='lat' dir='ltr'><strong>scriptorem</strong></span> <span class='ocrx_word' id='word_1_43' title='bbox 1864 1148 1962 1186; x_wconf 83' lang='lat' dir='ltr'><strong>no-</strong></span> 
     </span>
    </p>
   </div>
   <div class='ocr_carea' id='block_1_8' title="bbox 395 1224 1966 1296">
    <p class='ocr_par' dir='ltr' id='par_1_8' title="bbox 395 1224 1966 1296">
     <span class='ocr_line' id='line_1_8' title="bbox 395 1224 1966 1296; baseline -0.001 -17"><span class='ocrx_word' id='word_1_44' title='bbox 395 1227 558 1280; x_wconf 87' lang='lat' dir='ltr'><strong>luisse</strong></span> <span class='ocrx_word' id='word_1_45' title='bbox 591 1227 875 1280; x_wconf 85' lang='lat' dir='ltr'><strong>ostendere</strong></span> <span class='ocrx_word' id='word_1_46' title='bbox 927 1226 1032 1280; x_wconf 88' lang='lat' dir='ltr'><strong>nisi</strong></span> <span class='ocrx_word' id='word_1_47' title='bbox 1081 1236 1341 1296; x_wconf 89' lang='lat' dir='ltr'><strong>quantum</strong></span> <span class='ocrx_word' id='word_1_48' title='bbox 1391 1225 1442 1279; x_wconf 92' lang='lat' dir='ltr'><strong>in</strong></span> <span class='ocrx_word' id='word_1_49' title='bbox 1493 1225 1758 1280; x_wconf 81' lang='lat' dir='ltr'><strong>Samuelis</strong></span> <span class='ocrx_word' id='word_1_50' title='bbox 1807 1234 1862 1280; x_wconf 91' lang='lat' dir='ltr'><strong>et</strong></span> <span class='ocrx_word' id='word_1_51' title='bbox 1901 1224 1966 1278; x_wconf 85' lang='lat' dir='ltr'><strong>li-</strong></span> 
     </span>
    </p>
   </div>
   <div class='ocr_carea' id='block_1_9' title="bbox 393 1317 1967 1389">
    <p class='ocr_par' dir='ltr' id='par_1_9' title="bbox 393 1317 1967 1389">
     <span class='ocr_line' id='line_1_9' title="bbox 393 1317 1967 1389; baseline 0.001 -18"><span class='ocrx_word' id='word_1_52' title='bbox 393 1319 491 1372; x_wconf 90' lang='lat' dir='ltr'><strong>bro</strong></span> <span class='ocrx_word' id='word_1_53' title='bbox 546 1317 750 1388; x_wconf 79' lang='lat' dir='ltr'><strong>Regum</strong></span> <span class='ocrx_word' id='word_1_54' title='bbox 799 1318 1075 1383; x_wconf 85' lang='lat' dir='ltr'><strong>scribitur,</strong></span> <span class='ocrx_word' id='word_1_55' title='bbox 1105 1318 1159 1372; x_wconf 90' lang='lat' dir='ltr'><strong>in</strong></span> <span class='ocrx_word' id='word_1_56' title='bbox 1195 1334 1302 1389; x_wconf 84' lang='lat' dir='ltr'><strong>quo</strong></span> <span class='ocrx_word' id='word_1_57' title='bbox 1351 1328 1558 1372; x_wconf 86' lang='lat' dir='ltr'><strong>tantum</strong></span> <span class='ocrx_word' id='word_1_58' title='bbox 1599 1318 1730 1374; x_wconf 60' lang='lat' dir='ltr'><strong>csedi</strong></span> <span class='ocrx_word' id='word_1_59' title='bbox 1787 1332 1967 1388; x_wconf 86' lang='lat' dir='ltr'><strong>super-</strong></span> 
     </span>
    </p>
   </div>
   <div class='ocr_carea' id='block_1_10' title="bbox 394 1409 939 1464">
    <p class='ocr_par' dir='ltr' id='par_1_10' title="bbox 394 1409 939 1464">
     <span class='ocr_line' id='line_1_10' title="bbox 394 1409 939 1464; baseline -0.002 0"><span class='ocrx_word' id='word_1_60' title='bbox 394 1409 546 1464; x_wconf 89' lang='lat' dir='ltr'><strong>stites</strong></span> <span class='ocrx_word' id='word_1_61' title='bbox 571 1413 939 1464; x_wconf 86' lang='lat' dir='ltr'><strong>continentur.</strong></span> 
     </span>
    </p>
   </div>
   <div class='ocr_carea' id='block_1_11' title="bbox 469 1498 1963 1572">
    <p class='ocr_par' dir='ltr' id='par_1_11' title="bbox 469 1498 1963 1572">
     <span class='ocr_line' id='line_1_11' title="bbox 469 1498 1963 1572; baseline 0.001 -20"><span class='ocrx_word' id='word_1_62' title='bbox 469 1498 624 1554; x_wconf 73' lang='lat' dir='ltr'><strong>Vsus.</strong></span> <span class='ocrx_word' id='word_1_63' title='bbox 659 1500 709 1552; x_wconf 86' lang='lat'><strong>7.</strong></span> <span class='ocrx_word' id='word_1_64' title='bbox 748 1531 804 1540; x_wconf 91' lang='lat'><strong><em>—</em></strong></span> <span class='ocrx_word' id='word_1_65' title='bbox 838 1499 906 1553; x_wconf 81' lang='lat' dir='ltr'><strong>Et</strong></span> <span class='ocrx_word' id='word_1_66' title='bbox 929 1501 1202 1570; x_wconf 79' lang='lat' dir='ltr'><strong>percussit.</strong></span> <span class='ocrx_word' id='word_1_67' title='bbox 1250 1499 1476 1556; x_wconf 82' lang='lat' dir='ltr'><strong>Mortem</strong></span> <span class='ocrx_word' id='word_1_68' title='bbox 1506 1499 1639 1555; x_wconf 82' lang='lat' dir='ltr'><strong>dicit</strong></span> <span class='ocrx_word' id='word_1_69' title='bbox 1682 1515 1802 1572; x_wconf 59' lang='lat' dir='ltr'><strong>qua!</strong></span> <span class='ocrx_word' id='word_1_70' title='bbox 1848 1500 1963 1570; x_wconf 89' lang='lat' dir='ltr'><strong>pri-</strong></span> 
     </span>
    </p>
   </div>
   <div class='ocr_carea' id='block_1_12' title="bbox 393 1591 1963 1663">
    <p class='ocr_par' dir='ltr' id='par_1_12' title="bbox 393 1591 1963 1663">
     <span class='ocr_line' id='line_1_12' title="bbox 393 1591 1963 1663; baseline 0.001 -20"><span class='ocrx_word' id='word_1_71' title='bbox 393 1607 537 1644; x_wconf 89' lang='lat' dir='ltr'><strong>mum</strong></span> <span class='ocrx_word' id='word_1_72' title='bbox 569 1607 727 1645; x_wconf 91' lang='lat' dir='ltr'><strong>causa</strong></span> <span class='ocrx_word' id='word_1_73' title='bbox 773 1591 982 1661; x_wconf 87' lang='lat' dir='ltr'><strong>peccati</strong></span> <span class='ocrx_word' id='word_1_74' title='bbox 1035 1592 1180 1646; x_wconf 82' lang='lat' dir='ltr'><strong>venit</strong></span> <span class='ocrx_word' id='word_1_75' title='bbox 1209 1606 1222 1646; x_wconf 89' lang='lat'><strong>:</strong></span> <span class='ocrx_word' id='word_1_76' title='bbox 1264 1593 1378 1647; x_wconf 71' lang='lat' dir='ltr'><strong>haec</strong></span> <span class='ocrx_word' id='word_1_77' title='bbox 1407 1592 1460 1646; x_wconf 91' lang='lat' dir='ltr'><strong>in</strong></span> <span class='ocrx_word' id='word_1_78' title='bbox 1501 1592 1696 1662; x_wconf 89' lang='lat' dir='ltr'><strong>populo</strong></span> <span class='ocrx_word' id='word_1_79' title='bbox 1719 1599 1963 1663; x_wconf 87' lang='lat' dir='ltr'><strong>grassata</strong></span> 
     </span>
    </p>
   </div>
   <div class='ocr_carea' id='block_1_13' title="bbox 390 1683 1964 1755">
    <p class='ocr_par' dir='ltr' id='par_1_13' title="bbox 390 1683 1964 1755">
     <span class='ocr_line' id='line_1_13' title="bbox 390 1683 1964 1755; baseline 0.001 -19"><span class='ocrx_word' id='word_1_80' title='bbox 390 1691 493 1747; x_wconf 91' lang='lat' dir='ltr'><strong>est,</strong></span> <span class='ocrx_word' id='word_1_81' title='bbox 516 1684 642 1752; x_wconf 90' lang='lat' dir='ltr'><strong>quia</strong></span> <span class='ocrx_word' id='word_1_82' title='bbox 663 1698 803 1754; x_wconf 66' lang='lat' dir='ltr'><strong>saepe</strong></span> <span class='ocrx_word' id='word_1_83' title='bbox 849 1698 945 1753; x_wconf 92' lang='lat' dir='ltr'><strong>pro</strong></span> <span class='ocrx_word' id='word_1_84' title='bbox 973 1683 1114 1737; x_wconf 89' lang='lat' dir='ltr'><strong>malo</strong></span> <span class='ocrx_word' id='word_1_85' title='bbox 1162 1683 1338 1755; x_wconf 85' lang='lat' dir='ltr'><strong>gregis</strong></span> <span class='ocrx_word' id='word_1_86' title='bbox 1360 1684 1621 1754; x_wconf 88' lang='lat' dir='ltr'><strong>delinquit</strong></span> <span class='ocrx_word' id='word_1_87' title='bbox 1652 1685 1759 1738; x_wconf 88' lang='lat' dir='ltr'><strong>vita</strong></span> <span class='ocrx_word' id='word_1_88' title='bbox 1787 1693 1964 1754; x_wconf 90' lang='lat' dir='ltr'><strong>pasto-</strong></span> 
     </span>
    </p>
   </div>
   <div class='ocr_carea' id='block_1_14' title="bbox 395 1775 1964 1845">
    <p class='ocr_par' dir='ltr' id='par_1_14' title="bbox 395 1775 1964 1845">
     <span class='ocr_line' id='line_1_14' title="bbox 395 1775 1964 1845; baseline 0.001 -17"><span class='ocrx_word' id='word_1_89' title='bbox 395 1776 485 1829; x_wconf 90' lang='lat' dir='ltr'><strong>ris.</strong></span> <span class='ocrx_word' id='word_1_90' title='bbox 520 1775 752 1830; x_wconf 86' lang='lat' dir='ltr'><strong>Tuinore</strong></span> <span class='ocrx_word' id='word_1_91' title='bbox 777 1775 949 1830; x_wconf 88' lang='lat' dir='ltr'><strong>elatus</strong></span> <span class='ocrx_word' id='word_1_92' title='bbox 973 1775 1159 1839; x_wconf 90' lang='lat' dir='ltr'><strong>David,</strong></span> <span class='ocrx_word' id='word_1_93' title='bbox 1182 1775 1432 1845; x_wconf 88' lang='lat' dir='ltr'><strong>populum</strong></span> <span class='ocrx_word' id='word_1_94' title='bbox 1478 1775 1812 1830; x_wconf 87' lang='lat' dir='ltr'><strong>numerando</strong></span> <span class='ocrx_word' id='word_1_95' title='bbox 1839 1789 1964 1844; x_wconf 90' lang='lat' dir='ltr'><strong>pec-</strong></span> 
     </span>
    </p>
   </div>
   <div class='ocr_carea' id='block_1_15' title="bbox 391 1869 1961 1940">
    <p class='ocr_par' dir='ltr' id='par_1_15' title="bbox 391 1869 1961 1940">
     <span class='ocr_line' id='line_1_15' title="bbox 391 1869 1961 1940; baseline -0.001 -16"><span class='ocrx_word' id='word_1_96' title='bbox 391 1871 553 1930; x_wconf 79' lang='lat' dir='ltr'><strong>cavit.</strong></span> <span class='ocrx_word' id='word_1_97' title='bbox 584 1882 638 1925; x_wconf 88' lang='lat' dir='ltr'><strong>et</strong></span> <span class='ocrx_word' id='word_1_98' title='bbox 661 1869 886 1940; x_wconf 83' lang='lat' dir='ltr'><strong>populus</strong></span> <span class='ocrx_word' id='word_1_99' title='bbox 937 1885 1151 1939; x_wconf 71' lang='lat' dir='ltr'><strong>poenam</strong></span> <span class='ocrx_word' id='word_1_100' title='bbox 1199 1871 1450 1940; x_wconf 81' lang='lat' dir='ltr'><strong>suscepit,</strong></span> <span class='ocrx_word' id='word_1_101' title='bbox 1499 1870 1624 1938; x_wconf 89' lang='lat' dir='ltr'><strong>quia</strong></span> <span class='ocrx_word' id='word_1_102' title='bbox 1669 1869 1961 1925; x_wconf 90' lang='lat' dir='ltr'><strong>secundum</strong></span> 
     </span>
    </p>
   </div>
   <div class='ocr_carea' id='block_1_16' title="bbox 1341 490 2633 550">
    <p class='ocr_par' dir='ltr' id='par_1_16' title="bbox 1341 490 2633 550">
     <span class='ocr_line' id='line_1_16' title="bbox 1341 490 2633 550; baseline 0.002 -4"><span class='ocrx_word' id='word_1_103' title='bbox 1341 490 1607 549; x_wconf 79' lang='lat' dir='ltr'><strong>GLOSSA</strong></span> <span class='ocrx_word' id='word_1_104' title='bbox 1645 490 2040 550; x_wconf 74' lang='lat' dir='ltr'><strong>0RDINARIA.</strong></span> <span class='ocrx_word' id='word_1_105' title='bbox 2079 522 2148 533; x_wconf 87' lang='lat'><strong>—-</strong></span> <span class='ocrx_word' id='word_1_106' title='bbox 2181 492 2308 547; x_wconf 86' lang='lat' dir='ltr'><strong>LIB.</strong></span> <span class='ocrx_word' id='word_1_107' title='bbox 2351 493 2369 546; x_wconf 96' lang='lat' dir='ltr'><strong>I</strong></span> <span class='ocrx_word' id='word_1_108' title='bbox 2407 492 2633 548; x_wconf 78' lang='lat' dir='ltr'><strong>PARAL</strong></span> 
     </span>
    </p>
   </div>
   <div class='ocr_carea' id='block_1_17' title="bbox 1994 605 3616 683">
    <p class='ocr_par' dir='ltr' id='par_1_17' title="bbox 1994 605 3616 683">
     <span class='ocr_line' id='line_1_17' title="bbox 1994 605 3616 683; baseline 0.004 -22"><span class='ocrx_word' id='word_1_109' title='bbox 1994 617 2043 676; x_wconf 71' lang='grc' dir='ltr'><strong>Α</strong></span> <span class='ocrx_word' id='word_1_110' title='bbox 2145 607 2309 662; x_wconf 71' lang='lat' dir='ltr'><strong>Vnus.</strong></span> <span class='ocrx_word' id='word_1_111' title='bbox 2327 609 2380 664; x_wconf 79' lang='lat'><strong>3.</strong></span> <span class='ocrx_word' id='word_1_112' title='bbox 2403 605 2732 663; x_wconf 82' lang='lat' dir='ltr'><strong>—Ferrum.</strong></span> <span class='ocrx_word' id='word_1_113' title='bbox 2751 607 2897 662; x_wconf 86' lang='lat' dir='ltr'><strong>Fidei</strong></span> <span class='ocrx_word' id='word_1_114' title='bbox 2913 606 3221 664; x_wconf 86' lang='lat' dir='ltr'><strong>ﬁrmitatem</strong></span> <span class='ocrx_word' id='word_1_115' title='bbox 3237 611 3407 665; x_wconf 79' lang='lat' dir='ltr'><strong>sacris</strong></span> <span class='ocrx_word' id='word_1_116' title='bbox 3425 611 3616 683; x_wconf 87' lang='lat' dir='ltr'><strong>dogma</strong></span> 
     </span>
    </p>
   </div>
   <div class='ocr_carea' id='block_1_18' title="bbox 3541 501 3643 555">
    <p class='ocr_par' dir='ltr' id='par_1_18' title="bbox 3541 501 3643 555">
     <span class='ocr_line' id='line_1_18' title="bbox 3541 501 3643 555; baseline 0 0"><span class='ocrx_word' id='word_1_117' title='bbox 3541 501 3643 555; x_wconf 73' lang='lat'><strong>658</strong></span> 
     </span>
    </p>
   </div>
   <div class='ocr_carea' id='block_1_19' title="bbox 2068 698 3642 778">
    <p class='ocr_par' dir='ltr' id='par_1_19' title="bbox 2068 698 3642 778">
     <span class='ocr_line' id='line_1_19' title="bbox 2068 698 3642 778; baseline 0.004 -24"><span class='ocrx_word' id='word_1_118' title='bbox 2068 699 2212 755; x_wconf 85' lang='lat' dir='ltr'><strong>tibus</strong></span> <span class='ocrx_word' id='word_1_119' title='bbox 2260 700 2551 766; x_wconf 83' lang='lat' dir='ltr'><strong>ordinavit,</strong></span> <span class='ocrx_word' id='word_1_120' title='bbox 2581 709 2640 754; x_wconf 90' lang='lat' dir='ltr'><strong>ut</strong></span> <span class='ocrx_word' id='word_1_121' title='bbox 2695 700 2959 778; x_wconf 86' lang='lat' dir='ltr'><strong>intrantes</strong></span> <span class='ocrx_word' id='word_1_122' title='bbox 2987 699 3039 754; x_wconf 91' lang='lat' dir='ltr'><strong>in</strong></span> <span class='ocrx_word' id='word_1_123' title='bbox 3089 698 3388 756; x_wconf 89' lang='lat' dir='ltr'><strong>Ecclesiam</strong></span> <span class='ocrx_word' id='word_1_124' title='bbox 3431 703 3642 762; x_wconf 87' lang='lat' dir='ltr'><strong>timoris</strong></span> 
     </span>
    </p>
   </div>
   <div class='ocr_carea' id='block_1_20' title="bbox 2067 791 3643 862">
    <p class='ocr_par' dir='ltr' id='par_1_20' title="bbox 2067 791 3643 862">
     <span class='ocr_line' id='line_1_20' title="bbox 2067 791 3643 862; baseline 0.005 -18"><span class='ocrx_word' id='word_1_125' title='bbox 2067 791 2268 846; x_wconf 89' lang='lat' dir='ltr'><strong>aculeis</strong></span> <span class='ocrx_word' id='word_1_126' title='bbox 2289 792 2702 862; x_wconf 80' lang='lat' dir='ltr'><strong>conﬁgerentur,</strong></span> <span class='ocrx_word' id='word_1_127' title='bbox 2729 799 2784 846; x_wconf 90' lang='lat' dir='ltr'><strong>et</strong></span> <span class='ocrx_word' id='word_1_128' title='bbox 2803 791 2882 846; x_wconf 90' lang='lat' dir='ltr'><strong>sic</strong></span> <span class='ocrx_word' id='word_1_129' title='bbox 2911 805 3006 860; x_wconf 86' lang='lat' dir='ltr'><strong>per</strong></span> <span class='ocrx_word' id='word_1_130' title='bbox 3032 791 3334 848; x_wconf 89' lang='lat' dir='ltr'><strong>dilectionis</strong></span> <span class='ocrx_word' id='word_1_131' title='bbox 3355 803 3410 848; x_wconf 93' lang='lat' dir='ltr'><strong>et</strong></span> <span class='ocrx_word' id='word_1_132' title='bbox 3469 797 3643 852; x_wconf 53' lang='lat' dir='ltr'><strong>socie.</strong></span> 
     </span>
    </p>
   </div>
   <div class='ocr_carea' id='block_1_21' title="bbox 2067 883 3643 956">
    <p class='ocr_par' dir='ltr' id='par_1_21' title="bbox 2067 883 3643 956">
     <span class='ocr_line' id='line_1_21' title="bbox 2067 883 3643 956; baseline 0.001 -17"><span class='ocrx_word' id='word_1_133' title='bbox 2067 885 2193 939; x_wconf 90' lang='lat' dir='ltr'><strong>tatis</strong></span> <span class='ocrx_word' id='word_1_134' title='bbox 2215 885 2372 938; x_wconf 87' lang='lat' dir='ltr'><strong>ﬁdem</strong></span> <span class='ocrx_word' id='word_1_135' title='bbox 2404 895 2586 938; x_wconf 91' lang='lat' dir='ltr'><strong>mutuo</strong></span> <span class='ocrx_word' id='word_1_136' title='bbox 2617 892 2981 938; x_wconf 89' lang='lat' dir='ltr'><strong>necterentur.</strong></span> <span class='ocrx_word' id='word_1_137' title='bbox 3011 883 3163 939; x_wconf 87' lang='lat' dir='ltr'><strong>Ilnde</strong></span> <span class='ocrx_word' id='word_1_138' title='bbox 3201 903 3213 938; x_wconf 92' lang='lat'><strong>:</strong></span> <span class='ocrx_word' id='word_1_139' title='bbox 3255 885 3643 956; x_wconf 80' lang='lat' dir='ltr'><strong>Conﬁgetimo—</strong></span> 
     </span>
    </p>
   </div>
   <div class='ocr_carea' id='block_1_22' title="bbox 2068 977 3636 1050">
    <p class='ocr_par' dir='ltr' id='par_1_22' title="bbox 2068 977 3636 1050">
     <span class='ocr_line' id='line_1_22' title="bbox 2068 977 3636 1050; baseline 0 -17"><span class='ocrx_word' id='word_1_140' title='bbox 2068 995 2122 1034; x_wconf 88' lang='lat' dir='ltr'><strong>re</strong></span> <span class='ocrx_word' id='word_1_141' title='bbox 2140 990 2228 1032; x_wconf 88' lang='lat' dir='ltr'><strong>tuo</strong></span> <span class='ocrx_word' id='word_1_142' title='bbox 2250 995 2431 1032; x_wconf 87' lang='lat' dir='ltr'><strong>carnes</strong></span> <span class='ocrx_word' id='word_1_143' title='bbox 2456 996 2597 1032; x_wconf 88' lang='lat' dir='ltr'><strong>meas</strong></span> <span class='ocrx_word' id='word_1_144' title='bbox 2621 977 3015 1050; x_wconf 79' lang='lat' dir='ltr'><strong>(Psal.cxvm).</strong></span> <span class='ocrx_word' id='word_1_145' title='bbox 3040 979 3104 1032; x_wconf 89' lang='lat' dir='ltr'><strong>Et</strong></span> <span class='ocrx_word' id='word_1_146' title='bbox 3126 979 3250 1034; x_wconf 87' lang='lat' dir='ltr'><strong>alibi</strong></span> <span class='ocrx_word' id='word_1_147' title='bbox 3285 997 3297 1033; x_wconf 92' lang='lat'>:</span> <span class='ocrx_word' id='word_1_148' title='bbox 3321 979 3636 1046; x_wconf 82' lang='lat' dir='ltr'><strong>Jerusalem,</strong></span> 
     </span>
    </p>
   </div>
   <div class='ocr_carea' id='block_1_23' title="bbox 2063 1068 3634 1140">
    <p class='ocr_par' dir='ltr' id='par_1_23' title="bbox 2063 1068 3634 1140">
     <span class='ocr_line' id='line_1_23' title="bbox 2063 1068 3634 1140; baseline 0.002 -19"><span class='ocrx_word' id='word_1_149' title='bbox 2063 1085 2181 1139; x_wconf 67' lang='lat' dir='ltr'><strong>quia</strong></span> <span class='ocrx_word' id='word_1_150' title='bbox 2208 1068 2501 1136; x_wconf 68' lang='lat' dir='ltr'><strong>azdi/icatur</strong></span> <span class='ocrx_word' id='word_1_151' title='bbox 2528 1078 2582 1122; x_wconf 89' lang='lat' dir='ltr'><strong>ut</strong></span> <span class='ocrx_word' id='word_1_152' title='bbox 2613 1069 2793 1122; x_wconf 84' lang='lat' dir='ltr'><strong>civitas</strong></span> <span class='ocrx_word' id='word_1_153' title='bbox 2815 1070 2966 1139; x_wconf 84' lang='lat' dir='ltr'><strong>cujus</strong></span> <span class='ocrx_word' id='word_1_154' title='bbox 2987 1071 3315 1140; x_wconf 85' lang='lat' dir='ltr'><strong>participatio</strong></span> <span class='ocrx_word' id='word_1_155' title='bbox 3367 1070 3502 1137; x_wconf 85' lang='lat' dir='ltr'><strong>eius,</strong></span> <span class='ocrx_word' id='word_1_156' title='bbox 3529 1081 3634 1126; x_wconf 92' lang='lat' dir='ltr'><strong>etc.</strong></span> 
     </span>
    </p>
   </div>
   <div class='ocr_carea' id='block_1_24' title="bbox 2065 1158 2448 1231">
    <p class='ocr_par' dir='ltr' id='par_1_24' title="bbox 2065 1158 2448 1231">
     <span class='ocr_line' id='line_1_24' title="bbox 2065 1158 2448 1231; baseline 0.005 -19"><span class='ocrx_word' id='word_1_157' title='bbox 2065 1158 2227 1231; x_wconf 95' lang='lat' dir='ltr'><strong>(Ibid.</strong></span> <span class='ocrx_word' id='word_1_158' title='bbox 2261 1159 2448 1231; x_wconf 75' lang='lat' dir='ltr'><strong>cxxn).</strong></span> 
     </span>
    </p>
   </div>
   <div class='ocr_carea' id='block_1_25' title="bbox 2136 1248 3638 1321">
    <p class='ocr_par' dir='ltr' id='par_1_25' title="bbox 2136 1248 3638 1321">
     <span class='ocr_line' id='line_1_25' title="bbox 2136 1248 3638 1321; baseline 0.003 -19"><span class='ocrx_word' id='word_1_159' title='bbox 2136 1248 2306 1304; x_wconf 69' lang='lat' dir='ltr'><strong>AE&#39;ris.</strong></span> <span class='ocrx_word' id='word_1_160' title='bbox 2335 1250 2620 1306; x_wconf 78' lang='lat' dir='ltr'><strong>Lectiones</strong></span> <span class='ocrx_word' id='word_1_161' title='bbox 2651 1265 2873 1305; x_wconf 90' lang='lat' dir='ltr'><strong>sonoras</strong></span> <span class='ocrx_word' id='word_1_162' title='bbox 2892 1261 2947 1304; x_wconf 89' lang='lat' dir='ltr'><strong>et</strong></span> <span class='ocrx_word' id='word_1_163' title='bbox 2969 1249 3176 1306; x_wconf 88' lang='lat' dir='ltr'><strong>cantica</strong></span> <span class='ocrx_word' id='word_1_164' title='bbox 3198 1249 3495 1321; x_wconf 80' lang='lat' dir='ltr'><strong>Spiritnalia</strong></span> <span class='ocrx_word' id='word_1_165' title='bbox 3520 1267 3638 1320; x_wconf 79' lang='lat' dir='ltr'><strong>quae</strong></span> 
     </span>
    </p>
   </div>
   <div class='ocr_carea' id='block_1_26' title="bbox 2064 1329 3637 1398">
    <p class='ocr_par' dir='ltr' id='par_1_26' title="bbox 2064 1329 3637 1398">
     <span class='ocr_line' id='line_1_26' title="bbox 2064 1329 3637 1398; baseline -0.001 0"><span class='ocrx_word' id='word_1_166' title='bbox 2064 1344 2237 1398; x_wconf 87' lang='lat' dir='ltr'><strong>sancti</strong></span> <span class='ocrx_word' id='word_1_167' title='bbox 2267 1343 2454 1398; x_wconf 90' lang='lat' dir='ltr'><strong>Patres</strong></span> <span class='ocrx_word' id='word_1_168' title='bbox 2477 1344 2543 1397; x_wconf 89' lang='lat' dir='ltr'><strong>ad</strong></span> <span class='ocrx_word' id='word_1_169' title='bbox 2571 1329 2974 1398; x_wconf 87' lang='lat' dir='ltr'><strong>instructionem</strong></span> <span class='ocrx_word' id='word_1_170' title='bbox 2999 1342 3250 1398; x_wconf 75' lang='lat' dir='ltr'><strong>Ecclesia:</strong></span> <span class='ocrx_word' id='word_1_171' title='bbox 3272 1342 3486 1397; x_wconf 88' lang='lat' dir='ltr'><strong>Christo</strong></span> <span class='ocrx_word' id='word_1_172' title='bbox 3512 1357 3637 1397; x_wconf 89' lang='lat' dir='ltr'><strong>vero</strong></span> 
     </span>
    </p>
   </div>
   <div class='ocr_carea' id='block_1_27' title="bbox 2063 1435 3157 1506">
    <p class='ocr_par' dir='ltr' id='par_1_27' title="bbox 2063 1435 3157 1506">
     <span class='ocr_line' id='line_1_27' title="bbox 2063 1435 3157 1506; baseline 0.002 -17"><span class='ocrx_word' id='word_1_173' title='bbox 2063 1435 2290 1506; x_wconf 87' lang='lat' dir='ltr'><strong>paciﬁco</strong></span> <span class='ocrx_word' id='word_1_174' title='bbox 2313 1444 2702 1505; x_wconf 76' lang='lat' dir='ltr'><strong>praepararant.</strong></span> <span class='ocrx_word' id='word_1_175' title='bbox 3153 1491 3157 1496; x_wconf 79' lang='grc'>,</span> 
     </span>
    </p>
   </div>
   <div class='ocr_carea' id='block_1_28' title="bbox 2137 1525 3634 1599">
    <p class='ocr_par' dir='ltr' id='par_1_28' title="bbox 2137 1525 3634 1599">
     <span class='ocr_line' id='line_1_28' title="bbox 2137 1525 3634 1599; baseline 0.001 -18"><span class='ocrx_word' id='word_1_176' title='bbox 2137 1525 2299 1582; x_wconf 75' lang='lat' dir='ltr'><strong>Vens.</strong></span> <span class='ocrx_word' id='word_1_177' title='bbox 2323 1528 2377 1581; x_wconf 67' lang='grc'><strong>4.</strong></span> <span class='ocrx_word' id='word_1_178' title='bbox 2411 1558 2481 1568; x_wconf 91' lang='grc'><strong><em>--</em></strong></span> <span class='ocrx_word' id='word_1_179' title='bbox 2504 1527 2668 1598; x_wconf 88' lang='lat' dir='ltr'><strong>Ligna</strong></span> <span class='ocrx_word' id='word_1_180' title='bbox 2691 1545 2910 1599; x_wconf 82' lang='lat' dir='ltr'><strong>quoque.</strong></span> <span class='ocrx_word' id='word_1_181' title='bbox 2937 1527 3095 1583; x_wconf 92' lang='lat' dir='ltr'><strong>Viros</strong></span> <span class='ocrx_word' id='word_1_182' title='bbox 3118 1527 3407 1582; x_wconf 80' lang='lat' dir='ltr'><strong>virtutibus</strong></span> <span class='ocrx_word' id='word_1_183' title='bbox 3433 1527 3634 1594; x_wconf 90' lang='lat' dir='ltr'><strong>claros,</strong></span> 
     </span>
    </p>
   </div>
   <div class='ocr_carea' id='block_1_29' title="bbox 2064 1605 3640 1694">
    <p class='ocr_par' dir='ltr' id='par_1_29' title="bbox 2064 1605 3640 1694">
     <span class='ocr_line' id='line_1_29' title="bbox 2064 1605 3640 1694; baseline -0.002 -18"><span class='ocrx_word' id='word_1_184' title='bbox 2064 1637 2198 1694; x_wconf 89' lang='lat' dir='ltr'><strong>quos</strong></span> <span class='ocrx_word' id='word_1_185' title='bbox 2215 1622 2280 1676; x_wconf 90' lang='lat' dir='ltr'><strong>ad</strong></span> <span class='ocrx_word' id='word_1_186' title='bbox 2299 1621 2603 1691; x_wconf 78' lang='lat' dir='ltr'><strong>exemplum</strong></span> <span class='ocrx_word' id='word_1_187' title='bbox 2625 1605 2996 1677; x_wconf 78' lang='lat' dir='ltr'><strong>instruxerunt</strong></span> <span class='ocrx_word' id='word_1_188' title='bbox 3013 1621 3093 1676; x_wconf 93' lang='lat' dir='ltr'><strong>vel</strong></span> <span class='ocrx_word' id='word_1_189' title='bbox 3115 1621 3396 1690; x_wconf 88' lang='lat' dir='ltr'><strong>scripturis</strong></span> <span class='ocrx_word' id='word_1_190' title='bbox 3416 1621 3527 1675; x_wconf 90' lang='lat' dir='ltr'><strong>suis</strong></span> <span class='ocrx_word' id='word_1_191' title='bbox 3557 1620 3640 1674; x_wconf 82' lang='lat' dir='ltr'><strong>in-</strong></span> 
     </span>
    </p>
   </div>
   <div class='ocr_carea' id='block_1_30' title="bbox 2062 1722 2368 1770">
    <p class='ocr_par' dir='ltr' id='par_1_30' title="bbox 2062 1722 2368 1770">
     <span class='ocr_line' id='line_1_30' title="bbox 2062 1722 2368 1770; baseline -0.013 0"><span class='ocrx_word' id='word_1_192' title='bbox 2062 1722 2368 1770; x_wconf 72' lang='lat' dir='ltr'><strong>SCI&#39;IICI&#39;IIIII.</strong></span> 
     </span>
    </p>
   </div>
   <div class='ocr_carea' id='block_1_31' title="bbox 2135 1801 3610 1874">
    <p class='ocr_par' dir='ltr' id='par_1_31' title="bbox 2135 1801 3610 1874">
     <span class='ocr_line' id='line_1_31' title="bbox 2135 1801 3610 1874; baseline -0.001 -14"><span class='ocrx_word' id='word_1_193' title='bbox 2135 1805 2342 1861; x_wconf 81' lang='lat' dir='ltr'><strong>Sidonii</strong></span> <span class='ocrx_word' id='word_1_194' title='bbox 2363 1812 2410 1859; x_wconf 86' lang='lat' dir='ltr'><strong>et</strong></span> <span class='ocrx_word' id='word_1_195' title='bbox 2433 1803 2597 1874; x_wconf 80' lang='lat' dir='ltr'><strong>Tyrii.</strong></span> <span class='ocrx_word' id='word_1_196' title='bbox 2621 1802 2756 1870; x_wconf 89' lang='lat' dir='ltr'><strong>Quia</strong></span> <span class='ocrx_word' id='word_1_197' title='bbox 2777 1817 2874 1872; x_wconf 90' lang='lat' dir='ltr'><strong>per</strong></span> <span class='ocrx_word' id='word_1_198' title='bbox 2893 1801 3293 1874; x_wconf 73' lang='lat' dir='ltr'><strong>prmdicatores,</strong></span> <span class='ocrx_word' id='word_1_199' title='bbox 3315 1804 3404 1872; x_wconf 89' lang='lat' dir='ltr'><strong>qui</strong></span> <span class='ocrx_word' id='word_1_200' title='bbox 3423 1804 3490 1860; x_wconf 79' lang='lat' dir='ltr'><strong>de</strong></span> <span class='ocrx_word' id='word_1_201' title='bbox 3511 1818 3610 1874; x_wconf 78' lang='lat' dir='ltr'><strong>gen</strong></span> 
     </span>
    </p>
   </div>
   <div class='ocr_carea' id='block_1_32' title="bbox 2063 1894 3637 1965">
    <p class='ocr_par' dir='ltr' id='par_1_32' title="bbox 2063 1894 3637 1965">
     <span class='ocr_line' id='line_1_32' title="bbox 2063 1894 3637 1965; baseline -0.003 -13"><span class='ocrx_word' id='word_1_202' title='bbox 2063 1899 2206 1954; x_wconf 87' lang='lat' dir='ltr'><strong>tibus</strong></span> <span class='ocrx_word' id='word_1_203' title='bbox 2229 1898 2384 1954; x_wconf 91' lang='lat' dir='ltr'><strong>electi</strong></span> <span class='ocrx_word' id='word_1_204' title='bbox 2405 1907 2547 1963; x_wconf 92' lang='lat' dir='ltr'><strong>sunt,</strong></span> <span class='ocrx_word' id='word_1_205' title='bbox 2581 1897 2713 1952; x_wconf 85' lang='lat' dir='ltr'><strong>tales</strong></span> <span class='ocrx_word' id='word_1_206' title='bbox 2743 1896 2843 1950; x_wconf 88' lang='lat' dir='ltr'><strong>viri</strong></span> <span class='ocrx_word' id='word_1_207' title='bbox 2870 1896 2938 1950; x_wconf 89' lang='lat' dir='ltr'><strong>ad</strong></span> <span class='ocrx_word' id='word_1_208' title='bbox 2971 1896 3216 1950; x_wconf 86' lang='lat' dir='ltr'><strong>notitiam</strong></span> <span class='ocrx_word' id='word_1_209' title='bbox 3242 1894 3494 1950; x_wconf 76' lang='lat' dir='ltr'><strong>Ecclesia:</strong></span> <span class='ocrx_word' id='word_1_210' title='bbox 3516 1910 3637 1965; x_wconf 45' lang='lat' dir='ltr'><strong>per-</strong></span> 
     </span>
    </p>
   </div>
   <div class='ocr_carea' id='block_1_33' title="bbox 393 1955 2344 2050">
    <p class='ocr_par' dir='ltr' id='par_1_33' title="bbox 393 1955 2344 2050">
     <span class='ocr_line' id='line_1_33' title="bbox 393 1955 2344 2050; baseline 0.003 -36"><span class='ocrx_word' id='word_1_211' title='bbox 393 1961 579 2014; x_wconf 85' lang='lat' dir='ltr'><strong>merita</strong></span> <span class='ocrx_word' id='word_1_212' title='bbox 627 1959 858 2030; x_wconf 90' lang='lat' dir='ltr'><strong>plebium</strong></span> <span class='ocrx_word' id='word_1_213' title='bbox 901 1961 1256 2030; x_wconf 89' lang='lat' dir='ltr'><strong>disponuntur</strong></span> <span class='ocrx_word' id='word_1_214' title='bbox 1307 1960 1469 2014; x_wconf 90' lang='lat' dir='ltr'><strong>corda</strong></span> <span class='ocrx_word' id='word_1_215' title='bbox 1506 1967 1796 2014; x_wconf 89' lang='lat' dir='ltr'><strong>rectorum.</strong></span> <span class='ocrx_word' id='word_1_216' title='bbox 1866 1955 1960 2012; x_wconf 71' lang='grc' dir='ltr'><strong>ιιι·</strong></span> <span class='ocrx_word' id='word_1_217' title='bbox 1989 1992 2038 2050; x_wconf 80' lang='grc' dir='ltr'><strong>Β</strong></span> <span class='ocrx_word' id='word_1_218' title='bbox 2063 2000 2344 2048; x_wconf 51' lang='lat' dir='ltr'><strong>venerum.</strong></span> 
     </span>
    </p>
   </div>
   <div class='ocr_carea' id='block_1_34' title="bbox 392 2051 1964 2122">
    <p class='ocr_par' dir='ltr' id='par_1_34' title="bbox 392 2051 1964 2122">
     <span class='ocr_line' id='line_1_34' title="bbox 392 2051 1964 2122; baseline 0 -18"><span class='ocrx_word' id='word_1_219' title='bbox 392 2061 507 2106; x_wconf 87' lang='lat' dir='ltr'><strong>stus</strong></span> <span class='ocrx_word' id='word_1_220' title='bbox 530 2051 834 2118; x_wconf 82' lang='lat' dir='ltr'><strong>verojudex</strong></span> <span class='ocrx_word' id='word_1_221' title='bbox 898 2068 964 2107; x_wconf 77' lang='lat' dir='ltr'><strong>ex</strong></span> <span class='ocrx_word' id='word_1_222' title='bbox 1000 2055 1237 2122; x_wconf 88' lang='lat' dir='ltr'><strong>ipsorum</strong></span> <span class='ocrx_word' id='word_1_223' title='bbox 1285 2052 1750 2107; x_wconf 82' lang='lat' dir='ltr'><strong>animadversione</strong></span> <span class='ocrx_word' id='word_1_224' title='bbox 1794 2051 1964 2105; x_wconf 91' lang='lat' dir='ltr'><strong>corri-</strong></span> 
     </span>
    </p>
   </div>
   <div class='ocr_carea' id='block_1_35' title="bbox 393 2141 1959 2212">
    <p class='ocr_par' dir='ltr' id='par_1_35' title="bbox 393 2141 1959 2212">
     <span class='ocr_line' id='line_1_35' title="bbox 393 2141 1959 2212; baseline -0.001 -17"><span class='ocrx_word' id='word_1_225' title='bbox 393 2142 506 2210; x_wconf 89' lang='lat' dir='ltr'><strong>puit</strong></span> <span class='ocrx_word' id='word_1_226' title='bbox 533 2143 809 2212; x_wconf 91' lang='lat' dir='ltr'><strong>peccantis</strong></span> <span class='ocrx_word' id='word_1_227' title='bbox 842 2142 1055 2207; x_wconf 84' lang='lat' dir='ltr'><strong>vitium,</strong></span> <span class='ocrx_word' id='word_1_228' title='bbox 1114 2157 1178 2197; x_wconf 81' lang='lat' dir='ltr'><strong>ex</strong></span> <span class='ocrx_word' id='word_1_229' title='bbox 1225 2158 1452 2212; x_wconf 90' lang='lat' dir='ltr'><strong>quorum</strong></span> <span class='ocrx_word' id='word_1_230' title='bbox 1489 2157 1653 2197; x_wconf 89' lang='lat' dir='ltr'><strong>causa</strong></span> <span class='ocrx_word' id='word_1_231' title='bbox 1696 2141 1959 2212; x_wconf 87' lang='lat' dir='ltr'><strong>peccavit.</strong></span> 
     </span>
    </p>
   </div>
   <div class='ocr_carea' id='block_1_36' title="bbox 393 2231 1965 2306">
    <p class='ocr_par' dir='ltr' id='par_1_36' title="bbox 393 2231 1965 2306">
     <span class='ocr_line' id='line_1_36' title="bbox 393 2231 1965 2306; baseline 0.002 -18"><span class='ocrx_word' id='word_1_232' title='bbox 393 2231 499 2288; x_wconf 86' lang='lat' dir='ltr'><strong>Sed</strong></span> <span class='ocrx_word' id='word_1_233' title='bbox 531 2239 657 2304; x_wconf 88' lang='lat' dir='ltr'><strong>quia</strong></span> <span class='ocrx_word' id='word_1_234' title='bbox 701 2236 976 2291; x_wconf 86' lang='lat' dir='ltr'><strong>voluntate</strong></span> <span class='ocrx_word' id='word_1_235' title='bbox 1000 2252 1095 2290; x_wconf 88' lang='lat' dir='ltr'><strong>sua</strong></span> <span class='ocrx_word' id='word_1_236' title='bbox 1159 2236 1477 2306; x_wconf 89' lang='lat' dir='ltr'><strong>superbiens</strong></span> <span class='ocrx_word' id='word_1_237' title='bbox 1502 2251 1532 2290; x_wconf 89' lang='lat' dir='ltr'><strong>a</strong></span> <span class='ocrx_word' id='word_1_238' title='bbox 1562 2235 1716 2306; x_wconf 88' lang='lat' dir='ltr'><strong>culpa</strong></span> <span class='ocrx_word' id='word_1_239' title='bbox 1757 2236 1965 2291; x_wconf 88' lang='lat' dir='ltr'><strong>alienus</strong></span> 
     </span>
    </p>
   </div>
   <div class='ocr_carea' id='block_1_37' title="bbox 393 2325 1965 2398">
    <p class='ocr_par' dir='ltr' id='par_1_37' title="bbox 393 2325 1965 2398">
     <span class='ocr_line' id='line_1_37' title="bbox 393 2325 1965 2398; baseline 0.001 -18"><span class='ocrx_word' id='word_1_240' title='bbox 393 2343 496 2380; x_wconf 88' lang='lat' dir='ltr'><strong>non</strong></span> <span class='ocrx_word' id='word_1_241' title='bbox 531 2325 650 2390; x_wconf 89' lang='lat' dir='ltr'><strong>fuit,</strong></span> <span class='ocrx_word' id='word_1_242' title='bbox 699 2327 990 2384; x_wconf 74' lang='lat' dir='ltr'><strong>vindictam</strong></span> <span class='ocrx_word' id='word_1_243' title='bbox 1023 2329 1192 2398; x_wconf 70' lang='lat' dir='ltr'><strong>culpae</strong></span> <span class='ocrx_word' id='word_1_244' title='bbox 1219 2329 1484 2397; x_wconf 87' lang='lat' dir='ltr'><strong>suscepit;</strong></span> <span class='ocrx_word' id='word_1_245' title='bbox 1535 2328 1610 2382; x_wconf 88' lang='lat' dir='ltr'><strong>ita</strong></span> <span class='ocrx_word' id='word_1_246' title='bbox 1654 2327 1800 2382; x_wconf 91' lang='lat' dir='ltr'><strong>enim</strong></span> <span class='ocrx_word' id='word_1_247' title='bbox 1846 2343 1965 2396; x_wconf 70' lang='lat' dir='ltr'><strong>qua:</strong></span> 
     </span>
    </p>
   </div>
   <div class='ocr_carea' id='block_1_38' title="bbox 391 2419 1966 2492">
    <p class='ocr_par' dir='ltr' id='par_1_38' title="bbox 391 2419 1966 2492">
     <span class='ocr_line' id='line_1_38' title="bbox 391 2419 1966 2492; baseline 0.001 -19"><span class='ocrx_word' id='word_1_248' title='bbox 391 2419 746 2488; x_wconf 85' lang='lat' dir='ltr'><strong>corporaliter</strong></span> <span class='ocrx_word' id='word_1_249' title='bbox 792 2420 1044 2492; x_wconf 90' lang='lat' dir='ltr'><strong>populum</strong></span> <span class='ocrx_word' id='word_1_250' title='bbox 1069 2421 1322 2491; x_wconf 89' lang='lat' dir='ltr'><strong>percutit,</strong></span> <span class='ocrx_word' id='word_1_251' title='bbox 1355 2429 1622 2476; x_wconf 89' lang='lat' dir='ltr'><strong>rectorem</strong></span> <span class='ocrx_word' id='word_1_252' title='bbox 1664 2420 1845 2476; x_wconf 88' lang='lat' dir='ltr'><strong>cordis</strong></span> <span class='ocrx_word' id='word_1_253' title='bbox 1871 2420 1966 2475; x_wconf 81' lang='lat' dir='ltr'><strong>do-</strong></span> 
     </span>
    </p>
   </div>
   <div class='ocr_carea' id='block_1_39' title="bbox 392 2506 920 2578">
    <p class='ocr_par' dir='ltr' id='par_1_39' title="bbox 392 2506 920 2578">
     <span class='ocr_line' id='line_1_39' title="bbox 392 2506 920 2578; baseline 0.009 -18"><span class='ocrx_word' id='word_1_254' title='bbox 392 2506 504 2562; x_wconf 86' lang='lat' dir='ltr'><strong>lore</strong></span> <span class='ocrx_word' id='word_1_255' title='bbox 537 2510 846 2578; x_wconf 84' lang='lat' dir='ltr'><strong>prostravit.</strong></span> <span class='ocrx_word' id='word_1_256' title='bbox 917 2507 920 2511; x_wconf 76' lang='grc'>’</span> 
     </span>
    </p>
   </div>
   <div class='ocr_carea' id='block_1_40' title="bbox 421 2598 1969 2672">
    <p class='ocr_par' dir='ltr' id='par_1_40' title="bbox 421 2598 1969 2672">
     <span class='ocr_line' id='line_1_40' title="bbox 421 2598 1969 2672; baseline 0.003 -20"><span class='ocrx_word' id='word_1_257' title='bbox 421 2643 426 2646; x_wconf 96' lang='grc'>.</span> <span class='ocrx_word' id='word_1_258' title='bbox 463 2598 680 2653; x_wconf 80' lang='lat' dir='ltr'><strong>Peccavi</strong></span> <span class='ocrx_word' id='word_1_259' title='bbox 709 2601 886 2667; x_wconf 89' lang='lat' dir='ltr'><strong>nimis,</strong></span> <span class='ocrx_word' id='word_1_260' title='bbox 908 2610 1012 2657; x_wconf 91' lang='lat' dir='ltr'><strong>etc.</strong></span> <span class='ocrx_word' id='word_1_261' title='bbox 1057 2599 1114 2656; x_wconf 93' lang='lat' dir='ltr'><strong>In</strong></span> <span class='ocrx_word' id='word_1_262' title='bbox 1146 2600 1349 2672; x_wconf 80' lang='lat' dir='ltr'><strong>Regum</strong></span> <span class='ocrx_word' id='word_1_263' title='bbox 1402 2600 1539 2656; x_wconf 91' lang='lat' dir='ltr'><strong>libro</strong></span> <span class='ocrx_word' id='word_1_264' title='bbox 1569 2601 1663 2667; x_wconf 89' lang='lat' dir='ltr'><strong>ita,</strong></span> <span class='ocrx_word' id='word_1_265' title='bbox 1719 2609 1852 2667; x_wconf 90' lang='lat' dir='ltr'><strong>etc.,</strong></span> <span class='ocrx_word' id='word_1_266' title='bbox 1884 2619 1969 2656; x_wconf 88' lang='lat' dir='ltr'><strong>us-</strong></span> 
     </span>
    </p>
   </div>
   <div class='ocr_carea' id='block_1_41' title="bbox 389 2690 1960 2764">
    <p class='ocr_par' dir='ltr' id='par_1_41' title="bbox 389 2690 1960 2764">
     <span class='ocr_line' id='line_1_41' title="bbox 389 2690 1960 2764; baseline 0.001 -20"><span class='ocrx_word' id='word_1_267' title='bbox 389 2707 486 2762; x_wconf 87' lang='lat' dir='ltr'><strong>que</strong></span> <span class='ocrx_word' id='word_1_268' title='bbox 538 2692 606 2746; x_wconf 90' lang='lat' dir='ltr'><strong>ad</strong></span> <span class='ocrx_word' id='word_1_269' title='bbox 665 2694 766 2748; x_wconf 93' lang='lat' dir='ltr'><strong>hoc</strong></span> <span class='ocrx_word' id='word_1_270' title='bbox 816 2693 1083 2764; x_wconf 81' lang='lat' dir='ltr'><strong>obligatus</strong></span> <span class='ocrx_word' id='word_1_271' title='bbox 1109 2692 1290 2748; x_wconf 91' lang='lat' dir='ltr'><strong>facere</strong></span> <span class='ocrx_word' id='word_1_272' title='bbox 1319 2693 1483 2747; x_wconf 87' lang='lat' dir='ltr'><strong>David</strong></span> <span class='ocrx_word' id='word_1_273' title='bbox 1508 2691 1680 2747; x_wconf 89' lang='lat' dir='ltr'><strong>Deum</strong></span> <span class='ocrx_word' id='word_1_274' title='bbox 1712 2690 1960 2747; x_wconf 76' lang='lat' dir='ltr'><strong>oll‘endit.</strong></span> 
     </span>
    </p>
   </div>
   <div class='ocr_carea' id='block_1_42' title="bbox 427 2786 1966 2856">
    <p class='ocr_par' dir='ltr' id='par_1_42' title="bbox 427 2786 1966 2856">
     <span class='ocr_line' id='line_1_42' title="bbox 427 2786 1966 2856; baseline -0.001 -14"><span class='ocrx_word' id='word_1_275' title='bbox 427 2821 434 2826; x_wconf 97' lang='lat'><strong>-</strong></span> <span class='ocrx_word' id='word_1_276' title='bbox 462 2787 622 2843; x_wconf 69' lang='lat' dir='ltr'><strong>Vens.</strong></span> <span class='ocrx_word' id='word_1_277' title='bbox 656 2787 742 2843; x_wconf 78' lang='grc'><strong>13.</strong></span> <span class='ocrx_word' id='word_1_278' title='bbox 767 2817 840 2832; x_wconf 80' lang='lat'><strong>-</strong></span> <span class='ocrx_word' id='word_1_279' title='bbox 873 2788 939 2843; x_wconf 86' lang='lat' dir='ltr'><strong>Et</strong></span> <span class='ocrx_word' id='word_1_280' title='bbox 977 2789 1128 2843; x_wconf 72' lang='lat' dir='ltr'><strong>dixit.</strong></span> <span class='ocrx_word' id='word_1_281' title='bbox 1179 2787 1236 2843; x_wconf 89' lang='lat' dir='ltr'><strong>Si</strong></span> <span class='ocrx_word' id='word_1_282' title='bbox 1267 2786 1464 2842; x_wconf 84' lang='lat' dir='ltr'><strong>famem</strong></span> <span class='ocrx_word' id='word_1_283' title='bbox 1500 2786 1741 2856; x_wconf 82' lang='lat' dir='ltr'><strong>eligeret,</strong></span> <span class='ocrx_word' id='word_1_284' title='bbox 1775 2794 1966 2841; x_wconf 90' lang='lat' dir='ltr'><strong>contra</strong></span> 
     </span>
    </p>
   </div>
   <div class='ocr_carea' id='block_1_43' title="bbox 390 2876 1966 2949">
    <p class='ocr_par' dir='ltr' id='par_1_43' title="bbox 390 2876 1966 2949">
     <span class='ocr_line' id='line_1_43' title="bbox 390 2876 1966 2949; baseline 0 -19"><span class='ocrx_word' id='word_1_285' title='bbox 390 2876 523 2932; x_wconf 91' lang='lat' dir='ltr'><strong>alios</strong></span> <span class='ocrx_word' id='word_1_286' title='bbox 547 2877 726 2934; x_wconf 86' lang='lat' dir='ltr'><strong>facere</strong></span> <span class='ocrx_word' id='word_1_287' title='bbox 752 2879 1027 2935; x_wconf 88' lang='lat' dir='ltr'><strong>videretur</strong></span> <span class='ocrx_word' id='word_1_288' title='bbox 1058 2879 1219 2949; x_wconf 89' lang='lat' dir='ltr'><strong>:quia</strong></span> <span class='ocrx_word' id='word_1_289' title='bbox 1261 2878 1466 2932; x_wconf 75' lang='lat' dir='ltr'><strong>habens</strong></span> <span class='ocrx_word' id='word_1_290' title='bbox 1505 2877 1670 2931; x_wconf 89' lang='lat' dir='ltr'><strong>multa</strong></span> <span class='ocrx_word' id='word_1_291' title='bbox 1698 2876 1966 2932; x_wconf 89' lang='lat' dir='ltr'><strong>frumenta</strong></span> 
     </span>
    </p>
   </div>
   <div class='ocr_carea' id='block_1_44' title="bbox 391 2967 1968 3040">
    <p class='ocr_par' dir='ltr' id='par_1_44' title="bbox 391 2967 1968 3040">
     <span class='ocr_line' id='line_1_44' title="bbox 391 2967 1968 3040; baseline -0.001 -17"><span class='ocrx_word' id='word_1_292' title='bbox 391 2968 624 3039; x_wconf 85' lang='lat' dir='ltr'><strong>inopiam</strong></span> <span class='ocrx_word' id='word_1_293' title='bbox 669 2985 791 3025; x_wconf 85' lang='lat' dir='ltr'><strong>cum</strong></span> <span class='ocrx_word' id='word_1_294' title='bbox 819 2970 940 3025; x_wconf 89' lang='lat' dir='ltr'><strong>aliis</strong></span> <span class='ocrx_word' id='word_1_295' title='bbox 961 2986 1066 3026; x_wconf 91' lang='lat' dir='ltr'><strong>non</strong></span> <span class='ocrx_word' id='word_1_296' title='bbox 1105 2979 1400 3040; x_wconf 86' lang='lat' dir='ltr'><strong>pateretur.</strong></span> <span class='ocrx_word' id='word_1_297' title='bbox 1453 2968 1509 3023; x_wconf 92' lang='lat' dir='ltr'><strong>Si</strong></span> <span class='ocrx_word' id='word_1_298' title='bbox 1565 2968 1709 3023; x_wconf 81' lang='lat' dir='ltr'><strong>vinci</strong></span> <span class='ocrx_word' id='word_1_299' title='bbox 1749 2967 1818 3021; x_wconf 91' lang='lat' dir='ltr'><strong>ab</strong></span> <span class='ocrx_word' id='word_1_300' title='bbox 1867 2968 1968 3022; x_wconf 85' lang='lat' dir='ltr'><strong>lio-</strong></span> 
     </span>
    </p>
   </div>
   <div class='ocr_carea' id='block_1_45' title="bbox 391 3059 1967 3132">
    <p class='ocr_par' dir='ltr' id='par_1_45' title="bbox 391 3059 1967 3132">
     <span class='ocr_line' id='line_1_45' title="bbox 391 3059 1967 3132; baseline -0.002 -17"><span class='ocrx_word' id='word_1_301' title='bbox 391 3061 561 3117; x_wconf 90' lang='lat' dir='ltr'><strong>stibus</strong></span> <span class='ocrx_word' id='word_1_302' title='bbox 606 3077 704 3132; x_wconf 92' lang='lat' dir='ltr'><strong>per</strong></span> <span class='ocrx_word' id='word_1_303' title='bbox 745 3070 857 3118; x_wconf 88' lang='lat' dir='ltr'><strong>tres</strong></span> <span class='ocrx_word' id='word_1_304' title='bbox 905 3078 1118 3117; x_wconf 85' lang='lat' dir='ltr'><strong>menses</strong></span> <span class='ocrx_word' id='word_1_305' title='bbox 1143 3062 1384 3132; x_wconf 89' lang='lat' dir='ltr'><strong>eligeret,</strong></span> <span class='ocrx_word' id='word_1_306' title='bbox 1434 3060 1642 3116; x_wconf 89' lang='lat' dir='ltr'><strong>habens</strong></span> <span class='ocrx_word' id='word_1_307' title='bbox 1687 3060 1800 3129; x_wconf 89' lang='lat' dir='ltr'><strong>ipse</strong></span> <span class='ocrx_word' id='word_1_308' title='bbox 1822 3059 1967 3114; x_wconf 88' lang='lat' dir='ltr'><strong>circa</strong></span> 
     </span>
    </p>
   </div>
   <div class='ocr_carea' id='block_1_46' title="bbox 390 3150 1969 3217">
    <p class='ocr_par' dir='ltr' id='par_1_46' title="bbox 390 3150 1969 3217">
     <span class='ocr_line' id='line_1_46' title="bbox 390 3150 1969 3217; baseline -0.001 -11"><span class='ocrx_word' id='word_1_309' title='bbox 390 3166 449 3207; x_wconf 89' lang='lat' dir='ltr'><strong>se</strong></span> <span class='ocrx_word' id='word_1_310' title='bbox 475 3153 622 3208; x_wconf 89' lang='lat' dir='ltr'><strong>viros</strong></span> <span class='ocrx_word' id='word_1_311' title='bbox 658 3153 1003 3217; x_wconf 85' lang='lat' dir='ltr'><strong>fortissimos,</strong></span> <span class='ocrx_word' id='word_1_312' title='bbox 1035 3152 1168 3208; x_wconf 89' lang='lat' dir='ltr'><strong>nihil</strong></span> <span class='ocrx_word' id='word_1_313' title='bbox 1217 3161 1483 3206; x_wconf 90' lang='lat' dir='ltr'><strong>metueret</strong></span> <span class='ocrx_word' id='word_1_314' title='bbox 1533 3165 1656 3205; x_wconf 92' lang='lat' dir='ltr'><strong>cum</strong></span> <span class='ocrx_word' id='word_1_315' title='bbox 1699 3150 1969 3204; x_wconf 77' lang='lat' dir='ltr'><strong>exercitus</strong></span> 
     </span>
    </p>
   </div>
   <div class='ocr_carea' id='block_1_47' title="bbox 393 3241 1966 3316">
    <p class='ocr_par' dir='ltr' id='par_1_47' title="bbox 393 3241 1966 3316">
     <span class='ocr_line' id='line_1_47' title="bbox 393 3241 1966 3316; baseline -0.003 -16"><span class='ocrx_word' id='word_1_316' title='bbox 393 3245 513 3300; x_wconf 90' lang='lat' dir='ltr'><strong>neci</strong></span> <span class='ocrx_word' id='word_1_317' title='bbox 537 3246 860 3316; x_wconf 89' lang='lat' dir='ltr'><strong>subjaceret.</strong></span> <span class='ocrx_word' id='word_1_318' title='bbox 913 3244 1263 3300; x_wconf 89' lang='lat' dir='ltr'><strong>Communem</strong></span> <span class='ocrx_word' id='word_1_319' title='bbox 1304 3257 1432 3313; x_wconf 88' lang='lat' dir='ltr'><strong>ergo</strong></span> <span class='ocrx_word' id='word_1_320' title='bbox 1459 3241 1561 3297; x_wconf 87' lang='lat' dir='ltr'><strong>sibi</strong></span> <span class='ocrx_word' id='word_1_321' title='bbox 1585 3251 1640 3296; x_wconf 88' lang='lat' dir='ltr'><strong>et</strong></span> <span class='ocrx_word' id='word_1_322' title='bbox 1681 3241 1800 3296; x_wconf 90' lang='lat' dir='ltr'><strong>aliis</strong></span> <span class='ocrx_word' id='word_1_323' title='bbox 1841 3256 1966 3312; x_wconf 91' lang='lat' dir='ltr'><strong>pas-</strong></span> 
     </span>
    </p>
   </div>
   <div class='ocr_carea' id='block_1_48' title="bbox 393 3333 1966 3409">
    <p class='ocr_par' dir='ltr' id='par_1_48' title="bbox 393 3333 1966 3409">
     <span class='ocr_line' id='line_1_48' title="bbox 393 3333 1966 3409; baseline 0.001 -21"><span class='ocrx_word' id='word_1_324' title='bbox 393 3333 599 3390; x_wconf 88' lang='lat' dir='ltr'><strong>sionem</strong></span> <span class='ocrx_word' id='word_1_325' title='bbox 640 3335 818 3409; x_wconf 84' lang='lat' dir='ltr'><strong>elegtt,</strong></span> <span class='ocrx_word' id='word_1_326' title='bbox 869 3336 923 3391; x_wconf 94' lang='lat' dir='ltr'><strong>in</strong></span> <span class='ocrx_word' id='word_1_327' title='bbox 951 3351 1057 3406; x_wconf 91' lang='lat' dir='ltr'><strong>qua</strong></span> <span class='ocrx_word' id='word_1_328' title='bbox 1112 3337 1274 3390; x_wconf 92' lang='lat' dir='ltr'><strong>timor</strong></span> <span class='ocrx_word' id='word_1_329' title='bbox 1319 3334 1570 3390; x_wconf 89' lang='lat' dir='ltr'><strong>omnibus</strong></span> <span class='ocrx_word' id='word_1_330' title='bbox 1599 3342 1744 3390; x_wconf 89' lang='lat' dir='ltr'><strong>esset</strong></span> <span class='ocrx_word' id='word_1_331' title='bbox 1784 3350 1966 3404; x_wconf 62' lang='lat' dir='ltr'><strong>mqua-</strong></span> 
     </span>
    </p>
   </div>
   <div class='ocr_carea' id='block_1_49' title="bbox 394 3424 1172 3490">
    <p class='ocr_par' dir='ltr' id='par_1_49' title="bbox 394 3424 1172 3490">
     <span class='ocr_line' id='line_1_49' title="bbox 394 3424 1172 3490; baseline 0.001 -12"><span class='ocrx_word' id='word_1_332' title='bbox 394 3424 480 3480; x_wconf 90' lang='lat' dir='ltr'><strong>lis.</strong></span> <span class='ocrx_word' id='word_1_333' title='bbox 1153 3475 1172 3490; x_wconf 84' lang='grc'><em>,</em></span> 
     </span>
    </p>
   </div>
   <div class='ocr_carea' id='block_1_50' title="bbox 465 3515 1977 3589">
    <p class='ocr_par' dir='ltr' id='par_1_50' title="bbox 465 3515 1977 3589">
     <span class='ocr_line' id='line_1_50' title="bbox 465 3515 1977 3589; baseline -0.001 -17"><span class='ocrx_word' id='word_1_334' title='bbox 465 3515 630 3572; x_wconf 72' lang='lat' dir='ltr'><strong>Vsus.</strong></span> <span class='ocrx_word' id='word_1_335' title='bbox 648 3517 734 3572; x_wconf 72' lang='lat' dir='ltr'><strong>ﬂ.</strong></span> <span class='ocrx_word' id='word_1_336' title='bbox 759 3517 1180 3589; x_wconf 85' lang='lat' dir='ltr'><strong>—Septuaginta</strong></span> <span class='ocrx_word' id='word_1_337' title='bbox 1200 3517 1366 3571; x_wconf 83' lang='lat' dir='ltr'><strong>millia</strong></span> <span class='ocrx_word' id='word_1_338' title='bbox 1390 3519 1636 3572; x_wconf 84' lang='lat' dir='ltr'><strong>virorum.</strong></span> <span class='ocrx_word' id='word_1_339' title='bbox 1668 3519 1687 3588; x_wconf 95' lang='lat'><strong>(</strong></span> <span class='ocrx_word' id='word_1_340' title='bbox 1701 3516 1858 3589; x_wconf 66' lang='lat' dir='ltr'><strong>Rus.)</strong></span> <span class='ocrx_word' id='word_1_341' title='bbox 1879 3515 1977 3570; x_wconf 89' lang='lat' dir='ltr'><strong>Ca-</strong></span> 
     </span>
    </p>
   </div>
   <div class='ocr_carea' id='block_1_51' title="bbox 397 3607 1976 3680">
    <p class='ocr_par' dir='ltr' id='par_1_51' title="bbox 397 3607 1976 3680">
     <span class='ocr_line' id='line_1_51' title="bbox 397 3607 1976 3680; baseline 0.001 -18"><span class='ocrx_word' id='word_1_342' title='bbox 397 3607 506 3678; x_wconf 90' lang='lat' dir='ltr'><strong>pita</strong></span> <span class='ocrx_word' id='word_1_343' title='bbox 522 3610 664 3663; x_wconf 92' lang='lat' dir='ltr'><strong>enim</strong></span> <span class='ocrx_word' id='word_1_344' title='bbox 679 3609 850 3680; x_wconf 90' lang='lat' dir='ltr'><strong>plebis</strong></span> <span class='ocrx_word' id='word_1_345' title='bbox 869 3619 922 3665; x_wconf 86' lang='lat' dir='ltr'><strong>et</strong></span> <span class='ocrx_word' id='word_1_346' title='bbox 932 3610 1170 3664; x_wconf 86' lang='lat' dir='ltr'><strong>seniores</strong></span> <span class='ocrx_word' id='word_1_347' title='bbox 1181 3609 1446 3663; x_wconf 90' lang='lat' dir='ltr'><strong>numerati</strong></span> <span class='ocrx_word' id='word_1_348' title='bbox 1469 3618 1612 3663; x_wconf 90' lang='lat' dir='ltr'><strong>sunt.</strong></span> <span class='ocrx_word' id='word_1_349' title='bbox 1630 3607 1895 3664; x_wconf 77' lang='lat' dir='ltr'><strong>Caeterum</strong></span> <span class='ocrx_word' id='word_1_350' title='bbox 1912 3609 1976 3663; x_wconf 91' lang='lat' dir='ltr'><strong>de</strong></span> 
     </span>
    </p>
   </div>
   <div class='ocr_carea' id='block_1_52' title="bbox 397 3697 1979 3768">
    <p class='ocr_par' dir='ltr' id='par_1_52' title="bbox 397 3697 1979 3768">
     <span class='ocr_line' id='line_1_52' title="bbox 397 3697 1979 3768; baseline 0.002 -18"><span class='ocrx_word' id='word_1_351' title='bbox 397 3698 543 3752; x_wconf 89' lang='lat' dir='ltr'><strong>omni</strong></span> <span class='ocrx_word' id='word_1_352' title='bbox 571 3700 764 3768; x_wconf 91' lang='lat' dir='ltr'><strong>populo</strong></span> <span class='ocrx_word' id='word_1_353' title='bbox 813 3707 891 3754; x_wconf 89' lang='lat' dir='ltr'><strong>tot</strong></span> <span class='ocrx_word' id='word_1_354' title='bbox 931 3698 1092 3754; x_wconf 91' lang='lat' dir='ltr'><strong>millia</strong></span> <span class='ocrx_word' id='word_1_355' title='bbox 1126 3698 1409 3754; x_wconf 85' lang='lat' dir='ltr'><strong>interfecta</strong></span> <span class='ocrx_word' id='word_1_356' title='bbox 1446 3698 1654 3752; x_wconf 57' lang='lat' dir='ltr'><strong>Hebraei</strong></span> <span class='ocrx_word' id='word_1_357' title='bbox 1704 3697 1979 3753; x_wconf 88' lang='lat' dir='ltr'><strong>afﬁrmant</strong></span> 
     </span>
    </p>
   </div>
   <div class='ocr_carea' id='block_1_53' title="bbox 399 3789 1976 3860">
    <p class='ocr_par' dir='ltr' id='par_1_53' title="bbox 399 3789 1976 3860">
     <span class='ocr_line' id='line_1_53' title="bbox 399 3789 1976 3860; baseline 0.002 -18"><span class='ocrx_word' id='word_1_358' title='bbox 399 3797 529 3858; x_wconf 89' lang='lat' dir='ltr'><strong>quot</strong></span> <span class='ocrx_word' id='word_1_359' title='bbox 586 3789 818 3847; x_wconf 87' lang='lat' dir='ltr'><strong>millibus</strong></span> <span class='ocrx_word' id='word_1_360' title='bbox 857 3805 1112 3845; x_wconf 90' lang='lat' dir='ltr'><strong>numerus</strong></span> <span class='ocrx_word' id='word_1_361' title='bbox 1142 3791 1195 3845; x_wconf 90' lang='lat' dir='ltr'><strong>in</strong></span> <span class='ocrx_word' id='word_1_362' title='bbox 1243 3789 1686 3860; x_wconf 84' lang='lat' dir='ltr'><strong>Paralipomenon</strong></span> <span class='ocrx_word' id='word_1_363' title='bbox 1718 3791 1976 3860; x_wconf 89' lang='lat' dir='ltr'><strong>scriptus,</strong></span> 
     </span>
    </p>
   </div>
   <div class='ocr_carea' id='block_1_54' title="bbox 400 3880 1978 3954">
    <p class='ocr_par' dir='ltr' id='par_1_54' title="bbox 400 3880 1978 3954">
     <span class='ocr_line' id='line_1_54' title="bbox 400 3880 1978 3954; baseline 0.001 -20"><span class='ocrx_word' id='word_1_364' title='bbox 400 3896 680 3937; x_wconf 90' lang='lat' dir='ltr'><strong>numerum</strong></span> <span class='ocrx_word' id='word_1_365' title='bbox 701 3883 791 3952; x_wconf 92' lang='lat' dir='ltr'><strong>qui</strong></span> <span class='ocrx_word' id='word_1_366' title='bbox 815 3883 867 3938; x_wconf 92' lang='lat' dir='ltr'><strong>in</strong></span> <span class='ocrx_word' id='word_1_367' title='bbox 895 3883 1101 3954; x_wconf 82' lang='lat' dir='ltr'><strong>Regum</strong></span> <span class='ocrx_word' id='word_1_368' title='bbox 1127 3891 1210 3939; x_wconf 93' lang='lat' dir='ltr'><strong>est</strong></span> <span class='ocrx_word' id='word_1_369' title='bbox 1231 3883 1461 3938; x_wconf 77' lang='lat' dir='ltr'><strong>excedit.</strong></span> <span class='ocrx_word' id='word_1_370' title='bbox 1485 3882 1804 3937; x_wconf 82' lang='lat' dir='ltr'><strong>Aiuntenim</strong></span> <span class='ocrx_word' id='word_1_371' title='bbox 1835 3880 1978 3951; x_wconf 84' lang='lat' dir='ltr'><strong>quod</strong></span> 
     </span>
    </p>
   </div>
   <div class='ocr_carea' id='block_1_55' title="bbox 401 3974 1980 4047">
    <p class='ocr_par' dir='ltr' id='par_1_55' title="bbox 401 3974 1980 4047">
     <span class='ocr_line' id='line_1_55' title="bbox 401 3974 1980 4047; baseline 0.001 -19"><span class='ocrx_word' id='word_1_372' title='bbox 401 3974 455 4028; x_wconf 93' lang='lat' dir='ltr'><strong>in</strong></span> <span class='ocrx_word' id='word_1_373' title='bbox 481 3975 943 4047; x_wconf 86' lang='lat' dir='ltr'><strong>Paralipomenon,</strong></span> <span class='ocrx_word' id='word_1_374' title='bbox 967 3987 1022 4031; x_wconf 88' lang='lat' dir='ltr'><strong>et</strong></span> <span class='ocrx_word' id='word_1_375' title='bbox 1057 3977 1148 4047; x_wconf 89' lang='lat' dir='ltr'><strong>qui</strong></span> <span class='ocrx_word' id='word_1_376' title='bbox 1177 3983 1571 4038; x_wconf 89' lang='lat' dir='ltr'><strong>remanserant,</strong></span> <span class='ocrx_word' id='word_1_377' title='bbox 1600 3984 1654 4030; x_wconf 91' lang='lat' dir='ltr'><strong>ct</strong></span> <span class='ocrx_word' id='word_1_378' title='bbox 1697 3976 1786 4045; x_wconf 88' lang='lat' dir='ltr'><strong>qui</strong></span> <span class='ocrx_word' id='word_1_379' title='bbox 1815 3975 1980 4030; x_wconf 88' lang='lat' dir='ltr'><strong>inter-</strong></span> 
     </span>
    </p>
   </div>
   <div class='ocr_carea' id='block_1_56' title="bbox 404 4065 1981 4138">
    <p class='ocr_par' dir='ltr' id='par_1_56' title="bbox 404 4065 1981 4138">
     <span class='ocr_line' id='line_1_56' title="bbox 404 4065 1981 4138; baseline 0.001 -20"><span class='ocrx_word' id='word_1_380' title='bbox 404 4066 694 4132; x_wconf 84' lang='lat' dir='ltr'><strong>fectisunt,</strong></span> <span class='ocrx_word' id='word_1_381' title='bbox 718 4067 984 4128; x_wconf 79' lang='lat' dir='ltr'><strong>numerati</strong></span> <span class='ocrx_word' id='word_1_382' title='bbox 1025 4077 1193 4122; x_wconf 88' lang='lat' dir='ltr'><strong>sunt:</strong></span> <span class='ocrx_word' id='word_1_383' title='bbox 1239 4067 1294 4121; x_wconf 95' lang='lat' dir='ltr'><strong>in</strong></span> <span class='ocrx_word' id='word_1_384' title='bbox 1335 4065 1540 4138; x_wconf 82' lang='lat' dir='ltr'><strong>Regum</strong></span> <span class='ocrx_word' id='word_1_385' title='bbox 1577 4080 1707 4120; x_wconf 87' lang='lat' dir='ltr'><strong>vero</strong></span> <span class='ocrx_word' id='word_1_386' title='bbox 1753 4074 1981 4120; x_wconf 87' lang='lat' dir='ltr'><strong>tantum-</strong></span> 
     </span>
    </p>
   </div>
   <div class='ocr_carea' id='block_1_57' title="bbox 404 4159 716 4214">
    <p class='ocr_par' dir='ltr' id='par_1_57' title="bbox 404 4159 716 4214">
     <span class='ocr_line' id='line_1_57' title="bbox 404 4159 716 4214; baseline 0.003 -2"><span class='ocrx_word' id='word_1_387' title='bbox 404 4159 563 4212; x_wconf 89' lang='lat' dir='ltr'><strong>modo</strong></span> <span class='ocrx_word' id='word_1_388' title='bbox 591 4159 716 4214; x_wconf 90' lang='lat' dir='ltr'><strong>vivi.</strong></span> 
     </span>
    </p>
   </div>
   <div class='ocr_carea' id='block_1_58' title="bbox 479 4249 1981 4322">
    <p class='ocr_par' dir='ltr' id='par_1_58' title="bbox 479 4249 1981 4322">
     <span class='ocr_line' id='line_1_58' title="bbox 479 4249 1981 4322; baseline 0.001 -20"><span class='ocrx_word' id='word_1_389' title='bbox 479 4249 642 4305; x_wconf 72' lang='lat' dir='ltr'><strong>Veas.</strong></span> <span class='ocrx_word' id='word_1_390' title='bbox 664 4250 1226 4322; x_wconf 65' lang='lat' dir='ltr'><strong>18.—Exstrueretque</strong></span> <span class='ocrx_word' id='word_1_391' title='bbox 1245 4250 1412 4305; x_wconf 89' lang='lat' dir='ltr'><strong>altare</strong></span> <span class='ocrx_word' id='word_1_392' title='bbox 1423 4250 1648 4304; x_wconf 88' lang='lat' dir='ltr'><strong>Domino</strong></span> <span class='ocrx_word' id='word_1_393' title='bbox 1663 4249 1770 4304; x_wconf 89' lang='lat' dir='ltr'><strong>Deo</strong></span> <span class='ocrx_word' id='word_1_394' title='bbox 1783 4249 1836 4303; x_wconf 90' lang='lat' dir='ltr'><strong>in</strong></span> <span class='ocrx_word' id='word_1_395' title='bbox 1857 4265 1981 4304; x_wconf 88' lang='lat' dir='ltr'><strong>area</strong></span> 
     </span>
    </p>
   </div>
   <div class='ocr_carea' id='block_1_59' title="bbox 407 4342 1982 4419">
    <p class='ocr_par' dir='ltr' id='par_1_59' title="bbox 407 4342 1982 4419">
     <span class='ocr_line' id='line_1_59' title="bbox 407 4342 1982 4419; baseline -0.003 -19"><span class='ocrx_word' id='word_1_396' title='bbox 407 4343 865 4402; x_wconf 74' lang='lat' dir='ltr'><strong>Ornamlebuswi.</strong></span> <span class='ocrx_word' id='word_1_397' title='bbox 893 4345 1074 4419; x_wconf 69' lang='grc' dir='ltr'><strong>(ΗΑΒ.)</strong></span> <span class='ocrx_word' id='word_1_398' title='bbox 1089 4345 1230 4400; x_wconf 90' lang='lat' dir='ltr'><strong>Bene</strong></span> <span class='ocrx_word' id='word_1_399' title='bbox 1244 4345 1410 4400; x_wconf 89' lang='lat' dir='ltr'><strong>David</strong></span> <span class='ocrx_word' id='word_1_400' title='bbox 1431 4360 1554 4398; x_wconf 92' lang='lat' dir='ltr'><strong>cum</strong></span> <span class='ocrx_word' id='word_1_401' title='bbox 1577 4344 1857 4398; x_wconf 90' lang='lat' dir='ltr'><strong>Dominum</strong></span> <span class='ocrx_word' id='word_1_402' title='bbox 1872 4342 1982 4412; x_wconf 88' lang='lat' dir='ltr'><strong>pla-</strong></span> 
     </span>
    </p>
   </div>
   <div class='ocr_carea' id='block_1_60' title="bbox 405 4431 1983 4506">
    <p class='ocr_par' dir='ltr' id='par_1_60' title="bbox 405 4431 1983 4506">
     <span class='ocr_line' id='line_1_60' title="bbox 405 4431 1983 4506; baseline -0.003 -18"><span class='ocrx_word' id='word_1_403' title='bbox 405 4450 534 4488; x_wconf 91' lang='lat' dir='ltr'><strong>care</strong></span> <span class='ocrx_word' id='word_1_404' title='bbox 560 4433 738 4498; x_wconf 90' lang='lat' dir='ltr'><strong>vellet,</strong></span> <span class='ocrx_word' id='word_1_405' title='bbox 762 4435 932 4490; x_wconf 86' lang='lat' dir='ltr'><strong>altare</strong></span> <span class='ocrx_word' id='word_1_406' title='bbox 954 4435 1176 4506; x_wconf 89' lang='lat' dir='ltr'><strong>jubetur</strong></span> <span class='ocrx_word' id='word_1_407' title='bbox 1196 4436 1248 4489; x_wconf 91' lang='lat' dir='ltr'><strong>in</strong></span> <span class='ocrx_word' id='word_1_408' title='bbox 1276 4449 1399 4489; x_wconf 89' lang='lat' dir='ltr'><strong>arca</strong></span> <span class='ocrx_word' id='word_1_409' title='bbox 1421 4433 1635 4487; x_wconf 79' lang='lat' dir='ltr'><strong>Areuua</strong></span> <span class='ocrx_word' id='word_1_410' title='bbox 1671 4431 1753 4487; x_wconf 91' lang='lat' dir='ltr'><strong>vel</strong></span> <span class='ocrx_word' id='word_1_411' title='bbox 1780 4431 1983 4487; x_wconf 83' lang='lat' dir='ltr'><strong>Ornata</strong></span> 
     </span>
    </p>
   </div>
   <div class='ocr_carea' id='block_1_61' title="bbox 405 4521 1981 4597">
    <p class='ocr_par' dir='ltr' id='par_1_61' title="bbox 405 4521 1981 4597">
     <span class='ocr_line' id='line_1_61' title="bbox 405 4521 1981 4597; baseline -0.004 -17"><span class='ocrx_word' id='word_1_412' title='bbox 405 4533 741 4591; x_wconf 89' lang='lat' dir='ltr'><strong>construere,</strong></span> <span class='ocrx_word' id='word_1_413' title='bbox 758 4526 880 4596; x_wconf 90' lang='lat' dir='ltr'><strong>quia</strong></span> <span class='ocrx_word' id='word_1_414' title='bbox 906 4542 1008 4581; x_wconf 93' lang='lat' dir='ltr'><strong>non</strong></span> <span class='ocrx_word' id='word_1_415' title='bbox 1024 4525 1264 4597; x_wconf 87' lang='lat' dir='ltr'><strong>placatur</strong></span> <span class='ocrx_word' id='word_1_416' title='bbox 1288 4524 1429 4578; x_wconf 91' lang='lat' dir='ltr'><strong>Deus</strong></span> <span class='ocrx_word' id='word_1_417' title='bbox 1452 4524 1520 4578; x_wconf 93' lang='lat' dir='ltr'><strong>ab</strong></span> <span class='ocrx_word' id='word_1_418' title='bbox 1543 4523 1780 4588; x_wconf 87' lang='lat' dir='ltr'><strong>homine,</strong></span> <span class='ocrx_word' id='word_1_419' title='bbox 1805 4521 1906 4576; x_wconf 91' lang='lat' dir='ltr'><strong>nisi</strong></span> <span class='ocrx_word' id='word_1_420' title='bbox 1930 4521 1981 4574; x_wconf 94' lang='lat' dir='ltr'><strong>in</strong></span> 
     </span>
    </p>
   </div>
   <div class='ocr_carea' id='block_1_62' title="bbox 406 4612 1984 4690">
    <p class='ocr_par' dir='ltr' id='par_1_62' title="bbox 406 4612 1984 4690">
     <span class='ocr_line' id='line_1_62' title="bbox 406 4612 1984 4690; baseline -0.005 -18"><span class='ocrx_word' id='word_1_421' title='bbox 406 4633 534 4672; x_wconf 91' lang='lat' dir='ltr'><strong>arca</strong></span> <span class='ocrx_word' id='word_1_422' title='bbox 562 4618 740 4673; x_wconf 88' lang='lat' dir='ltr'><strong>cordis</strong></span> <span class='ocrx_word' id='word_1_423' title='bbox 763 4634 860 4690; x_wconf 91' lang='lat' dir='ltr'><strong>per</strong></span> <span class='ocrx_word' id='word_1_424' title='bbox 906 4617 1085 4671; x_wconf 91' lang='lat' dir='ltr'><strong>lumen</strong></span> <span class='ocrx_word' id='word_1_425' title='bbox 1121 4625 1279 4671; x_wconf 80' lang='lat' dir='ltr'><strong>rect-.e</strong></span> <span class='ocrx_word' id='word_1_426' title='bbox 1307 4615 1427 4670; x_wconf 89' lang='lat' dir='ltr'><strong>ﬁdei</strong></span> <span class='ocrx_word' id='word_1_427' title='bbox 1470 4622 1524 4668; x_wconf 91' lang='lat' dir='ltr'><strong>et</strong></span> <span class='ocrx_word' id='word_1_428' title='bbox 1557 4630 1698 4669; x_wconf 67' lang='lat' dir='ltr'><strong>vera:</strong></span> <span class='ocrx_word' id='word_1_429' title='bbox 1747 4612 1984 4667; x_wconf 83' lang='lat' dir='ltr'><strong>dilectio-</strong></span> 
     </span>
    </p>
   </div>
   <div class='ocr_carea' id='block_1_63' title="bbox 407 4701 1985 4773">
    <p class='ocr_par' dir='ltr' id='par_1_63' title="bbox 407 4701 1985 4773">
     <span class='ocr_line' id='line_1_63' title="bbox 407 4701 1985 4773; baseline -0.006 -9"><span class='ocrx_word' id='word_1_430' title='bbox 407 4709 492 4764; x_wconf 90' lang='lat' dir='ltr'><strong>nis</strong></span> <span class='ocrx_word' id='word_1_431' title='bbox 515 4710 806 4765; x_wconf 86' lang='lat' dir='ltr'><strong>constituat</strong></span> <span class='ocrx_word' id='word_1_432' title='bbox 836 4709 909 4763; x_wconf 91' lang='lat' dir='ltr'><strong>illi</strong></span> <span class='ocrx_word' id='word_1_433' title='bbox 938 4708 1108 4763; x_wconf 88' lang='lat' dir='ltr'><strong>altare</strong></span> <span class='ocrx_word' id='word_1_434' title='bbox 1155 4705 1498 4771; x_wconf 87' lang='lat' dir='ltr'><strong>humilitatis,</strong></span> <span class='ocrx_word' id='word_1_435' title='bbox 1528 4705 1583 4760; x_wconf 91' lang='lat' dir='ltr'><strong>in</strong></span> <span class='ocrx_word' id='word_1_436' title='bbox 1636 4719 1744 4773; x_wconf 91' lang='lat' dir='ltr'><strong>quo</strong></span> <span class='ocrx_word' id='word_1_437' title='bbox 1791 4701 1985 4758; x_wconf 73' lang='lat' dir='ltr'><strong>offerat</strong></span> 
     </span>
    </p>
   </div>
   <div class='ocr_carea' id='block_1_64' title="bbox 408 4800 955 4857">
    <p class='ocr_par' dir='ltr' id='par_1_64' title="bbox 408 4800 955 4857">
     <span class='ocr_line' id='line_1_64' title="bbox 408 4800 955 4857; baseline -0.005 -1"><span class='ocrx_word' id='word_1_438' title='bbox 408 4801 735 4857; x_wconf 79' lang='lat' dir='ltr'><strong>sacrificium</strong></span> <span class='ocrx_word' id='word_1_439' title='bbox 765 4800 955 4856; x_wconf 89' lang='lat' dir='ltr'><strong>laudis.</strong></span> 
     </span>
    </p>
   </div>
   <div class='ocr_carea' id='block_1_65' title="bbox 480 4883 1986 4960">
    <p class='ocr_par' dir='ltr' id='par_1_65' title="bbox 480 4883 1986 4960">
     <span class='ocr_line' id='line_1_65' title="bbox 480 4883 1986 4960; baseline -0.006 -15"><span class='ocrx_word' id='word_1_440' title='bbox 480 4891 644 4948; x_wconf 65' lang='lat' dir='ltr'><strong>Vens.</strong></span> <span class='ocrx_word' id='word_1_441' title='bbox 670 4892 760 4948; x_wconf 71' lang='lat'><strong>25.</strong></span> <span class='ocrx_word' id='word_1_442' title='bbox 791 4923 861 4933; x_wconf 95' lang='lat'><strong>—</strong></span> <span class='ocrx_word' id='word_1_443' title='bbox 883 4891 1038 4945; x_wconf 85' lang='lat' dir='ltr'><strong>Dedit</strong></span> <span class='ocrx_word' id='word_1_444' title='bbox 1067 4906 1187 4960; x_wconf 87' lang='lat' dir='ltr'><strong>ergo</strong></span> <span class='ocrx_word' id='word_1_445' title='bbox 1219 4888 1382 4943; x_wconf 82' lang='lat' dir='ltr'><strong>David</strong></span> <span class='ocrx_word' id='word_1_446' title='bbox 1411 4886 1612 4942; x_wconf 88' lang='lat' dir='ltr'><strong>Ornam</strong></span> <span class='ocrx_word' id='word_1_447' title='bbox 1644 4902 1739 4955; x_wconf 88' lang='lat' dir='ltr'><strong>pro</strong></span> <span class='ocrx_word' id='word_1_448' title='bbox 1780 4884 1892 4938; x_wconf 89' lang='lat' dir='ltr'><strong>loco</strong></span> <span class='ocrx_word' id='word_1_449' title='bbox 1911 4883 1986 4938; x_wconf 86' lang='lat' dir='ltr'><strong>si-</strong></span> 
     </span>
    </p>
   </div>
   <div class='ocr_carea' id='block_1_66' title="bbox 406 4974 1984 5055">
    <p class='ocr_par' dir='ltr' id='par_1_66' title="bbox 406 4974 1984 5055">
     <span class='ocr_line' id='line_1_66' title="bbox 406 4974 1984 5055; baseline -0.009 -15"><span class='ocrx_word' id='word_1_450' title='bbox 406 4983 514 5040; x_wconf 83' lang='lat' dir='ltr'><strong>clos</strong></span> <span class='ocrx_word' id='word_1_451' title='bbox 542 4986 660 5038; x_wconf 88' lang='lat' dir='ltr'><strong>auri</strong></span> <span class='ocrx_word' id='word_1_452' title='bbox 669 4982 954 5055; x_wconf 84' lang='lat' dir='ltr'><strong>justissimi</strong></span> <span class='ocrx_word' id='word_1_453' title='bbox 973 4981 1218 5053; x_wconf 82' lang='lat' dir='ltr'><strong>ponderis</strong></span> <span class='ocrx_word' id='word_1_454' title='bbox 1241 4989 1528 5044; x_wconf 72' lang='lat' dir='ltr'><strong>sexcentos,</strong></span> <span class='ocrx_word' id='word_1_455' title='bbox 1545 4988 1592 5032; x_wconf 91' lang='lat' dir='ltr'><strong>et</strong></span> <span class='ocrx_word' id='word_1_456' title='bbox 1613 4976 1891 5045; x_wconf 66' lang='lat' dir='ltr'><strong>aediﬁcavit</strong></span> <span class='ocrx_word' id='word_1_457' title='bbox 1913 4974 1984 5027; x_wconf 89' lang='lat' dir='ltr'><strong>ibi</strong></span> 
     </span>
    </p>
   </div>
   <div class='ocr_carea' id='block_1_67' title="bbox 408 5058 1984 5144">
    <p class='ocr_par' dir='ltr' id='par_1_67' title="bbox 408 5058 1984 5144">
     <span class='ocr_line' id='line_1_67' title="bbox 408 5058 1984 5144; baseline -0.006 -12"><span class='ocrx_word' id='word_1_458' title='bbox 408 5077 575 5132; x_wconf 88' lang='lat' dir='ltr'><strong>altare</strong></span> <span class='ocrx_word' id='word_1_459' title='bbox 601 5058 846 5144; x_wconf 83' lang='lat' dir='ltr'><strong>Domino,</strong></span> <span class='ocrx_word' id='word_1_460' title='bbox 877 5086 982 5132; x_wconf 90' lang='lat' dir='ltr'><strong>etc.</strong></span> <span class='ocrx_word' id='word_1_461' title='bbox 998 5075 1055 5129; x_wconf 93' lang='lat' dir='ltr'><strong>In</strong></span> <span class='ocrx_word' id='word_1_462' title='bbox 1085 5089 1270 5144; x_wconf 87' lang='lat' dir='ltr'><strong>regum</strong></span> <span class='ocrx_word' id='word_1_463' title='bbox 1291 5073 1384 5138; x_wconf 91' lang='lat' dir='ltr'><strong>ita,</strong></span> <span class='ocrx_word' id='word_1_464' title='bbox 1411 5080 1545 5137; x_wconf 90' lang='lat' dir='ltr'><strong>etc.,</strong></span> <span class='ocrx_word' id='word_1_465' title='bbox 1573 5085 1734 5142; x_wconf 84' lang='lat' dir='ltr'><strong>usque</strong></span> <span class='ocrx_word' id='word_1_466' title='bbox 1756 5069 1824 5123; x_wconf 88' lang='lat' dir='ltr'><strong>ad</strong></span> <span class='ocrx_word' id='word_1_467' title='bbox 1843 5069 1984 5138; x_wconf 90' lang='lat' dir='ltr'><strong>quod</strong></span> 
     </span>
    </p>
   </div>
   <div class='ocr_carea' id='block_1_68' title="bbox 408 5161 1591 5240">
    <p class='ocr_par' dir='ltr' id='par_1_68' title="bbox 408 5161 1591 5240">
     <span class='ocr_line' id='line_1_68' title="bbox 408 5161 1591 5240; baseline -0.007 -16"><span class='ocrx_word' id='word_1_468' title='bbox 408 5179 595 5240; x_wconf 89' lang='lat' dir='ltr'><strong>postea</strong></span> <span class='ocrx_word' id='word_1_469' title='bbox 619 5169 871 5226; x_wconf 87' lang='lat' dir='ltr'><strong>Salomon</strong></span> <span class='ocrx_word' id='word_1_470' title='bbox 893 5167 1180 5224; x_wconf 69' lang='lat' dir='ltr'><strong>aediﬁcavit</strong></span> <span class='ocrx_word' id='word_1_471' title='bbox 1209 5174 1266 5220; x_wconf 91' lang='lat' dir='ltr'><strong>et</strong></span> <span class='ocrx_word' id='word_1_472' title='bbox 1293 5164 1428 5220; x_wconf 88' lang='lat' dir='ltr'><strong>atria</strong></span> <span class='ocrx_word' id='word_1_473' title='bbox 1455 5161 1591 5232; x_wconf 83' lang='lat' dir='ltr'><strong>ejus.</strong></span> 
     </span>
    </p>
   </div>
   <div class='ocr_carea' id='block_1_69' title="bbox 957 5321 1376 5383">
    <p class='ocr_par' dir='ltr' id='par_1_69' title="bbox 957 5321 1376 5383">
     <span class='ocr_line' id='line_1_69' title="bbox 957 5321 1376 5383; baseline -0.002 0"><span class='ocrx_word' id='word_1_474' title='bbox 957 5323 1181 5383; x_wconf 75' lang='lat' dir='ltr'><strong>CAPUT</strong></span> <span class='ocrx_word' id='word_1_475' title='bbox 1212 5321 1376 5382; x_wconf 79' lang='lat' dir='ltr'><strong>XXII.</strong></span> 
     </span>
    </p>
   </div>
   <div class='ocr_carea' id='block_1_70' title="bbox 480 5469 1990 5552">
    <p class='ocr_par' dir='ltr' id='par_1_70' title="bbox 480 5469 1990 5552">
     <span class='ocr_line' id='line_1_70' title="bbox 480 5469 1990 5552; baseline -0.011 -11"><span class='ocrx_word' id='word_1_476' title='bbox 480 5485 645 5542; x_wconf 69' lang='lat' dir='ltr'><strong>Vsus.</strong></span> <span class='ocrx_word' id='word_1_477' title='bbox 667 5484 722 5539; x_wconf 74' lang='lat'><strong>2.</strong></span> <span class='ocrx_word' id='word_1_478' title='bbox 744 5512 811 5526; x_wconf 91' lang='lat'><strong>—</strong></span> <span class='ocrx_word' id='word_1_479' title='bbox 833 5480 904 5537; x_wconf 85' lang='lat' dir='ltr'><strong>Ut</strong></span> <span class='ocrx_word' id='word_1_480' title='bbox 935 5487 1388 5552; x_wconf 83' lang='lat' dir='ltr'><strong>congregarentur.</strong></span> <span class='ocrx_word' id='word_1_481' title='bbox 1433 5473 1613 5549; x_wconf 71' lang='grc' dir='ltr'><strong>(8η.)</strong></span> <span class='ocrx_word' id='word_1_482' title='bbox 1647 5472 1725 5528; x_wconf 89' lang='lat' dir='ltr'><strong>De</strong></span> <span class='ocrx_word' id='word_1_483' title='bbox 1750 5469 1990 5528; x_wconf 85' lang='lat' dir='ltr'><strong>Ecclesia</strong></span> 
     </span>
    </p>
   </div>
   <div class='ocr_carea' id='block_1_71' title="bbox 409 5562 1993 5638">
    <p class='ocr_par' dir='ltr' id='par_1_71' title="bbox 409 5562 1993 5638">
     <span class='ocr_line' id='line_1_71' title="bbox 409 5562 1993 5638; baseline -0.012 -4"><span class='ocrx_word' id='word_1_484' title='bbox 409 5578 660 5634; x_wconf 83' lang='lat' dir='ltr'><strong>Christus</strong></span> <span class='ocrx_word' id='word_1_485' title='bbox 684 5574 922 5632; x_wconf 86' lang='lat' dir='ltr'><strong>artiﬁces</strong></span> <span class='ocrx_word' id='word_1_486' title='bbox 942 5573 1134 5629; x_wconf 90' lang='lat' dir='ltr'><strong>domus</strong></span> <span class='ocrx_word' id='word_1_487' title='bbox 1188 5584 1300 5625; x_wconf 68' lang='lat' dir='ltr'><strong>suae</strong></span> <span class='ocrx_word' id='word_1_488' title='bbox 1327 5568 1508 5638; x_wconf 83' lang='lat' dir='ltr'><strong>elegit,</strong></span> <span class='ocrx_word' id='word_1_489' title='bbox 1538 5565 1632 5636; x_wconf 82' lang='lat' dir='ltr'><strong>qui</strong></span> <span class='ocrx_word' id='word_1_490' title='bbox 1689 5562 1993 5620; x_wconf 87' lang='lat' dir='ltr'><strong>inconditos</strong></span> 
     </span>
    </p>
   </div>
   <div class='ocr_carea' id='block_1_72' title="bbox 409 5656 1985 5734">
    <p class='ocr_par' dir='ltr' id='par_1_72' title="bbox 409 5656 1985 5734">
     <span class='ocr_line' id='line_1_72' title="bbox 409 5656 1985 5734; baseline -0.011 -6"><span class='ocrx_word' id='word_1_491' title='bbox 409 5687 592 5727; x_wconf 88' lang='lat' dir='ltr'><strong>mores</strong></span> <span class='ocrx_word' id='word_1_492' title='bbox 617 5669 895 5726; x_wconf 88' lang='lat' dir='ltr'><strong>hominum</strong></span> <span class='ocrx_word' id='word_1_493' title='bbox 917 5667 1160 5722; x_wconf 91' lang='lat' dir='ltr'><strong>dolarent</strong></span> <span class='ocrx_word' id='word_1_494' title='bbox 1177 5671 1232 5718; x_wconf 91' lang='lat' dir='ltr'><strong>et</strong></span> <span class='ocrx_word' id='word_1_495' title='bbox 1254 5662 1502 5734; x_wconf 88' lang='lat' dir='ltr'><strong>polirent,</strong></span> <span class='ocrx_word' id='word_1_496' title='bbox 1517 5668 1575 5714; x_wconf 91' lang='lat' dir='ltr'><strong>ut</strong></span> <span class='ocrx_word' id='word_1_497' title='bbox 1595 5659 1650 5713; x_wconf 94' lang='lat' dir='ltr'><strong>in</strong></span> <span class='ocrx_word' id='word_1_498' title='bbox 1673 5656 1985 5712; x_wconf 68' lang='lat' dir='ltr'><strong>aediﬁcatio-</strong></span> 
     </span>
    </p>
   </div>
   <div class='ocr_carea' id='block_1_73' title="bbox 411 5747 1982 5834">
    <p class='ocr_par' dir='ltr' id='par_1_73' title="bbox 411 5747 1982 5834">
     <span class='ocr_line' id='line_1_73' title="bbox 411 5747 1982 5834; baseline -0.014 -14"><span class='ocrx_word' id='word_1_499' title='bbox 411 5779 479 5820; x_wconf 85' lang='lat' dir='ltr'><strong>ne</strong></span> <span class='ocrx_word' id='word_1_500' title='bbox 504 5761 791 5834; x_wconf 86' lang='lat' dir='ltr'><strong>spirituali,</strong></span> <span class='ocrx_word' id='word_1_501' title='bbox 818 5775 913 5832; x_wconf 84' lang='lat' dir='ltr'><strong>per</strong></span> <span class='ocrx_word' id='word_1_502' title='bbox 935 5759 1176 5814; x_wconf 84' lang='lat' dir='ltr'><strong>diversas</strong></span> <span class='ocrx_word' id='word_1_503' title='bbox 1198 5755 1482 5825; x_wconf 77' lang='lat' dir='ltr'><strong>iuncturas</strong></span> <span class='ocrx_word' id='word_1_504' title='bbox 1514 5749 1636 5804; x_wconf 90' lang='lat' dir='ltr'><strong>ﬁdei</strong></span> <span class='ocrx_word' id='word_1_505' title='bbox 1668 5758 1723 5804; x_wconf 93' lang='lat' dir='ltr'><strong>et</strong></span> <span class='ocrx_word' id='word_1_506' title='bbox 1744 5747 1982 5803; x_wconf 89' lang='lat' dir='ltr'><strong>charita-</strong></span> 
     </span>
    </p>
   </div>
   <div class='ocr_carea' id='block_1_74' title="bbox 413 5838 1983 5914">
    <p class='ocr_par' dir='ltr' id='par_1_74' title="bbox 413 5838 1983 5914">
     <span class='ocr_line' id='line_1_74' title="bbox 413 5838 1983 5914; baseline -0.015 -2"><span class='ocrx_word' id='word_1_507' title='bbox 413 5855 482 5912; x_wconf 86' lang='lat' dir='ltr'><strong>tis</strong></span> <span class='ocrx_word' id='word_1_508' title='bbox 499 5854 602 5910; x_wconf 87' lang='lat' dir='ltr'><strong>sibi</strong></span> <span class='ocrx_word' id='word_1_509' title='bbox 625 5851 994 5909; x_wconf 88' lang='lat' dir='ltr'><strong>convenirent.</strong></span> <span class='ocrx_word' id='word_1_510' title='bbox 1026 5846 1212 5904; x_wconf 88' lang='lat' dir='ltr'><strong>Unde:</strong></span> <span class='ocrx_word' id='word_1_511' title='bbox 1237 5843 1460 5914; x_wconf 78' lang='lat' dir='ltr'><strong>Propter</strong></span> <span class='ocrx_word' id='word_1_512' title='bbox 1477 5842 1575 5894; x_wconf 83' lang='lat' dir='ltr'><strong>hoc</strong></span> <span class='ocrx_word' id='word_1_513' title='bbox 1595 5838 1768 5893; x_wconf 82' lang='lat' dir='ltr'><strong>dolavi</strong></span> <span class='ocrx_word' id='word_1_514' title='bbox 1790 5839 1844 5891; x_wconf 88' lang='lat' dir='ltr'><strong>in</strong></span> <span class='ocrx_word' id='word_1_515' title='bbox 1861 5851 1983 5901; x_wconf 81' lang='lat' dir='ltr'><strong>pro-</strong></span> 
     </span>
    </p>
   </div>
   <div class='ocr_carea' id='block_1_75' title="bbox 313 5927 1780 6025">
    <p class='ocr_par' dir='ltr' id='par_1_75' title="bbox 313 5927 1780 6025">
     <span class='ocr_line' id='line_1_75' title="bbox 313 5927 1780 6025; baseline -0.018 -17"><span class='ocrx_word' id='word_1_516' title='bbox 313 5973 318 5978; x_wconf 91' lang='grc'>·</span> <span class='ocrx_word' id='word_1_517' title='bbox 409 5944 598 6025; x_wconf 65' lang='lat' dir='ltr'><strong>vitatis,</strong></span> <span class='ocrx_word' id='word_1_518' title='bbox 618 5954 667 5999; x_wconf 87' lang='lat' dir='ltr'><strong>et</strong></span> <span class='ocrx_word' id='word_1_519' title='bbox 690 5942 858 6008; x_wconf 81' lang='lat' dir='ltr'><strong>occidi</strong></span> <span class='ocrx_word' id='word_1_520' title='bbox 877 5957 964 5998; x_wconf 84' lang='lat' dir='ltr'><strong>eos</strong></span> <span class='ocrx_word' id='word_1_521' title='bbox 985 5940 1039 5995; x_wconf 85' lang='lat' dir='ltr'><strong>in</strong></span> <span class='ocrx_word' id='word_1_522' title='bbox 1065 5936 1228 5996; x_wconf 76' lang='lat' dir='ltr'><strong>verbis</strong></span> <span class='ocrx_word' id='word_1_523' title='bbox 1257 5935 1360 5988; x_wconf 87' lang='lat' dir='ltr'><strong>oris</strong></span> <span class='ocrx_word' id='word_1_524' title='bbox 1389 5933 1490 5990; x_wconf 85' lang='lat' dir='ltr'><strong>mei</strong></span> <span class='ocrx_word' id='word_1_525' title='bbox 1517 5929 1672 6001; x_wconf 84' lang='lat' dir='ltr'><strong>(Osee</strong></span> <span class='ocrx_word' id='word_1_526' title='bbox 1701 5927 1780 5998; x_wconf 77' lang='lat' dir='ltr'><strong>vr)</strong></span> 
     </span>
    </p>
   </div>
   <div class='ocr_carea' id='block_1_76' title="bbox 2135 2076 3638 2146">
    <p class='ocr_par' dir='ltr' id='par_1_76' title="bbox 2135 2076 3638 2146">
     <span class='ocr_line' id='line_1_76' title="bbox 2135 2076 3638 2146; baseline -0.005 -9"><span class='ocrx_word' id='word_1_527' title='bbox 2135 2083 2299 2137; x_wconf 77' lang='lat' dir='ltr'><strong>Vsas.</strong></span> <span class='ocrx_word' id='word_1_528' title='bbox 2331 2080 2380 2135; x_wconf 82' lang='lat'><strong>5.</strong></span> <span class='ocrx_word' id='word_1_529' title='bbox 2407 2111 2477 2120; x_wconf 93' lang='lat'><strong><em>—</em></strong></span> <span class='ocrx_word' id='word_1_530' title='bbox 2499 2077 2758 2135; x_wconf 79' lang='lat' dir='ltr'><strong>Parvulas</strong></span> <span class='ocrx_word' id='word_1_531' title='bbox 2782 2089 2855 2133; x_wconf 87' lang='lat' dir='ltr'><strong>est</strong></span> <span class='ocrx_word' id='word_1_532' title='bbox 2877 2088 2924 2133; x_wconf 88' lang='lat' dir='ltr'><strong>et</strong></span> <span class='ocrx_word' id='word_1_533' title='bbox 2945 2077 3220 2132; x_wconf 85' lang='lat' dir='ltr'><strong>delicatus.</strong></span> <span class='ocrx_word' id='word_1_534' title='bbox 3253 2076 3517 2146; x_wconf 72' lang='lat' dir='ltr'><strong>Tempore</strong></span> <span class='ocrx_word' id='word_1_535' title='bbox 3533 2077 3638 2130; x_wconf 86' lang='lat' dir='ltr'><strong>Ve-</strong></span> 
     </span>
    </p>
   </div>
   <div class='ocr_carea' id='block_1_77' title="bbox 2067 2169 3640 2238">
    <p class='ocr_par' dir='ltr' id='par_1_77' title="bbox 2067 2169 3640 2238">
     <span class='ocr_line' id='line_1_77' title="bbox 2067 2169 3640 2238; baseline -0.003 -10"><span class='ocrx_word' id='word_1_536' title='bbox 2067 2174 2195 2228; x_wconf 89' lang='lat' dir='ltr'><strong>teris</strong></span> <span class='ocrx_word' id='word_1_537' title='bbox 2223 2172 2574 2238; x_wconf 90' lang='lat' dir='ltr'><strong>Testamenti,</strong></span> <span class='ocrx_word' id='word_1_538' title='bbox 2623 2173 2851 2227; x_wconf 88' lang='lat' dir='ltr'><strong>obscura</strong></span> <span class='ocrx_word' id='word_1_539' title='bbox 2893 2171 2992 2226; x_wconf 85' lang='lat' dir='ltr'><strong>fuit</strong></span> <span class='ocrx_word' id='word_1_540' title='bbox 3034 2170 3222 2226; x_wconf 90' lang='lat' dir='ltr'><strong>notitia</strong></span> <span class='ocrx_word' id='word_1_541' title='bbox 3256 2169 3640 2224; x_wconf 83' lang='lat' dir='ltr'><strong>incarnationis</strong></span> 
     </span>
    </p>
   </div>
   <div class='ocr_carea' id='block_1_78' title="bbox 2064 2260 3641 2334">
    <p class='ocr_par' dir='ltr' id='par_1_78' title="bbox 2064 2260 3641 2334">
     <span class='ocr_line' id='line_1_78' title="bbox 2064 2260 3641 2334; baseline -0.004 -15"><span class='ocrx_word' id='word_1_542' title='bbox 2064 2264 2265 2320; x_wconf 90' lang='lat' dir='ltr'><strong>Christi</strong></span> <span class='ocrx_word' id='word_1_543' title='bbox 2301 2278 2538 2334; x_wconf 88' lang='lat' dir='ltr'><strong>:parvus</strong></span> <span class='ocrx_word' id='word_1_544' title='bbox 2560 2277 2773 2334; x_wconf 88' lang='lat' dir='ltr'><strong>quoque</strong></span> <span class='ocrx_word' id='word_1_545' title='bbox 2797 2277 3055 2317; x_wconf 88' lang='lat' dir='ltr'><strong>numerus</strong></span> <span class='ocrx_word' id='word_1_546' title='bbox 3100 2260 3358 2325; x_wconf 88' lang='lat' dir='ltr'><strong>ﬁdelium,</strong></span> <span class='ocrx_word' id='word_1_547' title='bbox 3383 2261 3475 2330; x_wconf 82' lang='lat' dir='ltr'><strong>qui</strong></span> <span class='ocrx_word' id='word_1_548' title='bbox 3517 2269 3641 2316; x_wconf 90' lang='lat' dir='ltr'><strong>sunt</strong></span> 
     </span>
    </p>
   </div>
   <div class='ocr_carea' id='block_1_79' title="bbox 2066 2353 2556 2411">
    <p class='ocr_par' dir='ltr' id='par_1_79' title="bbox 2066 2353 2556 2411">
     <span class='ocr_line' id='line_1_79' title="bbox 2066 2353 2556 2411; baseline -0.004 -1"><span class='ocrx_word' id='word_1_549' title='bbox 2066 2355 2307 2411; x_wconf 89' lang='lat' dir='ltr'><strong>membra</strong></span> <span class='ocrx_word' id='word_1_550' title='bbox 2338 2353 2556 2409; x_wconf 91' lang='lat' dir='ltr'><strong>Christi.</strong></span> 
     </span>
    </p>
   </div>
   <div class='ocr_carea' id='block_1_80' title="bbox 2138 2445 3740 2518">
    <p class='ocr_par' dir='ltr' id='par_1_80' title="bbox 2138 2445 3740 2518">
     <span class='ocr_line' id='line_1_80' title="bbox 2138 2445 3740 2518; baseline -0.001 -19"><span class='ocrx_word' id='word_1_551' title='bbox 2138 2445 2467 2518; x_wconf 78' lang='lat' dir='ltr'><strong>Prwparavit</strong></span> <span class='ocrx_word' id='word_1_552' title='bbox 2491 2447 2769 2517; x_wconf 81' lang='lat' dir='ltr'><strong>impensas.</strong></span> <span class='ocrx_word' id='word_1_553' title='bbox 2793 2445 3003 2517; x_wconf 81' lang='lat' dir='ltr'><strong>Moyses</strong></span> <span class='ocrx_word' id='word_1_554' title='bbox 3024 2446 3296 2516; x_wconf 86' lang='lat' dir='ltr'><strong>impensas</strong></span> <span class='ocrx_word' id='word_1_555' title='bbox 3321 2445 3511 2500; x_wconf 90' lang='lat' dir='ltr'><strong>domus</strong></span> <span class='ocrx_word' id='word_1_556' title='bbox 3535 2445 3640 2499; x_wconf 91' lang='lat' dir='ltr'><strong>Do-</strong></span> <span class='ocrx_word' id='word_1_557' title='bbox 3737 2507 3740 2510; x_wconf 35' lang='grc'>,</span> 
     </span>
    </p>
   </div>
   <div class='ocr_carea' id='block_1_81' title="bbox 2068 2535 3644 2612">
    <p class='ocr_par' dir='ltr' id='par_1_81' title="bbox 2068 2535 3644 2612">
     <span class='ocr_line' id='line_1_81' title="bbox 2068 2535 3644 2612; baseline -0.006 -15"><span class='ocrx_word' id='word_1_558' title='bbox 2068 2541 2198 2598; x_wconf 90' lang='lat' dir='ltr'><strong>mini</strong></span> <span class='ocrx_word' id='word_1_559' title='bbox 2230 2541 2552 2612; x_wconf 65' lang='lat' dir='ltr'><strong>preeparavit</strong></span> <span class='ocrx_word' id='word_1_560' title='bbox 2570 2540 2786 2593; x_wconf 86' lang='lat' dir='ltr'><strong>dicens:</strong></span> <span class='ocrx_word' id='word_1_561' title='bbox 2814 2538 2856 2591; x_wconf 92' lang='lat'><em>0</em></span> <span class='ocrx_word' id='word_1_562' title='bbox 2881 2536 3050 2591; x_wconf 88' lang='lat' dir='ltr'><strong>Israel</strong></span> <span class='ocrx_word' id='word_1_563' title='bbox 3075 2537 3200 2608; x_wconf 82' lang='lat' dir='ltr'><strong>quid</strong></span> <span class='ocrx_word' id='word_1_564' title='bbox 3231 2537 3481 2590; x_wconf 85' lang='lat' dir='ltr'><strong>Dominus</strong></span> <span class='ocrx_word' id='word_1_565' title='bbox 3508 2535 3644 2589; x_wconf 62' lang='lat' dir='ltr'><strong>Deus</strong></span> 
     </span>
    </p>
   </div>
   <div class='ocr_carea' id='block_1_82' title="bbox 2068 2625 3643 2701">
    <p class='ocr_par' dir='ltr' id='par_1_82' title="bbox 2068 2625 3643 2701">
     <span class='ocr_line' id='line_1_82' title="bbox 2068 2625 3643 2701; baseline -0.007 -14"><span class='ocrx_word' id='word_1_566' title='bbox 2068 2642 2188 2687; x_wconf 85' lang='lat' dir='ltr'><strong>tuus</strong></span> <span class='ocrx_word' id='word_1_567' title='bbox 2214 2633 2338 2701; x_wconf 82' lang='lat' dir='ltr'><strong>petit</strong></span> <span class='ocrx_word' id='word_1_568' title='bbox 2359 2650 2390 2684; x_wconf 90' lang='lat' dir='ltr'><strong>a</strong></span> <span class='ocrx_word' id='word_1_569' title='bbox 2411 2631 2504 2684; x_wconf 84' lang='lat' dir='ltr'><strong>te?</strong></span> <span class='ocrx_word' id='word_1_570' title='bbox 2545 2630 2644 2684; x_wconf 88' lang='lat' dir='ltr'><strong>nisi</strong></span> <span class='ocrx_word' id='word_1_571' title='bbox 2665 2640 2720 2682; x_wconf 92' lang='lat' dir='ltr'><strong>ut</strong></span> <span class='ocrx_word' id='word_1_572' title='bbox 2750 2630 2932 2682; x_wconf 82' lang='lat' dir='ltr'><strong>timeas</strong></span> <span class='ocrx_word' id='word_1_573' title='bbox 2969 2627 3252 2680; x_wconf 86' lang='lat' dir='ltr'><strong>Dominum</strong></span> <span class='ocrx_word' id='word_1_574' title='bbox 3275 2625 3441 2680; x_wconf 86' lang='lat' dir='ltr'><strong>Deum</strong></span> <span class='ocrx_word' id='word_1_575' title='bbox 3473 2637 3643 2689; x_wconf 87' lang='lat' dir='ltr'><strong>tuum,</strong></span> 
     </span>
    </p>
   </div>
   <div class='ocr_carea' id='block_1_83' title="bbox 2069 2717 3474 2789">
    <p class='ocr_par' dir='ltr' id='par_1_83' title="bbox 2069 2717 3474 2789">
     <span class='ocr_line' id='line_1_83' title="bbox 2069 2717 3474 2789; baseline -0.005 -11"><span class='ocrx_word' id='word_1_576' title='bbox 2069 2735 2124 2779; x_wconf 89' lang='lat' dir='ltr'><strong>ut</strong></span> <span class='ocrx_word' id='word_1_577' title='bbox 2150 2723 2382 2778; x_wconf 84' lang='lat' dir='ltr'><strong>ambules</strong></span> <span class='ocrx_word' id='word_1_578' title='bbox 2409 2724 2462 2776; x_wconf 86' lang='lat' dir='ltr'><strong>in</strong></span> <span class='ocrx_word' id='word_1_579' title='bbox 2484 2723 2576 2775; x_wconf 77' lang='lat' dir='ltr'><strong>viis</strong></span> <span class='ocrx_word' id='word_1_580' title='bbox 2607 2722 2719 2789; x_wconf 74' lang='lat' dir='ltr'><strong>eius</strong></span> <span class='ocrx_word' id='word_1_581' title='bbox 2749 2761 2763 2782; x_wconf 87' lang='lat'><strong>,</strong></span> <span class='ocrx_word' id='word_1_582' title='bbox 2794 2729 2927 2783; x_wconf 88' lang='lat' dir='ltr'><strong>etc.,</strong></span> <span class='ocrx_word' id='word_1_583' title='bbox 2958 2727 3013 2772; x_wconf 91' lang='lat' dir='ltr'><strong>et</strong></span> <span class='ocrx_word' id='word_1_584' title='bbox 3041 2718 3162 2772; x_wconf 89' lang='lat' dir='ltr'><strong>aliis</strong></span> <span class='ocrx_word' id='word_1_585' title='bbox 3191 2717 3474 2772; x_wconf 88' lang='lat' dir='ltr'><strong>similibus.</strong></span> 
     </span>
    </p>
   </div>
   <div class='ocr_carea' id='block_1_84' title="bbox 2138 2809 3648 2882">
    <p class='ocr_par' dir='ltr' id='par_1_84' title="bbox 2138 2809 3648 2882">
     <span class='ocr_line' id='line_1_84' title="bbox 2138 2809 3648 2882; baseline -0.006 -12"><span class='ocrx_word' id='word_1_586' title='bbox 2138 2816 2302 2871; x_wconf 74' lang='lat' dir='ltr'><strong>Vatis.</strong></span> <span class='ocrx_word' id='word_1_587' title='bbox 2318 2813 2690 2871; x_wconf 74' lang='lat' dir='ltr'><strong>8.-—Multum.</strong></span> <span class='ocrx_word' id='word_1_588' title='bbox 2709 2809 3214 2882; x_wconf 74' lang='lat' dir='ltr'><strong>SigniﬁcatJudteos</strong></span> <span class='ocrx_word' id='word_1_589' title='bbox 3229 2815 3444 2879; x_wconf 89' lang='lat' dir='ltr'><strong>propter</strong></span> <span class='ocrx_word' id='word_1_590' title='bbox 3459 2823 3648 2862; x_wconf 89' lang='lat' dir='ltr'><strong>carna-</strong></span> 
     </span>
    </p>
   </div>
   <div class='ocr_carea' id='block_1_85' title="bbox 2069 2902 3646 2978">
    <p class='ocr_par' dir='ltr' id='par_1_85' title="bbox 2069 2902 3646 2978">
     <span class='ocr_line' id='line_1_85' title="bbox 2069 2902 3646 2978; baseline -0.006 -14"><span class='ocrx_word' id='word_1_591' title='bbox 2069 2910 2172 2966; x_wconf 88' lang='lat' dir='ltr'><strong>lem</strong></span> <span class='ocrx_word' id='word_1_592' title='bbox 2201 2909 2332 2978; x_wconf 79' lang='lat' dir='ltr'><strong>legis</strong></span> <span class='ocrx_word' id='word_1_593' title='bbox 2356 2905 2755 2963; x_wconf 82' lang='lat' dir='ltr'><strong>observantiam</strong></span> <span class='ocrx_word' id='word_1_594' title='bbox 2809 2913 2865 2958; x_wconf 88' lang='lat' dir='ltr'><strong>et</strong></span> <span class='ocrx_word' id='word_1_595' title='bbox 2886 2902 3294 2975; x_wconf 61' lang='lat' dir='ltr'><strong>sanguinolenta</strong></span> <span class='ocrx_word' id='word_1_596' title='bbox 3323 2915 3508 2970; x_wconf 89' lang='lat' dir='ltr'><strong>opera,</strong></span> <span class='ocrx_word' id='word_1_597' title='bbox 3539 2916 3646 2954; x_wconf 92' lang='lat' dir='ltr'><strong>non</strong></span> 
     </span>
    </p>
   </div>
   <div class='ocr_carea' id='block_1_86' title="bbox 2070 2989 3649 3074">
    <p class='ocr_par' dir='ltr' id='par_1_86' title="bbox 2070 2989 3649 3074">
     <span class='ocr_line' id='line_1_86' title="bbox 2070 2989 3649 3074; baseline -0.009 -17"><span class='ocrx_word' id='word_1_598' title='bbox 2070 3016 2227 3074; x_wconf 89' lang='lat' dir='ltr'><strong>posse</strong></span> <span class='ocrx_word' id='word_1_599' title='bbox 2265 2999 2544 3071; x_wconf 91' lang='lat' dir='ltr'><strong>spirituale</strong></span> <span class='ocrx_word' id='word_1_600' title='bbox 2577 2995 2860 3051; x_wconf 64' lang='lat' dir='ltr'><strong>aediﬁcium</strong></span> <span class='ocrx_word' id='word_1_601' title='bbox 2897 2994 3126 3048; x_wconf 88' lang='lat' dir='ltr'><strong>Domino</strong></span> <span class='ocrx_word' id='word_1_602' title='bbox 3172 3005 3520 3064; x_wconf 62' lang='lat' dir='ltr'><strong>praeparare;</strong></span> <span class='ocrx_word' id='word_1_603' title='bbox 3562 2989 3649 3044; x_wconf 90' lang='lat' dir='ltr'><strong>vel</strong></span> 
     </span>
    </p>
   </div>
   <div class='ocr_carea' id='block_1_87' title="bbox 2071 3085 3650 3167">
    <p class='ocr_par' dir='ltr' id='par_1_87' title="bbox 2071 3085 3650 3167">
     <span class='ocr_line' id='line_1_87' title="bbox 2071 3085 3650 3167; baseline -0.007 -17"><span class='ocrx_word' id='word_1_604' title='bbox 2071 3097 2195 3167; x_wconf 91' lang='lat' dir='ltr'><strong>quia</strong></span> <span class='ocrx_word' id='word_1_605' title='bbox 2225 3094 2451 3166; x_wconf 87' lang='lat' dir='ltr'><strong>pollutas</strong></span> <span class='ocrx_word' id='word_1_606' title='bbox 2499 3106 2690 3146; x_wconf 90' lang='lat' dir='ltr'><strong>manus</strong></span> <span class='ocrx_word' id='word_1_607' title='bbox 2726 3090 2994 3144; x_wconf 86' lang='lat' dir='ltr'><strong>habebant</strong></span> <span class='ocrx_word' id='word_1_608' title='bbox 3032 3088 3294 3158; x_wconf 88' lang='lat' dir='ltr'><strong>sanguine</strong></span> <span class='ocrx_word' id='word_1_609' title='bbox 3334 3085 3558 3151; x_wconf 89' lang='lat' dir='ltr'><strong>Christi,</strong></span> <span class='ocrx_word' id='word_1_610' title='bbox 3595 3093 3650 3140; x_wconf 92' lang='lat' dir='ltr'><strong>et</strong></span> 
     </span>
    </p>
   </div>
   <div class='ocr_carea' id='block_1_88' title="bbox 2070 3178 3653 3260">
    <p class='ocr_par' dir='ltr' id='par_1_88' title="bbox 2070 3178 3653 3260">
     <span class='ocr_line' id='line_1_88' title="bbox 2070 3178 3653 3260; baseline -0.009 -16"><span class='ocrx_word' id='word_1_611' title='bbox 2070 3189 2477 3260; x_wconf 87' lang='lat' dir='ltr'><strong>prophetarum,</strong></span> <span class='ocrx_word' id='word_1_612' title='bbox 2501 3184 2642 3239; x_wconf 90' lang='lat' dir='ltr'><strong>unde</strong></span> <span class='ocrx_word' id='word_1_613' title='bbox 2666 3201 2679 3236; x_wconf 86' lang='lat'><strong>:</strong></span> <span class='ocrx_word' id='word_1_614' title='bbox 2705 3180 3018 3245; x_wconf 82' lang='lat' dir='ltr'><strong>Jerusalem,</strong></span> <span class='ocrx_word' id='word_1_615' title='bbox 3041 3179 3356 3244; x_wconf 82' lang='lat' dir='ltr'><strong>Jerusalem,</strong></span> <span class='ocrx_word' id='word_1_616' title='bbox 3377 3195 3494 3248; x_wconf 81' lang='lat' dir='ltr'><strong>qua:</strong></span> <span class='ocrx_word' id='word_1_617' title='bbox 3515 3178 3653 3231; x_wconf 88' lang='lat' dir='ltr'><strong>occi-</strong></span> 
     </span>
    </p>
   </div>
   <div class='ocr_carea' id='block_1_89' title="bbox 2071 3269 3651 3350">
    <p class='ocr_par' dir='ltr' id='par_1_89' title="bbox 2071 3269 3651 3350">
     <span class='ocr_line' id='line_1_89' title="bbox 2071 3269 3651 3350; baseline -0.009 -15"><span class='ocrx_word' id='word_1_618' title='bbox 2071 3281 2152 3335; x_wconf 86' lang='lat' dir='ltr'><strong>dis</strong></span> <span class='ocrx_word' id='word_1_619' title='bbox 2187 3279 2482 3350; x_wconf 83' lang='lat' dir='ltr'><strong>prophetas,</strong></span> <span class='ocrx_word' id='word_1_620' title='bbox 2518 3285 2566 3330; x_wconf 88' lang='lat' dir='ltr'><strong>et</strong></span> <span class='ocrx_word' id='word_1_621' title='bbox 2612 3273 2816 3345; x_wconf 84' lang='lat' dir='ltr'><strong>lapidas</strong></span> <span class='ocrx_word' id='word_1_622' title='bbox 2871 3288 2958 3327; x_wconf 85' lang='lat' dir='ltr'><strong>eos</strong></span> <span class='ocrx_word' id='word_1_623' title='bbox 3004 3271 3093 3342; x_wconf 85' lang='lat' dir='ltr'><strong>qui</strong></span> <span class='ocrx_word' id='word_1_624' title='bbox 3144 3271 3212 3324; x_wconf 88' lang='lat' dir='ltr'><strong>ad</strong></span> <span class='ocrx_word' id='word_1_625' title='bbox 3264 3279 3313 3324; x_wconf 89' lang='lat' dir='ltr'><strong>te</strong></span> <span class='ocrx_word' id='word_1_626' title='bbox 3359 3269 3504 3324; x_wconf 86' lang='lat' dir='ltr'><strong>missi</strong></span> <span class='ocrx_word' id='word_1_627' title='bbox 3530 3277 3651 3322; x_wconf 86' lang='lat' dir='ltr'><strong>sunt</strong></span> 
     </span>
    </p>
   </div>
   <div class='ocr_carea' id='block_1_90' title="bbox 1991 3367 2488 3450">
    <p class='ocr_par' dir='ltr' id='par_1_90' title="bbox 1991 3367 2488 3450">
     <span class='ocr_line' id='line_1_90' title="bbox 1991 3367 2488 3450; baseline -0.012 -22"><span class='ocrx_word' id='word_1_628' title='bbox 1991 3388 2036 3450; x_wconf 74' lang='grc' dir='ltr'><strong>ρ</strong></span> <span class='ocrx_word' id='word_1_629' title='bbox 2070 3371 2282 3446; x_wconf 78' lang='lat' dir='ltr'><strong>(Matth.</strong></span> <span class='ocrx_word' id='word_1_630' title='bbox 2312 3367 2488 3438; x_wconf 70' lang='grc' dir='ltr'><strong>χχιιι).</strong></span> 
     </span>
    </p>
   </div>
   <div class='ocr_carea' id='block_1_91' title="bbox 2150 3451 3653 3521">
    <p class='ocr_par' dir='ltr' id='par_1_91' title="bbox 2150 3451 3653 3521">
     <span class='ocr_line' id='line_1_91' title="bbox 2150 3451 3653 3521; baseline -0.011 -1"><span class='ocrx_word' id='word_1_631' title='bbox 2150 3465 2315 3520; x_wconf 78' lang='lat' dir='ltr'><strong>Vsas.</strong></span> <span class='ocrx_word' id='word_1_632' title='bbox 2356 3461 2440 3515; x_wconf 74' lang='lat' dir='ltr'><strong>M.</strong></span> <span class='ocrx_word' id='word_1_633' title='bbox 2466 3489 2537 3499; x_wconf 91' lang='lat'>—</span> <span class='ocrx_word' id='word_1_634' title='bbox 2567 3458 2697 3511; x_wconf 81' lang='lat' dir='ltr'><strong>Auri</strong></span> <span class='ocrx_word' id='word_1_635' title='bbox 2725 3453 2921 3511; x_wconf 87' lang='lat' dir='ltr'><strong>talenta</strong></span> <span class='ocrx_word' id='word_1_636' title='bbox 2941 3464 3145 3510; x_wconf 87' lang='lat' dir='ltr'><strong>centum</strong></span> <span class='ocrx_word' id='word_1_637' title='bbox 3167 3452 3356 3518; x_wconf 88' lang='lat' dir='ltr'><strong>millia,</strong></span> <span class='ocrx_word' id='word_1_638' title='bbox 3378 3460 3425 3506; x_wconf 89' lang='lat' dir='ltr'><strong>et</strong></span> <span class='ocrx_word' id='word_1_639' title='bbox 3449 3451 3653 3521; x_wconf 86' lang='lat' dir='ltr'><strong>argenti</strong></span> 
     </span>
    </p>
   </div>
   <div class='ocr_carea' id='block_1_92' title="bbox 2080 3545 3652 3622">
    <p class='ocr_par' dir='ltr' id='par_1_92' title="bbox 2080 3545 3652 3622">
     <span class='ocr_line' id='line_1_92' title="bbox 2080 3545 3652 3622; baseline -0.01 -9"><span class='ocrx_word' id='word_1_640' title='bbox 2080 3557 2220 3613; x_wconf 89' lang='lat' dir='ltr'><strong>mille</strong></span> <span class='ocrx_word' id='word_1_641' title='bbox 2258 3554 2425 3610; x_wconf 90' lang='lat' dir='ltr'><strong>millia</strong></span> <span class='ocrx_word' id='word_1_642' title='bbox 2456 3551 2791 3607; x_wconf 84' lang='lat' dir='ltr'><strong>talentorum.</strong></span> <span class='ocrx_word' id='word_1_643' title='bbox 2834 3548 3016 3622; x_wconf 68' lang='grc' dir='ltr'><strong>(ΗΑΒ.)</strong></span> <span class='ocrx_word' id='word_1_644' title='bbox 3060 3548 3250 3602; x_wconf 85' lang='lat' dir='ltr'><strong>Patres</strong></span> <span class='ocrx_word' id='word_1_645' title='bbox 3296 3545 3508 3602; x_wconf 88' lang='lat' dir='ltr'><strong>Veteris</strong></span> <span class='ocrx_word' id='word_1_646' title='bbox 3548 3545 3652 3598; x_wconf 91' lang='lat' dir='ltr'><strong>Te-</strong></span> 
     </span>
    </p>
   </div>
   <div class='ocr_carea' id='block_1_93' title="bbox 2078 3636 3655 3712">
    <p class='ocr_par' dir='ltr' id='par_1_93' title="bbox 2078 3636 3655 3712">
     <span class='ocr_line' id='line_1_93' title="bbox 2078 3636 3655 3712; baseline -0.008 -9"><span class='ocrx_word' id='word_1_647' title='bbox 2078 3646 2332 3703; x_wconf 89' lang='lat' dir='ltr'><strong>stamenti</strong></span> <span class='ocrx_word' id='word_1_648' title='bbox 2405 3645 2459 3698; x_wconf 92' lang='lat' dir='ltr'><strong>in</strong></span> <span class='ocrx_word' id='word_1_649' title='bbox 2507 3642 2790 3712; x_wconf 88' lang='lat' dir='ltr'><strong>scripturis</strong></span> <span class='ocrx_word' id='word_1_650' title='bbox 2843 3640 2956 3695; x_wconf 91' lang='lat' dir='ltr'><strong>suis</strong></span> <span class='ocrx_word' id='word_1_651' title='bbox 3008 3654 3199 3694; x_wconf 89' lang='lat' dir='ltr'><strong>sensus</strong></span> <span class='ocrx_word' id='word_1_652' title='bbox 3232 3636 3655 3709; x_wconf 84' lang='lat' dir='ltr'><strong>profunditatem</strong></span> 
     </span>
    </p>
   </div>
   <div class='ocr_carea' id='block_1_94' title="bbox 2079 3732 3089 3807">
    <p class='ocr_par' dir='ltr' id='par_1_94' title="bbox 2079 3732 3089 3807">
     <span class='ocr_line' id='line_1_94' title="bbox 2079 3732 3089 3807; baseline -0.008 -14"><span class='ocrx_word' id='word_1_653' title='bbox 2079 3749 2134 3793; x_wconf 92' lang='lat' dir='ltr'><strong>et</strong></span> <span class='ocrx_word' id='word_1_654' title='bbox 2169 3737 2368 3807; x_wconf 91' lang='lat' dir='ltr'><strong>eloquii</strong></span> <span class='ocrx_word' id='word_1_655' title='bbox 2396 3745 2734 3790; x_wconf 90' lang='lat' dir='ltr'><strong>venustatem</strong></span> <span class='ocrx_word' id='word_1_656' title='bbox 2757 3732 3089 3788; x_wconf 87' lang='lat' dir='ltr'><strong>inserebant.</strong></span> 
     </span>
    </p>
   </div>
   <div class='ocr_carea' id='block_1_95' title="bbox 2154 3823 3656 3896">
    <p class='ocr_par' dir='ltr' id='par_1_95' title="bbox 2154 3823 3656 3896">
     <span class='ocr_line' id='line_1_95' title="bbox 2154 3823 3656 3896; baseline -0.004 -11"><span class='ocrx_word' id='word_1_657' title='bbox 2154 3831 2510 3886; x_wconf 88' lang='lat' dir='ltr'><strong>Talentorum.</strong></span> <span class='ocrx_word' id='word_1_658' title='bbox 2544 3828 2831 3882; x_wconf 88' lang='lat' dir='ltr'><strong>Talentum</strong></span> <span class='ocrx_word' id='word_1_659' title='bbox 2886 3825 3097 3880; x_wconf 79' lang='lat' dir='ltr'><strong>caeteris</strong></span> <span class='ocrx_word' id='word_1_660' title='bbox 3143 3823 3404 3896; x_wconf 61' lang='lat' dir='ltr'><strong>praacellit</strong></span> <span class='ocrx_word' id='word_1_661' title='bbox 3449 3823 3656 3895; x_wconf 87' lang='lat' dir='ltr'><strong>ponde-</strong></span> 
     </span>
    </p>
   </div>
   <div class='ocr_carea' id='block_1_96' title="bbox 2079 3916 3656 3989">
    <p class='ocr_par' dir='ltr' id='par_1_96' title="bbox 2079 3916 3656 3989">
     <span class='ocr_line' id='line_1_96' title="bbox 2079 3916 3656 3989; baseline -0.005 -11"><span class='ocrx_word' id='word_1_662' title='bbox 2079 3923 2230 3978; x_wconf 88' lang='lat' dir='ltr'><strong>ribus</strong></span> <span class='ocrx_word' id='word_1_663' title='bbox 2264 3929 2357 3974; x_wconf 92' lang='lat' dir='ltr'><strong>:et</strong></span> <span class='ocrx_word' id='word_1_664' title='bbox 2386 3921 2461 3973; x_wconf 91' lang='lat' dir='ltr'><strong>rei</strong></span> <span class='ocrx_word' id='word_1_665' title='bbox 2500 3919 2926 3988; x_wconf 87' lang='lat' dir='ltr'><strong>magnitudinem</strong></span> <span class='ocrx_word' id='word_1_666' title='bbox 2972 3927 3027 3974; x_wconf 92' lang='lat' dir='ltr'><strong>et</strong></span> <span class='ocrx_word' id='word_1_667' title='bbox 3065 3916 3452 3989; x_wconf 84' lang='lat' dir='ltr'><strong>perfectionem</strong></span> <span class='ocrx_word' id='word_1_668' title='bbox 3487 3917 3656 3988; x_wconf 76' lang='lat' dir='ltr'><strong>signi-</strong></span> 
     </span>
    </p>
   </div>
   <div class='ocr_carea' id='block_1_97' title="bbox 2081 4016 2226 4070">
    <p class='ocr_par' dir='ltr' id='par_1_97' title="bbox 2081 4016 2226 4070">
     <span class='ocr_line' id='line_1_97' title="bbox 2081 4016 2226 4070; baseline -0.014 0"><span class='ocrx_word' id='word_1_669' title='bbox 2081 4016 2226 4070; x_wconf 86' lang='lat' dir='ltr'><strong>licat.</strong></span> 
     </span>
    </p>
   </div>
   <div class='ocr_carea' id='block_1_98' title="bbox 2155 4102 3656 4172">
    <p class='ocr_par' dir='ltr' id='par_1_98' title="bbox 2155 4102 3656 4172">
     <span class='ocr_line' id='line_1_98' title="bbox 2155 4102 3656 4172; baseline -0.001 -14"><span class='ocrx_word' id='word_1_670' title='bbox 2155 4104 2315 4158; x_wconf 70' lang='lat' dir='ltr'><strong>Vens.</strong></span> <span class='ocrx_word' id='word_1_671' title='bbox 2339 4103 2424 4157; x_wconf 73' lang='lat'><strong>15.</strong></span> <span class='ocrx_word' id='word_1_672' title='bbox 2441 4102 2786 4172; x_wconf 82' lang='lat' dir='ltr'><strong>—Artiﬁces,</strong></span> <span class='ocrx_word' id='word_1_673' title='bbox 2815 4102 3060 4168; x_wconf 89' lang='lat' dir='ltr'><strong>latomos,</strong></span> <span class='ocrx_word' id='word_1_674' title='bbox 3077 4112 3123 4157; x_wconf 87' lang='lat' dir='ltr'><strong>et</strong></span> <span class='ocrx_word' id='word_1_675' title='bbox 3147 4104 3524 4167; x_wconf 70' lang='lat' dir='ltr'><strong>carmentarios,</strong></span> <span class='ocrx_word' id='word_1_676' title='bbox 3547 4111 3656 4158; x_wconf 92' lang='lat' dir='ltr'><strong>etc.</strong></span> 
     </span>
    </p>
   </div>
   <div class='ocr_carea' id='block_1_99' title="bbox 2083 4195 3660 4268">
    <p class='ocr_par' dir='ltr' id='par_1_99' title="bbox 2083 4195 3660 4268">
     <span class='ocr_line' id='line_1_99' title="bbox 2083 4195 3660 4268; baseline -0.001 -19"><span class='ocrx_word' id='word_1_677' title='bbox 2083 4195 2264 4268; x_wconf 69' lang='grc' dir='ltr'><strong>(ΗΑΒ.)</strong></span> <span class='ocrx_word' id='word_1_678' title='bbox 2288 4195 2679 4250; x_wconf 71' lang='lat' dir='ltr'><strong>Prtedicatores</strong></span> <span class='ocrx_word' id='word_1_679' title='bbox 2709 4195 2801 4265; x_wconf 91' lang='lat' dir='ltr'><strong>qui</strong></span> <span class='ocrx_word' id='word_1_680' title='bbox 2832 4195 3015 4250; x_wconf 89' lang='lat' dir='ltr'><strong>latomi</strong></span> <span class='ocrx_word' id='word_1_681' title='bbox 3043 4236 3056 4261; x_wconf 94' lang='lat'><strong>,</strong></span> <span class='ocrx_word' id='word_1_682' title='bbox 3090 4196 3423 4250; x_wconf 70' lang='lat' dir='ltr'><strong>carmentarii</strong></span> <span class='ocrx_word' id='word_1_683' title='bbox 3449 4204 3504 4249; x_wconf 92' lang='lat' dir='ltr'><strong>et</strong></span> <span class='ocrx_word' id='word_1_684' title='bbox 3529 4195 3660 4249; x_wconf 90' lang='lat' dir='ltr'><strong>arti-</strong></span> 
     </span>
    </p>
   </div>
   <div class='ocr_carea' id='block_1_100' title="bbox 2083 4289 3656 4368">
    <p class='ocr_par' dir='ltr' id='par_1_100' title="bbox 2083 4289 3656 4368">
     <span class='ocr_line' id='line_1_100' title="bbox 2083 4289 3656 4368; baseline -0.001 -22"><span class='ocrx_word' id='word_1_685' title='bbox 2083 4290 2211 4346; x_wconf 89' lang='lat' dir='ltr'><strong>ﬁces</strong></span> <span class='ocrx_word' id='word_1_686' title='bbox 2246 4289 2510 4360; x_wconf 88' lang='lat' dir='ltr'><strong>lignorum</strong></span> <span class='ocrx_word' id='word_1_687' title='bbox 2537 4331 2550 4354; x_wconf 95' lang='lat'><strong>,</strong></span> <span class='ocrx_word' id='word_1_688' title='bbox 2582 4299 2637 4346; x_wconf 90' lang='lat' dir='ltr'><strong>et</strong></span> <span class='ocrx_word' id='word_1_689' title='bbox 2663 4290 2844 4344; x_wconf 90' lang='lat' dir='ltr'><strong>multis</strong></span> <span class='ocrx_word' id='word_1_690' title='bbox 2873 4290 2994 4368; x_wconf 76' lang='lat' dir='ltr'><strong>aliis</strong></span> <span class='ocrx_word' id='word_1_691' title='bbox 3025 4292 3198 4344; x_wconf 91' lang='lat' dir='ltr'><strong>modis</strong></span> <span class='ocrx_word' id='word_1_692' title='bbox 3225 4292 3498 4354; x_wconf 89' lang='lat' dir='ltr'><strong>dicuntur,</strong></span> <span class='ocrx_word' id='word_1_693' title='bbox 3532 4293 3656 4360; x_wconf 88' lang='lat' dir='ltr'><strong>quia</strong></span> 
     </span>
    </p>
   </div>
   <div class='ocr_carea' id='block_1_101' title="bbox 2077 4381 3660 4451">
    <p class='ocr_par' dir='ltr' id='par_1_101' title="bbox 2077 4381 3660 4451">
     <span class='ocr_line' id='line_1_101' title="bbox 2077 4381 3660 4451; baseline 0.002 -19"><span class='ocrx_word' id='word_1_694' title='bbox 2077 4382 2232 4451; x_wconf 82' lang='lat' dir='ltr'><strong>juxta</strong></span> <span class='ocrx_word' id='word_1_695' title='bbox 2261 4382 2576 4450; x_wconf 84' lang='lat' dir='ltr'><strong>qualitatem</strong></span> <span class='ocrx_word' id='word_1_696' title='bbox 2610 4381 2935 4445; x_wconf 88' lang='lat' dir='ltr'><strong>auditorum,</strong></span> <span class='ocrx_word' id='word_1_697' title='bbox 2964 4381 3229 4434; x_wconf 87' lang='lat' dir='ltr'><strong>formatur</strong></span> <span class='ocrx_word' id='word_1_698' title='bbox 3258 4381 3498 4434; x_wconf 88' lang='lat' dir='ltr'><strong>doctrina</strong></span> <span class='ocrx_word' id='word_1_699' title='bbox 3525 4397 3660 4450; x_wconf 78' lang='lat' dir='ltr'><strong>pra:-</strong></span> 
     </span>
    </p>
   </div>
   <div class='ocr_carea' id='block_1_102' title="bbox 2084 4469 3656 4542">
    <p class='ocr_par' dir='ltr' id='par_1_102' title="bbox 2084 4469 3656 4542">
     <span class='ocr_line' id='line_1_102' title="bbox 2084 4469 3656 4542; baseline 0.001 -17"><span class='ocrx_word' id='word_1_700' title='bbox 2084 4470 2408 4525; x_wconf 88' lang='lat' dir='ltr'><strong>dicatorum.</strong></span> <span class='ocrx_word' id='word_1_701' title='bbox 2445 4469 2616 4524; x_wconf 80' lang='lat' dir='ltr'><strong>Aliter</strong></span> <span class='ocrx_word' id='word_1_702' title='bbox 2651 4471 2793 4523; x_wconf 87' lang='lat' dir='ltr'><strong>enim</strong></span> <span class='ocrx_word' id='word_1_703' title='bbox 2818 4470 3113 4539; x_wconf 87' lang='lat' dir='ltr'><strong>sapientes,</strong></span> <span class='ocrx_word' id='word_1_704' title='bbox 3138 4470 3296 4524; x_wconf 90' lang='lat' dir='ltr'><strong>aliter</strong></span> <span class='ocrx_word' id='word_1_705' title='bbox 3323 4471 3656 4542; x_wconf 88' lang='lat' dir='ltr'><strong>insipientes,</strong></span> 
     </span>
    </p>
   </div>
   <div class='ocr_carea' id='block_1_103' title="bbox 2085 4557 3374 4628">
    <p class='ocr_par' dir='ltr' id='par_1_103' title="bbox 2085 4557 3374 4628">
     <span class='ocr_line' id='line_1_103' title="bbox 2085 4557 3374 4628; baseline 0 -15"><span class='ocrx_word' id='word_1_706' title='bbox 2085 4559 2243 4614; x_wconf 91' lang='lat' dir='ltr'><strong>aliter</strong></span> <span class='ocrx_word' id='word_1_707' title='bbox 2270 4559 2506 4628; x_wconf 87' lang='lat' dir='ltr'><strong>superbi,</strong></span> <span class='ocrx_word' id='word_1_708' title='bbox 2533 4557 2687 4611; x_wconf 91' lang='lat' dir='ltr'><strong>aliter</strong></span> <span class='ocrx_word' id='word_1_709' title='bbox 2717 4557 2945 4613; x_wconf 90' lang='lat' dir='ltr'><strong>humiles</strong></span> <span class='ocrx_word' id='word_1_710' title='bbox 2972 4557 3198 4614; x_wconf 89' lang='lat' dir='ltr'><strong>docendi</strong></span> <span class='ocrx_word' id='word_1_711' title='bbox 3231 4568 3374 4614; x_wconf 86' lang='lat' dir='ltr'><strong>sunt.</strong></span> 
     </span>
    </p>
   </div>
   <div class='ocr_carea' id='block_1_104' title="bbox 2159 4647 3661 4723">
    <p class='ocr_par' dir='ltr' id='par_1_104' title="bbox 2159 4647 3661 4723">
     <span class='ocr_line' id='line_1_104' title="bbox 2159 4647 3661 4723; baseline 0.001 -18"><span class='ocrx_word' id='word_1_712' title='bbox 2159 4651 2321 4706; x_wconf 75' lang='lat' dir='ltr'><strong>VERS.</strong></span> <span class='ocrx_word' id='word_1_713' title='bbox 2357 4651 2438 4705; x_wconf 86' lang='lat' dir='ltr'><strong>l7.</strong></span> <span class='ocrx_word' id='word_1_714' title='bbox 2465 4681 2534 4690; x_wconf 91' lang='lat'><strong>—</strong></span> <span class='ocrx_word' id='word_1_715' title='bbox 2555 4647 2809 4720; x_wconf 66' lang='lat' dir='ltr'><strong>Pra’ccpit</strong></span> <span class='ocrx_word' id='word_1_716' title='bbox 2836 4667 3038 4721; x_wconf 85' lang='lat' dir='ltr'><strong>quoque</strong></span> <span class='ocrx_word' id='word_1_717' title='bbox 3069 4651 3235 4705; x_wconf 82' lang='lat' dir='ltr'><strong>David</strong></span> <span class='ocrx_word' id='word_1_718' title='bbox 3278 4653 3475 4706; x_wconf 80' lang='lat' dir='ltr'><strong>cunctis</strong></span> <span class='ocrx_word' id='word_1_719' title='bbox 3519 4655 3661 4723; x_wconf 79' lang='lat' dir='ltr'><strong>prin—</strong></span> 
     </span>
    </p>
   </div>
   <div class='ocr_carea' id='block_1_105' title="bbox 2007 4740 3663 4814">
    <p class='ocr_par' dir='ltr' id='par_1_105' title="bbox 2007 4740 3663 4814">
     <span class='ocr_line' id='line_1_105' title="bbox 2007 4740 3663 4814; baseline -0.001 -16"><span class='ocrx_word' id='word_1_720' title='bbox 2007 4750 2062 4809; x_wconf 85' lang='lat' dir='ltr'><strong>D</strong></span> <span class='ocrx_word' id='word_1_721' title='bbox 2089 4745 2286 4814; x_wconf 84' lang='lat' dir='ltr'><strong>cipibus</strong></span> <span class='ocrx_word' id='word_1_722' title='bbox 2309 4742 2479 4798; x_wconf 86' lang='lat' dir='ltr'><strong>Israel</strong></span> <span class='ocrx_word' id='word_1_723' title='bbox 2520 4750 2576 4795; x_wconf 89' lang='lat' dir='ltr'><strong>ut</strong></span> <span class='ocrx_word' id='word_1_724' title='bbox 2607 4741 2913 4812; x_wconf 84' lang='lat' dir='ltr'><strong>adjuvarent</strong></span> <span class='ocrx_word' id='word_1_725' title='bbox 2946 4740 3298 4804; x_wconf 89' lang='lat' dir='ltr'><strong>Salomonem,</strong></span> <span class='ocrx_word' id='word_1_726' title='bbox 3345 4751 3450 4798; x_wconf 90' lang='lat' dir='ltr'><strong>etc.</strong></span> <span class='ocrx_word' id='word_1_727' title='bbox 3487 4743 3663 4813; x_wconf 84' lang='lat' dir='ltr'><strong>Signi—</strong></span> 
     </span>
    </p>
   </div>
   <div class='ocr_carea' id='block_1_106' title="bbox 2091 4834 3660 4908">
    <p class='ocr_par' dir='ltr' id='par_1_106' title="bbox 2091 4834 3660 4908">
     <span class='ocr_line' id='line_1_106' title="bbox 2091 4834 3660 4908; baseline -0.004 -16"><span class='ocrx_word' id='word_1_728' title='bbox 2091 4838 2218 4892; x_wconf 82' lang='lat' dir='ltr'><strong>ﬁcat</strong></span> <span class='ocrx_word' id='word_1_729' title='bbox 2259 4836 2429 4908; x_wconf 90' lang='lat' dir='ltr'><strong>legem</strong></span> <span class='ocrx_word' id='word_1_730' title='bbox 2463 4843 2518 4890; x_wconf 93' lang='lat' dir='ltr'><strong>et</strong></span> <span class='ocrx_word' id='word_1_731' title='bbox 2545 4835 2837 4906; x_wconf 89' lang='lat' dir='ltr'><strong>pr0phetas</strong></span> <span class='ocrx_word' id='word_1_732' title='bbox 2886 4834 3040 4888; x_wconf 88' lang='lat' dir='ltr'><strong>ﬁrma</strong></span> <span class='ocrx_word' id='word_1_733' title='bbox 3071 4835 3398 4890; x_wconf 89' lang='lat' dir='ltr'><strong>auctoritate</strong></span> <span class='ocrx_word' id='word_1_734' title='bbox 3425 4836 3617 4890; x_wconf 89' lang='lat' dir='ltr'><strong>docere</strong></span> <span class='ocrx_word' id='word_1_735' title='bbox 3647 4875 3660 4896; x_wconf 90' lang='lat'><strong>,</strong></span> 
     </span>
    </p>
   </div>
   <div class='ocr_carea' id='block_1_107' title="bbox 2093 4924 3662 4997">
    <p class='ocr_par' dir='ltr' id='par_1_107' title="bbox 2093 4924 3662 4997">
     <span class='ocr_line' id='line_1_107' title="bbox 2093 4924 3662 4997; baseline -0.004 -15"><span class='ocrx_word' id='word_1_736' title='bbox 2093 4928 2204 4993; x_wconf 88' lang='lat' dir='ltr'><strong>ubi,</strong></span> <span class='ocrx_word' id='word_1_737' title='bbox 2249 4927 2339 4997; x_wconf 90' lang='lat' dir='ltr'><strong>qui</strong></span> <span class='ocrx_word' id='word_1_738' title='bbox 2369 4925 2656 4981; x_wconf 89' lang='lat' dir='ltr'><strong>sanctitate</strong></span> <span class='ocrx_word' id='word_1_739' title='bbox 2679 4932 2734 4980; x_wconf 92' lang='lat' dir='ltr'><strong>et</strong></span> <span class='ocrx_word' id='word_1_740' title='bbox 2759 4924 2959 4980; x_wconf 89' lang='lat' dir='ltr'><strong>virtute</strong></span> <span class='ocrx_word' id='word_1_741' title='bbox 2989 4926 3042 4979; x_wconf 91' lang='lat' dir='ltr'><strong>in</strong></span> <span class='ocrx_word' id='word_1_742' title='bbox 3073 4925 3314 4981; x_wconf 86' lang='lat' dir='ltr'><strong>Ecclesia</strong></span> <span class='ocrx_word' id='word_1_743' title='bbox 3351 4926 3662 4995; x_wconf 87' lang='lat' dir='ltr'><strong>principan-</strong></span> 
     </span>
    </p>
   </div>
   <div class='ocr_carea' id='block_1_108' title="bbox 2095 5015 3664 5088">
    <p class='ocr_par' dir='ltr' id='par_1_108' title="bbox 2095 5015 3664 5088">
     <span class='ocr_line' id='line_1_108' title="bbox 2095 5015 3664 5088; baseline -0.004 -14"><span class='ocrx_word' id='word_1_744' title='bbox 2095 5029 2203 5087; x_wconf 90' lang='lat' dir='ltr'><strong>tur,</strong></span> <span class='ocrx_word' id='word_1_745' title='bbox 2229 5019 2482 5088; x_wconf 86' lang='lat' dir='ltr'><strong>adjuvent</strong></span> <span class='ocrx_word' id='word_1_746' title='bbox 2506 5033 2693 5074; x_wconf 90' lang='lat' dir='ltr'><strong>verum</strong></span> <span class='ocrx_word' id='word_1_747' title='bbox 2720 5017 3064 5074; x_wconf 90' lang='lat' dir='ltr'><strong>Salomonem</strong></span> <span class='ocrx_word' id='word_1_748' title='bbox 3089 5019 3142 5072; x_wconf 94' lang='lat' dir='ltr'><strong>in</strong></span> <span class='ocrx_word' id='word_1_749' title='bbox 3159 5017 3386 5073; x_wconf 70' lang='lat' dir='ltr'><strong>aedificio</strong></span> <span class='ocrx_word' id='word_1_750' title='bbox 3411 5015 3548 5083; x_wconf 84' lang='lat' dir='ltr'><strong>ejus,</strong></span> <span class='ocrx_word' id='word_1_751' title='bbox 3571 5017 3664 5068; x_wconf 87' lang='lat' dir='ltr'><strong>do-</strong></span> 
     </span>
    </p>
   </div>
   <div class='ocr_carea' id='block_1_109' title="bbox 2091 5105 3662 5181">
    <p class='ocr_par' dir='ltr' id='par_1_109' title="bbox 2091 5105 3662 5181">
     <span class='ocr_line' id='line_1_109' title="bbox 2091 5105 3662 5181; baseline -0.008 -11"><span class='ocrx_word' id='word_1_752' title='bbox 2091 5115 2262 5170; x_wconf 91' lang='lat' dir='ltr'><strong>cendo</strong></span> <span class='ocrx_word' id='word_1_753' title='bbox 2310 5112 2518 5168; x_wconf 91' lang='lat' dir='ltr'><strong>scilicet</strong></span> <span class='ocrx_word' id='word_1_754' title='bbox 2546 5119 2600 5167; x_wconf 94' lang='lat' dir='ltr'><strong>et</strong></span> <span class='ocrx_word' id='word_1_755' title='bbox 2630 5110 2935 5181; x_wconf 87' lang='lat' dir='ltr'><strong>operando;</strong></span> <span class='ocrx_word' id='word_1_756' title='bbox 2984 5111 3126 5164; x_wconf 88' lang='lat' dir='ltr'><strong>unde</strong></span> <span class='ocrx_word' id='word_1_757' title='bbox 3153 5127 3166 5163; x_wconf 88' lang='lat'><strong>:</strong></span> <span class='ocrx_word' id='word_1_758' title='bbox 3198 5109 3426 5163; x_wconf 76' lang='lat' dir='ltr'><strong>Adorate</strong></span> <span class='ocrx_word' id='word_1_759' title='bbox 3477 5105 3662 5160; x_wconf 89' lang='lat' dir='ltr'><strong>Domi-</strong></span> 
     </span>
    </p>
   </div>
   <div class='ocr_carea' id='block_1_110' title="bbox 2093 5197 3216 5272">
    <p class='ocr_par' dir='ltr' id='par_1_110' title="bbox 2093 5197 3216 5272">
     <span class='ocr_line' id='line_1_110' title="bbox 2093 5197 3216 5272; baseline -0.005 -15"><span class='ocrx_word' id='word_1_760' title='bbox 2093 5221 2217 5258; x_wconf 87' lang='lat' dir='ltr'><strong>num</strong></span> <span class='ocrx_word' id='word_1_761' title='bbox 2238 5204 2294 5258; x_wconf 90' lang='lat' dir='ltr'><strong>in</strong></span> <span class='ocrx_word' id='word_1_762' title='bbox 2323 5203 2458 5256; x_wconf 87' lang='lat' dir='ltr'><strong>atrio</strong></span> <span class='ocrx_word' id='word_1_763' title='bbox 2483 5211 2665 5256; x_wconf 85' lang='lat' dir='ltr'><strong>sancto</strong></span> <span class='ocrx_word' id='word_1_764' title='bbox 2695 5201 2808 5272; x_wconf 73' lang='lat' dir='ltr'><strong>ejus</strong></span> <span class='ocrx_word' id='word_1_765' title='bbox 2836 5197 3007 5271; x_wconf 89' lang='lat' dir='ltr'><strong>(Psal.</strong></span> <span class='ocrx_word' id='word_1_766' title='bbox 3041 5198 3216 5266; x_wconf 80' lang='lat' dir='ltr'><strong>xvm).</strong></span> 
     </span>
    </p>
   </div>
   <div class='ocr_carea' id='block_1_111' title="bbox 2166 5287 3663 5353">
    <p class='ocr_par' dir='ltr' id='par_1_111' title="bbox 2166 5287 3663 5353">
     <span class='ocr_line' id='line_1_111' title="bbox 2166 5287 3663 5353; baseline -0.008 -4"><span class='ocrx_word' id='word_1_767' title='bbox 2166 5293 2541 5350; x_wconf 87' lang='lat' dir='ltr'><strong>Sanctuarium</strong></span> <span class='ocrx_word' id='word_1_768' title='bbox 2563 5290 2784 5346; x_wconf 88' lang='lat' dir='ltr'><strong>Domino</strong></span> <span class='ocrx_word' id='word_1_769' title='bbox 2838 5289 2948 5343; x_wconf 92' lang='lat' dir='ltr'><strong>Deo</strong></span> <span class='ocrx_word' id='word_1_770' title='bbox 2971 5329 2987 5353; x_wconf 95' lang='lat'><strong>,</strong></span> <span class='ocrx_word' id='word_1_771' title='bbox 3040 5297 3097 5342; x_wconf 86' lang='lat' dir='ltr'><strong>ut</strong></span> <span class='ocrx_word' id='word_1_772' title='bbox 3146 5287 3511 5340; x_wconf 85' lang='lat' dir='ltr'><strong>introducatur</strong></span> <span class='ocrx_word' id='word_1_773' title='bbox 3539 5299 3663 5337; x_wconf 88' lang='lat' dir='ltr'><strong>arca</strong></span> 
     </span>
    </p>
   </div>
   <div class='ocr_carea' id='block_1_112' title="bbox 2095 5374 3662 5454">
    <p class='ocr_par' dir='ltr' id='par_1_112' title="bbox 2095 5374 3662 5454">
     <span class='ocr_line' id='line_1_112' title="bbox 2095 5374 3662 5454; baseline -0.009 -15"><span class='ocrx_word' id='word_1_774' title='bbox 2095 5383 2301 5454; x_wconf 78' lang='lat' dir='ltr'><strong>ftederis</strong></span> <span class='ocrx_word' id='word_1_775' title='bbox 2324 5382 2558 5447; x_wconf 86' lang='lat' dir='ltr'><strong>Domini,</strong></span> <span class='ocrx_word' id='word_1_776' title='bbox 2579 5392 2624 5436; x_wconf 90' lang='lat' dir='ltr'><strong>et</strong></span> <span class='ocrx_word' id='word_1_777' title='bbox 2649 5397 2770 5434; x_wconf 79' lang='lat' dir='ltr'><strong>uasa</strong></span> <span class='ocrx_word' id='word_1_778' title='bbox 2789 5379 3011 5433; x_wconf 86' lang='lat' dir='ltr'><strong>Domino</strong></span> <span class='ocrx_word' id='word_1_779' title='bbox 3032 5385 3330 5431; x_wconf 85' lang='lat' dir='ltr'><strong>consecrata</strong></span> <span class='ocrx_word' id='word_1_780' title='bbox 3353 5376 3409 5429; x_wconf 87' lang='lat' dir='ltr'><strong>in</strong></span> <span class='ocrx_word' id='word_1_781' title='bbox 3430 5374 3662 5436; x_wconf 87' lang='lat' dir='ltr'><strong>domum,</strong></span> 
     </span>
    </p>
   </div>
   <div class='ocr_carea' id='block_1_113' title="bbox 2096 5466 3667 5546">
    <p class='ocr_par' dir='ltr' id='par_1_113' title="bbox 2096 5466 3667 5546">
     <span class='ocr_line' id='line_1_113' title="bbox 2096 5466 3667 5546; baseline -0.008 -16"><span class='ocrx_word' id='word_1_782' title='bbox 2096 5492 2212 5546; x_wconf 76' lang='lat' dir='ltr'><strong>qua:</strong></span> <span class='ocrx_word' id='word_1_783' title='bbox 2240 5474 2552 5543; x_wconf 68' lang='lat' dir='ltr'><strong>mdiﬁcatur,</strong></span> <span class='ocrx_word' id='word_1_784' title='bbox 2581 5484 2686 5528; x_wconf 91' lang='lat' dir='ltr'><strong>etc.</strong></span> <span class='ocrx_word' id='word_1_785' title='bbox 2717 5501 2788 5511; x_wconf 93' lang='lat'><strong>—</strong></span> <span class='ocrx_word' id='word_1_786' title='bbox 2818 5472 3008 5525; x_wconf 84' lang='lat' dir='ltr'><strong>Anima</strong></span> <span class='ocrx_word' id='word_1_787' title='bbox 3025 5470 3160 5539; x_wconf 83' lang='lat' dir='ltr'><strong>justi</strong></span> <span class='ocrx_word' id='word_1_788' title='bbox 3185 5468 3331 5523; x_wconf 86' lang='lat' dir='ltr'><strong>sedes</strong></span> <span class='ocrx_word' id='word_1_789' title='bbox 3357 5477 3431 5520; x_wconf 90' lang='lat' dir='ltr'><strong>est</strong></span> <span class='ocrx_word' id='word_1_790' title='bbox 3461 5466 3667 5535; x_wconf 82' lang='lat' dir='ltr'><strong>sapien-</strong></span> 
     </span>
    </p>
   </div>
   <div class='ocr_carea' id='block_1_114' title="bbox 2099 5556 3663 5638">
    <p class='ocr_par' dir='ltr' id='par_1_114' title="bbox 2099 5556 3663 5638">
     <span class='ocr_line' id='line_1_114' title="bbox 2099 5556 3663 5638; baseline -0.008 -16"><span class='ocrx_word' id='word_1_791' title='bbox 2099 5569 2186 5622; x_wconf 77' lang='lat' dir='ltr'><strong>tia:</strong></span> <span class='ocrx_word' id='word_1_792' title='bbox 2213 5565 2368 5636; x_wconf 87' lang='lat' dir='ltr'><strong>(Sap.</strong></span> <span class='ocrx_word' id='word_1_793' title='bbox 2393 5565 2511 5638; x_wconf 88' lang='lat' dir='ltr'><strong>vn).</strong></span> <span class='ocrx_word' id='word_1_794' title='bbox 2536 5564 2594 5618; x_wconf 94' lang='lat' dir='ltr'><strong>In</strong></span> <span class='ocrx_word' id='word_1_795' title='bbox 2634 5565 2738 5620; x_wconf 90' lang='lat' dir='ltr'><strong>hac</strong></span> <span class='ocrx_word' id='word_1_796' title='bbox 2764 5563 2924 5617; x_wconf 92' lang='lat' dir='ltr'><strong>domo</strong></span> <span class='ocrx_word' id='word_1_797' title='bbox 2949 5559 3238 5629; x_wconf 88' lang='lat' dir='ltr'><strong>requiescit</strong></span> <span class='ocrx_word' id='word_1_798' title='bbox 3269 5572 3394 5612; x_wconf 88' lang='lat' dir='ltr'><strong>arca</strong></span> <span class='ocrx_word' id='word_1_799' title='bbox 3418 5596 3434 5622; x_wconf 89' lang='lat'><strong>,</strong></span> <span class='ocrx_word' id='word_1_800' title='bbox 3467 5556 3522 5612; x_wconf 87' lang='lat' dir='ltr'><strong>id</strong></span> <span class='ocrx_word' id='word_1_801' title='bbox 3541 5564 3624 5610; x_wconf 87' lang='lat' dir='ltr'><strong>est</strong></span> <span class='ocrx_word' id='word_1_802' title='bbox 3649 5594 3663 5618; x_wconf 93' lang='lat'><strong>,</strong></span> 
     </span>
    </p>
   </div>
   <div class='ocr_carea' id='block_1_115' title="bbox 2099 5654 2895 5715">
    <p class='ocr_par' dir='ltr' id='par_1_115' title="bbox 2099 5654 2895 5715">
     <span class='ocr_line' id='line_1_115' title="bbox 2099 5654 2895 5715; baseline -0.01 -2"><span class='ocrx_word' id='word_1_803' title='bbox 2099 5659 2230 5715; x_wconf 87' lang='lat' dir='ltr'><strong>ﬁdes</strong></span> <span class='ocrx_word' id='word_1_804' title='bbox 2260 5656 2646 5714; x_wconf 89' lang='lat' dir='ltr'><strong>incarnationis</strong></span> <span class='ocrx_word' id='word_1_805' title='bbox 2676 5654 2895 5710; x_wconf 90' lang='lat' dir='ltr'><strong>Christi.</strong></span> 
     </span>
    </p>
   </div>
   <div class='ocr_carea' id='block_1_116' title="bbox 2659 5781 3110 5839">
    <p class='ocr_par' dir='ltr' id='par_1_116' title="bbox 2659 5781 3110 5839">
     <span class='ocr_line' id='line_1_116' title="bbox 2659 5781 3110 5839; baseline -0.009 0"><span class='ocrx_word' id='word_1_806' title='bbox 2659 5781 2885 5839; x_wconf 88' lang='lat' dir='ltr'><strong>CAPUT</strong></span> <span class='ocrx_word' id='word_1_807' title='bbox 2924 5781 3110 5836; x_wconf 80' lang='lat' dir='ltr'><strong>XXIII.</strong></span> 
     </span>
    </p>
   </div>
   <div class='ocr_carea' id='block_1_117' title="bbox 2164 5910 3660 5990">
    <p class='ocr_par' dir='ltr' id='par_1_117' title="bbox 2164 5910 3660 5990">
     <span class='ocr_line' id='line_1_117' title="bbox 2164 5910 3660 5990; baseline -0.011 -10"><span class='ocrx_word' id='word_1_808' title='bbox 2164 5925 2327 5980; x_wconf 68' lang='lat' dir='ltr'><strong>Vens.</strong></span> <span class='ocrx_word' id='word_1_809' title='bbox 2355 5923 2404 5978; x_wconf 80' lang='lat' dir='ltr'><strong>l.</strong></span> <span class='ocrx_word' id='word_1_810' title='bbox 2431 5950 2500 5959; x_wconf 93' lang='lat'><strong>-—</strong></span> <span class='ocrx_word' id='word_1_811' title='bbox 2521 5917 2692 5990; x_wconf 84' lang='lat' dir='ltr'><strong>Igitur</strong></span> <span class='ocrx_word' id='word_1_812' title='bbox 2724 5914 2913 5980; x_wconf 84' lang='lat' dir='ltr'><strong>David,</strong></span> <span class='ocrx_word' id='word_1_813' title='bbox 2940 5922 3045 5969; x_wconf 91' lang='lat' dir='ltr'><strong>etc.</strong></span> <span class='ocrx_word' id='word_1_814' title='bbox 3082 5914 3214 5970; x_wconf 84' lang='lat' dir='ltr'><strong>Post</strong></span> <span class='ocrx_word' id='word_1_815' title='bbox 3250 5910 3660 5982; x_wconf 71' lang='lat' dir='ltr'><strong>completionsm</strong></span> 
     </span>
    </p>
   </div>
  </div>
