4122 6350
942 517 1333 580 WALAFRIDI
1371 510 1614 571 STRABI
1648 509 1852 566 FULD.
1874 468 2035 564 ’ΜοΝ

2141 503 2249 560 1⁵1).
2290 498 2471 558 PARS
2506 494 2544 555 l.
2586 524 2655 538 -——
2694 488 3155 551 THEOLOGICA.

2164 320 2191 337 κ

3588 480 3695 537 660

443 640 657 701 Veteris
681 635 1013 694 Testamenti
1040 676 1055 699 ,
1092 630 1355 687 successit
1378 624 1677 683 incarnatio
1698 620 2014 678 Salvatoris.
2046 623 2095 683 Α
2194 618 2356 671 Vens.
2395 614 2447 667 '1.
2484 641 2553 652 —
2582 608 2759 664 Exivit
2783 612 2956 661 autem
2985 618 3121 659 sors.
3164 599 3220 655 Si
3269 614 3377 701 qut.
3407 604 3597 666 putant
3639 595 3696 650 in

446 735 601 806 cuius
627 730 775 802 regni
803 742 911 783 nou
936 690 1205 789 erit'tinis,
1237 720 1377 775 unde
1409 737 1423 773 :
1455 717 1558 772 Ubi
1588 715 1723 771 venit
1748 710 2016 786 plenitudo
2123 706 2450 763 necessitate
2476 702 2647 765 Deum
2676 711 2796 754 esse
2815 696 3200 754 consulendum
3225 690 3466 755 sortibus
3489 695 3701 763 aposto-

2123 799 2135 806 .
2523 794 2535 806 .
2680 792 2728 806 ..
2842 800 2854 806 _
3201 783 3415 806 “nm-
3472 796 3699 806 MM“

446 823 713 895 temporis,
744 820 884 876 misit
907 818 1048 874 Deus
1082 813 1283 887 Filium
1308 826 1460 867 suum
1491 808 1633 883 (Gal.
1659 807 1757 879 IV).

520 912 921 982 Numeratique.
955 908 1057 976 Qui
1086 903 1385 960 ministerio
1430 898 1641 957 Domini
1688 897 2018 967 funguntur,

452 1004 616 1061 ﬁdem
665 1012 868 1059 sanetae
912 997 1225 1061 Trinitatis,
1253 1003 1309 1049 et
1342 994 1719 1049 mandatorum
1760 986 2025 1057 impletio—

2123 799 2295 855 lorum
2328 794 2595 866 exemplo,
2641 792 2861 849 videant
2892 787 3162 859 apostolos
3194 783 3420 840 collecto
3472 796 3701 853 numero

2126 887 2351 944 fratrum
2383 886 2488 941 hoc
2517 882 2739 949 fecisse,
2764 894 2819 936 et
2843 893 3033 953 preces
3064 876 3173 931 Deo
3199 882 3324 930 ante
3347 872 3568 953 fqdisse.

2196 979 2377 1033 Prima
2423 975 2653 1040 Joiarib,
2692 946 2920 1029 secunda
2957 1011 2971 1036 ,
3025 978 3130 1024 etc.
3182 966 3351 1037 David
3384 946 3462 1020 -in
3513 962 3703 1037 viginti

448 1113 574 1155 nem
619 1110 840 1151 servare
889 1095 1102 1149 debent.
1134 1057 1288 1146 Unde
1329 1105 1343 1141 :
1378 1084 1594 1141 Inventa
1641 1092 1764 1137 sunt
1811 1080 2025 1150 triginta
2127 1082 2355 1151 quatuor
2397 1080 2571 1127 sortes
2622 1067 2916 1125 Leviticam
2972 1062 3170 1118 tribum
3209 1069 3266 1116 et
3312 1057 3705 1117 sacerdotalem

455 1200 571 1245 octo
590 1187 759 1243 millia
788 1187 1038 1242 virorum.
1068 1180 1326 1251 Quisquis
1347 1179 1492 1234 enim
1518 1190 1648 1231 sana
1676 1174 1780 1227 ﬁde
1804 1182 1858 1227 et
1879 1180 2029 1225 recto
2125 1147 2368 1221 ordinem
2397 1160 2692 1225 distribuit,
2715 1156 3006 1215 ostendens
3038 1151 3294 1208 Ecclesia:
3315 1147 3708 1205 sacerdotalem

451 1296 616 1354 opere
647 1295 820 1350 usque
848 1279 917 1333 ad
944 1278 1104 1332 linem
1131 1275 1241 1330 Deo
1269 1273 1458 1337 servit,
1487 1280 1541 1327 et
1568 1270 1634 1326 ad
1666 1267 2027 1337 resurrectio-

452 1352 537 1430 nis
565 1375 793 1445 gratiam
818 1413 833 1439 ,
858 1378 911 1426 et
937 1369 1323 1426 beatitudinem
1349 1352 1608 1423 aeternam
1642 1379 1763 1435 quae
1791 1362 1847 1417 in
1881 1368 2031 1416 octo-

450 1465 607 1520 nario
633 1464 933 1535 signantur,
958 1461 1253 1532 perveniet.

537 1552 729 1628 Viginti
790 1562 1033 1626 quatuor.
1084 1551 1220 1620 Quia
1266 1549 1375 1605 veri
1456 1548 1690 1605 ministri
1744 1545 1879 1601 lucis
1932 1543 2028 1599 de-

455 1647 584 1702 bent
611 1645 847 1711 instare,
892 1651 947 1701 et
971 1660 1002 1699 a
1031 1644 1115 1698 via
1142 1642 1368 1712 iustitia:
1397 1657 1504 1697 non
1552 1636 1842 1696 declinaret
1892 1636 2035 1692 Nam

451 1737 642 1809 viginti
672 1744 905 1807 quatuor
931 1735 1081 1791 horis
1123 1742 1270 1790 totus
1296 1749 1394 1804 per
1417 1732 1676 1803 circulum
1720 1729 1869 1785 orbis
1907 1726 2031 1782 illu-

457 1836 681 1895 stratur,
711 1836 766 1884 et
792 1828 1137 1883 tenebrarum
1168 1826 1359 1881 umbra
1390 1824 1623 1895 pellitur.
1640 1820 1793 1878 Unde
1821 1827 2033 1889 septua-

454 1923 600 1994 ginta
652 1922 759 1978 duo
813 1920 1059 1991 discipuli
1120 1920 1185 1974 ad
1223 1916 1621 1990 praedicandum
1672 1913 1845 1976 missi,
1902 1910 2030 1982 quia

454 1988 587 2070 lides
616 2020 817 2069 sanctte
848 1988 1131 2066 Trinitatis
1174 1988 1296 2065 cum
1333 2006 1585 2077 operibus
1620 2003 1756 2058 lucis
1782 2001 1851 2056 ad
1872 1999 2034 2069 insti-
2058 1988 2111 2051 Β

455 2108 587 2163 tiam
618 2105 810 2164 suﬁicit
841 2122 854 2159 :
889 2114 971 2159 ter
999 2104 1142 2159 enim
1168 2100 1344 2176 viceni
1367 2107 1421 2155 et
1443 2105 1634 2170 quater
1656 2094 1793 2152 terni
1817 2102 2033 2167 septua-

455 2200 603 2272 ginta
634 2196 740 2253 duo
771 2195 925 2265 ﬁunt,
957 2210 1064 2266 quo
1115 2207 1341 2249 numero
1382 2190 1689 2261 linguarum
1719 2185 2029 2249 diversitas,

456 2298 511 2347 et
536 2290 798 2345 librorum
820 2287 1102 2358 utriusque
1129 2281 1464 2340 Testamenti
1484 2280 1655 2337 series
1673 2277 2032 2348 compreheu-

459 2379 621 2434 ditur.

531 2470 963 2543 Prwpositorum.
1004 2468 1140 2536 Quia
1188 2482 1348 2524 nemo
1377 2464 1535 2535 hujus
1562 2464 1772 2521 ordinis
1800 2460 2036 2533 dignita-

464 2574 569 2619 tem
602 2570 857 2636 appetere
884 2561 1063 2627 debet,
1088 2561 1193 2617 nisi
1218 2560 1311 2631 qui
1352 2559 1668 2631 perfectioni
1695 2566 1750 2613 et
1779 2555 2037 2612 doctrinae

459 2654 658 2710 studet.
709 2652 939 2709 Senario
986 2652 1132 2708 enim
1181 2665 1411 2707 numero
1443 2651 1673 2705 mundus
1703 2648 1877 2703 factus
1914 2654 2035 2713 est,

459 2755 515 2801 et
546 2745 711 2800 homo
744 2751 900 2800 sexto
929 2743 1017 2799 die
1042 2752 1274 2808 creatus,
1305 2759 1413 2814 quo
1441 2752 1495 2799 et
1532 2743 1839 2812 redemptus
1867 2748 1966 2796 est.

538 2838 720 2913 (ΗΑΒ.)
752 2838 889 2908 Quia
919 2837 1006 2893 lex
1039 2846 1096 2893 et
1128 2840 1403 2908 prophetas
1427 2879 1441 2904 ,
1488 2846 1619 2902 etc.,
1657 2850 1821 2907 usque
1869 2834 1937 2887 ad
1987 2841 2042 2889 et

460 2930 735 3002 patienter
776 2927 970 2983 toleret
1006 2928 1187 2983 omnia
1210 2968 1226 2995 ,
1263 2942 1479 2983 amarus
1522 2935 1577 2981 et
1606 2926 1778 2981 iratus
1801 2922 2041 2993 peccatis

463 3022 595 3079 suis.

532 3114 697 3171 Vsus.
728 3113 820 3170 25.
849 3144 920 3155 —
945 3113 1099 3169 Dixit
1145 3112 1282 3168 enim
1318 3110 1489 3167 David
1535 3127 1554 3167 :
1604 3108 1853 3181 Requiem
1900 3106 2048 3162 dedit

472 3203 722 3259 Dominus
753 3203 913 3271 Deus,
936 3210 1041 3258 etc.
1073 3201 1196 3275 (lo.)
1224 3201 1359 3258 Dum
1400 3201 1491 3257 ﬁlii
1524 3200 1691 3257 Israel
1732 3200 1787 3255 in
1829 3198 2043 3254 deserto

466 3294 703 3361 fuerunt,
731 3302 861 3360 etc.,
895 3310 1058 3365 usque
1095 3294 1165 3349 ad
1207 3292 1555 3364 Evangelium
1590 3305 1720 3347 vero
1763 3288 1955 3345 stabile
1985 3295 2041 3343 et

466 3388 654 3442 ﬁxum.

540 3482 702 3537 Vens.
733 3480 824 3538 28.
850 3510 921 3521 —
950 3476 1016 3534 Et
1038 3489 1190 3535 erunt
1215 3477 1308 3535 sub
1348 3492 1509 3532 manu
1550 3476 1781 3547 ﬁliorum
1822 3474 1999 3529 Aaron
2024 3514 2039 3539 ,

463 3575 521 3628 in
551 3574 749 3629 cultum
771 3573 979 3638 domus,
1014 3580 1118 3627 etc.
1150 3570 1221 3627 Ut
1249 3570 1484 3626 minores
1510 3568 1721 3624 discant
1748 3563 2043 3634 majoribus

466 3666 688 3722 obedire
715 3708 729 3732 ,
760 3673 816 3721 et
845 3663 1081 3734 majores
1111 3661 1279 3735 adiuti
1316 3678 1345 3716 a
1374 3660 1676 3717 minoribus
1723 3657 1929 3728 possint
1965 3656 2044 3711 di-

468 3759 626 3829 gnius
648 3757 882 3813 ollicium
911 3756 1130 3827 explere
1159 3770 1173 3809 :
1199 3756 1337 3810 sicut
1362 3754 1417 3809 in
1447 3751 1686 3808 Ecclesia
1718 3748 1777 3804 iit
1804 3748 1982 3804 hodie.

540 3846 768 3904 Exedris
797 3856 843 3903 et
869 3849 927 3901 in
951 3848 1065 3901 loco
1091 3845 1491 3918 puriﬁcationis.
1534 3841 1812 3898 Thalamis
1834 3839 1916 3894 vel
1952 3855 2044 3893 cu-

467 3940 663 3999 biculis
686 3941 739 3994 in
765 3940 960 4010 quibus
986 3939 1229 3994 habitant
1250 3934 1452 3993 Levita)
1480 3945 1533 3992 et
1581 3936 1909 3991 sacerdotes.
1941 3932 2047 4003 ipsi

468 4047 682 4103 quoque
716 4031 827 4087 veri
858 4030 1043 4100 templi
1070 4029 1302 4084 ministri
1343 4029 1547 4083 aditum
1590 4028 1788 4083 debent
1817 4025 2041 4097 diligen-

470 4134 556 4181 ter
598 4124 926 4187 observare,
973 4122 1165 4193 dignos
1208 4119 1604 4183 intromittere,
1644 4116 1891 4187 indignos
1921 4131 2048 4171 vero

474 4217 756 4290 repellere.

542 4309 704 4365 Vens.
740 4308 829 4364 29.
862 4336 931 4350 -—-
960 4306 1041 4361 Ad
1068 4305 1344 4375 [mentem
1383 4302 1608 4358 similam
1628 4343 1643 4369 ,
1672 4311 1721 4355 et
1749 4301 1817 4354 ad
1848 4308 2049 4354 torren-

473 4415 596 4467 tem,
618 4412 723 4457 etc.
757 4399 947 4471 Spicas
972 4397 1179 4454 scilicet
1206 4395 1586 4469 primitiarum,
1620 4409 1739 4467 quae
1768 4395 2050 4448 torreban-

472 4501 561 4547 tur
595 4499 651 4546 et
693 4506 859 4560 grana
906 4490 1329 4545 comedebantur
1357 4528 1371 4554 ,
1425 4502 1559 4558 quas
1609 4485 1764 4557 vulgo
1819 4500 2049 4557 grancas

472 4591 698 4647 vocant;
747 4583 801 4636 in
846 4583 1164 4652 quibusdam
1212 4578 1487 4635 codicibus
1520 4577 1748 4632 habetur
1785 4594 1798 4630 :
1835 4574 1917 4629 Ad
1952 4576 2052 4647 fer-

2128 1267 2182 1313 et
2213 1258 2415 1329 regiam
2446 1255 2760 1341 dignitatem
2788 1251 2942 1322 plene
2970 1250 3168 1315 habere
3190 1256 3245 1303 et
3272 1245 3426 1316 legis,
3456 1251 3504 1297 el
3532 1243 3709 1307 Evano

2128 1346 2250 1418 gelii
2304 1332 2606 1401 doctrinam
2638 1341 2878 1412 perfecte
2919 1354 3154 1401 servare,
3185 1336 3269 1392 vel
3319 1332 3707 1407 perfectionem

2129 1437 2349 1515 operis,
2399 1452 2519 1513 quae
2571 1434 2786 1501 senario
2835 1431 3272 1499 commendatur,
3325 1436 3380 1484 et
3408 1425 3711 1483 claritatem

2130 1524 2452 1600 evangelicae
2473 1525 2894 1600 praedicationis,
2909 1540 3028 1595 quae
3051 1521 3397 1601 quaternario
3423 1518 3709 1595 figuratur.

2130 1620 2265 1697 Nam
2294 1630 2485 1695 quater
2514 1619 2631 1675 seni
2653 1618 2841 1691 viginti
2871 1624 3106 1691 quatuor
3135 1613 3362 1670 faciunt.

2697 1727 2926 1793 CAPUT
2968 1727 3138 1784 XXV.

2201 1852 2367 1907 Vens.
2399 1848 2451 1902 i.
2484 1876 2556 1889 —
2577 1844 2754 1917 Igitur
2789 1843 2961 1903 Dauid
3006 1853 3055 1898 et
3096 1842 3433 1912 magiam
3453 1842 3715 1897 exercitus

2132 1949 2527 2015 segregaverunt
2552 1938 2611 1993 iu
2631 1937 2976 1992 ministerium
2994 1974 3011 2001 ,
3041 1942 3146 1990 etc.
3169 1932 3353 2005 (Ihm)
3386 1931 3523 1999 Quia
3551 1943 3721 1985 verus

2135 2035 2305 2091 David
2346 2047 2443 2091 rex
2482 2039 2669 2088 noster
2717 2037 2774 2085 et
2810 2028 3107 2093 Dominus,
3149 2033 3279 2092 etc.,
3334 2038 3497 2094 usque
3545 2020 3615 2075 ad
3659 2026 3723 2075 et

2133 2141 2351 2184 omnem
2381 2135 2719 2183 terrenarum
2752 2135 2933 2177 rerum
2962 2117 3313 2189 cupiditatem
3349 2114 3609 2179 transilit,
3641 2112 3721 2166 di-

2134 2236 2241 2294 gne
2274 2220 2460 2274 laudes
2484 2216 2743 2289 persolvit

2205 2313 2370 2369 Vsus.
2401 2311 2454 2365 7.
2483 2338 2555 2351 —-
2581 2307 2771 2365 Cuncti
2808 2306 3067 2369 doctores.
3112 2304 3181 2360 Hi
3223 2312 3381 2370 sunt,
3422 2301 3517 2373 qui
3552 2298 3721 2356 hodie

2135 2419 2370 2460 canones
2397 2402 2705 2458 divinorum
2722 2398 2985 2454 librorum
3010 2411 3173 2455 sensu
3202 2393 3518 2466 evangelica
3546 2403 3719 2461 expo-

2138 2504 2300 2563 nunt,
2344 2502 2538 2565 quater
2576 2491 2720 2547 enim
2744 2490 3084 2563 septuaginta
3115 2489 3244 2555 duo,
3287 2488 3520 2543 ducenta
3557 2490 3716 2544 acto-

2137 2591 2287 2663 ginta
2316 2589 2539 2644 faciunt.
2574 2586 2768 2641 Libros
2794 2594 2979 2640 autem
3015 2583 3226 2639 Veteris
3258 2590 3316 2637 et
3345 2578 3481 2636 Novi
3524 2577 3718 2633 Testa-

2138 2682 2303 2739 meuti
2348 2680 2684 2751 septuaginta
2722 2679 2829 2733 duo
2865 2691 2985 2733 esse
3014 2676 3239 2733 dubium
3272 2688 3383 2730 non
3410 2679 3513 2728 est.
3561 2666 3720 2725 [inde

2139 2775 2444 2845 quicunque
2473 2772 2656 2827 divino
2690 2770 2933 2841 [iungitur
2954 2767 3147 2831 omnia,
3180 2775 3417 2838 quatuor
3437 2761 3714 2834 principa-

2138 2865 2281 2921 libus
2301 2864 2591 2919 virtutibus
2627 2862 2912 2926 insistens,
2964 2858 3291 2931 “anguis!
3333 2856 3594 2913 doctrin
3634 2855 3724 2909 in-

2140 2955 2364 3011 cumbat
2396 2960 2454 3010 et
2478 2954 2777 3010 secundum
2788 2953 2907 3025 eius
2926 2966 3173 3011 nam
3188 2950 3450 3023 quidquid
3474 2950 3722 3007 didicerit

2141 3047 2231 3104 vei
2257 3047 2534 3113 docuerit,
2570 3047 2808 3103 formare
2846 3047 3113 3107 intendat.
3224 3064 3231 3068 ·

2710 3159 2941 3219 CAPUT
2962 3158 3153 3216 XXVI.

2215 3280 2377 3337 Vsus.
2407 3284 2461 3334 2.
2491 3308 2563 3318 —
2588 3275 2920 3349 Meselemiaz.
2970 3270 3151 3347 (litin)
3194 3268 3295 3341 Qui
3337 3269 3726 3347 interpretatur

2063 3347 2111 3411 α
2140 3372 2389 3427 reddente
2423 3370 2647 3425 Domino
2665 3410 2680 3437 ,
2709 3378 2763 3425 et
2792 3347 3072 3439 isigniiicat
3091 3366 3338 3422 ordinem
3360 3360 3726 3433 apostolorum

2145 3473 2199 3520 et
2239 3465 2539 3541 primorum
2583 3462 2895 3525 doctorum,
2921 3450 3117 3529 qﬁibus
3148 3456 3424 3531 orientalis
3450 3462 3639 3532 porta,
3669 3452 3727 3508 id

2144 3564 2256 3622 est,
2298 3553 2571 3629 primitiva
2609 3552 3014 3613 commendatur
3044 3548 3321 3621 Ecclesia,
3350 3545 3547 3619 quibus
3581 3544 3729 3605 anti-

2147 3662 2379 3731 quorum
2407 3644 2633 3703 Patrum
2662 3643 2880 3703 redditae
2912 3649 3037 3711 sunt
3062 3638 3467 3712 promissiones.

2216 3736 2510 3791 Zachaiite.
2543 3734 2643 3803 Qui
2681 3732 2940 3789 memoria
2977 3731 3187 3805 Domini
3232 3731 3639 3803 interpretatur,
3668 3732 3727 3783 et

2148 3828 2417 3901 signiﬁcat
2450 3826 2699 3881 doctores
2728 3823 2998 3897 gentium,
3040 3821 3163 3897 quia
3195 3837 3226 3885 a
3252 3820 3442 3891 primis
3468 3818 3728 3891 pradica-

2151 3921 2356 3975 toribus
2384 3916 2453 3972 ad
2482 3915 2881 3987 praedicandum
2927 3912 3162 3971 ordinati
3200 3920 3345 3967 sunt.
3380 3909 3534 3975 Unde
3565 3925 3727 3969 oran-

2148 4011 2284 4065 tibus
2319 4006 2566 4081 apostolis
2601 4017 2648 4062 et
2665 4006 3059 4079 jejuuantibus,
3101 4005 3176 4058 ait
3215 4002 3443 4074 Spiritus
3465 4011 3677 4059 sanctus
3706 4017 3725 4057 :

2150 4100 2424 4171 Segregate
2444 4097 2572 4151 mihi
2599 4106 2647 4152 et
2674 4095 2905 4150 Paulum
2933 4105 2979 4149 et
3010 4086 3312 4147 Barndbam
3351 4090 3487 4165 (Act.
3520 4091 3626 4167 ιιι).

2224 4192 2381 4248 Vens.
2406 4191 2461 4245 4.
2500 4221 2571 4230 -
2599 4188 2913 4245 Obededom.
2953 4187 3211 4253 Rubcus:
3244 4185 3336 4257 qui
3369 4186 3423 4239 in
3466 4184 3726 4257 servitute

2149 4295 2306 4345 erant
2330 4283 2602 4359 generati,
2631 4293 2686 4340 et
2714 4282 2909 4339 rubore
2944 4278 3220 4355 sanguinis
3258 4268 3460 4345 Christi
3499 4274 3726 4351 perfusi,

2148 4387 2357 4439 reatum
2401 4393 2555 4433 suum
2600 4375 2655 4439 in
2701 4372 2985 4449 propatulo
3042 4368 3381 4436 habuerunt;
3439 4376 3583 4427 recte
3632 4379 3730 4437 per

2149 4472 2662 4533 condescensionem
2700 4469 3083 4541 magistrorum
3129 4465 3461 4520 reducuntur
3499 4461 3564 4515 ad
3603 4474 3732 4531 gra-

2149 4567 2277 4623 dum
2302 4564 2628 4635 pristinum,
2667 4561 2805 4619 unde
2844 4558 3040 4614 Paulus
3071 4573 3085 4612 :
3115 4555 3363 4611 Omnium
3402 4566 3604 4607 servum
3652 4564 3734 4603 me

472 4680 672 4726 ventem
718 4670 965 4726 similam.
996 4671 1052 4726 ln
1079 4671 1199 4726 aliis
1224 4669 1295 4724 ad
1321 4669 1618 4738 ferventem,
1650 4674 1857 4723 tantum
1899 4685 1912 4720 :
1955 4668 2047 4723 sed
2074 4658 2269 4767 1)fc’ci.
2298 4666 2350 4710 ιιι
2383 4673 2557 4713 omnes
2584 4654 2943 4731 lucrifacere!!!
2972 4648 3021 4725 (Ῑ
3059 4648 3181 4704 (Ῐονο
3212 4647 3308 4719 '3)-

476 4761 490 4767 _
560 4758 602 4767 ..
640 4760 655 4767 -
813 4761 827 4767 -
882 4760 901 4767 -
1148 4760 1159 4767 .
1390 4758 1402 4767 .
2226 4746 2365 4767 ιη.--
2427 4746 2487 4767 ιιι·
2656 4743 2717 4767 1.1
2766 4754 2993 4767 ----...-....
3066 4740 3199 4767 ID...
3228 4738 3245 4767 \
3296 4738 3308 4767 Α

475 4761 530 4817 in
560 4758 784 4817 Hebraeo
813 4760 1065 4825 habetur,
1090 4760 1160 4814 ad
1188 4758 1512 4814 torrentium.

1032 4893 1258 4953 CAPUT
1295 4893 1484 4951 XXIV.

547 5027 711 5086 Vnus.
739 5027 796 5084 2.
825 5057 898 5070 —
917 5024 1322 5100 Sacerdotioque
1348 5026 1579 5098 functus.
1630 5025 1813 5098 (ΗΑΒ.)
1865 5023 2054 5081 Potest

476 5137 576 5191 per
608 5122 835 5177 Eleazar
858 5119 1027 5175 ﬁlium
1051 5119 1229 5174 Aaron
1256 5120 1546 5184 seniorem,
1588 5126 1719 5182 etc.,
1775 5134 1939 5188 «372cc
1982 5116 2052 5171 ad

479 5213 608 5281 quia
637 5212 788 5267 multi
828 5212 925 5267 ﬁlii
956 5212 1184 5267 deserta:
1209 5211 1382 5281 magis
1415 5224 1576 5281 quam
1598 5207 1712 5277 eius
1749 5224 1868 5280 qua:
1891 5209 2056 5264 habet

479 5318 675 5358 Vtrum.

549 5394 884 5452 Vens.4.—
912 5392 1018 5465 Per
1040 5396 1272 5467 familias
1310 5396 1555 5451 sedecim.
1602 5394 1915 5465 Duplicatus
1971 5400 2055 5449 est

479 5491 807 5546 octonarius.
853 5490 910 5545 In
959 5490 1075 5561 lege
1120 5490 1354 5545 carnalis
1383 5489 1726 5545 circumcisio
1752 5496 1944 5543 octava
1967 5487 2054 5542 die

481 5579 805 5644 celebratur,
834 5580 887 5634 in
913 5579 1202 5649 Evangelio
1232 5580 1361 5634 vero
1398 5579 1450 5631 in
1480 5577 1728 5646 praesenti
1760 5576 2046 5631 circumci-

481 5672 563 5727 sio
592 5673 858 5739 cordium,
887 5680 944 5727 et
966 5673 1019 5726 in
1051 5672 1231 5727 futuro
1258 5686 1563 5741 corporum.

554 5760 716 5816 Vsus.
745 5762 800 5818 ϐ.
838 5791 907 5803 -
955 5761 1355 5833 Descripsitque.
1405 5761 1587 5829 (ΗΑΒ.)
1632 5759 2051 5815 Prtedicatorum

481 5853 633 5915 ordo,
658 5862 793 5919 etc.,
837 5869 1000 5924 usque
1035 5854 1104 5907 ad
1134 5862 1189 5908 et
1209 5854 1429 5927 iustitiae
1460 5852 1677 5911 nomine
1703 5852 1895 5907 merito
1929 5866 2055 5904 cen—

484 5950 601 5995 setu
607 5956 651 5995 l'.

2226 4746 2387 4801 Vens.
2424 4746 2507 4799 15.
2538 4775 2608 4785 -
2637 4743 2717 4797 Ad
2758 4754 3018 4797 austrum.
3065 4738 3246 4813 (ΗΑΒ.)
3286 4732 3552 4795 Αιιειηιιὶδ
3576 4740 3733 4803 porta

2152 4840 2421 4913 signiﬁcat
2442 4839 2718 4907 iudaicam
2745 4837 2950 4907 [tleme
2981 4835 3099 4917 lege
3139 4842 3195 4891 et
3224 4829 3502 4907 prophetis
3532 4822 3732 4917 illumi-

2152 4941 2367 5001 natam,
2404 4931 2571 4987 calori
2611 4930 2733 4987 ﬁdei
2769 4938 2825 4986 et
2855 4916 3042 4997 lumini
3075 4924 3352 5001 sapientiae.
3380 4916 3731 5001 percipiendo

2114 5063 2126 5073 ς
2153 5024 2408 5081 vicinam.

2225 5116 2389 5170 Vens.
2422 5114 2504 5169 16.
2533 5144 2599 5154 -
2629 5113 2710 5169 Ad
2742 5111 3074 5177 occidentem,
3080 5110 3237 5181 juxta
3260 5098 3733 5179 portam,etc.Per

2156 5208 2542 5265 occidentalem
2572 5207 2781 5278 plagam
2807 5206 2928 5259 finis
2947 5204 3131 5259 mundi
3158 5202 3512 5270 signiﬁcatur,
3542 5196 3594 5250 in
3622 5207 3731 5264 quo

2156 5302 2259 5355 erit
2294 5301 2598 5370 persecutio
2644 5296 2959 5355 Antichristi
2995 5313 3007 5350 :
3040 5303 3103 5353 et
3134 5291 3418 5353 abundabit
3446 5288 3726 5357 iniquitas,

2157 5404 2202 5448 et
2228 5392 2519 5462 refrigescet
2544 5388 2773 5442 Charitas
2803 5385 3085 5440 multorum
3115 5382 3327 5457 (Matth.
3357 5382 3525 5449 xxrv).
3561 5374 3729 5444 Hujus

2158 5492 2325 5555 porta:
2358 5482 2640 5551 ianitores,
2680 5486 2806 5533 sunt
2831 5478 3078 5533 doctores
3126 5474 3273 5530 illius
3310 5469 3597 5542 temnitis,
3634 5464 3729 5535 qui

2154 5576 2448 5632 Ecclesium
2487 5570 2726 5626 docendo
2764 5580 2817 5623 et
2849 5568 3184 5624 exhortando
3216 5565 3477 5621 roborant
3522 5578 3553 5637 ς,
3586 5559 3733 5613 una

2156 5667 2373 5736 Sephim
2416 5662 2632 5717 humilis
2678 5660 2761 5715 vei
2806 5660 3155 5729 campestris,
3190 5666 3245 5712 et
3294 5657 3435 5712 [loss
3479 5651 3731 5707 divinans

2156 5759 2555 5826 interpretatur.
2612 5748 2997 5807 Humiliabitnr
3056 5752 3197 5805 enim
3246 5750 3301 5804 in
3355 5736 3735 5817 persecutione

2158 5848 2427 5905 Ecclesia.
2462 5846 2591 5900 etin
2632 5859 2822 5912 campo
2852 5840 3085 5896 lascivia:
3103 5842 3210 5896 erit
3235 5841 3512 5895 (ﬁssorum.
3545 5834 3731 5889 Sedin

2158 5937 2518 6010 perfecturum
2550 5935 2760 5989 actione
2785 5933 2989 5989 elevata
3006 5971 3021 5997 ,
3053 5930 3197 6015 quod
3218 5930 3414 5987 divinis
3438 5926 3737 6001 prauis!!-
