4122 6350
400 435 496 494 661

1350 436 1616 496 GLOSSA
1653 436 2048 497 ORDINARIA.
2087 470 2156 485 --
2191 441 2320 499 LIB.
2362 442 2387 498 l
2422 441 2669 500 PARAL.

3542 452 3651 511 669

398 565 487 613 tur
514 552 758 627 eloquiis,
793 551 937 610 unde
977 553 1199 609 :Clausi
1239 564 1359 610 sunt
1403 571 1664 611 sermones
1701 573 1864 629 usque
1904 556 1973 611 ad
1998 560 2047 621 Α
2149 554 2248 613 His
2289 568 2462 616 autent
2510 561 2789 618 thesauris.
2842 560 2936 619 llle
2991 564 3137 620 enim
3190 568 3315 637 veri,
3344 566 3648 630 Salomonis

396 646 715 720 pmﬁnitum
742 655 943 718 tempus
972 645 1132 719 (Dan.
1160 646 1278 719 xu).

467 740 629 796 Vens.
668 740 755 796 l7.
791 770 865 782 —-
893 738 1085 795 Levita:
1113 756 1224 807 sex,
1251 750 1299 795 et
1327 741 1397 794 ad
1420 739 1717 813 aquilonem
1744 751 1971 815 quatuor

393 850 486 905 per
507 832 645 887 diem
663 872 678 896 ,
708 839 816 888 etc.
855 830 1115 888 Senarius
1155 832 1355 888 bonum
1379 849 1515 906 opus
1538 836 1965 894 ministeriorum

394 925 486 980 Dei
514 922 812 996 signiﬁcat,
852 925 1231 995 quaternarius
1267 928 1632 999 evangelicam
1665 930 1965 987 doctrinam

392 1024 445 1071 et
466 1017 839 1087 principalium
872 1017 1128 1072 virtutum
1157 1017 1567 1090 plenitudinem.

458 1107 583 1163 Bini
602 1117 651 1165 et
681 1108 809 1163 bini.
840 1107 1112 1167 Janitores
1138 1110 1294 1167 binos
1322 1120 1379 1168 et
1400 1112 1557 1171 binos
1589 1112 1724 1171 dicit
1759 1127 1881 1177 esse
1905 1115 1963 1170 in

389 1204 596 1261 cellulis
622 1211 785 1274 atque
812 1204 867 1263 in
886 1205 995 1271 via,
1025 1205 1152 1275 quia
1179 1205 1295 1262 sive
1328 1207 1385 1261 in
1412 1206 1620 1265 cellulis
1656 1207 1841 1267 cordis
1877 1206 1961 1265 sui

387 1313 575 1355 curam
612 1308 836 1368 gerant,
864 1297 981 1355 sive
1008 1298 1063 1355 in
1102 1299 1189 1355 via
1215 1299 1453 1355 exterius
1490 1299 1715 1357 verbum
1748 1299 1841 1357 Dei
1867 1313 1965 1357 ex-

384 1400 606 1461 ponant,
633 1390 740 1445 duo
762 1400 1025 1461 praecepta
1046 1393 1324 1448 charitatis
1344 1400 1398 1447 et
1418 1393 1657 1464 regulam
1680 1394 1963 1465 utriusque

384 1482 716 1541 Testamenti
745 1481 967 1539 omnino
996 1491 1237 1539 servent.

458 1573 616 1641 Vsus.
648 1572 992 1629 24.——Filii
1041 1573 1242 1645 Moysi,
1304 1585 1410 1633 etc.
1461 1575 1563 1644 Qui
1610 1577 1881 1649 praecipue
1924 1594 1958 1635 a

383 1666 555 1721 David
574 1666 982 1725 Morabantur
1010 1667 1307 1723 secundum
1346 1666 1659 1739 Josepltum,
1700 1678 1757 1725 et
1796 1684 1958 1741 super

380 1757 664 1813 thesauros
685 1756 965 1815 constituti
984 1768 1165 1824 erant,
1195 1758 1444 1817 doctores
1467 1760 1534 1817 de
1560 1758 1761 1819 Judaeis
1787 1760 1958 1832 signi—

381 1845 529 1916 ﬁcat,
570 1849 763 1919 quibus
811 1860 1191 1911 ornamentum
1234 1851 1510 1918 Ecclesiae,
1558 1853 1612 1911 id
1655 1863 1758 1917 est,
1792 1853 1959 1911 decor

379 1944 573 1998 animae
594 1942 1019 1998 commendatur.

448 2035 609 2092 Vens.
634 2036 724 2092 35.
751 2064 827 2076 —
852 2033 1069 2091 Fratres
1087 2051 1290 2106 quoque
1315 2035 1430 2106 ejus
1455 2035 1685 2095 Elieser.
1708 2036 1955 2095 Ostendit

376 2128 601 2185 donaria
636 2128 941 2199 principum
977 2127 1263 2184 thesauros
1298 2142 1421 2185 esse
1447 2138 1796 2195 Sanctorum,
1834 2144 1955 2199 quas

375 2221 519 2276 enim
550 2219 797 2276 hostibus
814 2217 1132 2284 «ferebant,
1160 2220 1215 2279 in
1239 2220 1624 2290 supellectilem
1656 2219 1841 2292 templi
1864 2221 1957 2279 do-

373 2312 594 2367 nabant.
624 2310 941 2381 Quicunque
967 2311 1111 2367 enim
1140 2310 1277 2369 bene
1317 2310 1569 2369 laborans
1601 2311 1801 2381 aliquid
1839 2311 1952 2367 vir-

373 2402 506 2458 tutis
528 2402 613 2458 vel
640 2402 768 2458 boni
792 2404 977 2471 operis
1016 2403 1279 2473 acquirit,
1312 2403 1419 2461 Deo
1437 2442 1454 2468 ,
1482 2417 1592 2461 non
1616 2402 1719 2459 sibi
1750 2403 1950 2459 bonum

373 2493 648 2550 attribuat.
684 2494 839 2550 Unde
872 2511 887 2549 :
920 2493 1044 2551 Non
1074 2494 1245 2561 nobis,
1275 2495 1516 2561 Damius,
1539 2510 1645 2550 non
1669 2494 1839 2561 nobis,
1860 2495 1951 2550 sed

372 2586 571 2642 nomini
598 2597 693 2642 ηιο
716 2586 787 2643 da
808 2585 1032 2657 glorians
1061 2586 1237 2657 (Psal.
1268 2586 1447 2660 οιιιι).

443 2675 605 2732 Vnus.
632 2676 724 2735 39.
750 2706 820 2719 --
844 2675 1097 2735 lanarius
1112 2692 1233 2733 vero
1252 2686 1478 2749 praerat
1501 2674 1821 2744 Chancnias,
1837 2686 1944 2735 etc.

368 2768 435 2828 Hi
460 2778 588 2826 sunt
608 2770 702 2840 qui
728 2769 785 2829 in
810 2767 1053 2827 Ecclesia
1076 2768 1353 2829 humiliter
1383 2776 1439 2823 et
1463 2767 1799 2833 obedienter,
1829 2783 1951 2841 quae

366 2876 401 2918 a
426 2862 699 2932 magistris
741 2861 999 2926 audiunt,
1045 2861 1239 2917 devota
1282 2869 1467 2927 mente
1509 2860 1847 2931 suscipiunt,
1893 2868 1955 2917 et

366 2956 458 3027 qui
488 2955 670 3027 lingua
715 2970 824 3013 non
864 2962 1127 3024 possunt,
1157 2953 1407 3015 faciendo
1445 2954 1751 3013 doctrinam
1778 2954 1948 3013 virtue

370 3053 483 3102 tum
511 3045 822 3103 ostendunt.

436 3138 603 3195 Vens.
632 3137 721 3194 50.
752 3167 822 3179 —
844 3134 1040 3197 Isradt'
1067 3144 1216 3193 trans
1243 3134 1535 3205 los-donem
1572 3144 1758 3191 contra
1801 3138 1946 3193 acci-

363 3233 602 3300 dentem,
640 3239 751 3287 etc.
779 3229 1038 3287 Israelita:
1084 3230 1179 3299 qui
1221 3237 1374 3287 trans
1400 3226 1693 3306 Jordancm
1732 3243 1947 3298 posses—

2073 651 2341 707 thesauris
2391 653 2443 707 in
2510 654 2767 722 urbibus,
2816 656 2979 722 vicis,
3037 664 3092 712 et
3148 657 3415 714 turribus-
3450 664 3648 719 merito

2067 743 2372 813 praefertur,
2399 745 2491 814 qui
2514 744 2829 817 dignitatem
2854 747 3092 803 nominis
3113 745 3361 804 Jonatbat
3382 790 3398 815 ,
3446 758 3503 806 et
3550 769 3647 823 pa-

2070 834 2169 889 tris
2205 836 2321 903 ejus
2351 833 2496 891 Ozim
2534 836 2634 892 ﬁde
2659 837 2878 907 praefert
2902 846 2958 894 et
2987 853 3170 909 opere.
3211 838 3475 897 Jonathas
3494 843 3643 900 enim

2066 926 2284 980 domum
2327 926 2445 992 Dei,
2488 936 2545 982 et
2593 927 2755 985 Ozias
2804 929 3063 986 fortitudo
3110 931 3340 987 Domini.
3368 931 3471 1002 Qui
3497 935 3643 990 enim

2067 1017 2208 1074 dono
2242 1018 2335 1073 Dei
2386 1019 2583 1089 accipit
2630 1021 2809 1078 lumen
2848 1023 3117 1090 scientlie,
3164 1030 3219 1078 et
3262 1025 3641 1082 rectitudinem

2066 1106 2188 1163 ﬁdei
2216 1107 2428 1164 fortiter
2452 1120 2633 1165 servat
2660 1113 2715 1166 in
2737 1126 2919 1182 opere,
2951 1114 3307 1170 ecclesiarum
3332 1114 3429 1172 Dei
3451 1131 3641 1173 curam

2064 1214 2172 1255 non
2204 1201 2477 1257 immerito
2505 1204 2720 1274 accipit.

2136 1295 2299 1349 Vens.
2330 1295 2420 1351 26.
2444 1327 2514 1337 —
2534 1294 2663 1351 Ezri
2701 1297 2848 1368 ﬁlius
2878 1297 3094 1355 Chelub.
3128 1300 3253 1356 Ezri
3291 1300 3511 1373 adjutus
3538 1302 3643 1357 Do.

2061 1386 2240 1452 mino;
2270 1386 2514 1443 Semeias
2558 1391 2783 1445 audiens
2820 1391 3140 1459 Dominum;
3170 1392 3401 1447 Zabdias
3432 1391 3642 1448 fructus

2062 1479 2352 1535 vehemens
2388 1482 2471 1536 vel
2502 1482 2801 1539 abundans.
2838 1483 2941 1552 Qui
2982 1486 3127 1540 enim
3175 1484 3324 1540 audit
3366 1495 3638 1556 praecepta

2060 1567 2292 1633 Domini,
2328 1586 2431 1642 ope
2464 1572 2847 1628 misericordiae
2871 1572 2987 1643 ejus
3012 1573 3245 1645 adjutus,
3270 1577 3638 1632 abundantem

2059 1661 2185 1715 boni
2212 1663 2391 1730 operis
2416 1660 2651 1719 fructum
2679 1672 2969 1737 congregat
3002 1666 3057 1721 in
3088 1667 3255 1721 vitam
3283 1677 3564 1723 aeternam.

2132 1751 2293 1806 Vens.
2321 1751 2409 1807 28.
2432 1781 2506 1794 -
2525 1750 2729 1808 Oliveta
2750 1764 2801 1808 et
2822 1755 2973 1823 ῥυσια
2990 1796 3006 1821 ,
3029 1772 3149 1827 qua:
3173 1768 3321 1812 erant
3347 1760 3403 1813 in
3433 1775 3640 1829 campe-

2058 1840 2269 1905 stribus,
2304 1850 2408 1897 etc.
2440 1842 2495 1897 ln
2522 1842 2608 1898 his
2634 1843 2790 1899 oliva
2817 1853 2873 1899 et
2898 1844 3033 1901 ﬁcus
3057 1854 3212 1912 sunt,
3240 1858 3295 1903 et
3334 1848 3640 1919 signiﬁcant

1981 1929 2031 1991 Β
2057 1940 2230 1988 coetus
2254 1942 2585 2000 sanctorum,
2617 1938 2709 2009 qui
2737 1938 3126 1995 misericordia
3152 1940 3329 1997 oleum
3353 1942 3559 1997 habent
3582 1942 3634 1998 in

2055 2032 2295 2094 pectore,
2320 2035 2373 2081 et
2394 2027 2823 2083 mansuetudinis
2848 2028 3185 2086 dulcedinem
3207 2030 3262 2086 in
3286 2031 3634 2087 mortalitate.

2056 2116 2185 2184 Quae
2220 2118 2446 2174 virtutes
2466 2118 2519 2174 in
2549 2121 2975 2192 campestribus,
3005 2138 3127 2193 qute
3164 2125 3218 2179 in
3255 2125 3542 2195 propatulo
3579 2134 3638 2181 et

2054 2221 2254 2282 praesto
2283 2220 2411 2268 sunt
2430 2213 2703 2279 omnibus,
2731 2228 2831 2270 nec
2853 2215 3222 2286 acceptionem
3248 2230 3630 2287 personarum,

2053 2304 2149 2359 sed
2178 2304 2334 2360 bonae
2360 2305 2653 2362 voluntatis
2676 2308 3057 2364 rectitudinem
3094 2318 3347 2379 quaerunt
3373 2309 3638 2366 auditori-

2053 2394 2155 2452 bus
2194 2398 2327 2453 suis.

2123 2487 2383 2544 Bolanum
2407 2487 2688 2545 Gederites.
2715 2489 2992 2557 Balanam,
3018 2492 3109 2562 qui
3132 2492 3520 2563 interpretatur
3538 2493 3633 2549 ha-

2050 2578 2185 2635 bens
2222 2581 2484 2650 gratiam,
2532 2596 2696 2653 super
2732 2582 2930 2639 oliveta
2967 2590 3022 2637 et
3062 2582 3219 2640 ﬁceta
3260 2585 3628 2640 constituitur.

2050 2668 2131 2723 Ex
2161 2669 2256 2725 Dei
2283 2671 2428 2726 enim
2459 2672 2633 2742 gratia
2662 2673 2822 2727 datur
2848 2674 3114 2729 bonorum
3136 2688 3364 2745 operum
3385 2673 3628 2731 ubertas.

2050 2760 2178 2818 Joas
2212 2779 2374 2830 vero,
2427 2765 2518 2835 qui
2575 2765 2967 2836 interpretatur
3014 2781 3242 2836 sperans
3288 2767 3377 2823 vel
3414 2768 3629 2823 Domini

2049 2857 2236 2922 robur,
2268 2857 2560 2926 apothecas
2588 2857 2692 2913 olei
2716 2857 2972 2923 custodit,
3013 2857 3138 2928 quia
3180 2872 3339 2913 nemo
3382 2857 3633 2928 pervenit

2050 2947 2119 3015 ad
2146 2947 2429 3019 prcemium
2466 2948 2571 3007 nisi
2598 2949 2692 3019 qui
2722 2963 2827 3019 per
2855 2948 3023 3007 robur
3059 2947 3257 3005 mentis
3289 2948 3484 3007 ﬁducia
3514 2947 3628 3019 spei

2049 3038 2224 3094 tendit
2250 3041 2321 3103 ad
2344 3040 2566 3095 caeleste
2594 3056 2837 3113 regnum.

2122 3130 2285 3187 Vens.
2322 3132 2413 3189 29.
2439 3163 2507 3172 —
2530 3132 2756 3202 Saphat.
2785 3131 2889 3200 Qui
2929 3132 3316 3202 interpretatur
3351 3129 3625 3201 judicavi,

2048 3219 2190 3279 ﬁlius
2215 3220 2351 3277 Abdi
2372 3262 2386 3287 ,
2418 3222 2471 3276 id
2497 3228 2580 3277 est
2606 3222 2777 3293 patris
2812 3221 2997 3292 gratiae
3015 3262 3030 3287 ,
3061 3218 3328 3293 signiﬁcat
3356 3220 3629 3293 apostolos

361 3327 566 3383 sionem
597 3331 945 3394 acceperunt,
966 3322 1273 3394 signiﬁcant
1309 3337 1425 3387 eos,
1445 3323 1537 3392 qui
1570 3304 1947 3379 mediocritate
1971 3304 2018 3369 C
2049 3314 2169 3370 aliis
2199 3314 2513 3371 doctoribus
2555 3314 2818 3371 electione
2846 3314 3053 3371 Domini
3082 3311 3396 3384 prmiectos,
3428 3314 3626 3397 quibus

361 3418 624 3483 contenti,
653 3431 837 3494 arcem
855 3416 1140 3481 virtutum,
1164 3414 1550 3483 turbulentiam
1572 3412 1731 3483 hujus
1757 3415 1942 3473 szeculi

362 3509 809 3575 transcendendo,
839 3524 947 3565 non
992 3516 1274 3578 appetunt,
1320 3508 1413 3565 sed
1461 3516 1643 3567 tamen
1689 3509 1943 3567 mandata

360 3604 457 3661 Dei
482 3615 649 3674 opere
670 3614 928 3661 exercere
968 3615 1075 3667 non
1106 3598 1401 3671 negligant.
1446 3597 1585 3667 Quia
1624 3612 1753 3655 vero
1781 3613 1941 3659 nemo

361 3699 478 3755 haec
512 3697 623 3769 agit
656 3696 759 3753 nisi
799 3694 943 3753 dono
976 3694 1102 3760 Dei,
1149 3693 1198 3751 is
1234 3692 1554 3763 preposith
1587 3691 1789 3749 dicitur
1822 3705 1943 3747 esse

357 3791 627 3856 Asabiaa,
672 3788 727 3845 id
770 3795 855 3845 est
904 3786 1128 3857 faciente
1164 3785 1376 3845 domino
1404 3824 1421 3849 ,
1472 3791 1533 3853 ut
1578 3781 1764 3839 dicant
1816 3798 1939 3841 cum

357 3883 664 3955 propheta:
695 3878 889 3937 Omnia
924 3894 1081 3948 opera
1115 3886 1294 3941 nostra
1328 3884 1575 3947 aperatus
1612 3890 1665 3929 cs
1700 3874 1756 3931 in
1790 3874 1937 3929 nobis

359 3971 534 4047 (Paul.
574 3974 743 4038 mn).

430 4067 594 4123 Vna.
634 4065 823 4123 51.-
852 4062 1264 4125 Ηώωηίιαηιυι
1318 4070 1492 4121 autem
1542 4060 1779 4130 princeps
1833 4057 1935 4128 fuit

355 4160 505 4219 ,σιτία
554 4157 839 4215 κενεά..
885 4154 1119 4227 [audies
1169 4165 1219 4217 et
1266 4153 1599 4225 cognationes
1628 4165 1829 4207 eorum.
1874 4148 1935 4207 In

358 4252 573 4310 Hebrus:
601 4251 767 4321 cmpit
802 4248 975 4307 David
1006 4260 1255 4318 regnare,
1279 4246 1375 4316 qui
1396 4244 1664 4315 signiﬁcat
1685 4258 1810 4306 eos,
1839 4242 1933 4314 qui

356 4346 495 4402 bene
513 4343 818 4401 conversati
846 4340 1131 4410 incipiunt,
1155 4347 1211 4401 st
1229 4338 1397 4395 David
1415 4339 1469 4392 in
1493 4337 1599 4395 vita
1622 4352 1717 4395 sua
1739 4343 1933 4407 parant

356 4450 599 4507 regnum.
644 4432 958 4490 Hebronitis
989 4429 1191 4497 lerias,
1234 4431 1432 4486 timens
1470 4428 1757 4489 Dominum
1778 4428 1929 4498 prin-

357 4542 482 4598 ceps
508 4537 612 4592 est,
635 4526 763 4597 quia
786 4523 993 4581 initium
1019 4521 1291 4593 sapientia
1324 4521 1482 4577 timor
1506 4518 1719 4585 Domini
1750 4517 1926 4589 (Psal.

290 4620 297 4627 ”
355 4620 465 4693 cx).
492 4618 709 4676 Hebron
737 4632 869 4675 vero
891 4617 1272 4685 interpretatur
1295 4611 1646 4684 coniugium:
1676 4611 1767 4682 qui
1791 4610 1929 4669 enim

357 4715 536 4780 umet,
589 4710 797 4783 proﬁcit
842 4719 901 4767 ut
948 4715 1122 4774 anet,
1168 4714 1219 4767 at
1269 4704 1417 4775 foras
1468 4703 1638 4767 mittat
1692 4694 1928 4765 timorem

357 4808 407 4881 (1
442 4805 741 4877 10mm
812 4892 815 4893 ί
897 4869 1127 4929 CAPUT
1166 4865 1382 4923 xxvu.

426 4991 589 5049 Vens.
622 4989 788 5051 ειτ-
812 4983 938 5041 Non
964 4994 1039 5039 est
1068 4981 1261 5038 relatus
1290 4979 1346 5035 in
1375 4979 1559 5049 fastos.
1584 4974 1765 5049 (ΗΑΒ.)
1791 4973 1927 5043 Quia

355 5083 763 5155 superveniente
816 5080 897 5135 ira
948 5076 1301 5133 conturbatus
1350 5079 1434 5127 est
1483 5082 1769 5137 numerus,
1824 5080 1928 5121 nec

349 5180 503 5252 juxta
531 5192 653 5232 eum
681 5172 899 5228 fuerunt
934 5167 1205 5226 distributi
1231 5166 1287 5220 in
1313 5163 1635 5220 ministeria.

426 5272 587 5326 Vens.
620 5267 796 5337 2f»—
821 5263 994 5334 Super
1020 5260 1314 5322 thesauros,
1335 5264 1440 5312 etc.
1466 5253 1589 5325 (ln.)
1618 5250 1928 5307 Thesaurus

352 5363 553 5419 Christi
596 5359 853 5423 scientia,
883 5352 1148 5426 sapientia
1180 5349 1427 5415 virtutis,
1467 5362 1534 5424 ex
1571 5347 1657 5402 bis
1696 5346 1928 5401 honorat

352 5457 650 5513 servientes
676 5450 799 5508 sibi.
836 5448 934 5505 His
964 5444 1260 5518 praeﬁcitur
1298 5440 1528 5497 Azmoth
1552 5481 1567 5506 ,
1610 5440 1703 5510 qui
1754 5438 1924 5492 inter-

350 5556 595 5622 pretatur
623 5545 778 5601 fortis
808 5551 1001 5607 morte,
1027 5538 1269 5597 doctrina
1294 5534 1437 5590 enim
1464 5534 1567 5588 viri
1600 5548 1697 5603 per
1717 5530 1924 5603 patien-

353 5644 481 5698 tiam
508 5638 875 5711 dignoscitur;
901 5636 1041 5691 unde
1064 5652 1077 5688 :
1105 5632 1295 5688 Melior
1318 5639 1391 5685 est
1425 5629 1627 5700 patiens
1655 5628 1766 5681 viro
1796 5623 1925 5696 forti

348 5733 537 5809 (Prov.
569 5732 705 5806 XVI).
746 5728 977 5787 Azmoth
1024 5726 1188 5782 etiam
1236 5722 1378 5779 ﬁlius
1406 5720 1594 5787 Adiel,
1623 5720 1715 5792 qui
1752 5721 1922 5774 inter-

348 5830 595 5901 pretatur
615 5832 770 5894 pater
796 5835 949 5877 meus
974 5818 1134 5872 Deus.
1160 5814 1430 5884 Quidquid
1451 5813 1596 5867 enim
1619 5810 1791 5867 sancti
1814 5809 1923 5862 vir-

355 5928 531 5983 tutum
548 5915 770 5979 habent,
798 5914 908 5969 Deo
941 5910 1259 5966 attribuunt.

2045 3407 2242 3465 dicitur
2269 3425 2282 3462 :
2311 3405 2566 3465 Sedebitis
2595 3418 2640 3463 et
2666 3425 2751 3467 vos
2772 3424 2928 3478 super
2968 3407 3242 3461 duodecim
3277 3404 3445 3475 sedes,
3467 3405 3622 3477 judi-

2044 3510 2222 3553 cantes
2257 3498 2534 3553 duodecim
2558 3498 2724 3553 tribus
2754 3497 2924 3554 Israel
2953 3496 3170 3571 (Matth.
3199 3493 3337 3565 xu).

2113 3591 2277 3646 Vnus.
2328 3590 2416 3645 50.
2440 3616 2510 3631 -ι-
2530 3589 2700 3660 Super
2732 3588 2955 3645 camelos
2976 3605 3096 3644 vero
3138 3586 3257 3642 Ubil
3298 3585 3623 3665 Ismaelites,

2040 3695 2089 3741 et
2112 3700 2267 3754 super
2294 3685 2469 3743 asinos
2508 3683 2716 3741 ludios.
2758 3682 3027 3747 Deformis
3074 3690 3130 3737 et
3172 3681 3446 3739 immunda
3497 3688 3625 3737 sunt

2041 3775 2157 3831 haec
2184 3773 2458 3839 animalia,
2491 3782 2545 3829 et
2573 3770 2884 3843 significant
2916 3770 3143 3844 gentiles
3172 3777 3395 3841 peccato
3425 3770 3622 3825 distor-

2038 3877 2123 3923 tos
2157 3874 2212 3923 et
2236 3865 2459 3925 libidine
2492 3865 2816 3932 immundos,
2848 3866 2943 3925 sed
2969 3866 3021 3925 in
3052 3878 3274 3937 regnum
3314 3862 3489 3919 nostri
3512 3862 3619 3917 Da-

2037 3957 2126 4012 vid
2158 3957 2433 4013 venientes
2462 3956 2663 4015 habent
2695 3958 2981 4029 magistros
3004 3954 3126 4012 Ubil
3170 3963 3230 4013 et
3268 3952 3484 4021 Jadias,
3522 3953 3616 4027 qui

2036 4058 2352 4121 spernentes
2373 4048 2770 4119 philosophiam
2792 4057 2846 4104 et
2876 4049 3089 4107 inanem
3117 4046 3383 4103 fallaciam
3403 4045 3613 4111 mundi,

2035 4139 2313 4215 elegerunt
2336 4138 2737 4209 simplicitatem
2761 4138 3073 4209 Evangelii,
3100 4147 3358 4208 tanquam
3386 4135 3616 4199 humiles

2034 4238 2091 4284 et
2117 4228 2377 4299 despecti,
2404 4229 2585 4283 unde:
2612 4225 2671 4283 Si
2706 4230 2821 4299 quis
2872 4228 3075 4283 videtur
3108 4226 3245 4285 inter
3280 4244 3369 4281 vos
3407 4241 3613 4297 sapiens

2033 4336 2166 4383 esse,
2194 4317 2384 4372 stultus
2410 4318 2501 4387 ﬁat
2522 4316 2575 4389 (1
2599 4316 2721 4372 Cor.
2757 4318 2860 4386 ιιι).
3224 4384 3243 4397 _
3428 4371 3439 4381 ,

2106 4409 2269 4466 Vens.
2302 4408 2390 4463 '52.
2416 4439 2485 4448 —
2508 4407 2799 4462 Jonathan.
2826 4405 3009 4479 (ΚΑΒ.)
3035 4403 3169 4461 Cum
3191 4403 3463 4460 Jonathan
3486 4402 3611 4471 fuit,

2034 4507 2167 4563 etc.,
2198 4512 2361 4571 usque
2390 4496 2459 4549 ad
2488 4496 2666 4551 unde:
2695 4493 2863 4565 Super
2890 4510 3042 4566 quem
3074 4494 3353 4567 requiescet
3384 4492 3613 4564 Spiritus
3704 4522 3713 4529 -

2032 4603 2209 4649 meus,
2249 4586 2350 4639 nisi
2392 4600 2548 4655 super
2587 4583 2834 4641 humilem
2876 4592 2926 4637 ct
2953 4582 3184 4656 quietum
3221 4592 3271 4637 et
3312 4593 3611 4639 trementem

1954 4668 2009 4729 Ι)
2031 4692 2293 4731 sermones
2316 4691 2456 4729 meos
2473 4676 2499 4728 7

2104 4766 2406 4838 Achitophel
2428 4765 2513 4839 (II
2536 4764 2659 4838 Reg.
2685 4767 2819 4841 xvi).
2843 4766 2942 4835 Qui
2973 4776 3163 4841 postea
3191 4768 3487 4840 cupiditate
3518 4770 3583 4826 de

2029 4866 2288 4931 pravatus
2317 4873 2439 4940 cum
2475 4857 2711 4913 Absalon
2742 4859 2809 4915 de
2836 4873 2971 4915 nece
3017 4858 3187 4915 David
3228 4861 3512 4925 tractavit,
3555 4871 3611 4915 et

2028 4947 2417 5018 interpretatur
2450 4946 2620 5002 frater
2660 4961 2817 5002 meus
2859 4948 3094 5013 cadens,
3143 4949 3227 5003 vel
3276 4949 3493 5003 irruens
3526 4950 3609 5004 vel

2030 5046 2287 5097 tractans.
2316 5035 2415 5095 Hic
2444 5044 2527 5093 est
2552 5033 2721 5093 Judas
2750 5035 3021 5103 Scarioth,
3044 5039 3136 5108 qui
3168 5039 3311 5093 inter
3335 5037 3608 5106 apostolos

2035 5127 2314 5184 familiaris
2338 5126 2566 5183 Domino
2591 5127 2711 5194 fuit,
2733 5127 2824 5183 sed
2854 5137 3041 5199 postea
3069 5145 3190 5184 cum
3212 5128 3413 5183 Iudaeis
3431 5129 3608 5184 avari-

2033 5221 2109 5276 tia
2156 5228 2441 5289 corruptus
2487 5222 2554 5274 de
2596 5228 2770 5275 morte
2813 5219 2927 5289 ejus
2971 5220 3287 5284 tractando,
3333 5228 3606 5290 perpetuae

2032 5310 2224 5366 mortis
2254 5309 2463 5365 ruinam
2492 5309 2723 5377 meruit,
2743 5310 2833 5383 qui
2857 5310 3019 5367 etiam
3038 5346 3055 5373 ,
3083 5306 3379 5364 secundum
3408 5309 3603 5366 librum

2030 5403 2278 5473 Regum,
2331 5400 2524 5472 laqueo
2573 5416 2633 5456 se
2678 5402 2977 5472 suspendit.
3024 5398 3262 5457 Possunt
3300 5402 3467 5459 etiam
3506 5416 3605 5470 per

2030 5493 2348 5563 Achitophel
2377 5491 2546 5549 Judaei
2590 5492 2917 5565 signiﬁcari,
2957 5489 3049 5561 qui
3082 5489 3299 5549 Patrum
3328 5504 3603 5565 ραι-οεδ-

2034 5588 2141 5643 tiva
2171 5585 2458 5657 aliquando
2487 5584 2793 5641 charissimi
2832 5590 2887 5643 et
2917 5579 3275 5641 collocutione
3316 5579 3411 5639 Dei
3453 5577 3608 5637 fuere

2025 5681 2357 5738 clarissimi:
2390 5680 2485 5736 sed
2530 5688 2715 5751 postea
2759 5685 2947 5733 contra
2988 5674 3265 5733 Christum
3315 5671 3605 5731 consilium

2026 5776 2215 5832 mortis
2244 5773 2506 5829 facientes
2527 5813 2541 5839 ,
2569 5789 2597 5825 a
2630 5769 2888 5825 Romanis
2932 5768 2986 5823 in
3024 5763 3243 5839 propria
3271 5761 3433 5829 domo
3465 5762 3606 5823 sicut

2022 5865 2359 5939 Acltitophel,
2408 5865 2460 5921 id
2508 5873 2611 5922 est.
2648 5864 2703 5917 in
2731 5859 3032 5916 Jerusalem
3056 5854 3307 5915 exstincti
3333 5868 3476 5915 sunt.
