4122 6350
521 405 625 462 663

1017 402 1405 459 WALAFRIDI
1448 400 1938 458 STRABI.FULD.
1979 397 2149 456 MON.
2187 399 2338 456 OPP.
2383 397 2560 454 PARS
2598 399 2639 454 I.
2682 429 2748 439 —
2783 395 3220 454 THEOLOGICA

3668 399 3791 456 664

590 520 754 575 Vsus.
809 517 896 572 55.
925 549 991 560 ———
1017 517 1232 574 Chusai.
1280 517 1338 574 Id
1383 527 1496 582 est,
1540 515 1792 587 {Ethiops
1831 525 1887 571 et
1927 515 2096 570 David
2123 517 2174 576 Α
2199 513 2329 568 Μοεί
2356 514 2409 567 ἰη
2431 521 2613 568 monte
2641 511 2922 568 monstrati
2941 512 3008 564 ad
3030 509 3214 565 Jesum
3233 524 3570 580 pervenisse,
3587 513 3796 570 deinde

516 613 721 676 ﬁdelis,
750 627 847 682 per
869 611 1050 666 omnia
1072 611 1301 682 gentiles
1323 612 1526 681 signat,
1546 610 1612 664 de
1639 609 1835 679 quibus
1859 607 2089 661 dicitur:

518 703 754 774 Populus
784 720 935 774 quem
959 721 1063 757 non
1085 704 1299 773 cognovi
1321 703 1525 756 servivit
1551 702 1699 765 mihi,
1721 701 1774 754 in
1793 699 1980 753 auditu
2001 716 2096 752 au-

518 794 590 850 ris
626 794 844 848 obedivit
874 795 1002 848 mihi
1030 793 1207 865 (Psal.
1243 794 1397 865 xvu).

590 885 752 941 Vsus.
782 887 870 941 54.
891 917 964 928 -
984 885 1111 939 Post
1142 872 1457 956 rAchit0phel
1494 885 1594 954 fuit
1629 884 1845 939 Joiada.
1886 881 2097 935 Praeva-

518 979 726 1032 ricante
747 977 882 1032 Juda
906 991 1011 1032 non
1038 977 1296 1031 remansit
1323 992 1521 1032 vacuus
1543 975 1888 1030 duodecimus
1911 973 2092 1028 locus:

520 1069 613 1121 sed
644 1069 906 1123 successit
937 1084 1267 1140 cognoscens
1306 1069 1538 1140 gratiam
1578 1067 1670 1122 Dei
1713 1067 1968 1120 Malthias
2003 1065 2098 1118 hu-

519 1159 661 1213 milis
703 1168 757 1215 et
803 1159 975 1214 ﬁdelis
1002 1178 1014 1214 ε
1040 1160 1131 1230 qui
1158 1161 1391 1231 gratiam
1416 1177 1578 1231 quam
1613 1161 1756 1216 dono
1789 1160 1882 1215 Dei
1909 1173 2097 1231 perce-

517 1247 629 1316 pit,
678 1249 955 1303 humiliter
1003 1250 1254 1304 servavit.
1305 1249 1696 1320 Interpretatur
1729 1249 1871 1304 enim
1909 1247 2097 1303 Joiada

519 1339 696 1392 sciens
724 1338 805 1393 vel
839 1355 1202 1409 cognoscens;
1239 1341 1479 1410 Banaias
1525 1340 1817 1396 :ediﬁcator
1862 1339 2092 1394 Domini.

518 1428 688 1497 Quem
732 1432 876 1484 enim
918 1432 1088 1500 gratia
1117 1431 1214 1486 Dei
1242 1432 1296 1486 in
1324 1431 1626 1502 apostolum
1655 1431 1852 1501 elegit,
1895 1429 2097 1500 agnitio

517 1537 663 1575 same
695 1520 817 1576 ﬁdei
847 1523 898 1576 in
931 1523 1043 1593 ipsa
1078 1524 1338 1594 dignitate
1381 1523 1648 1578 solidavit.
1692 1523 1976 1586 A'biatbar,
2005 1521 2096 1590 qui

517 1613 584 1667 ad
615 1624 822 1684 tempus
853 1628 938 1669 est
968 1617 1107 1671 inter
1133 1617 1475 1672 consiliarios
1511 1615 1678 1671 David
1699 1657 1712 1679 ,
1753 1615 1846 1669 sed
1891 1615 1944 1668 in
1984 1613 2094 1667 ele-

517 1705 695 1760 ctione
739 1722 768 1759 a
811 1707 1037 1762 Domino
1067 1724 1191 1763 cum
1236 1708 1375 1763 Joab
1407 1716 1597 1762 contra
1631 1707 1977 1763 Salomonem
2005 1707 2097 1761 de-

520 1797 677 1850 viavit
705 1839 719 1862 ,
771 1800 1037 1868 signiﬁcat
1084 1817 1178 1855 eos
1222 1793 1314 1871 qui
1362 1785 1638 1872 dignitatis
1687 1816 1798 1855 sua:
1836 1799 2094 1872 gradum,

519 1904 677 1957 quem
720 1907 748 1944 a
799 1891 1027 1947 Domino
1074 1902 1466 1964 perceperunt,
1517 1893 1810 1964 cupiditate
1855 1893 2096 1962 corrupti

518 1996 624 2035 non
652 1983 983 2037 custodiunt.
1011 1984 1074 2038 I-Ii
1105 1986 1247 2038 enim
1275 1993 1304 2039 a
1332 2001 1458 2040 vero
1488 1984 1775 2039 Salomone
1817 1986 1860 2039 si
1892 1986 1945 2039 in
1974 2000 2096 2038 car-

517 2090 640 2129 cere
679 2077 1007 2145 poenitentia
1052 2078 1206 2148 juxta
1251 2079 1498 2134 timorem
1523 2079 1843 2148 Achitopbel
1882 2093 2096 2149 perma-

515 2183 646 2222 nere
676 2169 969 2235 noluerint,
1002 2171 1055 2225 in
1087 2182 1407 2242 perpetuum
1437 2172 1695 2243 puniendi
1733 2179 1878 2226 sunt.

585 2259 742 2314 Joab.
771 2261 824 2315 Id
856 2272 958 2327 est,
989 2263 1262 2326 inimicus,
1297 2265 1475 2334 signat
1499 2279 1594 2319 eos
1620 2280 1688 2319 ex
1717 2279 1945 2334 quorum
1980 2279 2097 2334 per-

515 2367 644 2406 sona
675 2353 909 2426 dicitur:
939 2356 1020 2408 Ad
1050 2359 1226 2410 omnia
1249 2357 1499 2411 mandata
1533 2367 1623 2411 tua
1663 2357 1946 2427 dirigebar,
1980 2375 2096 2411 om-

515 2462 629 2498 nem
659 2447 794 2500 viam
821 2449 1112 2518 iniquitatis
1137 2451 1254 2502 odio
1283 2450 1442 2504 habui
1466 2449 1638 2522 (Psal.
1668 2450 1878 2522 cxvm),
1902 2451 2096 2519 quibus

515 2535 638 2589 alibi
674 2537 909 2592 dicitur:
939 2539 1116 2594 Estote
1144 2541 1357 2610 perfecti
1401 2541 1532 2594 sicut
1563 2538 1722 2594 Pater
1759 2551 1920 2595 vester
1949 2540 2096 2595 caele-

515 2627 608 2680 stis
634 2629 892 2698 perfectus
924 2640 996 2684 est
1022 2631 1238 2701 (Matth.
1276 2632 1351 2702 v).
1381 2633 1774 2702 Interpretatur
1796 2633 1937 2686 enim
1961 2631 2096 2686 Jeab

515 2717 659 2773 idem
678 2730 852 2790 pater.

1055 2815 1280 2872 CAPUT
1317 2816 1549 2873 XXVIII.

592 2944 748 2998 Vens.
783 2945 834 2998 I.
861 2976 932 2985 —
956 2945 1088 3001 Cum
1111 2950 1362 3004 eunuchis
1389 2959 1436 3004 et
1464 2961 1695 3021 potentes
1724 2961 1770 3006 et
1797 2952 2098 3007 robustissi-

515 3051 626 3088 mos
661 3052 889 3106 quosque
924 3040 978 3092 in
1009 3043 1238 3095 exercitu
1265 3041 1581 3096 Jerusalem.
1615 3043 1796 3114 (ΗΑΒ.)
1832 3041 1940 3098 Lex
1972 3057 2097 3112 pro—

516 3132 662 3187 hibet
709 3134 977 3192 lsraelitas
1007 3137 1284 3204 abseindi,
1327 3149 1383 3195 et
1421 3140 1734 3211 alienigenae
1774 3156 1878 3195 non
1924 3141 2096 3196 solent

515 3223 582 3276 ad
608 3235 814 3280 secreta
840 3228 1050 3283 consilii
1079 3229 1309 3283 admitti.
1340 3229 1447 3285 Sed
1477 3231 1695 3284 tradunt
1737 3231 1787 3284 in
1833 3230 1936 3284 hoc
1975 3231 2095 3286 loco

514 3318 793 3372 eunuchos
814 3321 1014 3382 vocari,
1051 3321 1142 3390 qui
1168 3337 1198 3375 a
1223 3322 1403 3376 saeculi
1433 3322 1737 3376 actionibus
1768 3322 1952 3386 alieni,
1976 3337 2095 3376 ora-

512 3407 641 3462 tioni
674 3417 727 3464 et
755 3409 970 3465 lectioni
1007 3413 1271 3467 vacabant
1300 3431 1311 3465 :
1341 3423 1394 3468 et
1425 3429 1620 3468 uxores
1649 3428 1751 3468 non
1787 3428 1949 3466 causa
1976 3412 2097 3466 libi-

514 3500 688 3566 dinis,
733 3504 827 3557 sed
866 3505 1222 3573 suscipienda:
1253 3505 1417 3574 prolis
1447 3505 1720 3560 habebant
1745 3524 1756 3558 :
1783 3520 1919 3575 quos
1944 3503 2096 3560 lose-

508 3594 647 3663 phus
673 3596 907 3650 Essenos
933 3607 1106 3652 vocat.

583 3686 744 3741 Vsus.
782 3687 867 3741 II.
893 3719 962 3727 —
982 3687 1139 3742 Dedit
1160 3697 1334 3743 autem
1359 3687 1548 3742 David.
1575 3687 1743 3743 David
1773 3688 2088 3755 Psalmista,

511 3787 568 3834 et
603 3779 781 3833 cancri
825 3780 1015 3834 Patres
1040 3781 1251 3834 Veteris
1279 3781 1606 3836 Testanienti
1646 3781 1832 3852 ﬁguris
1876 3794 1932 3838 et
1955 3783 2092 3837 aeni-

512 3867 786 3936 gmatibus
813 3868 1169 3939 designabant
1205 3871 1455 3925 universa
1499 3887 1618 3941 quae
1650 3887 1811 3925 verus
1836 3872 2094 3941 paciﬁcus

512 3959 569 4013 in
601 3959 840 4014 Ecclesia
875 3960 1114 4015 facturus
1141 3971 1258 4017 erat
1282 3983 1294 4016 :
1321 3965 1590 4032 quomodo
1622 3980 1810 4019 omnes
1849 3967 2095 4022 nationes

513 4062 610 4118 per
650 4047 807 4103 ﬁdem
843 4050 1094 4119 baptismi
1140 4051 1418 4106 introitum
1459 4053 1510 4106 in
1553 4047 1854 4110 Ecclesium
1892 4057 2094 4112 habue-

515 4149 660 4206 runt,
707 4140 882 4210 qualis
929 4141 1185 4197 Ecclesiae
1230 4153 1402 4199 status
1437 4159 1580 4202 esset
1625 4146 1870 4213 futurus,
1919 4149 2095 4220 qualis

515 4243 826 4287 sanctorum
853 4234 1115 4303 perfectio
1145 4245 1198 4289 et
1231 4237 1282 4290 in
1307 4253 1472 4307 regno
1493 4239 1698 4295 culesti
1731 4243 2094 4296 remuneratio

517 4326 776 4397 cujusque
815 4345 915 4399 pro
951 4331 1160 4386 meritis
1200 4333 1468 4387 reddenda
1511 4348 1606 4403 per
1643 4334 1885 4390 diversas
1929 4335 2093 4391 cellas

523 4428 578 4474 et
601 4421 852 4486 exedras,
875 4423 998 4492 quia
1025 4425 1075 4476 in
1102 4439 1266 4494 regno
1287 4425 1382 4478 Dei
1411 4425 1719 4480 mansiones
1738 4427 1922 4498 multa;
1944 4434 2088 4480 sunt.

585 4509 748 4564 Vens.
785 4511 869 4564 I7.
898 4543 966 4553 -—
993 4512 1059 4565 Et
1083 4513 1374 4568 leunculos.
1408 4514 1589 4586 (Ram)
1614 4515 1796 4587 Neque
1817 4517 1870 4570 in
1904 4501 2090 4572 Exodo

2197 607 2262 660 ad
2289 606 2496 676 judices
2521 614 2575 659 et
2596 607 2661 660 ad
2686 605 2800 661 Heli
2823 616 2879 661 et
2909 606 2974 659 ad
2997 602 3220 659 Samuel
3245 613 3302 659 et
3332 607 3398 660 ad
3434 605 3621 670 David,
3652 615 3790 662 tan-

2196 697 2315 750 dem
2347 697 2413 750 ad
2457 696 2817 752 Salomonem.
2846 699 2940 753 Vel
2983 711 3173 751 manus
3202 695 3440 759 Domini,
3486 695 3624 750 ﬁlius
3661 705 3786 760 est.

2195 804 2293 859 per
2338 787 2489 858 cujus
2535 790 2730 844 donum
2769 791 2934 845 Davil
2975 799 3029 844 et
3072 789 3162 844 alii
3214 790 3384 843 sancti
3423 803 3793 859 perceperunt

2196 880 2454 950 qnidquid
2491 879 2562 934 de
2595 891 2797 935 sancta:
2827 881 3080 936 Ecclesia:
3107 889 3383 935 structura
3413 881 3787 951 protulerunt.

2756 996 2983 1053 CAPUT
3022 995 3214 1050 XXIX.

2265 1110 2428 1165 Vens.
2457 1110 2510 1164 6.
2533 1107 2857 1161 ——Pollicili
2903 1117 3023 1162 sunt
3068 1109 3272 1176 itaque,
3316 1116 3421 1162 etc.
3463 1105 3645 1178 (nam)
3675 1107 3788 1174 Qui

2198 1203 2298 1258 sibi
2329 1212 2384 1258 et
2410 1203 2529 1258 aliis
2553 1203 2691 1258 bene
2716 1200 3004 1271 principari
3035 1199 3314 1265 didicerit,
3353 1209 3486 1265 etc.,
3519 1217 3681 1270 usque
3706 1202 3786 1254 ad

2198 1295 2422 1365 lignum,
2439 1294 2642 1361 fenum,
2667 1293 2918 1349 stioulam
2949 1291 3363 1363 superaediﬁcat,
3390 1291 3788 1348 detrimentum

2197 1389 2453 1460 patietur.

2269 1482 2434 1536 Vens.
2462 1481 2547 1535 I0.
2573 1511 2640 1521 —
2663 1480 2733 1534 Et
2765 1480 3019 1535 benedixit
3047 1479 3301 1544 Domino,
3333 1487 3442 1534 etc.
3471 1478 3609 1546 Quia
3649 1493 3794 1533 con-

2200 1572 2443 1644 gregatio
2469 1571 2707 1625 ﬁdelium
2738 1570 2955 1641 scriptis
2977 1571 3366 1641 prophetarum
3393 1570 3693 1633 admonita,
3728 1577 3790 1622 et

2200 1671 2512 1718 sanctorum
2563 1660 2782 1716 Patrum
2836 1661 2995 1715 dictis
3047 1669 3103 1714 et
3151 1657 3410 1728 exemplis
3453 1666 3789 1728 provocata,

2199 1754 2386 1810 laudes
2411 1764 2466 1810 et
2488 1755 2717 1826 hymnos
2745 1755 2857 1809 Deo
2879 1755 3130 1808 decantet
3164 1752 3488 1806 immolando
3523 1753 3626 1822 pia:
3651 1769 3792 1807 con-

2125 1878 2173 1938 Β
2201 1848 2453 1905 fessionis
2499 1848 2704 1902 hostias
2763 1855 2819 1903 et
2870 1855 3072 1902 sanctae
3137 1846 3565 1902 conversationis
3615 1861 3790 1916 Opera

2198 1939 2493 1995 fructuosa.

2271 2032 2432 2086 Vens.
2461 2026 2719 2083 22.—Et
2747 2029 3081 2082 comederunt
3111 2037 3159 2081 et
3187 2027 3425 2082 biberunt
3451 2043 3645 2089 coram,
3668 2036 3785 2082 etc.

2199 2121 2380 2194 (ΗΑΒ.)
2419 2121 2532 2177 Hoc
2559 2129 2642 2176 est
2666 2119 2922 2191 gaudium
2965 2127 3276 2174 sanctorum
3320 2129 3373 2172 et
3417 2117 3646 2173 intentio
3684 2133 3790 2173 eo-

2199 2230 2317 2270 rum
2337 2255 2351 2280 ,
2397 2221 2458 2267 ut
2496 2228 2526 2267 a
2573 2211 2715 2266 fame
2744 2210 2922 2266 futura
2942 2251 2956 2275 ,
2992 2211 3251 2265 virtutum
3275 2210 3530 2280 operibus
3555 2210 3656 2264 sibi
3695 2225 3793 2265 ca-

2195 2311 2387 2368 veant,
2422 2311 2477 2357 et
2511 2302 2818 2372 epulentur,
2857 2311 2910 2356 et
2949 2299 3226 2356 exsultent
3254 2300 3306 2354 in
3337 2308 3628 2370 conspectu
3659 2301 3788 2355 Dei.

2267 2395 2540 2450 Unxerunt
2587 2393 2815 2448 secundo
2859 2391 3201 2447 Salomonem
3245 2391 3437 2460 ﬁlium,
3488 2400 3593 2446 etc.
3641 2391 3792 2457 Quia

2197 2489 2444 2545 Christus
2471 2486 2617 2558 regia
2644 2485 2803 2540 simul
2829 2494 2884 2540 et
2908 2470 3200 2555 pontiﬁcali
3225 2482 3486 2552 dignitate
3515 2481 3584 2536 ab
3601 2483 3792 2537 omni-

2195 2584 2298 2640 bus
2332 2580 2580 2636 ﬁdelibus
2626 2595 2758 2634 sana
2798 2578 2936 2643 ﬁde,
2969 2578 3055 2647 pia
3087 2575 3429 2632 confessione
3449 2574 3790 2632 celebratur.

2197 2672 2450 2729 Salomon
2479 2670 2757 2742 paciﬁcus,
2791 2670 2964 2724 Sadoc
2986 2669 3166 2738 justus
3192 2669 3600 2738 interpretatur.
3624 2665 3794 2722 Chri-

2197 2777 2313 2824 stus
2339 2781 2467 2821 vero
2505 2773 2589 2820 est
2631 2781 2734 2836 pax
2777 2772 2963 2818 nostra
2983 2804 2997 2828 ,
3028 2763 3118 2828 qui
3163 2761 3292 2817 fecit
3316 2773 3549 2829 utraque
3576 2777 3745 2815 unum
3770 2803 3787 2825 ,

2197 2863 2312 2932 ipse
2336 2869 2420 2915 est
2453 2857 2632 2928 justus
2663 2856 2925 2911 Dominus
2961 2865 3016 2911 et
3047 2855 3314 2926 justitiam
3350 2856 3565 2926 diligit:
3603 2852 3792 2908 Iudex

2195 2955 2433 3010 vivorum
2457 2961 2506 3006 et
2527 2961 2854 3005 mortuorum
2886 2948 3104 3020 (Ephes.
3130 2949 3194 3017 ιι)
3218 2989 3233 3012 ,
3258 2949 3400 3003 hunc
3430 2948 3606 3018 primo
3633 2946 3794 3016 ungit

2196 3045 2373 3102 omnis
2414 3043 2584 3098 ﬁdelis
2634 3043 2686 3097 in
2727 3057 2908 3113 regem
2942 3050 2998 3096 et
3033 3041 3403 3100 sacerdotem,
3436 3055 3558 3094 eum
3585 3040 3639 3093 in
3663 3053 3794 3109 pro-

2197 3135 2430 3192 fessione
2457 3135 2744 3205 baptismi,
2769 3148 2958 3188 verum
2990 3147 3171 3204 regem
3201 3141 3256 3187 et
3293 3133 3627 3187 sacerdotem
3659 3143 3793 3184 con-

2123 3257 2167 3320 ρ
2201 3227 2402 3283 ﬁtetur.
2436 3227 2599 3296 ngit
2625 3235 2680 3278 et
2708 3223 2944 3280 secundo
2981 3239 3106 3279 cum
3136 3222 3378 3278 docendo
3421 3231 3478 3278 et
3509 3221 3793 3292 operando

2202 3319 2345 3374 idem
2391 3318 2510 3373 aliis
2555 3317 2848 3387 praedicat,
2890 3315 3066 3370 unde:
3107 3313 3293 3370 Oleum
3333 3315 3557 3385 e/j‘usum
3594 3330 3794 3368 nomen

2197 3425 2343 3468 tuum
2367 3412 2544 3485 (Cant.
2577 3411 2639 3484 ι).

2269 3506 2433 3561 Vens.
2461 3505 2551 3561 28.
2573 3537 2643 3547 —
2667 3503 2734 3558 Et
2765 3515 3002 3560 mortuus
3042 3514 3115 3560 est
3151 3507 3204 3559 in
3255 3514 3513 3560 senectute
3545 3504 3700 3566 bona,
3731 3515 3794 3558 et

2195 3600 2378 3671 plenus
2406 3600 2611 3653 dierum
2631 3608 2679 3653 et
2706 3599 2901 3654 divitiis
2923 3607 2971 3652 et
2993 3597 3184 3666 gloria,
3208 3606 3313 3652 etc.
3344 3596 3625 3667 Signiﬁcat
3652 3612 3782 3652 cum

2197 3693 2350 3762 copia
2380 3691 2641 3745 virtutum
2676 3699 2732 3744 et
2763 3689 3020 3760 operibus
3061 3687 3196 3742 lucis
3229 3688 3394 3741 vitam
3428 3687 3612 3743 ﬁnisse
3639 3703 3786 3759 pne-

2196 3793 2426 3849 sentem,
2459 3784 2678 3854 dignum
2707 3783 2889 3854 quiete
2925 3781 3106 3836 futura
3137 3789 3190 3836 et
3217 3780 3458 3836 caelestis
3485 3781 3634 3852 regni
3659 3781 3782 3851 glo—

2197 3879 2298 3932 ria.
2348 3876 2623 3931 Abraham
2673 3875 2922 3931 similiter
2967 3884 3215 3930 mortuus
3260 3882 3343 3928 est
3394 3873 3448 3928 in
3496 3881 3778 3929 senectute

2195 3973 2335 4028 bona
2381 3969 2744 4040 perfectaeque
2789 3968 2965 4024 anatis
3012 3975 3068 4023 et
3115 3966 3303 4036 plenus
3349 3965 3578 4021 dierum.
3628 3963 3779 4019 Isaac

2198 4063 2472 4134 appositus
2517 4071 2602 4118 est
2644 4061 2839 4133 p0pulo
2887 4078 2986 4117 suo
3041 4060 3233 4130 plenus
3281 4059 3511 4114 dierum.
3571 4055 3776 4128 Ioseph

2196 4163 2441 4210 mortuus
2493 4163 2577 4209 est
2630 4155 2685 4209 in
2744 4162 3021 4210 senectute
3071 4154 3210 4207 bona
3269 4151 3499 4221 expletis
3554 4160 3775 4206 centum

2196 4245 2381 4298 decem
2429 4243 2552 4298 vitae
2600 4259 2711 4298 suae
2760 4243 2948 4307 annis,
3003 4251 3059 4297 et
3103 4241 3354 4297 conditus
3419 4241 3772 4296 aromatibus.

2196 4336 2409 4406 Moyses
2449 4345 2665 4390 centum
2720 4343 2774 4388 et
2817 4333 3004 4404 viginti
3055 4347 3318 4386 annorum
3377 4341 3624 4386 mortuus
3666 4342 3773 4396 est,

2195 4427 2347 4496 cujus
2393 4444 2500 4482 non
2548 4427 2798 4497 caligavit
2843 4425 3053 4489 oculus,
3094 4438 3195 4478 nec
3237 4423 3426 4479 dentes
3465 4424 3594 4478 moti
3625 4432 3773 4480 sunt.

2207 4521 2316 4576 Viri
2367 4532 2539 4576 autem
2592 4521 2910 4590 sanguinum
2963 4526 3012 4572 et
3048 4515 3217 4570 dolosi
3258 4533 3361 4570 non
3426 4517 3778 4571 dimidiabunt

515 4599 572 4654 in
602 4603 1004 4658 constructione
1045 4606 1415 4672 tabernaculi,
1457 4615 1594 4673 etc.,
1643 4625 1806 4680 usque
1851 4610 1920 4663 ad
1965 4625 2090 4681 per-
2116 4629 2170 4688 Ι)
2194 4613 2304 4668 dies
2341 4629 2462 4668 suos
2501 4609 2675 4683 (Psal.
2705 4613 2837 4681 Liv).
2872 4609 2976 4675 Qui
3011 4607 3112 4661 sibi
3143 4606 3383 4662 videntur
3419 4607 3474 4661 in
3499 4606 3645 4660 bonis
3670 4605 3778 4658 du-

515 4693 851 4747 strinximus.

595 4783 718 4855 (lo.)
741 4783 984 4841 Tradunt
1007 4786 1218 4845 Hebraei
1246 4793 1524 4864 exemplar
1546 4793 1729 4865 templi
1755 4803 1809 4850 et
1838 4810 2091 4850 vasorum

2195 4722 2310 4760 cere
2348 4705 2458 4759 dies
2499 4720 2653 4770 suos,
2699 4713 2746 4757 et
2786 4704 2841 4757 in
2872 4709 3067 4774 puncto
3108 4701 3178 4757 ad
3216 4700 3424 4770 inferna
3456 4697 3778 4754 descendunt

2198 4796 2321 4869 (Job
2345 4794 2485 4865 ut).

521 4932 2855 4967 Wm—

1668 5053 1969 5132 LIBER
2046 5055 2606 5136 SECUNDUS.

1035 5299 1261 5356 CAPUT
1315 5299 1599 5357 PRIMUM.

586 5388 747 5445 VERS.
799 5390 853 5443 I.
893 5420 963 5430 —
997 5389 1336 5461 Confortatus
1381 5404 1454 5447 est
1498 5410 1620 5464 ergo
1666 5393 1941 5459 Salomon,
1985 5407 2090 5453 etc.

507 5482 694 5553 (Ihm)
721 5481 948 5549 Quando
991 5486 1044 5538 in
1086 5493 1260 5541 morte
1311 5486 1663 5554 triumphavit
1707 5501 1828 5541 cum
1865 5489 1955 5558 qui
2001 5490 2100 5544 ha:

509 5572 671 5627 bebat
705 5574 896 5628 mortis
935 5571 1242 5644 imperium,
1275 5585 1324 5630 et
1351 5577 1450 5632 sibi
1482 5592 1701 5646 regnum
1731 5578 1968 5632 omnium
2002 5595 2089 5634 ac-

509 5668 751 5732 quisivit.
787 5668 936 5723 Unde
971 5687 983 5722 :
1011 5669 1149 5723 Data
1179 5681 1252 5724 est
1277 5671 1404 5723 mihi
1429 5672 1600 5724 omnis
1633 5680 1856 5724 ootestas
1887 5673 1939 5726 in
1964 5672 2088 5726 caelo

510 5771 560 5814 et
595 5761 649 5814 in
679 5773 821 5815 terra
850 5762 1064 5832 (Matth.
1089 5766 1305 5833 xxviii).

585 5848 750 5916 Vsus.
781 5850 834 5904 3.
854 5883 921 5892 —
944 5851 1181 5918 Gabaon,
1207 5863 1337 5920 etc.,
1377 5854 1507 5923 Quae
1535 5854 1635 5910 fuit
1657 5855 1849 5912 civitas
1881 5866 2085 5912 metro-

2196 5308 2332 5378 polis
2373 5307 2714 5372 Hevzeorum,
2761 5308 3064 5375 ceciditque
3108 5305 3160 5360 in
3224 5314 3426 5362 sortem
3472 5306 3774 5378 Benjamin.

2194 5410 2248 5456 et
2282 5399 2379 5455 fuit
2407 5408 2655 5471 separata
2683 5399 2906 5455 Levitis.
2956 5400 3148 5454 Mirum
3179 5414 3311 5471 ergo
3338 5407 3421 5455 est
3445 5402 3589 5470 quod
3615 5400 3774 5459 Iose-

2194 5494 2332 5563 phus
2358 5493 2508 5558 dicit,
2545 5494 2667 5562 quia
2685 5492 2939 5547 Salomon
2967 5493 3020 5547 in
3046 5491 3259 5546 Hebrou
3295 5492 3437 5546 venit
3466 5501 3524 5547 ut
3556 5494 3774 5550 sacriﬁ—

2195 5592 2340 5638 caret
2371 5583 2424 5637 in
2449 5583 2604 5637 altari
2634 5599 2806 5647 teneo,
2833 5583 2975 5652 quod
2999 5581 3199 5638 fecerat
3232 5582 3440 5654 Moyses
3468 5603 3480 5638 :
3506 5585 3607 5639 nisi
3636 5585 3775 5642 forte

2194 5676 2362 5746 ipsam
2403 5674 2617 5730 Hebron
2675 5675 2952 5730 excelsum
2984 5673 3207 5729 Gabaon
3260 5675 3487 5744 intelligi
3520 5677 3770 5744 voluerit,

2193 5782 2256 5822 eo
2293 5765 2434 5836 quod
2486 5766 2556 5820 ibi
2597 5767 2829 5836 primum
2878 5766 3138 5837 regnavit.
3187 5765 3581 5836 Interpretatur
3625 5771 3772 5824 enim

2191 5859 2411 5915 Gabaon
2449 5857 2770 5925 sublimitas,
2802 5859 2884 5912 vel
2917 5857 3068 5916 collis
3096 5858 3378 5928 patruelis.
