4122 6350
379 439 486 499 665

1352 386 1618 497 GEOSSA
1655 439 2057 498 0RDlNARlA.
2097 473 2167 482 -—
2205 442 2333 498 LIB.
2372 443 2416 498 ll
2453 442 2700 501 PARAL.

3529 455 3633 511 666

452 558 614 615 Vens.
649 557 734 614 10.
757 556 927 611 —Da
949 558 1074 612 mihi
1097 558 1426 629 sapientiam,
1455 564 1560 613 etc.
1591 555 1706 612 Non
1739 571 1951 622 aurum,
1981 567 2034 629 Α
2130 555 2234 623 Qui
2255 559 2392 612 novit
2414 560 2619 628 operari
2639 559 2694 614 in
2725 575 2855 614 auro
2877 568 2924 613 et
2946 570 3178 629 argento.
3199 561 3255 616 In
3279 563 3362 618 his
3386 565 3635 624 omnibus

381 669 489 711 non
519 651 756 714 divitias,
784 664 888 704 non
922 658 1190 704 terrenam
1229 649 1455 720 gloriam
1486 666 1516 703 a
1545 649 1653 704 Deo
1683 650 1834 720 petit,
1863 650 1955 705 sed

384 756 442 802 ut
471 746 609 800 sciat
632 733 890 814 populum
907 742 1004 798 Dei
1035 757 1224 812 regere
1251 750 1306 797 et
1323 742 1590 812 judicare.
1626 741 1682 796 Si
1711 744 1814 797 hoc
1841 741 1954 796 ele-

383 839 459 907 git
506 843 685 890 rector
729 848 1036 903 corporum,
1083 833 1254 887 multo
1279 833 1452 903 magis
1479 833 1581 888 hoc
1619 833 1818 904 eligere
1863 833 1957 888 de-

382 927 513 984 beut
553 935 790 981 rectores
828 925 1152 988 animarum,
1179 933 1236 979 ut
1276 925 1575 995 ingressum
1613 925 1679 979 ad
1713 925 1874 978 ﬁdem
1901 930 1957 978 et

384 1031 662 1088 egressum
689 1017 756 1069 ad
782 1030 930 1086 spem
963 1014 1156 1085 popqu
1184 1014 1279 1069 Dei
1310 1014 1698 1069 demonstrent.

454 1110 616 1164 Vens.
658 1108 743 1161 l3.
767 1135 838 1147 —
864 1106 942 1159 Ab
983 1105 1208 1171 excelso,
1243 1113 1348 1160 etc.
1426 1105 1622 1160 Arcam
1664 1103 1952 1176 signiﬁcat,

385 1201 440 1256 in
466 1216 572 1270 qua
613 1206 770 1254 erant
815 1198 1008 1252 tabum:
1043 1197 1392 1252 Testamenti.
1437 1194 1612 1266 Supra
1653 1196 1794 1250 enim
1827 1196 1959 1250 scri-

385 1298 532 1361 ptum
561 1298 680 1345 est:
714 1287 1128 1343 Tabernaculum
1157 1297 1332 1342 autem
1353 1286 1564 1342 Domini
1591 1287 1730 1358 quod
1762 1286 1955 1356 fecerat

387 1381 591 1452 Moyses
633 1381 688 1434 in
724 1380 926 1434 deserto
974 1390 1022 1434 et
1072 1379 1240 1434 altare
1287 1378 1711 1433 holocaustorum
1775 1379 1956 1433 eadem

385 1481 681 1542 tempestate
723 1481 871 1527 erant
912 1473 964 1525 in
1008 1469 1224 1525 excelsis
1282 1470 1518 1536 Gabaon,
1550 1480 1654 1526 etc.
1688 1469 1742 1543 (Ι
1767 1469 1954 1524 Parui.

386 1565 521 1636 xxi).
559 1564 697 1619 Area
727 1573 908 1620 autem
934 1565 1146 1620 Domini
1177 1573 1466 1634 postquam
1504 1564 1802 1619 introduxit
1835 1579 1954 1618 eam

384 1659 553 1713 Davil
603 1659 656 1713 in
707 1659 924 1713 domum
974 1673 1147 1725 suam,
1194 1657 1394 1713 mansit
1437 1657 1638 1713 ibidem
1677 1673 1956 1728 usquequo

383 1751 742 1808 aediﬁcaretur
765 1753 1044 1822 templum.

454 1843 523 1896 Et
547 1843 822 1898 duodecim
856 1843 1022 1897 millia
1053 1844 1303 1914 equitum.
1335 1843 1435 1899 Hic
1463 1857 1721 1898 numerus
1747 1853 1957 1913 tempus

2057 646 2242 701 Hiram
2281 648 2578 717 spiritualis
2618 649 2768 702 novit
2802 650 3047 720 operari,
3087 659 3144 704 ut
3183 663 3406 710 ornatus
3443 656 3635 714 domus

2056 738 2152 793 Dei
2181 753 2364 792 coram
2395 740 2566 795 oculis
2593 740 2870 794 hominum
2917 740 3077 809 digno
3103 742 3298 798 decore
3329 744 3548 815 fulgeat,
3578 757 3636 804 et

2055 829 2209 885 bona:
2233 831 2501 899 opinionis
2530 832 2697 886 odore
2727 831 2839 885 Deo
2866 833 3214 902 acceptabilis
3241 834 3351 888 ﬁat.

2127 923 2291 978 Vens.
2345 923 2526 978 16.-
2556 923 2668 978 Nos
2717 935 2922 987 autem,
2971 932 3077 979 etc.
3126 926 3306 996 (ΚΑΒ.)
3355 924 3635 998 Signiﬁcat

2056 1013 2197 1083 quod
2229 1021 2413 1084 gentes
2451 1013 2633 1068 audita
2678 1014 2817 1070 fama
2852 1015 3125 1088 Evangelii
3171 1016 3414 1072 diversas
3443 1034 3632 1089 perso-

2057 1120 2157 1159 nas
2203 1120 2302 1175 per
2350 1104 2513 1160 ﬁdem
2557 1106 2624 1160 ad
2667 1106 2993 1176 baptismum
3044 1109 3380 1163 transmittit.
3455 1109 3634 1165 Solius

2059 1202 2240 1248 tamen
2284 1202 2366 1250 est
2399 1195 2510 1249 veri
2548 1195 2782 1266 paciﬁci,
2820 1204 2880 1249 ut
2919 1197 3246 1254 absolvendo
3279 1210 3496 1269 peccata
3541 1216 3638 1270 per

2058 1289 2314 1359 baptismi
2349 1300 2686 1347 sacramenta
2719 1292 2912 1347 unitati
2941 1292 3195 1349 Ecclesiae
3223 1294 3344 1350 illos
3373 1297 3631 1363 adunare,

2058 1378 2125 1434 de
2152 1396 2258 1451 quo
2282 1381 2478 1436 dicitur
2514 1398 2527 1435 :
2575 1380 2743 1452 Super
2783 1399 2934 1452 quem
2981 1384 3212 1438 videritis
3244 1383 3500 1454 Spiritum
3539 1387 3633 1441 de»

2057 1473 2381 1527 scandentem
2413 1483 2462 1528 et
2488 1482 2778 1529 manentem
2819 1490 2976 1539 super
3015 1491 3152 1539 eum,
3189 1475 3272 1530 hic
3303 1485 3376 1531 est
3419 1477 3509 1548 qui
3537 1477 3632 1531 ba-

2057 1563 2221 1635 ptizat
2245 1562 2458 1634 (Matth.
2487 1563 2592 1635 ιιι).

2130 1653 2292 1709 Vens.
2361 1653 2447 1708 17.
2487 1685 2556 1694 -
2615 1653 2920 1710 Numeravit
2971 1657 3166 1726 igitur,
3225 1665 3330 1712 etc.
3395 1657 3636 1713 Fuerunt

2058 1747 2290 1818 operarii
2309 1747 2500 1802 domus
2523 1747 2733 1801 Domini
2754 1749 2819 1803 de
2850 1746 2974 1802 ﬁliis
2994 1748 3180 1813 Israel,
3210 1758 3315 1803 etc.
3340 1749 3518 1821 (ΗΑΒ.)
3542 1766 3632 1803 us-

2057 1863 2156 1917 que
2193 1848 2262 1900 ad
2293 1845 2588 1900 Ecclesiam
2613 1843 2816 1900 Christi
2862 1854 3010 1900 recte
3035 1845 3267 1900 vivendo
3317 1852 3372 1899 et
3397 1843 3637 1899 docendo

383 1937 568 2008 gratim
601 1935 892 2007 signiﬁcat,
936 1937 992 1992 in
1032 1953 1139 2007 quo
1173 1937 1464 2007 apostolica
1511 1938 1752 1992 doctrina
1792 1953 1959 2008 popu-
1988 1926 2034 1986 Β
2061 1950 2401 1996 construunt.

381 2029 490 2086 lum
508 2028 640 2084 Novi
653 2029 983 2086 Testamenti
1015 2029 1288 2086 informat.
1315 2029 1458 2083 Bene
1487 2040 1665 2084 autem
1697 2043 1793 2099 per
1820 2043 1953 2097 qua-

382 2123 764 2194 dragenarium
804 2140 1090 2179 numerum
1129 2125 1214 2179 vel
1243 2123 1628 2179 duodenarium
1671 2135 1864 2176 currus
1900 2129 1954 2176 et

380 2215 589 2284 equites
615 2215 919 2273 Salomonis
945 2225 1296 2271 numerantur
1330 2234 1343 2269 :
1387 2215 1511 2285 quia
1541 2230 1636 2284 per
1666 2222 1954 2284 utrumque

381 2314 802 2373 testamentum,
874 2307 1048 2362 sancti
1093 2305 1196 2360 viri
1246 2307 1416 2360 sacris
1480 2305 1674 2358 litteris
1733 2303 1949 2369 eruditi,

381 2399 606 2454 sessioni
633 2400 726 2454 Dei
753 2408 1028 2470 aptantur,
1059 2415 1195 2470 quos
1226 2399 1342 2470 ipse
1371 2414 1612 2454 summus
1637 2397 1824 2468 auriga
1852 2412 1951 2468 pro

378 2499 506 2545 nuto
531 2506 629 2546 suo
657 2492 936 2562 gubernat.
1877 2509 1880 2512 '

453 2584 614 2639 Vens.
665 2585 844 2639 i7.—
868 2583 1133 2641 Sexcentis
1180 2585 1458 2655 argenteis.
1509 2583 1646 2651 Quia
1673 2583 1950 2640 doctorum

379 2686 758 2733 testamentum
809 2679 1191 2749 praedicatione
1237 2678 1305 2733 ad
1348 2678 1780 2748 cognoscendam
1825 2675 1950 2732 ﬁdei

377 2768 661 2823 veritatem
692 2784 790 2840 per
817 2771 1202 2840 praedicatores
1237 2771 1290 2825 in
1317 2785 1475 2826 usum
1502 2770 1616 2826 veri
1645 2769 1951 2826 Salomonis

375 2859 621 2916 homines
654 2861 1011 2918 adducuntur.
1046 2860 1299 2916 Sexcenti
1329 2877 1480 2932 ergo,
1513 2862 1566 2916 id
1593 2869 1678 2917 est
1707 2861 1952 2932 sexagies

375 2947 499 3004 deni
535 2947 922 3018 perfectionem
965 2950 1288 3022 evangelicae
1317 2951 1572 3006 doctrinae
1610 2950 1946 3020 Signiﬁcant,

377 3039 429 3094 in
469 3055 571 3109 qua
623 3040 881 3110 perfectio
931 3041 1063 3111 legis
1107 3041 1328 3096 omnino
1371 3041 1656 3096 consistit:
1683 3041 1952 3111 praecipue

377 3145 495 3185 cum
523 3130 852 3202 Redemptor
877 3141 1062 3187 noster
1094 3141 1244 3188 sexta
1272 3131 1356 3187 die
1383 3147 1596 3202 passus,
1624 3131 1804 3185 omnia
1832 3145 1951 3201 quae

378 3222 444 3276 de
467 3237 524 3277 se
555 3223 610 3276 in
637 3222 755 3294 lege
781 3232 837 3278 et
863 3225 1145 3295 prOphetis
1186 3224 1388 3294 scripta
1429 3232 1604 3289 erant,
1634 3223 1946 3294 complevit;

377 3317 518 3371 unde
553 3317 676 3370 ait;
721 3315 1152 3372 Consummatum
1199 3328 1294 3372 est.
1345 3318 1413 3372 Et
1460 3317 1712 3372 inclinato
1761 3317 1947 3388 capite,
1978 3297 2022 3360 θ

377 3409 544 3462 emisit
566 3410 805 3478 spiritum
831 3410 1010 3483 (Joan.
1041 3409 1176 3482 xu).

449 3499 685 3555 Centum.
716 3501 821 3570 Qui
856 3510 983 3558 sunt
1013 3512 1096 3558 ter
1116 3503 1500 3574 quinquageni,
1528 3513 1583 3558 et
1606 3505 1817 3560 Veteris
1851 3503 1955 3560 Te-

381 3591 630 3646 statnenti
658 3601 878 3663 propter
891 3591 1244 3649 Pentecosten
1270 3604 1325 3649 et
1347 3594 1623 3664 jubilaenm
1647 3604 1700 3650 et
1731 3596 1954 3666 triplicis

383 3681 674 3752 Scriptura:
722 3685 1141 3750 distinctionem,
1161 3686 1286 3756 quia
1329 3685 1526 3740 dicitur
1564 3703 1576 3736 :
1617 3683 1840 3740 Necesse
1878 3697 1955 3742 est

383 3775 553 3830 omnia
583 3775 786 3846 impleri
819 3793 935 3848 qua:
955 3778 1147 3848 scripta
1178 3786 1298 3832 sunt
1333 3777 1388 3832 in
1422 3776 1532 3847 lege
1555 3776 1727 3847 Moysi
1753 3787 1800 3832 et
1833 3794 1955 3848 pro-

380 3869 546 3937 phetis
582 3878 629 3922 et
654 3868 868 3940 psalmis
895 3870 960 3924 de
989 3886 1068 3924 me
1094 3868 1246 3940 (Luc.
1271 3868 1446 3941 χχιιι),
1475 3867 1763 3924 manifeste
1789 3869 1954 3940 signi-

385 3959 568 4016 ﬁcant.

999 4032 1224 4089 CAPUT
1261 4032 1324 4087 ll.

453 4145 614 4200 Vens.
639 4143 1009 4200 L—Decreoit
1035 4143 1288 4200 Salomon
1307 4145 1571 4213 (edi/icore
1589 4145 1821 4210 domum,
1845 4152 1949 4200 etc.

382 4235 554 4307 (Bern,
597 4248 782 4308 qutrst.
834 4238 888 4292 in
929 4235 1022 4290 lib.
1050 4236 1197 4309 Reg.,
1246 4244 1376 4292 tom.
1406 4235 1494 4307 ll.)
1550 4237 1748 4292 Domus
1791 4253 1953 4307 quam

379 4330 666 4386 aediﬁcavit
693 4331 969 4397 Salomon,
997 4341 1126 4397 etc.,
1157 4348 1319 4402 usque
1353 4333 1422 4385 ad
1451 4331 1544 4401 qui
1586 4332 1792 4402 seipsos
1820 4333 1952 4386 aedi-

381 4423 503 4478 ﬁcio
529 4423 648 4490 Dei,
677 4425 966 4489 credendo,
1004 4425 1302 4494 operando,
1332 4424 1468 4481 alios
1502 4425 1766 4491 docendo,
1812 4440 1954 4496 prat-

379 4523 591 4586 parant.

453 4609 725 4664 Salomon.
763 4607 832 4664 Et
863 4609 1079 4665 nomine
1116 4617 1171 4665 et
1226 4625 1392 4680 regno
1420 4609 1766 4680 pacatissimo
1803 4609 1952 4663 illum

380 4703 668 4774 signiﬁcat,
700 4712 831 4768 etc.,
875 4719 1037 4775 usque
1073 4703 1142 4757 ad
1184 4712 1237 4759 et
1280 4703 1687 4759 illuminationis
1715 4703 1951 4774 Spiritus

382 4797 575 4850 sancti.
1214 4843 1216 4846 ,

453 4889 613 4946 Vens.
668 4890 908 4948 8.—Et
953 4899 1102 4946 erunt
1128 4890 1283 4945 servi.
1331 4889 1511 4962 (Rem)
1558 4889 1799 4959 Apostoli
1848 4889 1953 4944 mei

381 4991 437 5039 et
462 4983 714 5040 doctores
740 4985 924 5056 primi.
956 4993 1086 5050 etc.,
1142 5001 1303 5054 usque
1346 4984 1414 5038 ad
1445 4992 1500 5039 et
1547 4984 1668 5039 ideo
1705 4983 1956 5040 subtilius

381 5087 845 5148 expugnaverunt.

451 5169 616 5225 Vens.
649 5169 736 5225 14.
760 5201 830 5212 --
853 5168 1054 5224 Filium
1084 5168 1342 5224 mulieris.
1400 5168 1650 5224 Ostendit
1677 5183 1800 5224 eum
1835 5183 1956 5225 esse

383 5259 451 5316 de
473 5262 730 5334 progenie
755 5261 1050 5328 Salomith;
1080 5261 1147 5318 de
1177 5262 1318 5316 trith
1346 5262 1481 5327 Dan,
1514 5262 1580 5317 de
1609 5276 1717 5332 quo
1738 5261 1792 5316 in
1818 5260 1957 5316 libro

385 5352 742 5410 Numerorum
794 5353 1008 5427 legitur.
1062 5353 1280 5410 Patrem
1325 5354 1442 5425 ejus
1491 5354 1709 5408 tradunt
1746 5352 1956 5408 Hebrmi

385 5444 554 5500 fuisse
582 5444 888 5514 Hebraeum,
912 5447 980 5501 de
1019 5448 1188 5520 stirpe
1213 5446 1400 5513 Oliab,
1435 5447 1501 5502 de
1529 5447 1673 5501 tribu
1701 5449 1836 5512 Dan,
1865 5445 1958 5516 qui

386 5555 508 5594 cum
537 5537 772 5596 Beseleel
805 5543 860 5597 in
890 5557 1074 5597 eremo
1101 5549 1355 5611 operatus
1383 5549 1485 5595 est.
1518 5539 1670 5607 Quod
1695 5555 1827 5595 vero
1853 5539 1959 5610 Ty-

388 5630 529 5684 rium
562 5639 742 5697 vocat,
785 5631 935 5688 aiunt
965 5632 1178 5688 Hebraei
1219 5635 1323 5689 hoc
1352 5632 1704 5687 translatione
1752 5632 1958 5687 factum

390 5719 574 5776 fuisse.
622 5723 779 5778 Zocri
817 5724 961 5779 enim
1008 5725 1190 5794 lingua
1235 5738 1421 5778 eorum
1467 5723 1754 5792 psalmatio
1795 5723 1964 5778 inter-

389 5820 656 5881 pretatur.
701 5813 912 5883 Chyros
945 5813 1090 5869 enim
1120 5828 1284 5882 quam
1331 5813 1406 5866 illi
1449 5811 1556 5866 Zor
1599 5820 1818 5874 vocant,
1867 5811 1964 5866 ali-

394 5905 610 5976 quando
638 5905 963 5983 angustiam,
991 5905 1280 5984 aliquando
1309 5905 1722 5985 plasmationem
1747 5911 1924 5980 sonat.

2127 2032 2249 2088 Tria
2284 2033 2449 2087 millia
2483 2041 2530 2086 et
2560 2033 2808 2087 sexcenti.
2841 2032 2900 2086 In
2926 2031 3381 2102 Paralipomenon
3410 2045 3507 2100 pro
3537 2031 3637 2085 tri-

2055 2127 2154 2182 bus
2180 2125 2416 2181 millibus
2443 2122 2702 2180 trecentis
2730 2125 3053 2195 praepositis,
3081 2124 3173 2194 qui
3211 2125 3264 2178 in
3297 2123 3502 2193 Regum
3539 2137 3638 2176 nu-

2055 2225 2358 2282 merantur,
2391 2217 2493 2270 tria
2528 2213 2692 2268 millia
2723 2215 2962 2270 sexcenti
2993 2214 3309 2268 scribuntur
3335 2228 3433 2283 pro
3461 2213 3638 2282 perfe-

2056 2311 2235 2366 ctione
2284 2309 2595 2364 sublimium
2647 2308 2906 2362 virorum.
2958 2306 3017 2360 In
3063 2305 3277 2360 senario
3324 2305 3466 2359 enim
3498 2305 3638 2358 Deus

2055 2403 2241 2459 mundi
2265 2411 2515 2458 ornatum
2545 2399 2837 2469 complevit
2863 2413 2879 2452 :
2901 2408 2958 2453 et
2981 2398 3109 2468 quia
3136 2405 3322 2452 sancta
3351 2395 3633 2466 Scriptura

2053 2497 2214 2552 ﬁdem
2261 2494 2544 2549 Trinitatis
2582 2493 2737 2547 docet
2777 2499 2832 2546 et
2870 2505 3034 2560 opera
3069 2489 3312 2559 justitiaa,
3352 2497 3498 2542 recte
3531 2487 3634 2541 tria

2053 2589 2219 2646 millia
2249 2589 2489 2644 sexcenti
2518 2585 2874 2658 perhibentur
2903 2584 3092 2638 fuisse.

2665 2672 2890 2732 CAPUT
2932 2675 2996 2730 Ill
3009 2713 3022 2728 .

2119 2771 2286 2827 Vens.
2343 2771 2396 2825 1.
2419 2800 2490 2810 —
2513 2769 2582 2825 In
2611 2785 2734 2823 area
2761 2767 2967 2822 Ornan.
3019 2765 3205 2838 (ΚΑΒ.)
3252 2765 3490 2820 Ecclesia
3538 2779 3636 2834 per

2051 2878 2234 2918 arcam
2289 2862 2550 2933 signatur,
2594 2869 2722 2926 etc.,
2763 2877 2926 2931 usque
2966 2860 3034 2913 ad
3084 2859 3176 2914 sed
3218 2874 3340 2914 cum
3387 2857 3635 2913 Christus

2051 2970 2173 3010 eam
2224 2953 2499 3023 respexit,
2553 2952 2704 3023 pacis
2763 2951 2819 3005 in
2865 2967 2925 3007 se
2979 2959 3033 3006 et
3089 2950 3268 3005 locum
3319 2949 3527 3004 invenit
3579 2957 3634 3004 et

2053 3060 2273 3101 nomen.

2123 3139 2286 3194 Vens.
2335 3139 2390 3192 2.
2426 3168 2495 3178 —
2542 3139 2718 3191 Mense
2773 3136 3024 3200 secundo,
3067 3141 3172 3188 etc.
3235 3134 3290 3187 Id
3333 3142 3418 3188 est
3458 3133 3630 3197 Maio,

2053 3247 2178 3286 mox
2226 3231 2434 3287 scilicet
2469 3237 2590 3300 post
2633 3227 2831 3298 pascha
2857 3267 2873 3292 ,
2915 3235 2974 3280 ut
3013 3233 3363 3279 consecratus
3403 3225 3630 3294 mystica

2055 3324 2394 3380 solemnitate
2430 3321 2660 3394 populus
2705 3320 2863 3390 digne
2913 3317 3301 3389 aggrederetur
3341 3316 3630 3386 mysticum

1967 3453 1970 3456 ~
2055 3431 2211 3487 Opus.

2125 3509 2276 3562 Anno
2314 3517 2500 3579 quarto
2537 3506 2682 3578 regni
2721 3507 2823 3560 sui.
2873 3505 3002 3560 Post
3041 3503 3308 3572 expletam
3353 3501 3633 3570 dispensa-

2055 3599 2254 3654 tionem
2283 3599 2477 3653 divina:
2509 3597 2918 3660 incarnationis,
2947 3610 3066 3665 qum
3107 3594 3160 3648 in
3194 3600 3429 3662 quatuor
3453 3591 3632 3645 Evan-

2055 3690 2208 3761 geliis
2255 3691 2454 3759 scripta
2501 3697 2602 3755 est,
2647 3689 2816 3743 misso
2847 3686 3053 3758 Spiritu
3105 3686 3172 3740 de
3217 3683 3354 3740 caelo
3382 3683 3624 3738 Ecclesia

2054 3781 2319 3838 fabricata
2357 3789 2458 3836 est.
2496 3779 2626 3850 Quae
2667 3781 2721 3834 in
2762 3779 2914 3833 libris
2941 3777 3148 3848 Regum
3179 3775 3548 3846 exposuimus,
3578 3774 3631 3830 in

2053 3873 2500 3944 Paralipomenon
2535 3873 2636 3928 sub
2666 3871 2934 3927 brevitate
2963 3868 3400 3940 perstringimus.

2124 3965 2428 4037 Longitudo
2489 3965 2680 4020 domus
2751 3963 2964 4032 longam
3013 3960 3266 4016 Ecclesiae
3312 3959 3631 4030 patientiam

2054 4059 2341 4132 signiﬁcat.
2398 4058 2650 4114 Latitudo
2705 4057 3030 4113 charitatem
3079 4069 3187 4123 qua
3243 4052 3409 4107 etiam
3461 4049 3636 4121 diligit

2054 4153 2319 4218 inimicos,
2351 4151 2538 4206 donec
2577 4165 2699 4205 cum
2743 4147 2874 4204 solis
2913 4145 3104 4202 amicis
3144 4143 3198 4199 in
3236 4144 3348 4198 Deo
3381 4143 3631 4213 gaudeat.

2051 4243 2292 4298 Altitudo
2337 4257 2468 4298 vero
2513 4255 2665 4313 spem
2714 4239 2910 4294 futura:
2957 4238 3084 4292 vita;
3132 4243 3188 4288 ct
3241 4232 3631 4297 retributionis,

2053 4335 2180 4404 quia
2217 4333 2396 4388 omnia
2441 4333 2664 4386 adversa
2709 4328 3009 4385 contemnit
3038 4345 3050 4378 :
3083 4325 3254 4380 donec
3285 4323 3465 4377 videat
3493 4323 3633 4377 bona

2055 4424 2267 4479 Domini
2304 4423 2357 4478 in
2387 4431 2530 4478 terra
2557 4420 2872 4476 viventium.
2903 4415 3207 4472 Notandum
3231 4413 3373 4483 quod
3404 4413 3626 4484 triginta

2054 4515 2220 4572 cubiti
2243 4513 2560 4578 altitudinis,
2581 4510 2742 4580 quiin
2768 4508 2973 4579 Regum
3005 4506 3282 4576 leguntur,
3314 4518 3421 4557 non
3452 4503 3520 4558 ad
3555 4512 3633 4558 te-

2056 4617 2201 4666 ctum
2230 4605 2432 4677 templi,
2462 4604 2558 4660 sed
2589 4616 2760 4673 usque
2801 4599 2870 4655 ad
2894 4597 3230 4654 emnaculum
3263 4594 3487 4650 inferius
3512 4609 3635 4664 per-

2057 4711 2344 4760 venerunt.
2393 4701 2494 4756 llic
2539 4696 2876 4768 enimquod
2921 4695 3148 4750 altitudo
3189 4704 3404 4750 centum
3445 4691 3636 4764 viginti

2061 4793 2368 4850 cubitorum
2423 4799 2560 4846 erat.
2627 4788 2733 4844 Alii
2786 4787 3003 4857 triginta
3049 4785 3114 4841 ad
3161 4785 3396 4840 medium
3455 4799 3637 4839 caena-

2062 4886 2266 4952 culum,
2315 4884 2406 4939 alii
2437 4884 2566 4938 vero
2611 4882 2679 4937 ad
2723 4880 2961 4944 tertium,
2993 4877 3188 4934 deinde
3230 4891 3402 4947 usque
3439 4876 3507 4930 ad
3548 4891 3638 4929 su-

2061 4993 2306 5052 premum
2336 4975 2519 5046 templi
2553 4983 2754 5032 tectum
2786 4971 3230 5037 numerabuntur,
3267 4970 3358 5025 alii
3408 4969 3633 5038 triginta

2062 5082 2116 5128 et
2149 5073 2228 5128 sic
2261 5079 2373 5126 tota
2405 5069 2630 5124 altitudo
2655 5067 2846 5124 domus
2885 5066 2939 5120 in
2971 5073 3190 5121 centum
3219 5061 3409 5134 viginti
3440 5060 3638 5116 cubitis

2063 5170 2467 5221 consummatur
2491 5179 2504 5216 :
2554 5175 2662 5232 quo
2690 5174 2916 5216 numero
2939 5159 3184 5214 virorum
3213 5153 3490 5226 primitiva
3531 5153 3636 5208 Ec-

2064 5259 2228 5316 clesia
2263 5258 2326 5312 in‘
2343 5255 2644 5312 Jerusalem
2672 5253 2901 5326 gratiam
2933 5251 3169 5322 Spiritus
3199 5246 3372 5303 sancti
3407 5245 3636 5315 accepit.

2063 5349 2378 5419 Quindecim
2407 5361 2639 5418 namque
2665 5346 2754 5415 qui
2788 5359 2856 5398 ex
2880 5352 3087 5413 septem
3129 5347 3186 5394 et
3211 5347 3336 5394 octo
3363 5344 3634 5401 constant,

2064 5440 2302 5495 futuram
2337 5439 2504 5492 vitam
2537 5437 2775 5508 signant,
2821 5448 2940 5504 quae
2969 5446 3112 5486 nunc
3159 5429 3336 5500 agitur
3381 5428 3434 5482 in
3461 5425 3642 5496 quiete

2065 5533 2366 5588 animarum
2395 5539 2450 5587 et
2473 5529 2785 5601 perﬁcietur
2809 5527 2863 5581 in
2886 5523 3284 5580 resurrectione
3315 5533 3636 5592 corporum:

2065 5627 2368 5698 quindecim
2391 5639 2522 5680 vero
2551 5624 2604 5678 in
2627 5623 2894 5692 trigonum
2919 5617 3100 5681 ducta,
3122 5615 3176 5669 id
3197 5621 3302 5676 est,
3325 5627 3447 5668 cum
3470 5609 3642 5664 omni-

2063 5722 2166 5778 bus
2202 5720 2446 5791 partibus
2491 5717 2602 5772 suis
2649 5719 2929 5769 numerata
2973 5716 3190 5764 centum
3241 5705 3435 5776 viginti
3483 5701 3638 5768 ﬁunt,

2066 5811 2623 5884 quibus'designatur.
2641 5804 2819 5860 futura
2845 5799 3125 5857 beatitudo
3153 5797 3468 5853 electorum.
3499 5793 3642 5848 Bene

2069 5916 2250 5968 autem
2274 5904 2380 5960 hoc
2407 5915 2632 5978 numero
2661 5896 2882 5958 tertium
2930 5892 3269 5956 cmnaculum
3298 5891 3488 5954 domus
3513 5901 3643 5955 coni-
