4122 6350
474 414 578 475 667
842 375 846 379 ψ
970 411 1364 472 WALAFRIDI
1401 411 1650 471 STRABI
1688 410 1891 469 FULD.
2137 410 2288 467 OPP.
2332 409 2512 469 PARS
2551 411 2590 467 l.
2628 439 2695 453 --
2733 407 3187 471 THEOLOGICA.
3615 403 3723 463 668

476 542 798 601 summatur,
832 547 952 604 quae
988 540 1109 603 post
1127 538 1439 603 .praescntes
1486 530 1717 595 labores,
1762 536 1886 601 post
1935 527 2048 585 ani-
2076 534 2127 601 Α
2154 524 2399 583 interiori
2440 533 2603 583 domo
2644 526 2847 583 factum
2877 532 2981 591 est,
3027 522 3153 594 quia
3203 522 3259 577 in
3283 534 3514 592 superna
3541 519 3721 590 patria

477 642 689 684 marum
717 626 980 697 requiem,
1028 624 1187 695 plena
1215 622 1489 680 felicitatis
1519 621 1690 694 gloria
1718 622 1773 678 in
1802 635 2045 678 resurre-

476 719 656 776 ctione
693 715 1015 786 completur.

548 811 715 867 Vnus.
765 809 819 864 4.
847 838 920 851 --
960 808 1231 863 Panicum
1268 824 1416 874 vero,
1460 816 1566 864 etc.
1613 807 1794 879 Ipsum
1842 806 2050 865 scilicet

482 901 737 971 templum
763 901 905 970 quod
931 909 1051 956 erat
1075 914 1173 971 pro
1217 898 1423 955 foribus
1466 898 1671 955 oraculi
1718 917 1732 953 :
1775 898 2046 969 tripartito

478 994 623 1050 enim
660 993 763 1049 fuit
792 993 1009 1048 fabricae
1047 992 1363 1048 distinctio:
1393 992 1495 1048 hoc
1523 1000 1608 1047 est
1650 991 1891 1062 porticus
1924 997 2049 1046 ante

480 1084 778 1156 templum:
803 1093 858 1139 et
884 1084 1058 1153 ipsum
1101 1084 1357 1152 templum
1398 1084 1452 1137 in
1480 1098 1588 1154 quo
1613 1082 1783 1137 altare
1815 1082 2048 1153 thymia-
2090 1136 2103 1143 κ

479 1177 663 1243 matis,
695 1192 881 1232 mensa
929 1176 1334 1248 propositionis,
1366 1183 1420 1230 et
1461 1174 1845 1231 candelabrum
1894 1172 2053 1227 lumi-

479 1270 565 1324 nis
588 1278 747 1325 erant
767 1267 862 1324 :ct
882 1269 1179 1333 oraculum,
1212 1269 1267 1323 id
1292 1277 1398 1334 est,
1420 1267 1681 1324 Sanctum
1729 1272 2051 1320 sanctorum

478 1359 570 1414 ubi
609 1375 735 1414 arca
782 1360 1091 1415 testamenti
1118 1368 1173 1414 et
1199 1358 1483 1415 cherubim
1512 1365 1635 1426 post
1674 1354 1853 1411 velum
1887 1353 2054 1409 collo.

479 1461 621 1506 cata.
669 1450 919 1506 Porticus
938 1466 1066 1509 vero
1093 1460 1217 1517 ante
1256 1450 1511 1520 templum
1541 1448 1889 1519 antiquorum
1917 1445 2052 1514 ﬁgu-

478 1557 594 1597 ram
642 1551 817 1611 gestat
865 1542 1121 1597 fidelium.
1172 1542 1351 1613 Ipsum
1398 1556 1529 1596 vero
1575 1539 1833 1610 templum
1859 1552 2047 1593 eoru

477 1635 569 1704 qui
606 1642 728 1704 post
778 1634 1205 1705 incarnationem
1232 1633 1445 1688 Docuini
1496 1633 1553 1687 in
1602 1632 1863 1687 mundum
1897 1644 2055 1685 rene-

479 1735 624 1781 rnnt.
676 1727 877 1782 Domus
916 1735 1099 1783 autem
1146 1726 1375 1783 interior
1399 1727 1551 1799 regni
1590 1726 1829 1783 caelestis
1855 1724 2053 1796 gaudia

477 1817 723 1885 utrisque
744 1818 890 1871 data.

2150 618 2461 690 angelorum
2494 618 2628 675 visio
2664 628 2720 677 et
2748 618 3003 675 allocutio
3041 625 3098 674 et
3138 617 3255 688 ipsa
3293 616 3389 679 Dei
3432 615 3723 687 praesentia

2149 707 2495 763 revelabitur.
2542 708 2694 776 Quod
2730 708 2861 769 dicit
2903 708 3095 780 viginti
3136 706 3351 769 cubitus
3393 705 3719 773 altitudinis,

2148 801 2411 870 parietem
2439 801 2719 859 cedrinum
2746 798 3037 873 signiﬁcat.
3068 800 3161 871 qui
3206 797 3493 859 oraculum
3514 798 3583 857 ab
3607 799 3725 854 aede

2148 890 2403 949 exteriori
2432 901 2700 962 segregat.

2220 982 2433 1039 Cwlavit
2460 984 2742 1043 cherubim.
2784 981 2959 1041 liabet
2982 983 3101 1043 hac
3128 981 3347 1046 dom,
3373 980 3513 1045 sicut
3537 979 3591 1035 in
3616 977 3727 1043 lie-

2150 1089 2290 1145 gum
2306 1074 2523 1145 legitur,
2548 1074 2833 1131 delaturos
2858 1072 3179 1137 eminentes,
3206 1088 3335 1135 cum
3359 1072 3529 1127 sancti
3558 1085 3727 1141 onera

2151 1168 2409 1224 virtutum
2437 1184 2543 1224 non
2574 1171 2631 1225 in
2659 1168 2841 1234 eculte
2868 1174 3053 1238 agant,
3089 1166 3185 1225 sed
3210 1163 3521 1234 emplum
3552 1162 3731 1223 omni-

2150 1259 2253 1315 bus
2287 1256 2598 1330 praeferunt.

2223 1351 2385 1407 Vsus.
2414 1350 2559 1407 8.-
2581 1347 2733 1405 Fecit
2770 1364 2974 1420 quam
3008 1347 3243 1411 “mum,
3284 1353 3392 1405 etc.
3436 1343 3731 1403 Oraculum

2152 1441 2245 1499 ubi
2269 1454 2388 1497 erat
2414 1456 2545 1497 arca
2569 1440 2761 1512 viginti
2789 1438 3001 1499 cubitus
3031 1438 3259 1495 habebat
3290 1436 3345 1495 in
3372 1435 3729 1508 longitudine,

2154 1532 2457 1597 latitudine,
2486 1531 2787 1596 altitudine,
2815 1530 2873 1589 itl
2903 1538 2989 1589 est
3040 1544 3136 1599 per
3165 1526 3431 1598 quadrum
3458 1543 3471 1581 :
3517 1527 3647 1597 quia
3675 1526 3731 1585 in

2154 1638 2389 1693 superna
2410 1622 2584 1691 patria
2614 1622 2705 1676 ubi
2742 1636 2925 1692 regem
2963 1621 3021 1693 in
3047 1620 3243 1679 decore
3270 1634 3373 1687 suo
3392 1618 3575 1687 vident
3606 1631 3735 1675 sau-

2153 1713 2257 1778 cti,
2309 1712 2419 1768 sola
2469 1713 2711 1768 churitas
2761 1711 2955 1767 divinae
3000 1719 3054 1766 et
3104 1723 3350 1783 superate
3396 1707 3585 1783 gratia:
3632 1719 3736 1781 per

2153 1805 2331 1869 omnia
2378 1803 2564 1876 fulget.
2598 1804 2751 1865 Unde
2780 1804 2835 1873 in
2873 1802 3225 1874 sequentibus
3251 1819 3267 1855 :
3555 1800 3735 1863 aureis

547 1908 851 1963 Notandum
897 1923 1024 1979 ergo
1071 1910 1215 1979 quod
1259 1909 1496 1991 parietes
1541 1909 1733 1965 domus
1783 1906 2053 1979 lapidibus

2160 1898 2282 1955 texit
2316 1914 2430 1957 eam
2464 1895 2582 1967 (III
2612 1895 2739 1968 Reg.
2769 1894 2872 1968 vi),
2901 1895 2957 1955 id
2983 1902 3086 1961 est,
3124 1895 3325 1965 muenia
3363 1907 3611 1965 supernae
3656 1891 3736 1951 ci-

477 1998 732 2070 pretiosis
759 1997 887 2055 facti
914 1998 1133 2055 fuerunt
1163 2000 1360 2055 tabulis
1404 1999 1732 2071 eypressinis
1761 1999 1846 2057 vel
1881 1997 2049 2054 cedri-

478 2090 562 2144 nis
590 2090 787 2159 operti,
828 2091 1043 2147 laminis
1088 2092 1270 2149 aureis
1307 2092 1507 2147 vestiti.
1534 2091 1688 2149 Unde
1728 2091 1781 2146 in
1810 2091 2048 2161 Regum:

476 2181 547 2236 Et
567 2183 720 2237 cedro
749 2184 918 2241 omnis
955 2183 1143 2239 domus
1174 2183 1504 2249 vestiebatur,
1531 2192 1634 2238 etc.
1675 2182 1908 2252 Lapides
1952 2197 2051 2252 pa-

476 2274 629 2329 rietis
660 2273 742 2328 vel
770 2275 1063 2344 pavimenti
1099 2285 1153 2331 et
1190 2275 1385 2331 tabula
1421 2284 1478 2330 et
1515 2290 1703 2329 aurum
1738 2283 2053 2331 sanctorum

475 2366 645 2421 vitam
676 2367 729 2422 in
751 2367 993 2423 Ecclesia
1028 2367 1359 2438 signiﬁcant.
1385 2367 1616 2437 Lapides
1643 2365 1751 2423 vivi
1775 2374 1900 2423 sunt
1929 2380 2053 2421 san-

479 2460 550 2514 cti
597 2458 914 2514 fortitudine
962 2459 1087 2517 fidei
1142 2460 1197 2517 in
1241 2474 1405 2517 uuam
1458 2457 1697 2528 regulam
1754 2456 2049 2523 conjuncti.

468 2552 697 2629 [Tabulae
723 2568 936 2624 quoque
977 2553 1213 2609 cedriuae
1244 2553 1329 2609 vel
1355 2552 1686 2624 cypressinae
1716 2559 1844 2609 sunt
1871 2551 2047 2607 sancti

477 2648 762 2705 latitudine
806 2650 1082 2705 variarum
1137 2650 1395 2706 virtutum
1458 2649 1755 2705 secundum
1815 2648 2054 2703 donatio-

478 2756 602 2801 nem
633 2741 871 2812 Spiritus
896 2744 1066 2799 sancti
1097 2743 1152 2799 in
1190 2744 1379 2799 eadem
1408 2742 1515 2799 fide
1543 2743 1892 2812 sibimetipsis
1918 2756 2051 2799 con-

480 2834 629 2889 nexi.
691 2833 827 2889 Auri
871 2834 1087 2890 laminae
1135 2842 1263 2891 sunt
1320 2835 1497 2895 sancti
1562 2835 2052 2903 supereminentem

480 2929 720 2984 scientiae
754 2928 1072 2984 charitatem
1102 2928 1387 2992 habentes,
1419 2936 1473 2983 et
1506 2927 1665 3000 hujus
1699 2926 1907 2999 fulgore
1930 2942 2055 2998 gra-

482 3018 688 3073 tissimo
719 3018 786 3072 ad
814 3018 1045 3073 invicem
1074 3020 1492 3088 congaudentes.

522 3109 711 3163 ~Vsas.
741 3108 794 3163 6.
810 3137 880 3148 —
899 3107 1098 3164 Stravit
1127 3126 1328 3182 quoque
1359 3110 1708 3181 pavimentum
1732 3151 1748 3176 ,
1772 3116 1879 3167 etc.
1902 3110 2054 3167 Sicut

480 3199 707 3255 latitudo
734 3199 958 3270 parietis
984 3200 1038 3254 in
1060 3199 1227 3255 altum
1256 3215 1574 3270 exsurgens,
1604 3210 1659 3256 et
1684 3201 1753 3259 ad
1779 3201 2053 3272 laquearia

2155 1991 2338 2045 vitatis
2365 1990 2539 2061 gratia
2573 1990 2859 2057 charitatis
2884 1989 3143 2061 implevit.

2228 2080 2458 2137 Talentis
2493 2082 2770 2147 sexcentis,
2806 2089 2914 2143 etc.
2946 2080 3006 2137 lu
3042 2079 3256 2153 talentis
3280 2078 3537 2153 ponderis
3558 2076 3744 2151 perfe-

2158 2174 2268 2230 ctio
2287 2189 2406 2244 qua:
2426 2174 2708 2229 cbaritatis
2729 2172 3117 2245 perfectionem
3140 2171 3415 2245 exprimit,
3443 2168 3583 2241 sicut
3615 2184 3745 2241 per-

2157 2263 2320 2320 fectio
2351 2263 2565 2329 senarii,
2600 2278 2697 2334 per
2734 2278 2894 2335 quem
2935 2262 3281 2319 centonarius
3327 2260 3738 2333 multiplicatur,

2157 2362 2222 2413 ut
2244 2352 2376 2417 tiam
2405 2352 2669 2409 sexcenti.

2228 2473 2391 2527 Vnus.
2417 2471 2469 2526 9.
2497 2499 2567 2511 —
2592 2467 2695 2525 Sed
2735 2477 2784 2525 et
2827 2468 3018 2525 clavos.
3048 2467 3231 2542 (ιω.)
3258 2465 3743 2538 Qui-quamam

2159 2579 2389 2620 numero
2428 2571 2775 2634 peccatorum
2831 2562 3103 2624 remissio,
3160 2570 3288 2626 etc.,
3341 2576 3506 2632 usque
3540 2560 3609 2615 ad
3634 2558 3737 2631 qui

2160 2657 2229 2712 ad
2248 2655 2570 2727 perfectiora
2597 2655 2920 2726 perveniens
2946 2655 3019 2712 de
3038 2654 3209 2711 clavis
3230 2653 3601 2726 perfectionis,
3626 2653 3743 2711 ait:

2160 2746 2299 2803 Milli
2321 2758 2494 2802 autem
2517 2746 2785 2802 adhmrere
2804 2746 2939 2813 Deo,
2962 2746 3153 2803 bonum
3178 2756 3255 2803 ut
3276 2745 3445 2818 (Ρωι.
3472 2744 3664 2815 nam).

2229 2835 2510 2895 Omnia
2556 2854 2779 2910 quoqua
2814 2835 2967 2895 Sicut
3018 2836 3219 2894 Sancta
3250 2844 3585 2901 sanctorum,
3640 2836 3739 2893 tibi

2160 2938 2279 2986 erat
2326 2944 2474 2991 arca,
2513 2928 2784 2984 intentam
2823 2937 3134 2995 sanctor-tun
3185 2928 3353 2984 vitam
3402 2928 3459 2984 in
3503 2942 3742 2999 censue.

2160 3028 2247 3078 ctu
2294 3020 2667 3092 Redemptoris
2732 3020 3020 3092 signiﬁcat,
3080 3021 3225 3085 unde
3262 3040 3281 3077 :
3308 3021 3605 3085 discendus
3651 3037 3747 3077 eos

2161 3114 2216 3168 in
2244 3113 2547 3169 abscondito
2586 3112 2743 3184 faciei
2778 3124 2913 3177 tua,
2965 3130 2997 3168 a
3032 3112 3425 3168 coraturbatim
3468 3112 3743 3167 hominum

2164 3202 2340 3271 (Psal.
2365 3207 2519 3275 xxx).
2564 3205 2642 3260 lta
2664 3207 2951 3261 macula
2981 3205 3035 3260 in
3061 3204 3173 3262 alto
3199 3205 3445 3263 eamdem
3464 3204 3653 3267 vitam,
3686 3203 3745 3258 id

476 3292 822 3364 perveniens,
876 3301 1167 3362 provectus
1219 3292 1481 3347 virtutum
1530 3294 1727 3363 quibus
1761 3294 1935 3351 sancti
1990 3294 2059 3349 ad
2086 3285 2132 3348 C
2161 3304 2245 3350 est
2275 3295 2329 3351 in
2354 3294 2508 3351 caelis
2535 3311 2654 3351 esse
2687 3307 2741 3351 et
2774 3313 2885 3352 non
2914 3296 2968 3351 in
3000 3297 3105 3352 hoc
3135 3297 3352 3357 mundo,
3384 3295 3527 3351 unde
3557 3312 3571 3348 :
3608 3295 3746 3359 ρυω

481 3386 677 3443 caelum
724 3386 1065 3456 perveniunt,
1101 3384 1186 3438 vel
1234 3394 1549 3440 sanctorum
1592 3387 1787 3441 choros
1826 3386 1931 3442 sibi
1960 3402 2058 3456 per

477 3479 628 3534 varia
658 3486 901 3546 tempora
928 3476 1280 3533 succedentes
1306 3475 1610 3545 signiﬁcant
1635 3496 1648 3532 :
1676 3477 1749 3536 ita
1777 3475 2057 3545 aequalitas

479 3572 779 3645 pavimenti
816 3572 1146 3629 concordem
1182 3584 1371 3629 eorum
1420 3569 1802 3635 humilitatem,
1844 3585 1950 3641 qua
2001 3570 2061 3627 in

480 3664 585 3719 hac
612 3664 721 3719 vita
751 3664 912 3734 positi
945 3663 1131 3720 sociali
1161 3663 1431 3721 charitate
1458 3670 1866 3720 conversantur.
1898 3660 2059 3718 Pavi-

481 3762 724 3810 mentum
769 3758 1011 3825 pretioso
1050 3770 1321 3811 marmore
1364 3762 1596 3811 stratum
1640 3754 1810 3809 multo
1839 3754 2057 3821 decore,

481 3855 539 3903 et
565 3863 807 3902 marmor
826 3856 1030 3903 tectum
1060 3848 1261 3904 tabulis
1288 3846 1559 3917 abiegnis,
1587 3847 1717 3917 quia
1740 3848 1851 3903 vita
1877 3845 2059 3918 justo-

484 3954 605 3995 rum
635 3938 813 4008 primo
841 3937 965 3994 fidei
1014 3938 1270 3997 ﬁrmitate
1319 3939 1613 3995 munienda
1650 3948 1735 3995 est
1778 3940 1833 3995 in
1861 3940 2056 3995 corde:

482 4030 877 4101 postvirtutum
905 4029 1185 4085 latitudine
1206 4031 1449 4087 ormnda
1478 4031 1533 4086 in
1546 4045 1728 4102 opere.
1756 4030 1895 4098 Quid
1912 4032 2061 4089 enim

484 4122 709 4195 prodest
748 4124 911 4179 decor
953 4123 1245 4178 marmoris
1292 4122 1491 4179 tabulis
1531 4123 1783 4189 obtectis,
1816 4122 1921 4181 nisi
1964 4122 2062 4181 ali-

483 4214 613 4286 quid
647 4214 934 4287 mysticum
970 4215 1265 4271 ostendat?
1306 4215 1403 4271 sed
1441 4215 1707 4271 honorum
1749 4215 2061 4287 amplitudi-

483 4320 607 4361 nem
634 4321 859 4377 operum
889 4304 1201 4362 fortitudine
1227 4306 1349 4362 fidei
1389 4305 1718 4363 iniciendam
1742 4321 1865 4363 esse
1891 4307 2059 4378 signi-

485 4398 631 4454 ﬁcat.
654 4396 820 4453 Abies
845 4412 975 4454 vero
1000 4398 1112 4453 alta
1134 4407 1191 4455 et
1216 4398 1481 4455 durabilis
1503 4408 1741 4455 utentem
1766 4397 2063 4455 electorum

484 4488 673 4545 infima
715 4499 1080 4559 spernentem,
1120 4490 1433 4549 cmlestibus
1468 4492 1841 4558 inhaerentem,
1868 4500 1924 4547 et
1951 4491 2062 4547 vir-

488 4588 658 4635 tutem
706 4580 982 4650 patientia
1030 4581 1383 4638 excellentem
1408 4583 1764 4639 demonstrat.
1809 4582 1942 4639 Auri
1983 4582 2081 4643 la--

2157 3404 2366 3442 sursum
2404 3397 2525 3442 sunt
2560 3389 2773 3458 qua'rite
2815 3386 2951 3457 (Col.
2990 3389 3095 3458 ut),
3131 3388 3227 3444 ubi
3265 3387 3519 3444 Christus
3556 3394 3642 3442 est
3687 3386 3749 3442 in

2160 3478 2379 3534 dextera
2410 3477 2504 3533 Dei
2536 3478 2749 3534 sedens.

2232 3572 2395 3633 Vsus.
2440 3568 2997 3627 lt).-.-Fccttctiaut.
3046 3568 3235 3643 (εἴη.)
3276 3568 3390 3627 Hoc
3441 3568 3496 3627 in
3534 3567 3743 3638 Regum

2158 3664 2369 3735 plenius
2408 3664 2627 3735 legitur,
2671 3672 2802 3729 etc.,
2834 3680 2995 3734 usque
3020 3663 3089 3718 ad
3133 3664 3361 3720 dmin
3381 3661 3625 3734 perpetui
3656 3676 3745 3717 re-

2161 3757 2253 3825 gni
2282 3757 2755 3821 remunerandam.

2234 3845 2377 3903 Vsus
2406 3846 2490 3900 ll.
2514 3876 2586 3887 —
2611 3845 2701 3905 Ita
2744 3855 2805 3901 ut
2844 3846 2956 3901 ala.
3002 3846 3252 3917 Quinque
3288 3847 3595 3903 cubitorum
3620 3854 3745 3902 erat

2161 3937 2243 3992 ala
2271 3939 2475 3994 cberub
2500 3954 2627 4004 una,
2664 3947 2797 4004 etc.,
2829 3940 2957 4009 quia
2995 3939 3171 4010 angeli
3213 3939 3385 4011 legem
3419 3939 3512 3994 Dei
3538 3938 3745 3995 descri-

2160 4036 2308 4099 ptam
2354 4029 2407 4083 in
2451 4029 2689 4100 quinque
2730 4030 2886 4087 libris
2930 4030 3197 4087 indefessa
3246 4032 3533 4088 devotione
3558 4040 3744 4088 custo-

2161 4121 2335 4189 diunt,
2369 4124 2643 4195 diligendo
2684 4125 2899 4182 scilicet
2940 4127 3109 4182 Deum
3150 4141 3217 4182 ex
3263 4128 3515 4182 omnibus
3541 4126 3744 4181 viribus

2161 4217 2295 4283 suis,
2324 4226 2374 4272 et
2405 4216 2681 4287 proximos
2714 4227 2970 4289 tanquam
2998 4220 3221 4289 seipsos.
3256 4217 3537 4275 Plenitudo
3570 4228 3747 4275 autem

2160 4310 2289 4382 legis
2311 4322 2388 4366 est
2418 4312 2648 4367 charitas
2682 4311 2862 4385 (Rom.
2888 4314 3033 4385 xm).
3085 4311 3323 4371 Proximi
3354 4327 3569 4382 quoque
3594 4310 3749 4375 adiu-

2159 4405 2335 4463 viecm
2370 4413 2497 4461 sunt
2524 4405 2748 4476 spiritus
2771 4406 3001 4477 angelici
3023 4415 3080 4462 et
3104 4407 3351 4462 homines
3378 4404 3556 4461 electi.
3590 4403 3747 4459 Unde

2160 4508 2393 4566 utraque
2441 4496 2527 4552 ala
2570 4496 2772 4552 cherub
2824 4498 3064 4568 ejusdem
3116 4511 3382 4552 mensurae
3427 4504 3512 4550 est
3556 4514 3573 4549 :
3617 4496 3747 4565 quia

2163 4587 2353 4642 eadem
2395 4587 2683 4643 devotione
2721 4603 2829 4658 qua
2872 4604 2995 4646 sese
3033 4588 3357 4644 alterutrum
3390 4587 3443 4642 in
3486 4586 3598 4641 Deo
3625 4586 3749 4641 dili-

486 4669 649 4725 minm
682 4646 938 4726 marmori
963 4672 1030 4727 de
1059 4672 1257 4728 tabulis
1291 4673 1537 4746 abiegnis
1559 4675 1913 4745 superpositae
1941 4674 2063 4731 lati-
2088 4646 2141 4706 Β
2166 4687 2319 4750 gunt,
2350 4689 2593 4735 nostram
2619 4646 2835 4750 quoque
2872 4682 2939 4736 ad
2981 4695 3040 4737 se
3067 4679 3475 4745 ascendentium
3518 4679 3751 4735 societa-

489 4764 618 4818 tudo
633 4769 717 4817 est
756 4762 1042 4819 charitatis
1063 4765 1131 4820 de
1150 4766 1313 4821 corde
1331 4782 1467 4838 puro
1484 4776 1539 4821 et
1558 4768 1894 4823 conscientia
1920 4768 2063 4825 bona

487 4863 542 4911 et
568 4853 673 4910 fide
702 4869 809 4915 non
834 4854 983 4921 ﬁcta,
1011 4870 1133 4925 qum
1163 4857 1304 4913 sicut
1333 4872 1523 4913 aurum
1555 4858 1676 4915 aliis
1703 4859 1960 4925 metallis,
1988 4859 2064 4915 ita

488 4948 696 5003 casteria
725 4947 1021 5005 virtutibus
1050 4949 1105 5005 in
1130 4950 1331 5022 templo
1354 4949 1451 5007 Dei
1478 4951 1774 5024 praefulget.

562 5037 727 5093 Vna.
755 5039 893 5094 'l.-
912 5036 1098 5094 Postea
1117 5051 1163 5095 ct
1183 5043 1427 5112 parietes,
1450 5052 1554 5099 etc.
1584 5043 1767 5107 Texit,
1812 5059 1935 5100 cum
1961 5045 2061 5101 ad-

488 5134 622 5188 itum
647 5133 769 5189 iidei
788 5135 905 5204 ipso
915 5136 1143 5191 Domino
1160 5136 1429 5206 pandente
1446 5153 1551 5208 qua
1574 5139 1802 5194 veritate
1826 5139 2064 5195 reluceat

488 5226 738 5282 omnibus
752 5225 1050 5284 Ecclesium
1074 5229 1405 5286 intrantibus
1423 5230 1680 5287 ostendit.
1694 5229 1909 5287 Ostium
1930 5240 2064 5287 tem-

489 5318 561 5390 pli
587 5318 837 5374 Christus
854 5329 958 5386 est,
1020 5335 1119 5391 per
1153 5335 1315 5391 quem
1362 5322 1578 5376 venitur
1605 5322 1673 5377 ad
1698 5320 1939 5387 Patrem,
1968 5319 2062 5390 qui

490 5414 607 5470 ait:
640 5414 754 5486 Ego
798 5431 915 5470 sum
958 5418 1168 5481 ostium,
1202 5426 1308 5472 etc.
1344 5415 1524 5488 (Joan.
1556 5415 1714 5485 x.)ln
1741 5416 1947 5485 Regum
1989 5416 2063 5472 ita

490 5508 751 5579 scriptum
771 5518 855 5565 est
878 5524 892 5564 :
920 5506 1209 5565 Oraculum
1238 5510 1455 5565 habebat
1476 5510 1655 5580 viginti
1676 5512 1875 5567 cubitus
1904 5511 2069 5583 longi-

488 5600 711 5664 trutinis,
738 5609 789 5654 et
821 5601 1000 5672 viginti
1031 5599 1273 5656 Iatitudis
1307 5612 1355 5656 et
1393 5601 1573 5671 uiginti
1610 5600 1905 5657 altitudinis
1948 5600 2067 5675 (tu

492 5684 624 5761 Reg.
673 5691 780 5761 tn).
825 5689 1133 5746 Oraculurn'
1179 5692 1377 5747 dicitur
1415 5692 1671 5747 Sanctum
1718 5700 2059 5757 sanctorum,

490 5781 618 5850 quia
658 5781 731 5836 ibi
766 5781 943 5837 divina
975 5790 1030 5837 et
1059 5784 1297 5853 angelica
1330 5784 1601 5840 locutione
1630 5784 1942 5841 hominibus
1977 5800 2065 5842 se-

491 5879 641 5939 creta
665 5872 986 5929 revelantur.
1022 5874 1173 5930 Unde
1198 5892 1211 5929 :
1245 5873 1534 5933 Ornatam
1553 5876 1609 5933 in
1635 5876 1827 5933 abditis
1880 5876 1933 5935 id
1959 5885 2066 5943 est,

2169 4776 2276 4824 tem
2316 4769 2643 4824 desiderant.
2685 4769 2950 4827 Similiter
2983 4787 3115 4843 ergo
3157 4771 3256 4826 alae
3304 4771 3488 4826 decem
3535 4768 3753 4829 cubitus

2169 4861 2459 4933 complent,
2487 4874 2608 4917 cum
2651 4862 2708 4918 in
2731 4863 2944 4934 gemina
2970 4862 3259 4921 charitatis
3291 4860 3627 4923 exhibitione
3650 4875 3755 4915 an-

2168 4951 2292 5023 geli,
2325 4952 2620 5011 conditoris
2647 4954 2731 5010 sui
2757 4954 3047 5024 przcsentia
3086 4954 3359 5013 laetantur.

2242 5049 2408 5107 Vens.
2440 5051 2526 5106 l2.
2552 5080 2624 5095 -—
2667 5051 2927 5124 Tangebat
2971 5055 3241 5123 parietem.
3294 5051 3443 5111 Duos
3466 5065 3621 5122 none
3656 5065 3756 5125 μυ

2169 5142 2333 5198 rietes
2378 5142 2479 5200 alis
2526 5143 2638 5200 suis
2687 5152 2932 5216 tangunt,
2984 5145 3111 5216 quia
3154 5144 3371 5203 iudices
3416 5152 3474 5203 ot
3518 5143 3752 5215 gentiles

2167 5240 2352 5289 sewm
2378 5233 2582 5289 habent
2608 5233 2845 5291 cmlestis
2884 5235 3021 5292 aulae
3051 5250 3396 5306 possessores
3420 5252 3435 5290 :
3466 5250 3576 5297 non
3602 5236 3751 5305 quod

2168 5323 2243 5381 ibi
2285 5325 2358 5381 sit
2402 5325 2588 5381 localis
2638 5326 2917 5385 distinctio
2961 5328 3103 5386 inter
3150 5335 3439 5399 utrumque
3466 5326 3749 5398 populum,

2170 5416 2264 5472 scd
2301 5418 2427 5487 quia
2463 5416 2633 5487 major
2675 5426 2759 5477 est
2801 5417 3071 5479 festivitas
3122 5419 3351 5477 internus
3396 5419 3753 5479 beatitudinis

2171 5508 2238 5565 de
2277 5511 2549 5567 consortio
2587 5512 2834 5569 adunatm
2870 5513 2924 5569 in
2965 5512 3074 5571 Deo
3122 5510 3499 5571 fraternitatis.
3548 5510 3751 5569 Exten-

2174 5601 2308 5658 dunt
2335 5618 2464 5673 ergo
2499 5602 2564 5659 ad
2596 5612 2882 5674 utrumque
2904 5605 3167 5674 parietem
3204 5602 3319 5663 alas
3349 5620 3362 5657 :
3394 5605 3519 5674 quia
3564 5603 3750 5659 laetan-

2173 5701 2255 5751 tes
2288 5694 2339 5751 iu
2370 5695 2578 5753 ccclesti
2618 5696 2791 5765 patria
2814 5695 2993 5764 justus
3034 5697 3318 5766 utriusque
3341 5694 3520 5766 populi
3544 5694 3613 5752 ad
3638 5694 3753 5749 Iau-

2171 5786 2293 5843 dem
2319 5788 2559 5842 excitant
2582 5788 2872 5844 Creatoris.
2922 5789 3052 5844 Ales
3078 5796 3255 5845 tectas
3278 5802 3417 5845 auro
3442 5787 3511 5842 ad
3539 5784 3747 5843 oraculi

2173 5878 2413 5949 parietes
2452 5877 2774 5945 extendunt,
2818 5880 2960 5937 sicut
3009 5881 3213 5939 habent
3252 5878 3421 5939 facies
3465 5894 3649 5937 versas
3678 5876 3750 5935 ad
