4122 6350
1246 460 1507 521 GLOSSA
1550 460 1950 523 ORNNARIA.
1986 492 2061 509 --
2105 466 2234 525 LIB.
2277 468 2321 527 ll
2357 468 2605 533 PARAL.

3450 450 3556 533 676

293 573 623 633 exteﬁorem
648 573 909 631 domum:
950 574 1081 646 quia
1120 574 1295 649 angeli
1338 575 1482 633 sicut
1523 591 1679 633 suam
1718 577 1874 635 inno-
1900 577 2271 649 Aperlectam
2318 582 2623 651 scientiam,
2669 583 2848 643 unde:
2883 581 3039 639 Vobis
3078 582 3261 641 datum
3303 596 3376 643 est
3404 604 3553 647 nom

292 669 531 728 centiam
579 676 925 733 consonant,
954 669 1039 724 sic
1084 669 1153 724 de
1189 679 1500 727 sanctorum
1540 670 1873 728 beatitudine
1974 673 2275 740 mysterium
2298 675 2440 743 regni
2458 673 2556 729 Dei
2579 673 2773 747 (Marc.
2800 674 2896 745 tv).
2924 674 2993 731 Et
3016 673 3143 733 alibi
3166 693 3181 729 :
3205 676 3425 749 Aperuit
3450 678 3556 741 illis

293 764 551 835 gaudent,
600 769 663 817 ut
705 761 947 830 eisquos
995 761 1173 818 adhuc
1216 763 1271 818 in
1310 764 1471 819 terris
1509 764 1870 835 conspiciunt,

291 867 449 924 opem
486 849 667 907 ierant
689 851 863 909 donec
885 850 1005 907 illos
1041 853 1109 907 ad
1135 852 1411 910 unlestem
1440 856 1673 925 patriam
1704 855 1875 911 intro-

295 948 513 1003 ducunt.
550 944 745 1000 Omnes
772 945 909 999 enim
940 957 1062 1000 sunt
1091 946 1532 1005 administratorii
1557 948 1772 1018 spiritus
1818 950 1875 1003 in

292 1037 645 1093 "sinisteritas
666 1036 835 1099 missi,
878 1047 1093 1108 propter
1141 1054 1227 1092 eos
1262 1039 1353 1109 qui
1389 1039 1745 1093 nereditatem
1786 1055 1876 1094 ca-

292 1130 443 1200 piunt
471 1127 659 1182 salutis
688 1126 876 1198 (Hebr.
904 1128 967 1200 ι).
1014 1129 1132 1184 Alis
1158 1131 1519 1186 exterioribus
1567 1133 1667 1185 iste
1707 1147 1873 1187 unum

292 1220 575 1292 parietem.
606 1220 701 1275 ilic
733 1220 963 1275 alterum
999 1223 1298 1292 contingit:
1337 1223 1465 1294 quia
1486 1222 1656 1278 Vetus
1686 1223 1877 1281 Testa-

295 1318 535 1367 mentum
587 1310 812 1380 antiquo
856 1311 1054 1382 populo
1095 1314 1301 1382 scripto
1344 1330 1541 1369 novum
1584 1313 1740 1370 nobis
1782 1314 1877 1384 qui

292 1410 416 1472 post
458 1400 889 1457 incarnationem
942 1403 1154 1457 Domini
1202 1404 1268 1465 ad
1312 1403 1477 1460 ﬁdem
1526 1406 1791 1470 venimus,
1820 1414 1877 1461 et

292 1494 533 1549 secundo
560 1495 775 1564 parieti,
813 1494 865 1549 id
906 1504 1011 1561 cst,
1040 1498 1449 1567 septentrionali
1489 1509 1635 1559 recte
1658 1516 1879 1572 compa-

295 1603 501 1653 ramur,
536 1591 627 1661 qui
659 1600 781 1661 post
809 1590 1011 1662 frigora
1041 1602 1095 1647 et
1122 1595 1375 1650 tenebras
1421 1594 1741 1651 idololatriae
1790 1596 1877 1651 lu-

294 1695 413 1736 cem
438 1684 694 1739 veritatis
722 1686 1097 1756 cognovimus.

365 1773 465 1830 Ala
484 1777 621 1847 ejus.
651 1777 961 1833 Extendunt
988 1778 1104 1833 alas
1130 1779 1199 1834 ad
1224 1779 1456 1834 invicem
1480 1792 1645 1850 super
1669 1794 1874 1847 arcam,

1971 775 2205 825 sensum,
2236 771 2292 815 ut
2326 762 2669 834 intelligerent
2694 763 2995 839 Scriptura:
3024 764 3176 838 (Luc.
3202 770 3375 835 XXIYl.

2046 851 2213 921 Quasi
2242 854 2531 917 catenulas.
2561 855 2744 928 (Ιὶη.)
2774 856 3050 929 Multiplex
3074 865 3388 921 catenarum
3426 875 3529 921 con

1974 943 2143 1011 textio
2164 952 2218 998 et
2241 944 2392 1007 retis,
2421 948 2716 1009 secundum
2744 946 2948 1019 Regum
2979 948 3238 1018 expansio
3261 948 3378 1022 (sic)
3410 950 3552 1009 ntul—

1974 1036 2185 1097 tilarias
2213 1037 2505 1095 electorum
2532 1054 2792 1107 personas
2832 1041 3091 1109 insinuat,
3119 1056 3239 1111 qua
3269 1058 3394 1101 cum
3426 1060 3547 1103 vcr-

1974 1130 2061 1193 bis
2083 1131 2499 1201 prtedicatorutn
2530 1133 2760 1189 ﬁdeliter
2789 1134 3143 1193 auscultando
3172 1144 3227 1189 et
3250 1135 3549 1197 obedicndo

1975 1225 2276 1292 διάμετροι,
2320 1227 2477 1295 quasi
2510 1227 2777 1297 capitibus
2806 1227 3181 1289 columnarum
3212 1229 3557 1301 superposita

1976 1319 2114 1372 retia
2143 1320 2483 1374 ctcatennlae
2529 1320 2843 1376 miraculum
2884 1337 2994 1377 suae
3028 1321 3381 1381 connexionis
3431 1336 3555 1393 spe-

1978 1410 2253 1471 ctantibus
2280 1412 2539 1482 praebent.

2049 1503 2215 1566 Vm.
2250 1506 2334 1559 lli.
2358 1536 2430 1546 —
2448 1505 2717 1576 Capitibus
2741 1505 3129 1565 columnarum.
3175 1506 3365 1583 Qapita
3408 1508 3556 1567 colu-

1977 1613 2251 1664 mnarum,
2300 1599 2353 1653 id
2382 1609 2465 1655 est
2494 1615 2744 1670 suprema
2788 1616 2937 1671 pars,
2966 1602 3264 1671 praecordia
3304 1612 3431 1661 sunt
3458 1603 3556 1659 do-

1979 1697 2216 1755 ctorum,
2262 1705 2496 1761 quorum
2539 1692 2651 1749 Deo
2693 1691 2903 1751 devotis
2953 1692 3373 1763 cogitationibus
3419 1694 3561 1750 sicut

1981 1779 2158 1850 capite
2187 1780 2452 1845 membra,
2479 1782 2553 1836 ita
2583 1781 2825 1851 ipsorum
2853 1782 3035 1841 omnia
3063 1797 3231 1853 opera
3257 1783 3561 1853 dirigantur

295 1881 418 1921 cum
465 1869 533 1923 ad
580 1868 792 1925 laudem
839 1869 1138 1927 Salvatoris
1190 1871 1433 1927 reieruut
1475 1886 1636 1928 omne
1676 1872 1875 1928 bonum
1980 1883 2037 1929 et
2062 1873 2252 1929 verba.

295 1962 439 2032 quod
474 1971 818 2034 acceperant.
846 1963 1154 2019 Extendunt
1182 1965 1383 2020 alteras
1408 1965 1525 2021 slas
1548 1966 1615 2020 ad
1642 1967 1878 2036 parietes
1905 1947 1953 2008 Β
2052 1961 2447 2035 Helogrmta.
2511 1962 2633 2021 Uno
2678 1963 2812 2025 foris
2860 1965 3065 2023 cortice
3113 1965 3281 2025 multa
3336 1967 3563 2025 interius

297 2055 556 2122 oraculi,
634 2071 759 2112 cum
820 2066 1038 2114 sanctos
1104 2072 1287 2113 secum
1348 2058 1534 2114 videre
1595 2058 1874 2123 laetantur,

298 2165 498 2221 eosque
540 2149 686 2205 velut
732 2148 939 2205 alarum
990 2150 1396 2207 summitatibus
1443 2158 1696 2222 tangttnt,
1742 2165 1880 2222 quos

297 2242 599 2298 imitatores
646 2257 759 2299 sua:
798 2243 1055 2314 puritatis
1100 2242 1157 2298 in
1202 2243 1304 2298 hac
1346 2243 1459 2299 vita
1497 2242 1665 2299 fuisse
1698 2244 1881 2300 exsul-

300 2342 435 2389 tant.

372 2428 439 2482 Et
480 2427 640 2497 facies
669 2444 850 2484 eorum
876 2444 1058 2484 verser.
1090 2427 1227 2497 Quia
1262 2429 1435 2484 nostri
1463 2429 1637 2500 gratia
1665 2429 1756 2500 qui
1790 2430 1883 2484 ad-

297 2521 407 2575 huc
439 2518 572 2576 foris
605 2528 832 2585 stamus,
869 2520 965 2574 sed
1004 2535 1102 2591 spe
1131 2520 1265 2576 salvi
1308 2520 1436 2576 facti
1479 2536 1685 2586 sumus,
1713 2520 1879 2575 divini

297 2610 419 2665 libri
461 2619 587 2666 sunt
624 2611 852 2676 conditi,
878 2626 1113 2682 quorum
1144 2612 1438 2682 scriptores
1473 2610 1589 2681 iam
1617 2627 1739 2667 cum
1772 2611 1879 2667 Do-

298 2702 449 2757 mino
492 2710 803 2774 regnantes,
856 2711 1057 2759 nostrae
1106 2704 1299 2759 salutis
1343 2718 1531 2759 curam
1579 2713 1794 2776 gerunt.
1826 2712 1881 2761 et

298 2811 397 2868 pro
428 2796 582 2852 nobis
611 2796 957 2867 interpellant
983 2796 1123 2868 apud
1144 2798 1338 2852 Deum.

369 2886 532 2943 Vens.
562 2887 649 2943 ιι.
672 2918 742 2929 --
763 2885 911 2943 Fecit
948 2900 1168 2960 quoque.
1207 2886 1392 2958 (Ihm)
1430 2885 1544 2943 Hoc
1586 2888 1643 2942 in
1672 2886 1881 2958 Reguli

298 2980 669 3052 praemittitur,
706 2988 840 3046 ete.,
882 2996 1049 3053 usque
1086 2980 1156 3035 ad
1202 2987 1258 3034 et
1289 2980 1493 3035 veritas
1515 2978 1793 3050 Evangelii
1826 2986 1883 3037 et

301 3075 581 3145 ingressus
604 3072 761 3144 regni
800 3073 918 3142 ipsa
943 3073 1175 3128 veritate
1203 3072 1465 3142 aperitur.

374 3164 441 3221 Et
491 3165 734 3221 interﬁt.
806 3164 1128 3221 lntexuntur
1189 3165 1471 3220 cherubim
1517 3163 1603 3220 bis
1648 3171 1884 3234 quatuor

300 3258 594 3324 coloribus,
633 3272 757 3313 cum
800 3258 854 3313 in
892 3257 1145 3314 omnibus
1179 3272 1300 3327 quae
1336 3257 1424 3328 pie
1459 3256 1671 3327 agimus
1731 3271 1761 3311 a
1792 3270 1884 3311 ve-

301 3352 511 3408 nenatis
539 3350 843 3407 daemonum
871 3349 990 3404 telis
1016 3365 1117 3420 per
1140 3348 1382 3419 angelica
1410 3347 1661 3419 priesidia
1692 3355 1878 3418 prote-

300 3445 500 3517 gimur,
529 3450 584 3499 et
612 3441 957 3497 multitudine
978 3441 1221 3495 scientiae
1263 3438 1628 3495 indesinenter
1652 3438 1882 3505 utimur,

301 3534 653 3606 respicientes
701 3548 917 3604 semper
960 3534 1027 3588 ad
1073 3532 1287 3603 eloquia
1315 3532 1518 3597 divina,
1554 3546 1624 3587 ne
1654 3545 1687 3586 α
1709 3530 1885 3586 virtu-

305 3637 417 3681 tum
445 3624 585 3681 calle
607 3626 945 3681 aberremus.

378 3715 538 3772 Vens.
576 3717 643 3771 l5
668 3716 875 3770 -Αηιε
895 3714 1033 3785 fores
1053 3716 1207 3770 etiam
1229 3713 1407 3785 templi
1430 3714 1564 3771 duas
1591 3713 1881 3769 columnas.

305 3809 538 3865 Stabant
580 3809 634 3863 in
662 3808 875 3880 porticu
908 3816 1035 3863 ante
1070 3806 1217 3863 iores
1256 3805 1460 3876 templi,
1495 3814 1551 3862 et
1580 3807 1883 3877 ingressum

305 3902 493 3973 templi
554 3916 657 3957 suo
712 3900 909 3959 decore
965 3914 1033 3955 ex
1077 3910 1306 3969 utraque
1370 3906 1526 3969 parte
1594 3898 1882 3953 ornabant.

305 3992 517 4049 Ostium
548 3991 735 4062 templi
758 3991 1020 4047 Dominus
1046 3999 1148 4055 est,
1177 3989 1271 4060 qui
1311 3989 1426 4045 ait:
1454 3988 1625 4045 Nemo
1655 3990 1789 4045 venit
1815 3989 1884 4045 ad

308 4081 545 4147 Patrem,
575 4081 676 4136 nisi
709 4097 802 4151 per
827 4097 927 4146 me,
958 4090 1063 4137 etc.
1098 4079 1283 4152 (Joan.
1310 4080 1443 4151 xrv).
1497 4079 1709 4135 Ostium
1738 4079 1887 4136 colu-

308 4189 446 4231 uiuae
473 4176 542 4230 ab
570 4184 801 4244 utroque
842 4174 1009 4231 latere
1035 4174 1427 4239 circumstant,
1475 4189 1598 4229 cum
1646 4174 1886 4233 ministri

306 4268 576 4325 sermonis
618 4266 835 4337 utrique
882 4265 1077 4337 populo
1124 4267 1405 4325 introitum
1449 4265 1599 4336 regni
1647 4266 1887 4325 caelestis

307 4357 621 4421 ostendunt,
654 4364 714 4411 ut
740 4357 1052 4426 quicunque
1079 4373 1110 4413 a
1136 4356 1254 4412 luce
1296 4356 1486 4427 legalis
1528 4356 1768 4411 scientia:
1798 4356 1884 4412 vel

308 4449 629 4523 gentilitatis
668 4461 854 4507 errore
897 4446 967 4503 ad
1012 4446 1171 4507 ﬁdem
1203 4446 1479 4518 Evangelii
1510 4447 1753 4511 venerit,
1785 4447 1885 4505 ba-

308 4540 435 4597 beat
452 4554 545 4597 eos
568 4545 788 4609 paratos
803 4538 895 4606 qui
923 4537 1027 4601 sibi
1053 4539 1158 4593 iter
1178 4536 1368 4597 salutis
1383 4537 1551 4617 verbo
1579 4547 1887 4599 monstrent

309 4643 366 4690 et
413 4632 680 4702 exemplo.
745 4629 805 4689 In
841 4629 1049 4699 Regum
1092 4630 1163 4685 de
1204 4629 1290 4689 his
1336 4628 1605 4687 columnis
1644 4629 1881 4701 legitur:

311 4725 421 4793 Qui
456 4742 577 4781 eum
618 4725 841 4783 venisset
875 4723 944 4781 uti
977 4738 1144 4793 regem
1171 4720 1505 4779 Sulmonem
1525 4761 1540 4786 ,
1580 4722 1699 4791 fecit
1733 4738 1885 4777 omne

310 4834 440 4887 opus
477 4816 612 4887 eius,
650 4826 698 4873 et
736 4814 891 4885 ﬁnxit
928 4813 1067 4871 ditas
1102 4811 1373 4869 columnas
1404 4828 1589 4876 terens,
1615 4820 1723 4868 etc.
1762 4810 1884 4882 (111

309 4907 437 4979 Reg.
471 4908 591 4982 vn.)

388 5000 620 5072 Triginta
650 5010 699 5059 et
739 5001 987 5072 quinque.
1050 4997 1152 5055 Hic
1192 5011 1450 5053 numerus
1497 4994 1884 5067 perfectionen.

311 5094 582 5167 signiﬁcat
616 5095 1017 5173 magistrorum.
1071 5091 1421 5165 Septenarius
1455 5090 1599 5147 enim
1632 5105 1888 5149 numerus

312 5203 411 5257 per
481 5188 831 5258 quinarium.
876 5186 962 5241 vel
1010 5186 1292 5257 quinarius
1353 5200 1452 5256 per
1523 5183 1886 5257 septenarium

314 5280 721 5350 multiplicatus,
767 5279 987 5351 triginta
1016 5279 1256 5349 quinque
1304 5275 1557 5331 re'ldnnt.
1600 5274 1890 5341 Quinarins

312 5384 443 5425 vero
484 5368 680 5440 legem,
710 5370 1055 5439 septenarius
1085 5376 1307 5441 pr0pter
1339 5366 1600 5436 Spiritum
1640 5364 1892 5435 septifor-

315 5476 456 5516 mem
493 5461 544 5516 in
578 5460 708 5516 ﬂore
755 5461 950 5516 radicis
978 5458 1130 5515 Jesse
1172 5466 1475 5513 [tinnientem
1498 5498 1512 5521 ,
1545 5456 1890 5528 Evangelium

311 5554 610 5625 exprimit;
673 5555 815 5609 unde
872 5553 999 5608 alibi
1052 5552 1311 5607 Dominus
1365 5550 1601 5620 quinque
1662 5548 1893 5618 panibus

314 5646 555 5717 quinque
582 5644 754 5700 millia
796 5644 1102 5707 hominum,
1152 5651 1208 5697 et
1252 5641 1379 5696 alibi
1434 5649 1639 5709 septem
1666 5640 1895 5709 paniins

314 5748 548 5813 quatuor
572 5737 735 5793 millia
761 5737 1038 5793 hominum
1066 5735 1279 5805 pavisse
1303 5742 1575 5788 narratur.
1622 5731 1894 5787 Columnze

314 5830 483 5905 igitur
536 5830 755 5901 triginta
810 5829 1048 5899 quinque
1092 5825 1401 5881 cubitorum
1444 5822 1751 5893 signiﬁcant
1800 5822 1896 5875 do-

317 5922 499 5981 ctores
546 5920 821 5992 Evangelii
887 5919 1117 5975 deorum
1162 5914 1633 5976 Testamenta-uta
1697 5914 1896 5969 habere

1909 3310 1955 3367 ί..

1978 2069 2145 2126 grana
2177 2055 2540 2123 circumdant,
2585 2057 2728 2113 unde
2750 2056 3049 2115 Ecclesium
3075 2058 3406 2129 signiﬁcant,
3434 2061 3564 2129 quia

1978 2147 2141 2211 unius
2167 2146 2289 2201 ﬁdei
2320 2148 2617 2205 munimine
2664 2147 2948 2205 innumera
2998 2150 3296 2209 electorum
3345 2152 3561 2219 agmina

1978 2237 2297 2302 droumdat,
2341 2237 2425 2293 vel
2459 2238 2721 2309 cujusque
2759 2238 2889 2309 justi
2936 2240 3101 2301 vitam
3142 2248 3198 2297 et
3238 2255 3440 2307 mores,
3468 2239 3562 2311 qui

1978 2333 2150 2388 multa
2196 2333 2583 2406 cogitationum
2614 2334 2987 2403 virtutumque
3032 2333 3291 2404 insignia,
3318 2348 3388 2391 ne
3422 2331 3563 2387 forte

1980 2424 2238 2491 deﬂuant,
2270 2424 2423 2483 ﬁrma
2454 2426 2577 2483 ﬁdei
2619 2434 2676 2481 et
2705 2426 3029 2483 humilitatis
3057 2424 3262 2485 vallant
3293 2424 3560 2483 custodia.

1979 2518 2119 2588 Apte
2144 2532 2275 2574 vero
2301 2519 2481 2589 capita
2509 2519 2889 2575 columnarum
2936 2518 3094 2574 malis
3139 2519 3379 2588 grauatis
3408 2524 3567 2575 erant

1982 2611 2039 2666 in
2066 2624 2202 2682 gyro
2230 2610 2587 2675 circumdata,
2627 2610 2755 2682 quia
2801 2611 2975 2666 sancti
3021 2611 3273 2671 doctores
3320 2608 3564 2679 priorum

1982 2701 2147 2756 vitam
2194 2700 2430 2757 ﬁdelium
2476 2701 2885 2757 admemoriam
2921 2709 3209 2767 revocant;
3262 2714 3565 2769 eorumque

1983 2794 2246 2865 exemplis
2271 2803 2329 2849 et
2355 2808 2636 2850 sermones
2680 2809 2808 2850 suos
2840 2794 2989 2849 omni
3017 2801 3171 2864 parte
3213 2792 3561 2859 conﬁrmant,
3626 2813 3641 2826 -

1984 2901 2055 2942 ne
2080 2885 2127 2941 si
2159 2885 2318 2940 aliter
2341 2900 2505 2955 quam
2534 2884 2749 2941 illorum
2781 2886 2946 2942 habet
2981 2883 3191 2959 uagula.
3218 2883 3454 2945 vixerint
3480 2881 3565 2943 vel

1984 2979 2290 3043 docuerint,
2316 2986 2523 3035 errem.

2057 3069 2222 3124 Vnus.
2274 3068 2362 3123 i7.
2386 3099 2456 3111 —
2478 3067 2632 3139 lpus
2665 3083 2891 3139 quoque.
2931 3067 3056 3127 Ideo
3084 3067 3205 3127 duae
3256 3066 3412 3125 facta:
3441 3072 3569 3125 sunt

1987 3160 2250 3217 columna:
2279 3168 2336 3215 et
2382 3159 2456 3214 ita
2486 3159 2783 3230 dispositae.
2818 3166 2880 3213 ut
2908 3158 3066 3217 nobis
3115 3159 3168 3219 in
3206 3157 3482 3228 prosperis
3511 3164 3569 3213 et

1987 3252 2043 3307 in
2089 3251 2333 3308 adversis
2382 3250 2687 3321 ingressum
2731 3250 2885 3321 regni
2926 3249 3166 3311 cmlestis
3213 3257 3343 3309 ante
3382 3248 3569 3309 oculos

1986 3343 2295 3398 habendum
2325 3341 2574 3396 doceant.
2630 3339 2933 3396 Notandum
2963 3354 3096 3394 vero
3139 3339 3284 3410 quod
3327 3338 3567 3410 porticus

1986 3434 2171 3505 templi
2213 3433 2379 3489 etiam
2426 3430 2747 3487 vestibulum
2792 3439 3035 3493 vocatur,
3084 3437 3140 3487 at
3163 3427 3305 3498 quod
3336 3429 3567 3500 legimus

1990 3529 2133 3583 inter
2168 3525 2495 3582 vestibulum
2534 3533 2591 3581 et
2621 3524 2813 3589 altare,
2846 3524 2988 3581 inter
3016 3523 3285 3593 porticum
3312 3530 3367 3585 et
3393 3521 3567 3579 altare

1988 3619 2211 3689 intelligi
2248 3617 2467 3678 debeat.
2497 3614 2747 3673 Secunda
2773 3613 3022 3673 columna
3064 3612 3337 3684 Signiﬁcat
3368 3611 3568 3683 prtuli-

1989 3725 2203 3771 catores
2254 3713 2347 3782 qui
2376 3710 2628 3783 gentibus
2674 3710 2742 3765 ad
2772 3707 3175 3780 praedicandum
3222 3707 3375 3771 missi
3420 3713 3566 3769 sunt.

1989 3810 2085 3865 Vel
2126 3808 2316 3863 dextra
2344 3805 2592 3861 columna
2621 3820 2715 3860 eos
2763 3803 3037 3875 signiﬁcat
3072 3801 3165 3873 qui
3190 3810 3479 3861 venturum
3513 3800 3571 3857 in

1987 3916 2152 3957 carne
2174 3899 2634 3970 prophetaverunt
2654 3895 2961 3951 Dominum.
2992 3892 3239 3951 Secunda
3293 3907 3424 3949 vero
3450 3890 3573 3953 illus

1990 3995 2083 4066 qui
2106 3994 2218 4065 jam
2239 3993 2454 4048 venisse
2479 4000 2533 4046 et
2561 3990 2819 4047 mundum
2862 4004 2961 4045 suo
2985 3988 3249 4065 sanguine
3275 3986 3573 4047 redemiSsa

1992 4094 2275 4143 testantur.
2324 4084 2513 4141 Ambae
2551 4083 2815 4139 colmnme
2866 4082 3028 4137 simili
3055 4079 3320 4137 vocabulo
3344 4094 3572 4135 censen-

1992 4189 2100 4246 tur,
2138 4192 2259 4233 cum
2300 4193 2404 4233 una
2432 4176 2665 4232 ﬁrmitas
2697 4183 2752 4231 et
2791 4174 2963 4230 altera
3010 4176 3065 4230 in
3108 4174 3303 4229 robore
3348 4172 3571 4238 dicitur,

1989 4280 2048 4327 ut
2098 4286 2203 4326 una
2234 4270 2381 4335 ﬁdei,
2416 4278 2471 4325 et
2498 4269 2679 4338 operis
2717 4266 2977 4322 fortitudo
3009 4264 3223 4320 cunctis
3260 4264 3345 4317 ine
3376 4278 3437 4319 se
3468 4262 3569 4317 do—

1989 4364 2232 4421 ctoribus
2245 4371 2598 4425 monstretur,
2612 4370 2665 4417 et
2680 4360 2849 4415 nostri
2870 4358 3129 4426 temporis
3142 4357 3390 4413 doctores
3406 4354 3573 4410 tacita

1992 4464 2272 4521 notentur,
2301 4455 2392 4526 qui
2440 4454 2705 4509 columnte
2732 4450 2933 4507 domus
2957 4449 3053 4504 Dei
3083 4447 3256 4505 videri
3303 4455 3358 4502 et
3388 4447 3573 4517 appel-

1992 4547 2093 4601 lari
2119 4547 2321 4608 volunt,
2355 4558 2479 4601 cum
2519 4543 2574 4597 in
2606 4557 2666 4598 se
2693 4541 2864 4596 ﬁrmas
2894 4539 3019 4594 ﬁdei
3051 4538 3119 4593 ad
3145 4538 3572 4596 contemnendas

1991 4638 2170 4693 saeculi
2200 4650 2442 4708 pompas.
2481 4636 2548 4690 ad
2576 4633 2928 4689 desideranda
2960 4633 3101 4687 bona
3133 4631 3442 4697 invisibilia,
3480 4631 3569 4687 ni-

1994 4727 2069 4785 hil
2119 4728 2354 4782 habeant
2386 4726 2596 4781 roboris
2642 4724 2709 4779 ad
2738 4723 3112 4793 corrigendos,
3162 4722 3244 4777 vel
3292 4722 3569 4781 industria:

1993 4821 2059 4875 ad
2089 4819 2461 4890 intelligendos
2488 4830 2677 4873 eorum
2700 4816 2896 4886 quibus
2922 4821 3163 4885 pnesunt
3185 4828 3419 4877 errores.

2606 4942 2833 5000 CAPUT
2867 4940 2955 4998 IV.

2064 5083 2226 5138 Vens.
2258 5081 2310 5136 l.
2330 5077 2570 5137 —Fecit
2600 5095 2827 5150 quoque,
2855 5086 2960 5137 etc.
2994 5078 3178 5150 (ΒΑι.)
3208 5076 3393 5137 Altare
3418 5075 3569 5133 holo-

1993 5175 2165 5231 causti
2213 5171 2482 5243 signiﬁcat
2524 5186 2618 5226 eos
2662 5170 2755 5240 qui
2794 5185 2993 5240 corpus
3032 5185 3189 5225 suum
3239 5176 3294 5223 et
3331 5169 3567 5223 animam

1993 5267 2105 5321 Deo
2120 5267 2240 5335 igne
2261 5262 2464 5319 amoris
2483 5270 2800 5319 consecrant
2821 5275 3083 5330 :quorum
3111 5258 3566 5330 perseverantiam

1994 5359 2048 5413 in
2092 5358 2237 5411 bono
2262 5368 2424 5425 opere
2474 5352 2751 5424 longitudo
2792 5353 2983 5411 altaris
3018 5349 3294 5419 exprimit,
3341 5350 3567 5407 latitudo

1993 5447 2399 5518 amplitudinem
2448 5445 2500 5499 in
2536 5445 2802 5503 cbaritate
2831 5443 2922 5501 Dei
2962 5450 3015 5497 et
3043 5440 3296 5511 proximi,
3323 5456 3472 5511 spem
3512 5440 3568 5497 in

1997 5538 2402 5610 exspectatione
2423 5536 2749 5595 visitationis
2776 5534 3000 5589 altitudo
3028 5531 3331 5603 praetendit.

2088 5629 2283 5699 Viginti
2325 5628 2637 5685 cubitorum.
2690 5624 3007 5679 Vicenarius
3088 5637 3335 5692 magnam
3391 5620 3572 5690 perle-

1997 5696 2229 5779 ctionem
2290 5718 2571 5775 indefessa:
2616 5715 3043 5786 longanimitatis
3085 5723 3139 5771 et
3178 5712 3402 5768 sincera:
3436 5710 3572 5768 dilc-
3628 5696 3637 5705 ’

1997 5816 2195 5871 etiouis
2247 5812 2531 5883 signiﬁcat,
2587 5826 2705 5881 quae
2756 5823 2852 5879 per
2903 5808 3187 5877 utriusque
3232 5803 3570 5869 Testamenti

1999 5908 2393 5969 observantiam
2422 5905 2577 5963 nobis
2611 5901 2882 5963 tribuitur.
2907 5900 3110 5977 Quater
3136 5901 3279 5959 enim
3308 5899 3457 5983 quini
3486 5900 3567 5960 vi-
