4122 6350
616 455 714 511 671

1111 407 1499 512 ἫΔΕᾸΕἮΙῺΙ
1541 454 1787 510 ΒΤΒΑΒΙ
1827 451 2031 509 FULD.
2077 449 2173 507 MO

2283 449 2434 505 ΟΡΡ.
2479 449 2658 506 PARS
2695 450 2735 506 Ι.
2777 482 2845 492 --
2882 449 3334 507 THEOLOGICA.

3771 455 3880 510 στὶ

613 573 745 646 ginti
791 583 936 638 sunt,
965 573 1203 642 quinque
1230 579 1408 627 autem
1439 578 1564 626 sunt
1607 570 1730 625 libri
1777 570 1933 642 legis,
1959 578 2014 624 et
2040 584 2174 638 qua-
2201 564 2255 628 Α
2279 560 2570 618 electorum
2595 562 2807 618 animus
2827 561 2971 616 nulla
2995 561 3290 616 tentatione
3311 577 3341 615 a
3362 569 3505 615 statu
3527 563 3879 622 rectitudinis

611 674 738 722 tuor
763 663 1076 736 Evangelia.
1111 662 1244 718 Cum
1272 677 1401 718 vero
1434 663 1502 716 ad
1543 662 1952 733 intelligentiam
2001 672 2058 718 et
2096 679 2187 718 cu-

612 758 843 814 stodiam
872 756 1006 827 legis
1035 755 1341 810 illustrante
1368 754 1540 824 gratia
1571 756 1934 824 pervenimus,
1965 755 2184 810 vicena-

612 848 754 903 rium
784 861 1067 902 numerum
1097 846 1439 916 perﬁcimus;
1478 846 1644 915 ﬁtque
1676 846 1814 900 idem
1844 860 2101 901 numerus
2130 847 2186 901 in

610 941 944 1013 longitudine
985 949 1042 995 et
1083 939 1368 994 latitudine
1403 938 1609 1004 altaris,
1642 954 1763 992 cum
1798 939 1960 992 corda
1989 939 2188 995 electo-

613 1049 734 1088 rum
783 1033 1008 1087 docente
1061 1039 1288 1099 utroque
1334 1030 1682 1085 Testamento
1727 1019 2185 1098 perseverantiam

611 1121 920 1192 huiusmodi
957 1121 1138 1191 operis
1163 1121 1326 1175 etiam
1367 1120 1419 1174 in
1449 1119 1915 1190 persecutiouibus
1945 1126 2182 1184 servant,

609 1222 665 1270 et
713 1214 1042 1269 hilaritatem
1106 1211 1409 1268 dilectionis
1475 1211 1638 1266 etiam
1685 1211 1740 1265 in
1790 1225 1884 1266 eos
1928 1211 2020 1280 qui
2062 1224 2212 1280 per--

612 1315 910 1362 sequuntur

710 1322 910 1360 uuntur

673 1322 749 1452 (ἓι
776 1399 950 1453 decem
990 1398 1195 1453 cubitis.
1229 1398 1286 1452 In
1313 1398 1538 1454 denario
1568 1413 1691 1468 spes
1722 1397 2022 1453 caelestium
2049 1413 2184 1469 prte-

608 1495 838 1549 miorum
890 1493 1242 1563 signiﬁcatur.
1296 1493 1449 1548 Unde
1499 1493 1589 1562 qui
1631 1492 1685 1546 in
1719 1492 1873 1545 vinea
1907 1491 2077 1561 patris
2107 1489 2185 1546 fa-

607 1583 784 1638 milias
807 1583 1076 1648 laborant,
1099 1582 1320 1637 denario
1341 1589 1773 1638 remunerantur.
1805 1579 1956 1634 Unde
1989 1580 2181 1646 altare,

605 1677 746 1746 quod
799 1675 1005 1730 electos
1039 1665 1358 1744 'signiﬁcat,
1409 1689 1506 1743 pro
1557 1671 1816 1742 signanda
1855 1686 2043 1726 eorum
2072 1673 2181 1726 vita

610 1777 870 1838 perpetua
899 1768 1082 1822 decem
1110 1767 1305 1821 cubitis
1329 1766 1618 1820 exaltatur.

675 1859 839 1913 Vens.
871 1858 926 1912 Ξ.
956 1889 1025 1898 -
1049 1856 1200 1911 Mare
1237 1857 1414 1912 etiam.
1449 1857 1467 1928 (
1493 1856 1625 1910 Ras.
1650 1857 1669 1925 )
1698 1855 1996 1910 Lavacrum
2035 1855 2180 1910 salu-

2289 655 2599 710 inclinatur.
2621 655 2776 726 Capit
2803 671 2954 711 mare
2979 655 3082 710 tria
3113 655 3282 710 millia
3302 663 3560 711 metretas
3583 673 3598 722 ;
3623 672 3760 713 cum
3783 659 3878 714 ba-

2288 747 2468 818 ptismi
2491 757 2887 802 sacramentum
2920 749 2974 802 in
3005 747 3108 803 ﬁde
3139 747 3424 802 Trinitatis
3453 748 3666 815 datum,
3717 751 3780 806 in
3819 767 3878 807 se

2287 841 2485 895 ablutis
2510 841 2718 896 confert
2745 843 2986 896 omnium
3021 842 3389 897 remissionem
3423 853 3780 912 peccatorum

2359 932 2520 986 Vnus.
2569 931 2620 985 6.
2648 962 2720 972 -
2748 931 2894 986 Fecit
2919 949 3121 1003 quoque
3144 934 3389 988 conchas.
3421 934 3477 988 In
3511 935 3718 1005 Regum
3756 937 3829 990 ita
3858 956 3870 990 :

2287 1020 2435 1076 Fecit
2460 1039 2662 1092 quoque
2684 1023 2857 1076 decem
2885 1021 3074 1076 lateres
3100 1037 3292 1076 teneas.
3321 1021 3688 1093 Quadraginta
3721 1025 3872 1077 batos

2286 1113 2517 1183 capiebat
2546 1112 2681 1166 luter
2708 1130 2860 1167 unus.
2893 1112 3123 1184 Eratque
3151 1123 3376 1184 quatuor
3401 1114 3717 1168 cubitorum.
3748 1114 3875 1170 Sitt-

2284 1201 2434 1272 gulos
2462 1219 2664 1273 quoque
2694 1203 2882 1257 lateres
2910 1209 3000 1273 per
3024 1203 3258 1274 singulas
3284 1205 3457 1258 decem
3487 1205 3632 1259 bases
3655 1207 3869 1275 posuit,

2285 1302 2387 1348 etc.
2418 1295 2660 1364 Apostoli
2691 1304 2746 1349 et
2773 1296 3055 1364 apostolici
3085 1297 3219 1360 viri,
3249 1296 3340 1366 qui
3369 1311 3466 1366 per
3504 1296 3672 1351 boves
3719 1313 3872 1354 mare

2284 1398 2562 1460 portantes
2586 1390 2888 1460 signantur,
2922 1404 3018 1459 per
3045 1390 3203 1444 bas‘es
3234 1404 3447 1459 quoque
3475 1390 3766 1460 portandis
3790 1390 3870 1445 lu-

2285 1481 2493 1535 teribus
2533 1489 2861 1550 praeparatas
2898 1481 3293 1550 exprimuntur,
3337 1480 3476 1535 sicut
3517 1481 3619 1550 ipsi
3663 1480 3870 1536 luteres

2284 1569 2616 1639 baptismum
2655 1572 2903 1641 signant,
2947 1587 3106 1641 quem
3153 1571 3414 1641 ﬁgurabat
3456 1586 3624 1626 mare.
3671 1571 3868 1627 Omnia

2282 1667 2426 1721 enim
2452 1667 2531 1720 eis
2556 1682 2675 1736 qua:
2703 1666 2756 1720 in
2787 1666 3112 1721 holocaustis
3135 1665 3369 1720 oblaturi
3396 1675 3550 1719 erant
3570 1706 3585 1731 ,
3613 1667 3871 1722 sacerdo-

2287 1763 2368 1809 tes
2416 1755 2686 1809 lavabant.
2734 1754 3116 1810 Holocauslum
3165 1763 3344 1810 autem
3393 1755 3638 1821 Domini,
3688 1757 3869 1811 omnis

2283 1845 2520 1900 ﬁdelium
2552 1846 2838 1902 multitudo
2867 1854 3044 1916 potest
3073 1846 3299 1916 intelligi
3327 1864 3340 1898 :
3375 1862 3495 1915 quas
3520 1847 3589 1900 ab
3619 1847 3743 1917 ipso
3771 1848 3868 1901 ba-

604 1953 748 2011 tare,
799 1954 905 2002 etc.
927 1987 941 2012 ,
984 1963 1146 2018 usque
1174 1947 1242 2000 ad
1285 1955 1340 2001 et
1379 1960 1720 2000 communem
1762 1960 1792 1999 a
1832 1944 2060 2000 Domino
2087 1961 2182 2001 co-
2211 1952 2258 2013 B
2285 1938 2522 2008 ptizatur
2552 1939 2604 1992 in
2635 1953 2773 2008 aqua
2809 1947 2865 1992 et
2905 1938 3036 2007 igni.
3071 1935 3224 1991 Sicut
3260 1951 3391 2006 ergo
3431 1939 3748 2020 sacerdotes
3778 1939 3866 2007 qui

607 2051 794 2091 ronam
826 2034 1052 2104 iustitiae
1082 2050 1301 2105 sperare
1329 2036 1508 2090 debet.

675 2126 913 2196 Quinque
951 2127 1150 2181 cubitos
1179 2126 1420 2181 habebat.
1451 2125 1588 2193 Quia
1618 2125 1880 2196 quidquid
1905 2126 2056 2193 visu,
2089 2142 2185 2182 au-

601 2220 744 2283 ditu,
788 2218 1016 2284 olfactu,
1065 2227 1257 2290 gustu,
1293 2225 1506 2273 tactuve
1549 2217 1945 2285 delinquimus,
2001 2225 2178 2273 totum

606 2311 659 2364 in
701 2310 970 2380 baptismo
1012 2308 1304 2364 relaxatur.
1341 2306 1448 2362 Sed
1483 2322 1589 2360 non
1633 2305 1828 2362 suﬁicit
1876 2307 2179 2377 praeterito-

601 2417 721 2456 rum
768 2401 1014 2457 remissio
1061 2408 1436 2472 peccatorum,
1494 2398 1598 2453 nisi
1649 2398 1877 2468 quisque
1926 2399 2182 2471 deinceps

597 2492 754 2548 bonis
813 2493 1068 2562 operibus
1128 2490 1406 2546 institerit.
1469 2487 1724 2557 Alioquin
1789 2487 2035 2544 diabolus
2087 2491 2180 2559 qui

598 2585 808 2640 exierat
844 2583 1191 2655 multiplicius
1229 2582 1402 2646 redit,
1437 2589 1492 2635 et
1542 2581 1678 2635 ﬁunt
1715 2581 1951 2636 hominis
2000 2582 2180 2637 novis-

597 2675 735 2731 sima
765 2673 948 2745 pejora
980 2675 1271 2744 prioribus.
1307 2673 1462 2730 Unde
1490 2673 1640 2728 audit
1666 2691 1680 2727 :

670 2766 965 2822 Funiculus
1003 2767 1216 2839 triginta
1256 2767 1568 2821 cubitorum.
1601 2766 1716 2822 Hoc
1743 2776 1859 2832 est,
1894 2767 2178 2837 disciplina

595 2860 896 2918 caelestium
928 2868 1316 2930 pneceptorum
1340 2901 1354 2923 ,
1384 2875 1489 2928 qua
1521 2875 1550 2913 a
1582 2859 1785 2914 nostris
1807 2859 2178 2927 voluntatibus

594 2955 907 3028 religamur,
958 2954 1139 3008 unde:
1195 2950 1490 3007 Funiculus
1542 2952 1731 3022 triptea‘.
1773 2951 1982 3024 difﬁcile
2027 2968 2174 3006 rum-

593 3049 736 3119 pitur
791 3045 1013 3115 (Eccle.
1047 3059 1100 3100 tv
1126 3043 1184 3116 );
1232 3043 1359 3114 quia
1387 3043 1752 3106 observantia
1800 3043 2174 3098 mandatorum

596 3139 688 3195 Dei
726 3141 780 3195 in
832 3139 1085 3195 cordibus
1113 3148 1463 3203 sanctorum,
1496 3136 1598 3192 ﬁde
1621 3177 1635 3202 ,
1667 3152 1760 3206 spe
1799 3144 1852 3191 et
1883 3136 2175 3192 dilectione

593 3247 838 3303 supernas
869 3229 1243 3287 retributionis
1282 3229 1527 3294 ﬁrmata,
1568 3229 1710 3283 nulla
1759 3237 1938 3298 potest
1976 3230 2170 3284 adver-

594 3322 756 3378 sitate
787 3321 1027 3376 dissolvi.

661 3413 826 3467 Vens.
874 3411 928 3464 3.
954 3441 1026 3452 —
1050 3409 1122 3464 Et
1171 3410 1346 3464 decem
1393 3407 1602 3463 cubitis.
1635 3406 1852 3479 (ll/ta.)
1884 3406 2172 3475 Sculptura

591 3505 776 3560 subter
806 3503 1042 3568 labium,
1094 3512 1226 3568 etc.,
1275 3517 1435 3572 usque
1482 3500 1550 3553 ad
1609 3507 1813 3570 quanta
1854 3498 2171 3554 infelicitate

590 3607 808 3666 propter
835 3595 1042 3651 scelera
1074 3595 1353 3665 perierunt
1383 3593 1622 3664 reprobi.
1911 3647 1922 3658 ,

667 3690 828 3745 Vens.
855 3689 909 3743 4.
936 3719 1007 3730 -
1034 3685 1355 3742 Posteriora.
1397 3686 1533 3754 Quia
1562 3703 1670 3758 qua
1701 3686 1948 3742 mercede
1982 3689 2173 3758 praedi-

589 3789 802 3836 catores
829 3780 884 3833 in
915 3787 1233 3850 perpetuum
1265 3779 1553 3844 donentur,
1588 3778 1682 3834 Dei
1713 3779 1961 3834 examine
1991 3781 2172 3849 dispo-

591 3870 754 3924 situm
801 3876 914 3933 est,
965 3869 1059 3923 sed
1108 3869 1268 3923 nobis
1300 3868 1478 3923 adhuc
1514 3869 1786 3924 occultum
1824 3878 1936 3933 est,
1975 3871 2159 3939 quibut

591 3959 695 4014 hoc
723 3958 993 4013 occultum
1022 3973 1142 4013 esse
1173 3973 1280 4013 non
1308 3969 1518 4028 potest,
1569 3960 1712 4030 quod
1740 3960 1916 4014 omnis
1951 3961 2042 4030 qui
2079 3961 2171 4014 ba-

591 4053 849 4125 ptismum
881 4052 946 4104 ad
979 4050 1207 4105 salutem
1237 4051 1465 4120 accipit,
1497 4051 1688 4117 ﬁdem,
1731 4068 1876 4121 spem
1897 4094 1911 4118 ,
1948 4063 2002 4107 et
2043 4054 2169 4108 cha-

587 4147 804 4200 ritatem
833 4143 994 4198 debet
1021 4143 1258 4208 habere;
1293 4157 1393 4197 nec
1421 4143 1538 4198 sine
1571 4145 1655 4199 his
1683 4145 1854 4198 tribus
1880 4147 2170 4200 virtutibus

586 4235 839 4306 operari,
870 4232 953 4289 vel
983 4233 1050 4287 ad
1075 4232 1304 4286 salutem
1335 4232 1542 4286 intrare
1571 4233 1748 4297 valet,
1781 4235 1923 4287 unde
1959 4235 2012 4287 in
2061 4234 2168 4289 Re-

585 4347 710 4405 gum
736 4329 937 4386 dicitur
966 4346 978 4382 :
1028 4323 1340 4381 Crassitudo
1368 4336 1541 4380 autent
1590 4325 1771 4380 (uteris
1802 4327 1960 4378 trium
1992 4327 2172 4379 uncia-

586 4438 701 4476 rum
729 4422 748 4493 (
773 4420 868 4474 III
897 4419 1022 4490 Reg.
1051 4433 1125 4472 vu
1150 4417 1192 4489 ).
1224 4415 1545 4472 Grossitudo
1573 4416 1794 4480 lateris,
1827 4415 2057 4470 ﬁrmitas
2085 4423 2170 4471 est

584 4511 822 4567 virtutis.
861 4510 1040 4564 Trium
1092 4509 1404 4573 unciarum,
1460 4509 1585 4579 quia
1628 4507 1824 4562 robore
1867 4508 2024 4574 ﬁdei,
2057 4508 2170 4578 spei

583 4610 640 4658 et
666 4601 1001 4667 dilectionis,
1031 4601 1307 4671 perceptio
1339 4599 1591 4669 baptismi
1624 4598 1882 4652 munitur.

655 4693 816 4750 Vens.
850 4693 903 4749 5.
930 4724 1002 4734 -
1029 4692 1199 4748 Porro
1240 4694 1475 4749 vastitas.
1517 4691 1835 4747 Grossitudo
1874 4708 2040 4761 quam
2076 4691 2167 4748 Jo-
2192 4685 2246 4744 D

585 4789 784 4861 sephus
824 4795 1060 4858 quatuor
1089 4787 1380 4857 digitorum
1410 4799 1532 4840 esse
1580 4784 1746 4849 dixit,
1787 4785 2164 4840 demonstrans

583 4896 703 4954 quae
731 4880 832 4935 fuit
872 4878 1186 4950 magnitudo
1215 4878 1399 4948 palmi.
1429 4877 1574 4932 ldem
1601 4885 1783 4930 autem
1813 4877 1928 4932 haec
1960 4877 2166 4949 signiﬁ-

583 4983 730 5031 cant.
765 4969 1020 5040 Quisquis
1057 4970 1202 5024 enim
1232 4968 1372 5034 ﬁde,
1415 4985 1540 5040 spe,
1577 4976 1634 5023 et
1675 4968 1937 5023 charitate
1975 4984 2166 5024 secun-

586 5065 712 5120 dum
753 5071 987 5133 quatuor
1029 5059 1440 5131 Evangeliorum
1479 5059 1780 5115 doctrinam
1825 5074 1989 5128 opera
2036 5057 2165 5114 facit

580 5156 824 5228 justiti-.13,
871 5153 1100 5226 percipit
1125 5162 1182 5208 et
1212 5154 1515 5208 mercedem
1545 5161 1762 5207 alterum
1789 5152 1934 5207 vitm.

659 5248 783 5302 Tria
811 5247 978 5302 millia
1007 5256 1270 5302 metretas.
1303 5245 1635 5300 Millenarius
1676 5243 2062 5316 perfectionem
2093 5244 2165 5298 si-

586 5339 838 5413 gniﬁcat,
886 5339 1012 5408 quia
1057 5337 1315 5394 denarius
1364 5335 1687 5406 quadratum
1732 5337 1964 5393 solidum
2010 5335 2162 5393 facit.

588 5433 775 5488 Decies
807 5431 949 5486 enim
979 5430 1165 5486 decem
1187 5470 1201 5492 ,
1235 5437 1452 5484 centum
1483 5427 1720 5493 faciunt,
1750 5428 1844 5499 qui
1887 5436 1970 5483 est
2007 5427 2164 5498 quasi

588 5527 852 5598 quadrata
895 5523 1093 5595 ﬁgura,
1135 5525 1231 5578 sed
1259 5521 1460 5592 plana:
1493 5523 1588 5576 sed
1628 5529 1690 5575 ut
1730 5521 1784 5574 in
1825 5520 2160 5578 altitudinem

586 5628 771 5690 surgat
798 5627 852 5672 et
879 5616 1049 5672 solida
1075 5613 1359 5681 efﬁciatur,
1393 5612 1686 5684 multiplica
1714 5622 1926 5668 centum
1955 5628 2051 5683 per
2074 5613 2150 5667 de

587 5725 703 5769 cem
724 5751 739 5777 ,
769 5719 824 5765 et
863 5710 996 5764 ﬁunt
1025 5707 1187 5763 mille.
1219 5707 1336 5774 Quo
1366 5721 1597 5762 numero
1623 5704 1834 5760 stabilis
1861 5712 1916 5759 et
1947 5704 2163 5775 insupe-

588 5804 792 5869 rabilis,
809 5812 864 5858 et
885 5802 1030 5857 velut
1048 5801 1313 5872 quadrata
1340 5801 1607 5871 iustorum
1633 5797 1963 5854 conscientia
1987 5797 2168 5869 signa—

593 5906 702 5962 tur.
733 5896 1073 5976 Quocunque
1101 5896 1248 5954 enim
1277 5895 1602 5970 quadratum
1634 5894 1830 5962 vertis,
1857 5892 2044 5968 stabit.
2077 5891 2170 5955 Sic

2287 2033 2342 2085 in
2385 2029 2521 2084 mari
2565 2029 2838 2095 lavantur,
2879 2044 2974 2085 eos
3015 2030 3234 2100 signant
3273 2031 3364 2098 qui
3405 2045 3502 2099 per
3535 2030 3866 2100 baptismum

2283 2128 2564 2176 consortes
2606 2121 2802 2174 summi
2843 2119 3141 2175 sacerdotis
3188 2117 3531 2173 eﬁieiuntur:
3582 2121 3655 2174 ita
3711 2121 3864 2175 bolo—

2282 2220 2470 2266 causta
2524 2210 2742 2265 eosdem
2789 2210 3134 2280 exprimunt,
3185 2225 3306 2264 cum
3356 2219 3478 2280 post
3529 2210 3862 2265 ablutionem

2281 2302 2531 2373 baptismi
2554 2303 2726 2373 gratia
2754 2302 3046 2372 implentur
3067 2301 3350 2373 spirituali.
3371 2301 3606 2357 Lavatur
3633 2305 3784 2358 enim
3812 2304 3861 2358 in

2281 2395 2455 2451 lutere
2483 2396 2658 2450 hostia
2681 2437 2696 2461 ,
2729 2411 2851 2451 cum
2883 2395 3056 2451 ﬁdelis
3080 2395 3428 2466 perfunditur
3468 2413 3604 2465 aqua
3651 2398 3860 2468 baptis-

2281 2490 2375 2544 mi.
2407 2487 2641 2544 Oﬁ‘ertur
2671 2489 2724 2543 in
2755 2487 3127 2543 holocaustum
3147 2528 3162 2552 ,
3190 2503 3310 2542 cum
3337 2501 3435 2556 per
3463 2487 3860 2558 impositionem

2280 2598 2472 2636 manus
2499 2581 2772 2653 episcopi,
2801 2581 2999 2652 accipit
3026 2581 3226 2635 donum
3259 2579 3495 2650 Spiritus
3523 2582 3720 2636 sancti.

2353 2674 2515 2729 Vens.
2549 2675 2601 2729 8.
2628 2704 2698 2714 —
2724 2674 2793 2728 Et
2839 2676 3010 2745 posuit
3055 2675 3300 2744 quinque.
3347 2672 3402 2726 ln
3449 2674 3667 2743 utrique
3709 2683 3859 2744 parte

2279 2767 2461 2836 templi
2488 2767 2674 2836 positae
2700 2775 2825 2820 sunt
2854 2766 3008 2820 bases
3033 2764 3264 2819 laterum
3287 2804 3301 2828 ,
3325 2772 3641 2835 ut.utraque
3665 2764 3859 2834 populo

2278 2861 2422 2915 sacri
2473 2860 2639 2915 fontis
2683 2860 2852 2932 gratia
2900 2859 3274 2930 designaretur
3305 2874 3422 2914 esse
3458 2859 3764 2930 pandenda.
3797 2858 3858 2912 Et

2278 2955 2516 3024 quinque
2545 2963 2672 3008 sunt
2701 2953 2756 3008 in
2787 2963 3018 3022 utraque
3045 2959 3199 3022 parte
3221 2992 3237 3016 ,
3268 2961 3326 3006 ut
3347 2993 3361 3016 ,
3389 2952 3530 3006 sicut
3556 2951 3608 3005 in
3641 2951 3856 3022 exposi-

2278 3046 2424 3100 tione
2474 3046 2639 3100 maris
2683 3046 2828 3116 quod
2873 3045 3109 3114 quinque
3150 3044 3345 3099 cubitis
3387 3044 3552 3098 altum
3592 3059 3718 3100 esse
3747 3041 3856 3112 jam

2277 3141 2512 3195 diximus
2533 3181 2548 3205 ,
2580 3139 3049 3194 demonstraretur
3079 3138 3282 3209 typice,
3315 3138 3566 3192 universa
3604 3151 3732 3206 qua:
3769 3151 3857 3207 per

2278 3231 2514 3300 quinque
2555 3247 2748 3286 sensus
2789 3231 3032 3300 corporis
3072 3229 3403 3298 deliquerat,
3445 3244 3542 3298 per
3581 3228 3855 3284 lavacrqu

2201 3321 2246 3383 C
2279 3322 2528 3391 baptismi
2568 3337 2688 3377 esse
2730 3322 3073 3376 remittenda.
3127 3320 3283 3376 Sicut
3321 3336 3448 3391 ergo
3489 3321 3541 3374 in
3584 3337 3696 3377 uno
3726 3319 3854 3375 mari

2281 3415 2564 3470 duodecim
2593 3414 2766 3470 bobus
2809 3415 3147 3484 superposito
3186 3414 3366 3468 unitas
3405 3414 3733 3486 exprimitur
3769 3415 3854 3468 ba-

2276 3505 2580 3575 ptisutatis,
2631 3521 2749 3575 qua:
2779 3519 2876 3575 per
2914 3505 3186 3576 apostolos
3209 3513 3322 3560 toto
3349 3514 3466 3560 erat
3497 3505 3627 3560 orbe
3656 3505 3850 3575 praedi-

2172 3637 2176 3646 .
2277 3596 2447 3650 cauda
2479 3614 2491 3649 :
2524 3597 2597 3651 ita
2629 3596 2792 3651 etiam
2824 3610 2920 3666 per
2946 3597 3081 3650 duos
3109 3595 3328 3650 ordines
3357 3594 3588 3650 luterum
3628 3595 3852 3666 mystice

2275 3689 2598 3754 ostenditur,
2631 3691 2756 3760 quia
2787 3689 3062 3759 gentilitas
3088 3703 3212 3743 cum
3241 3687 3423 3743 Judaea
3453 3688 3506 3742 in
3538 3704 3706 3742 unum
3736 3687 3849 3742 ﬁdei

2275 3783 2609 3837 consortium
2634 3798 2730 3852 per
2753 3782 3098 3851 baptismatis
3125 3780 3325 3846 undam
3353 3789 3472 3836 erat
3498 3781 3846 3850 proereanda.

2344 3893 2672 3947 Candelabra
2701 3910 2884 3947 aurea.
2920 3893 3108 3947 Divina
3137 3893 3348 3962 eloquia
3369 3932 3384 3957 ,
3416 3907 3536 3962 quae
3565 3892 3741 3946 lucem
3771 3908 3848 3946 sa-

2272 3987 2490 4058 pientia:
2521 3986 2834 4056 proferunt,
2869 3989 3011 4041 unde
3037 4005 3050 4041 :
3085 3985 3322 4040 Lucerna
3349 3987 3562 4057 pedibus
3589 3987 3722 4041 meis
3749 4003 3848 4040 rer-

2273 4078 2392 4132 bum
2410 4088 2580 4144 tuum,
2597 4090 2642 4131 et
2661 4078 2855 4145 lumen,
2874 4088 2979 4133 etc.
3002 4075 3174 4148 (Psal.
3199 4094 3364 4132 cxvm
3387 4079 3424 4150 ).
3445 4078 3580 4132 Hine
3602 4077 3844 4133 Salomon

2273 4173 2348 4226 ait
2376 4187 2389 4226 :
2425 4172 2563 4238 Quia
2612 4174 2920 4227 mandatum
2951 4174 3166 4227 lucerna
3197 4182 3273 4228 est
3300 4215 3314 4239 ,
3344 4185 3390 4228 et
3421 4173 3505 4227 (ea:
3529 4174 3622 4228 tua:
3650 4172 3842 4244 (Prov.

2271 4261 2377 4333 vi).
2412 4263 2502 4317 Bis
2532 4264 2692 4331 quina
2733 4272 2860 4318 sunt
2897 4264 3250 4326 candelabra,
3287 4265 3411 4333 quia
3451 4265 3690 4334 quinque
3733 4271 3843 4319 sunt

2273 4353 2598 4424 legislatoris
2631 4355 2934 4421 volumina,
2969 4357 3020 4409 in
3050 4357 3246 4426 quibus
3280 4366 3334 4410 et
3366 4365 3478 4410 tota
3515 4358 3727 4411 Veteris
3755 4357 3845 4410 Tc-

2273 4445 2528 4499 stamenti
2562 4445 2731 4500 series
2763 4446 3144 4516 complectitur
3172 4446 3412 4517 quinque
3435 4447 3614 4502 saeculi
3639 4457 3840 4502 aetates.

2274 4534 2522 4607 Quinque
2547 4553 2576 4591 a
2606 4537 2811 4592 dextris
2839 4547 2894 4592 et
2923 4539 3164 4607 quinque
3193 4552 3223 4590 a
3255 4537 3492 4592 sinistris
3532 4549 3802 4608 ponuntur
3826 4553 3838 4589 :

2276 4643 2398 4681 cum
2429 4638 2551 4698 post
2581 4630 3004 4684 incarnationem
3036 4629 3284 4693 Domini,
3332 4630 3519 4684 eadem
3571 4628 3840 4700 Scriptura

2269 4719 2484 4788 utrique
2527 4720 2724 4791 populo
2765 4721 3164 4784 committitur;
3197 4719 3283 4775 vel
3328 4721 3657 4792 evangelicis
3695 4722 3839 4792 plena

2273 4811 2458 4881 ﬁguris
2487 4814 2811 4876 ostenditur,
2846 4830 2964 4882 quae
2991 4814 3264 4884 quondam
3296 4812 3454 4882 juxta
3484 4814 3718 4870 litteram
3761 4829 3838 4869 so-

2270 4902 2379 4957 lum
2413 4903 2759 4975 intelligenda
2793 4921 2911 4960 esse
2941 4907 3256 4976 putabatur.

2347 5013 2565 5068 Necnon
2594 5024 2642 5068 et
2674 5031 2898 5069 mensas.
2920 5015 2937 5087 (
2957 5015 3116 5085 ΕΑΒ.)
3144 5016 3252 5071 Has
3275 5032 3512 5082 mensas,
3536 5026 3666 5083 etc.,
3691 5033 3838 5090 usque

2277 5105 2342 5158 ad
2395 5121 2624 5175 quorum
2671 5122 2836 5177 opera
2900 5108 3056 5162 nobis
3096 5108 3245 5164 velut
3285 5109 3454 5166 ubera
3497 5110 3752 5166 salutaria
3779 5108 3836 5164 ad

2269 5197 2513 5266 exempla
2545 5198 2668 5253 vitae
2699 5200 2997 5267 proposita.

2342 5311 2503 5365 Vens.
2536 5309 2858 5365 9.—-Fecit
2906 5313 3063 5366 etiam
3114 5324 3330 5368 omum.
3385 5313 3592 5386 (ΗΑΒ.)
3635 5313 3836 5369 Atrium

2270 5402 2609 5458 sacerdotum
2659 5403 2713 5457 in
2763 5403 3028 5469 ecclesia,
3081 5414 3225 5470 etc.,
3277 5423 3438 5476 usque
3483 5407 3552 5460 ad
3607 5408 3660 5461 in
3714 5407 3834 5460 libro

2271 5497 2474 5566 Regum
2515 5496 2808 5551 secundum
2841 5496 3043 5552 Bedam
3076 5497 3286 5568 plenius
3318 5500 3702 5567 expressimus.

2343 5613 2408 5667 Et
2438 5610 2707 5666 basilicam
2736 5611 3007 5682 grandem.
3039 5610 3168 5678 Quae
3199 5620 3318 5666 erat
3343 5620 3497 5667 extra
3529 5611 3724 5666 atrium
3751 5623 3829 5663 sa-

2272 5707 2551 5762 cerdotum
2571 5745 2584 5768 ,
2621 5704 2674 5758 in
2706 5718 2868 5774 quam
2901 5704 3084 5758 omnis
3111 5703 3341 5774 populus
3369 5705 3436 5759 ad
3465 5704 3726 5758 orandum
3757 5697 3832 5754 vel

2274 5800 2340 5855 ad
2379 5799 2601 5852 verbum
2639 5797 2965 5853 audiendum
2999 5797 3320 5853 conﬂuebat.
3356 5797 3482 5854 Htec
3519 5798 3572 5852 in
3609 5792 3830 5852 Ecclesia

2273 5891 2441 5960 vitam
2475 5905 2759 5978 moresque
2796 5889 3093 5956 carnalium
3142 5890 3439 5963 signiﬁcat,
3475 5888 3670 5966 quibus
3704 5883 3828 5944 dici-
