4122 6350
257 385 364 441 675

1181 387 1449 444 GLOSSA
1486 386 1885 444 0RDINARIA.
1924 417 1996 428 —
2033 387 2168 444 LIB.
2211 388 2256 445 ll
2296 389 2527 446 PARAL

3424 387 3527 445 οτι

259 509 393 554 tur:
430 497 552 552 Non
573 497 718 568 potui
743 499 884 553 vobis
923 498 1063 570 loqui
1105 476 1255 570 quasi
1295 502 1654 571 spiritualibus
1678 545 1692 571 ,
1747 501 1837 558 sed
1864 501 1918 562 Α
1943 499 1997 554 in
2021 501 2179 557 domo
2213 502 2427 557 Domini
2473 515 2599 555 vasa
2641 500 2880 570 pretiosa
2927 514 3048 555 esse
3082 499 3380 569 cupiamus.
3427 497 3531 554 1E3

254 589 409 662 quasi
440 587 742 642 carnalibus
760 629 775 653 ,
807 597 915 644 etc.

331 681 400 736 Et
433 680 722 736 basilicam.
765 681 910 737 Bene
953 697 1050 753 per
1089 682 1376 738 basilicam
1419 685 1680 756 grandem
1720 701 1839 741 car-

259 775 412 833 nales
436 773 834 846 signiﬁcantur,
859 775 985 844 quia
1015 776 1184 830 multo
1214 777 1386 848 major
1411 786 1496 832 est
1521 779 1576 832 in
1598 778 1841 833 Ecclesia

261 879 521 921 numerus
561 864 746 919 talium
778 881 940 936 quam
982 865 1370 937 perfectorum.
1423 867 1531 924 Sed
1581 877 1840 938 quantum

261 965 524 1029 praestant
550 973 794 1022 numero,
827 966 1034 1012 tantum
1065 960 1421 1015 succumbunt
1448 961 1660 1016 merito.
1693 959 1845 1016 Unde

263 1053 379 1107 haec
417 1051 640 1106 basilica
683 1051 901 1122 grandis
941 1053 1042 1107 etsi
1083 1053 1350 1124 plurimos
1395 1055 1574 1124 capit,
1619 1071 1724 1108 non
1772 1053 1839 1108 ad

263 1143 498 1198 oﬁicium
548 1141 767 1207 altaris,
836 1158 942 1197 non
1007 1143 1060 1198 in
1123 1145 1299 1215 ipsum
1369 1161 1584 1215 quoque
1646 1145 1847 1199 atrium

265 1235 606 1291 sacerdotum
663 1235 854 1290 saltem
910 1237 1252 1306 intromittit,
1308 1239 1436 1308 quia
1490 1240 1740 1295 carnales
1796 1247 1851 1294 et

266 1327 468 1382 inﬁrmi
515 1335 570 1382 et
610 1327 654 1382 si
697 1327 768 1382 ob
812 1327 1064 1382 meritum
1100 1339 1264 1383 castm
1293 1329 1419 1384 ﬁdei
1449 1339 1504 1384 et
1531 1330 1750 1400 pietatis
1783 1328 1850 1384 ad

265 1421 558 1476 electorum
608 1430 810 1475 sortem
870 1421 1172 1489 pertinent,
1225 1421 1386 1492 longe
1443 1431 1621 1477 tamen
1660 1423 1728 1478 ab
1769 1421 1855 1477 bis

265 1522 396 1567 sunt
443 1513 534 1582 qui
577 1513 801 1568 dicunt:
851 1511 967 1568 Non
1012 1513 1185 1568 audeo
1227 1513 1376 1584 loqui
1419 1514 1624 1584 aliquid
1666 1531 1851 1571 eorum

267 1621 388 1675 quae
417 1621 514 1674 per
544 1619 628 1659 me
653 1620 762 1660 non
792 1605 954 1661 efﬁcit
979 1605 1232 1662 Christus
1251 1647 1264 1671 ,
1299 1607 1354 1661 in
1384 1607 1690 1663 obedientia
1723 1624 1856 1680 gen-

269 1699 404 1752 tium
433 1699 598 1753 verbo
625 1706 678 1752 et
710 1698 889 1753 factis.

345 1789 408 1844 Et
440 1787 574 1844 ostia
603 1791 659 1844 in
691 1789 926 1844 basilica.
964 1789 1089 1846 Haec
1137 1791 1353 1862 signant
1394 1791 1674 1846 introitum
1722 1790 1858 1853 ﬁde',

1945 607 2122 649 autem
2152 595 2500 664 liquefactum
2530 595 2654 665 igne
2672 593 2874 665 argilla:
2901 592 3108 648 formas
3132 593 3452 664 ingreditur,
3473 599 3536 649 ut

1941 685 2115 758 possit
2142 701 2240 740 vas
2275 694 2460 755 aptum
2487 684 2804 740 ministeriis
2844 683 3154 739 cmicstibus
3194 681 3365 748 elﬁci;
3411 696 3537 738 cum

1945 777 2048 848 ipsi
2077 777 2368 832 salubriter
2399 777 2713 843 humilitati,
2751 785 2806 830 et
2835 778 3052 830 flamma
3079 775 3274 831 divina:
3300 775 3538 830 charita-

1945 871 2017 925 tis
2045 869 2130 925 vel
2157 871 2410 926 humanae
2461 870 2806 926 adversitatis
2854 869 3078 924 emolliti
3129 869 3270 923 viam
3314 865 3538 921 Patrum

1948 961 2085 1018 bene
2115 963 2390 1032 operando
2412 963 2698 1026 intramus,
2732 971 2790 1016 ut
2812 961 2879 1017 ad
2910 962 3130 1033 praemia
3161 961 3372 1022 illorum
3403 960 3541 1015 bene

1948 1057 2214 1112 currendo
2240 1056 2640 1126 perveniamus.
2672 1055 2784 1112 Nec
2808 1056 2952 1112 enim
2979 1071 3193 1126 semper
3215 1071 3314 1111 nos
3343 1053 3542 1125 regulis

1948 1147 2088 1202 bene
2105 1147 2364 1216 operandi
2393 1162 2615 1204 necesse
2639 1156 2723 1202 cst
2743 1149 2965 1214 arctari,
2997 1149 3090 1204 sed
3112 1149 3380 1219 completa
3408 1161 3541 1218 ope—

1953 1240 2164 1294 ratione
2193 1241 2356 1306 bona,
2385 1241 2564 1310 palma
2606 1240 2780 1295 beatae
2815 1240 3189 1296 retributionis
3213 1248 3299 1294 est
3324 1254 3544 1309 speran-

1954 1335 2042 1388 da.
2080 1333 2216 1400 Quia
2249 1350 2356 1388 non
2389 1350 2600 1404 semper
2633 1350 2760 1389 vasa
2812 1336 2865 1388 in
2919 1333 3108 1391 formis
3153 1333 3355 1405 argilla:
3396 1343 3546 1388 tene-

1954 1423 2156 1478 bantur
2185 1425 2393 1479 inclusa
2425 1443 2437 1478 :
2477 1425 2569 1479 ubi
2600 1426 2665 1480 ad
2693 1423 3076 1496 perfectionem
3119 1432 3399 1486 venerant,
3439 1421 3546 1476 fra-

1957 1517 2060 1572 ctis
2097 1516 2393 1572 formarum
2425 1517 2678 1572 claustris
2708 1515 3148 1588 producebantur
3183 1517 3236 1570 in
3269 1515 3464 1579 lucem,
3493 1522 3548 1568 et

1957 1609 2012 1664 in
2050 1609 2248 1679 templo
2277 1609 2504 1665 Domino
2549 1626 2648 1681 pro
2698 1611 2809 1665 suis
2855 1626 3083 1680 quaeque
3128 1609 3262 1664 locis
3293 1609 3546 1678 dispone-

1959 1700 2180 1756 bantur.
2208 1697 2324 1754 Non
2355 1701 2499 1768 quod
2532 1715 2696 1769 opera
2722 1708 3036 1754 sanctorum
3089 1699 3372 1754 interitura
3418 1699 3546 1762 sint,

1963 1791 2172 1847 sed'ubi
2205 1805 2460 1845 coronam
2479 1788 2706 1858 justitiae
2730 1790 3067 1859 acceperint,
3112 1787 3400 1844 cessabunt
3436 1788 3550 1844 olli-

271 1897 518 1940 sermone
546 1883 946 1954 praedicationis
974 1883 1270 1952 praeparari
1298 1923 1312 1949 ,
1353 1890 1414 1937 ut
1452 1883 1735 1937 venientes
1777 1881 1858 1935 di-
1888 1867 1935 1927 Β
1962 1883 2044 1938 cia
2070 1883 2352 1939 laboriosa:
2381 1882 2733 1954 operationis.

271 1983 425 2030 scant
453 1973 722 2044 quomodo
751 1989 848 2044 per
880 1973 1041 2028 ﬁdem
1082 1972 1286 2028 Christi
1326 1973 1412 2030 vel
1464 1973 1721 2030 salutaria
1766 1989 1855 2028 sa-

269 2080 546 2126 cramenta
563 2071 798 2126 debeant
814 2072 1019 2126 intrare
1033 2072 1334 2128 Eeclesiam
1357 2074 1474 2140 Dei,
1493 2084 1548 2129 et
1568 2083 1856 2145 postquam

270 2161 622 2226 intraverint,
657 2163 820 2231 Quam
859 2161 1106 2232 religiose
1145 2162 1382 2218 debeant
1413 2164 1747 2219 conversari.

343 2254 507 2309 Vsus.
543 2254 629 2308 ll.
658 2284 727 2293 —
755 2252 902 2309 Fecit
933 2264 1108 2309 autem
1141 2253 1351 2308 Hiram.
1388 2255 1616 2310 Lebetes
1647 2255 1858 2311 cineres

270 2365 457 2408 sacros
506 2351 838 2421 suscipiunt,
886 2365 1010 2405 cum
1055 2349 1241 2405 ﬁdeles
1284 2350 1531 2420 exempla
1577 2357 1631 2404 et
1674 2365 1857 2404 sacra-

271 2453 455 2498 menta
508 2442 801 2498 Dominicaa
849 2441 1122 2514 passionis
1169 2443 1237 2497 ad
1285 2443 1586 2499 custodiam
1635 2443 1716 2497 sui
1767 2443 1856 2512 pia

271 2543 454 2588 monte
501 2542 831 2600 retractant,
879 2533 962 2588 vel
1010 2535 1216 2588 exitum
1255 2533 1529 2604 justorum
1573 2535 1859 2604 diligenter

272 2627 574 2698 aSpieiunt,
605 2629 697 2698 qui
737 2627 946 2698 magnis
985 2626 1277 2681 elaboratis
1319 2627 1612 2698 agonibus,
1645 2626 1710 2681 de
1739 2640 1860 2695 per-

273 2729 428 2789 cepto
468 2720 656 2774 bravio
687 2719 802 2774 sine
833 2719 937 2774 ﬁne
967 2719 1237 2784 Izetentur,
1271 2729 1331 2773 ut
1362 2719 1720 2774 consideratis
1745 2734 1860 2773 ma-

264 2810 446 2881 jorum
480 2811 775 2866 virtutibus
803 2819 859 2866 et
899 2811 1000 2881 ipsi
1049 2811 1228 2880 magni
1274 2809 1622 2876 ctliciantur;
1669 2809 1854 2864 unde:

276 2905 512 2971 Quorum
558 2905 817 2959 intuentes
861 2903 1056 2958 exitum
1099 2903 1505 2958 conversationis
1551 2901 1860 2956 intueamini

283 3007 331 3054 et
365 2997 544 3068 ﬁdem.

345 3091 416 3145 Et
459 3107 728 3162 creagras.
778 3088 1029 3159 Creagraa
1068 3088 1456 3158 praedicatores
1503 3087 1721 3158 signant
1769 3087 1860 3157 qui

275 3183 484 3238 animas
535 3180 776 3236 ﬁdelium
829 3179 996 3235 verbo
1042 3179 1136 3234 Dei
1190 3177 1442 3233 reﬁciunt
1491 3177 1862 3247 spiritualibus

276 3271 578 3345 spiritualia
625 3279 1036 3342 comparantes,
1080 3269 1394 3325 carnalibus
1438 3283 1570 3324 vero
1614 3268 1698 3324 lac
1736 3241 1936 3324 sim-C

275 3367 432 3439 plicis
459 3366 718 3422 doctrina:
747 3366 1120 3422 ministrantes
1145 3383 1158 3419 :
1201 3365 1292 3440 qui
1315 3374 1496 3419 autem
1523 3374 1865 3420 sacramenta

278 3456 480 3514 Christi
501 3457 809 3512 summatim
840 3470 1168 3528 cognoscere
1194 3463 1248 3510 et
1271 3456 1338 3510 ad
1365 3455 1719 3510 imitationem
1748 3471 1866 3511 sus-

280 3551 461 3620 cipere
487 3548 703 3615 volunt,
756 3549 911 3620 quasi
939 3547 1248 3604 carnalibus
1275 3547 1467 3602 hostia:
1501 3547 1756 3602 salutaris
1782 3563 1871 3602 sa-

280 3639 610 3705 tiantur;et
650 3641 776 3710 quia
825 3640 1110 3709 doctorum
1153 3646 1237 3694 est
1277 3638 1473 3707 cuique
1512 3654 1748 3710 congrua
1791 3638 1872 3694 di—

281 3731 502 3796 videre,
543 3739 691 3788 recte
732 3731 867 3786 ﬁunt
905 3730 1280 3787 sacerdotibus
1320 3728 1630 3797 fuscinulae,
1677 3730 1872 3800 quibus

284 3837 478 3878 carnes
517 3823 818 3878 hostiarum
859 3831 1023 3894 prout
1057 3832 1280 3894 oportey
1299 3833 1660 3893 componant.
1689 3832 1742 3878 et
1769 3823 1871 3878 alia

285 3911 595 3967 hominibus
637 3913 851 3968 mundis
904 3913 1151 3984 quaedam
1217 3913 1482 3980 all’erant,
1534 3915 1639 3969 alia
1687 3914 1875 3971 altaris

287 4005 506 4074 ignibus
545 4006 912 4063 consumenda
958 4007 1303 4076 relinquant;
1333 4011 1577 4077 quaedam
1603 4009 1748 4064 enim
1781 4024 1878 4066 no-

287 4106 418 4152 stra:
443 4097 733 4154 humilitati
775 4100 844 4155 ad
871 4099 1217 4156 refectionem
1258 4101 1587 4167 revelantur,
1629 4101 1876 4171 quaedam

289 4189 628 4244 solummodo
649 4198 834 4260 patent
857 4191 1098 4246 scientias
1123 4191 1297 4246 sancti
1326 4189 1561 4262 Spiritus
1586 4209 1601 4259 ;
1632 4193 1878 4262 quaedam

292 4281 348 4337 in
387 4280 816 4351 Paralipomenis
858 4297 978 4354 quae
1025 4283 1078 4338 in
1122 4283 1330 4354 Regum
1373 4285 1616 4354 exposita
1654 4294 1878 4356 praeter-

294 4374 466 4440 imus,
513 4376 762 4445 quaedam
805 4377 1046 4446 exposita
1095 4391 1204 4432 non
1252 4377 1562 4434 invenimus
1605 4389 1660 4434 et
1683 4387 1883 4435 nostra:

295 4467 586 4538 parvitatis
620 4468 1064 4523 consuetudinem
1112 4469 1375 4524 excedere
1422 4471 1692 4527 nolumus.
1742 4470 1883 4526 Nus-

296 4574 460 4629 quam
491 4559 637 4614 enim
669 4575 766 4628 per
796 4575 894 4615 nos
923 4560 1126 4630 aliquid
1153 4562 1528 4631 exposuimus.

372 4650 440 4704 Et
476 4651 702 4720 phialas.
733 4651 933 4706 Phiala:
963 4651 1209 4707 latiorem
1238 4661 1293 4708 et
1322 4653 1648 4723 apertiorem
1682 4664 1885 4711 sanctae

299 4740 561 4796 doctrina:
583 4741 892 4813 signiﬁcant
909 4757 1211 4798 sermonem
1232 4785 1247 4808 ,
1274 4744 1363 4813 qui
1394 4745 1643 4799 haustum
1674 4746 1888 4815 sapien-

304 4835 394 4888 tia:
424 4834 509 4903 pie
546 4833 851 4888 sitientibus
892 4834 1183 4904 impendit,
1210 4843 1264 4887 et
1291 4835 1378 4904 pie
1405 4833 1778 4892 laborantibus
1803 4853 1888 4893 re-

305 4926 685 4983 l’ocillationem
708 4942 1000 4998 congruam
1027 4943 1122 4998 per
1145 4926 1558 4996 praedicatorum
1588 4928 1886 4986 ministeria

306 5020 528 5084 tribuit,
556 5028 613 5074 ut
637 5020 703 5074 ad
727 5019 928 5075 fontem
957 5020 1078 5076 vitae
1104 5029 1320 5074 aeterna:
1347 5020 1630 5088 pervenire
1655 5022 1882 5092 possint,

307 5128 373 5168 ex
404 5127 512 5183 quo
540 5112 784 5167 bibentes
808 5127 912 5166 non
941 5111 1128 5166 sitient
1153 5111 1204 5165 in
1235 5119 1516 5166 arternum.

381 5206 545 5260 Vsus.
583 5205 667 5258 l7.
694 5236 766 5246 —
792 5203 858 5258 In
886 5203 1155 5274 argillosa.
1181 5203 1447 5276 Argillosa
1479 5212 1625 5260 terra
1667 5206 1734 5261 de
1783 5220 1891 5276 qua

312 5297 470 5353 facta:
503 5306 629 5351 sunt
665 5296 852 5352 formae
887 5296 954 5350 ad
1003 5294 1269 5348 l‘undenda
1315 5311 1463 5354 vasa.
1503 5311 1713 5351 sacram
1749 5294 1895 5350 Scri-

313 5399 528 5462 pturam
581 5390 669 5461 (de
703 5405 809 5460 qua
860 5389 998 5445 bene
1049 5388 1258 5443 vivendi
1292 5389 1532 5459 regulam
1579 5389 1894 5460 accipimus)

316 5484 607 5551 signiﬁcat.
643 5483 806 5551 Quasi
846 5483 987 5538 enim
1015 5483 1201 5551 argilla
1248 5481 1369 5552 igne
1410 5482 1624 5547 durata,
1668 5481 1894 5536 formam

317 5574 464 5628 vasis
491 5573 722 5637 Domini,
747 5580 944 5643 quanta
973 5583 1028 5626 et
1055 5571 1228 5642 qualia
1254 5571 1366 5624 ﬁeri
1399 5571 1594 5625 debent
1639 5573 1858 5627 exhibet
1881 5587 1896 5638 ;

321 5679 443 5719 cum
475 5663 631 5719 nobis
661 5663 939 5734 Scriptura
968 5663 1204 5733 regulam
1235 5677 1396 5730 quam
1427 5676 1716 5730 sequamur
1735 5663 1897 5732 justi-

323 5753 436 5820 tiae,
459 5763 517 5810 et
545 5763 853 5810 sanctorum
879 5753 1116 5810 ostendit
1143 5751 1411 5821 exempla,
1440 5751 1532 5822 qui
1576 5751 1695 5824 igne
1733 5752 1902 5807 tribu-

327 5845 544 5903 lationis
574 5847 912 5904 invincibiles
938 5845 992 5901 in
1019 5843 1269 5900 omnibus
1297 5843 1678 5914 perstiterunt,
1711 5854 1769 5900 ut
1804 5861 1902 5902 nos

2032 1981 2099 2037 In
2134 1983 2341 2053 regione
2370 1981 2645 2036 Iordanis.
2691 1981 2745 2036 ln
2795 1996 2902 2052 quo
2950 1980 3200 2038 Christus
3249 1980 3551 2051 baptizatus

1961 2082 2066 2140 est,
2102 2073 2255 2143 cujus
2289 2075 2487 2129 tinctus
2522 2074 2680 2129 undis
2714 2088 2976 2143 aquarum
3027 2074 3183 2129 nobis
3231 2074 3395 2129 vertit
3445 2073 3552 2130 ele-

1969 2174 2202 2220 mentum
2241 2165 2294 2220 in
2337 2165 2666 2220 ablutionem
2699 2173 3068 2236 peccatorum.
3107 2165 3174 2219 Et
3227 2165 3352 2235 quia
3392 2180 3553 2220 omne

1961 2253 2198 2310 ﬁdelium
2227 2256 2489 2326 baptisma
2512 2271 2620 2325 quo
2637 2255 2864 2311 Domino
2892 2271 3278 2312 consecramur
3308 2257 3360 2310 in
3377 2271 3553 2312 exem-

1958 2349 2106 2418 plum
2144 2348 2288 2404 illius
2309 2349 2561 2418 baptismi
2591 2348 2914 2414 celebratur,
2943 2359 3090 2404 recte
3122 2350 3176 2404 in
3199 2349 3418 2418 regione
3435 2347 3553 2404 Jor-

1961 2440 2115 2495 danis
2143 2438 2286 2495 facta
2316 2449 2443 2495 sunt
2469 2456 2598 2496 vasa
2623 2441 2815 2496 domus
2851 2440 3087 2495 Domini.
3120 2438 3235 2495 Non
3271 2441 3414 2494 enim
3456 2440 3553 2494 ali-

1962 2542 2044 2590 ter
2071 2550 2200 2590 vasa
2231 2535 2512 2591 electionis
2545 2534 2659 2590 ﬁeri
2684 2549 2972 2604 possumus
2993 2575 3006 2599 ,
3047 2534 3151 2588 nisi
3194 2533 3261 2588 ad
3282 2532 3552 2603 baptisma

1961 2625 2079 2697 ejus
2115 2627 2468 2697 respicientes
2499 2627 2647 2681 vitali
2678 2624 2898 2682 ﬂumine
2923 2624 3067 2681 ablui
3097 2635 3428 2695 satagamus.
3449 2624 3555 2680 No-

1961 2718 2183 2772 tandum
2209 2726 2417 2794 autem,
2450 2716 2592 2786 quod
2619 2731 2724 2770 non
2753 2723 2961 2770 tantum
2987 2715 3040 2769 in
3095 2716 3316 2785 regione
3365 2712 3557 2770 Iorda-

1962 2809 2068 2872 nis,
2101 2809 2194 2864 sed
2216 2809 2270 2862 in
2303 2807 2592 2878 campestri
2627 2809 2848 2878 regione
2885 2807 3028 2861 illius
3056 2805 3199 2862 facta
3243 2821 3374 2861 vasa
3401 2806 3552 2876 dicit,

1963 2901 2274 2969 signiﬁcans
2304 2900 2804 2970 multiplicationem
2852 2899 3112 2966 ﬁdelium,
3161 2915 3281 2970 quae
3313 2915 3419 2955 non
3465 2916 3553 2956 so-

1964 2990 2076 3045 lum
2103 2990 2154 3045 in
2177 2989 2383 3056 Judwa,
2406 2991 2500 3046 sed
2524 2991 2575 3045 in
2601 2990 2839 3061 gentium
2875 2989 3162 3044 latitudine.
3191 2988 3371 3044 futura
3403 3001 3552 3057 erat;

1964 3081 2108 3136 unde
2143 3100 2155 3135 :
2189 3078 2501 3135 Gaudebant
2547 3080 2715 3149 campi
2761 3089 2808 3132 et
2851 3079 3027 3134 omnia
3072 3096 3190 3150 qua:
3228 3081 3283 3134 in
3319 3081 3392 3135 eis
3437 3090 3557 3135 sunt

1968 3171 2139 3247 (Psal.
2170 3173 2312 3245 xcv).
2368 3173 2436 3227 Et
2474 3171 2599 3226 alibi
2633 3186 2646 3223 :
2694 3171 2998 3225 Audiuimus
3024 3187 3137 3224 eam
3184 3172 3241 3224 in
3296 3171 3555 3242 Ephratu,

1969 3269 2258 3323 invenimus
2287 3283 2400 3322 eam
2429 3267 2482 3320 in
2516 3265 2712 3336 campis
2765 3263 2910 3320 silete
2949 3263 3109 3336 (Ibid.
3156 3264 3360 3336 cxxxr).
3399 3264 3558 3320 Fudit

1970 3379 2100 3435 ergo
2127 3378 2221 3417 rex
2247 3376 2375 3416 vasa
2403 3359 2596 3414 domus
2639 3357 2854 3414 Domini
2899 3357 2954 3412 in
3002 3358 3294 3428 campestri
3340 3357 3559 3428 regione

1969 3452 2245 3518 Jordanis,
2275 3452 2400 3522 quia
2425 3449 2686 3506 Dominus
2717 3447 2988 3518 baptismo
3009 3447 3198 3503 salutis
3230 3448 3295 3503 de
3331 3464 3437 3518 quo
3469 3463 3558 3502 va-

1973 3560 2032 3601 sa
2067 3543 2456 3600 misericordia:
2498 3540 2726 3605 faceret,
2776 3548 2944 3595 totam
2979 3539 3166 3595 mundi
3219 3539 3558 3596 latitudinem

1973 3635 2236 3706 implevit.

2045 3731 2209 3785 Vens.
2241 3728 2325 3783 18.
2377 3759 2446 3769 -
2502 3726 2754 3798 Fecitque
2805 3725 3080 3782 Salomon.
3136 3726 3371 3784 Dictavit
3419 3730 3561 3798 quod

1975 3821 2162 3876 Hiram
2189 3821 2305 3891 ipso
2333 3835 2496 3890 opere
2518 3818 2824 3889 complevit.
2859 3817 3158 3889 Allegorice
3173 3834 3300 3874 vero
3325 3819 3561 3875 Redem-

1977 3927 2100 3987 ptor
2122 3924 2308 3971 noster
2339 3915 2388 3969 in
2419 3915 2624 3969 sanctis
2652 3913 3096 3984 praedicatoribus
3133 3923 3188 3969 et
3221 3914 3470 3970 omnibus
3501 3914 3564 3969 ﬁ-

1980 4009 2188 4064 delibus
2209 4016 2458 4063 ornatum
2494 4005 2747 4060 Ecclesia:
2775 4015 2945 4075 parat,
2995 4015 3051 4060 et
3099 4007 3361 4061 virtutum
3403 4006 3567 4062 eﬁicit

1980 4118 2162 4174 opera,
2191 4102 2280 4172 qui
2311 4101 2383 4154 ait
2416 4116 2430 4154 :
2465 4098 2616 4154 Nihil
2661 4100 2773 4153 sine
2810 4116 2890 4154 me
2936 4101 3148 4170 potestis
3179 4099 3351 4169 facere
3380 4101 3562 4155 (Joan.

1982 4193 2093 4265 xv);
2124 4201 2178 4249 et
2205 4192 2332 4248 alibi
2365 4210 2376 4246 :
2410 4190 2576 4246 Omne
2604 4192 2741 4244 enim
2781 4190 2962 4244 datum
3014 4191 3287 4260 optimum,
3328 4199 3378 4244 et
3416 4207 3566 4244 omne

1983 4287 2176 4341 donum
2204 4285 2490 4356 perfectum
2518 4281 2816 4345 desursum,
2845 4290 2950 4337 etc.
2986 4279 3127 4352 (Jac.
3161 4281 3226 4352 ι.)

2055 4379 2220 4433 Vsus.
2249 4377 2336 4432 l9.
2372 4407 2442 4416 —-
2485 4374 2666 4428 Allare
2701 4389 2938 4426 aureum.
2984 4371 3156 4427 Corda
3205 4373 3566 4443 perfectorum

1987 4471 2212 4525 interna:
2228 4467 2508 4522 charitatis
2530 4474 2585 4521 et
2611 4465 2877 4520 castitatis
2909 4464 3026 4519 luce
3062 4463 3406 4536 fulgentium,
3444 4486 3572 4538 quo-

1989 4578 2108 4618 rum
2136 4559 2521 4616 sublimitatem
2551 4556 2818 4628 signiﬁcat
2845 4556 3005 4610 etiam
3029 4556 3177 4612 locus
3210 4557 3414 4614 altaris.
3445 4559 3568 4614 Sta-

1988 4655 2080 4708 bat
2107 4651 2249 4706 enim
2275 4659 2400 4704 ante
2430 4649 2627 4704 ostium
2652 4648 2824 4703 sancti
2849 4656 3179 4712 sanctorum,
3206 4660 3264 4704 ut
3283 4650 3335 4704 in
3365 4650 3570 4707 factura

1989 4744 2322 4801 tabernaculi
2357 4743 2603 4814 legimus,
2629 4744 2679 4797 in
2708 4757 2814 4813 quo
2853 4758 2959 4798 non
3007 4745 3306 4800 hostiarum
3353 4747 3574 4818 sanguis

1988 4854 2164 4910 neque
2205 4838 2481 4902 libamina,
2527 4838 2620 4893 sed
2664 4838 3014 4908 tbymiamata
3066 4848 3272 4895 tantum
3324 4842 3575 4898 incende-

1988 4929 2206 4994 bantur,
2239 4944 2467 5000 quorum
2519 4929 2798 4998 superiora
2843 4931 3142 4987 ascendens
3187 4933 3466 5002 operiebat
3493 4948 3576 4987 ar-

1990 5037 2134 5088 eam,
2162 5030 2326 5090 atque
2355 5020 2632 5075 oraculum
2661 5019 2828 5075 odore
2869 5022 3152 5076 suavitatis
3196 5021 3468 5091 implebat.
3515 5021 3571 5076 ln

1991 5128 2099 5185 quo
2129 5112 2303 5168 sancti
2333 5112 2648 5182 ﬁgurantur,
2701 5111 2793 5182 qui
2835 5111 2960 5166 dum
3009 5113 3267 5184 neglectis
3307 5120 3574 5182 tempora-

1991 5201 2123 5256 lium
2153 5201 2538 5270 cupiditatibus
2562 5210 2674 5256 tota
2709 5201 3002 5257 intentione
3031 5201 3270 5258 coelestia
3307 5211 3572 5271 quarunt,

1995 5292 2147 5364 quasi
2189 5292 2334 5346 intus
2353 5291 2507 5362 juxta
2538 5291 2816 5348 oraculum
2867 5293 3028 5363 positi
3075 5301 3238 5347 sunt:
3271 5307 3372 5348 nec
3414 5293 3577 5367 longe

1997 5385 2190 5442 remoti
2220 5400 2250 5439 a
2287 5384 2406 5440 velo
2428 5399 2535 5456 quo
2561 5385 2816 5456 templum
2844 5393 2898 5438 et
2923 5392 3108 5440 sancta
3147 5393 3456 5442 sanctorum
3499 5386 3581 5444 di-

2000 5477 2300 5542 rimuntur;
2355 5479 2478 5548 quia
2538 5493 2768 5548 corpore
2813 5487 3019 5534 tantum
3077 5485 3276 5535 terram
3319 5479 3579 5549 incolunt,

2001 5568 2094 5624 sed
2128 5577 2236 5622 tota
2258 5578 2434 5624 mente
2481 5571 2535 5624 in
2596 5571 2735 5627 coelo
2781 5578 2922 5626 sunt.
2976 5568 3234 5627 Ascendit
3287 5583 3465 5626 autem
3511 5570 3584 5628 ab

2001 5660 2106 5716 hoc
2132 5661 2288 5716 altari
2322 5661 2501 5719 fumus
2547 5664 2891 5721 incensorum
2941 5664 3083 5720 intra
3129 5675 3314 5721 sancta
3369 5677 3584 5721 sancto-

2004 5769 2121 5808 rum
2154 5756 2242 5811 ubi
2269 5772 2392 5812 arca
2420 5765 2504 5812 est
2525 5757 2837 5820 recondita;
2867 5769 2926 5810 ut
2957 5759 3238 5815 orationes
3271 5768 3580 5813 sanctorum

2005 5846 2221 5902 flamma
2245 5849 2528 5906 charitatis
2575 5848 2824 5905 excitatae
2873 5849 2941 5907 ad
2992 5851 3186 5909 ccelum
3244 5847 3579 5919 perveniant,
