  <div class='ocr_page' id='page_1' title='image "/cluster/home/n/w/nwhite01/storage/ocr_20150623/113/hvd.32044018909572/343.png"; bbox 0 0 4122 6350; ppageno 0'>
   <div class='ocr_carea' id='block_1_1' title="bbox 585 418 691 476">
    <p class='ocr_par' dir='ltr' id='par_1_1' title="bbox 585 418 691 476">
     <span class='ocr_line' id='line_1_1' title="bbox 585 418 691 476; baseline -0.019 0"><span class='ocrx_word' id='word_1_1' title='bbox 585 418 691 476; x_wconf 80' lang='lat'><strong>675</strong></span> 
     </span>
    </p>
   </div>
   <div class='ocr_carea' id='block_1_2' title="bbox 1031 400 3291 475">
    <p class='ocr_par' dir='ltr' id='par_1_2' title="bbox 1031 400 3291 475">
     <span class='ocr_line' id='line_1_2' title="bbox 1031 400 3291 475; baseline -0.004 0"><span class='ocrx_word' id='word_1_2' title='bbox 1031 424 1039 445; x_wconf 70' lang='grc' dir='ltr'>ν</span> <span class='ocrx_word' id='word_1_3' title='bbox 1079 417 1472 475; x_wconf 77' lang='lat' dir='ltr'><strong>WALAFRIDI</strong></span> <span class='ocrx_word' id='word_1_4' title='bbox 1512 400 1759 475; x_wconf 72' lang='lat' dir='ltr'><strong>STRABI</strong></span> <span class='ocrx_word' id='word_1_5' title='bbox 1791 410 1996 475; x_wconf 75' lang='lat' dir='ltr'><strong>ruta.</strong></span> <span class='ocrx_word' id='word_1_6' title='bbox 2037 414 2203 474; x_wconf 71' lang='lat' dir='ltr'><strong>non.</strong></span> <span class='ocrx_word' id='word_1_7' title='bbox 2243 414 2394 472; x_wconf 74' lang='lat' dir='ltr'><strong>ore.</strong></span> <span class='ocrx_word' id='word_1_8' title='bbox 2432 415 2613 473; x_wconf 82' lang='lat' dir='ltr'><strong>PARS</strong></span> <span class='ocrx_word' id='word_1_9' title='bbox 2648 416 2688 471; x_wconf 93' lang='lat' dir='ltr'><strong>l.</strong></span> <span class='ocrx_word' id='word_1_10' title='bbox 2727 443 2799 456; x_wconf 86' lang='lat'>—</span> <span class='ocrx_word' id='word_1_11' title='bbox 2835 406 3291 470; x_wconf 84' lang='lat' dir='ltr'><strong>THEOLOGICA.</strong></span> 
     </span>
    </p>
   </div>
   <div class='ocr_carea' id='block_1_3' title="bbox 3725 410 3850 466">
    <p class='ocr_par' dir='ltr' id='par_1_3' title="bbox 3725 410 3850 466">
     <span class='ocr_line' id='line_1_3' title="bbox 3725 410 3850 466; baseline 0.016 -2"><span class='ocrx_word' id='word_1_12' title='bbox 3725 410 3850 466; x_wconf 78' lang='lat'><strong>676</strong></span> 
     </span>
    </p>
   </div>
   <div class='ocr_carea' id='block_1_4' title="bbox 582 500 3863 601">
    <p class='ocr_par' dir='ltr' id='par_1_4' title="bbox 582 500 3863 601">
     <span class='ocr_line' id='line_1_4' title="bbox 582 500 3863 601; baseline -0.004 -10"><span class='ocrx_word' id='word_1_13' title='bbox 582 535 677 591; x_wconf 89' lang='lat' dir='ltr'><strong>ubi</strong></span> <span class='ocrx_word' id='word_1_14' title='bbox 698 533 946 591; x_wconf 78' lang='lat' dir='ltr'><strong>Christus</strong></span> <span class='ocrx_word' id='word_1_15' title='bbox 963 535 1133 591; x_wconf 94' lang='lat' dir='ltr'><strong>estad</strong></span> <span class='ocrx_word' id='word_1_16' title='bbox 1166 535 1441 590; x_wconf 82' lang='lat' dir='ltr'><strong>dexteram</strong></span> <span class='ocrx_word' id='word_1_17' title='bbox 1478 535 1572 590; x_wconf 87' lang='lat' dir='ltr'><strong>Dei</strong></span> <span class='ocrx_word' id='word_1_18' title='bbox 1607 535 1818 589; x_wconf 89' lang='lat' dir='ltr'><strong>sedens.</strong></span> <span class='ocrx_word' id='word_1_19' title='bbox 1848 532 1963 589; x_wconf 85' lang='lat' dir='ltr'><strong>Non</strong></span> <span class='ocrx_word' id='word_1_20' title='bbox 2010 533 2155 590; x_wconf 88' lang='lat' dir='ltr'><strong>enim</strong></span> <span class='ocrx_word' id='word_1_21' title='bbox 2259 531 2481 587; x_wconf 89' lang='lat' dir='ltr'><strong>Christi.</strong></span> <span class='ocrx_word' id='word_1_22' title='bbox 2528 529 2680 588; x_wconf 93' lang='lat' dir='ltr'><strong>Unde</strong></span> <span class='ocrx_word' id='word_1_23' title='bbox 2712 548 2727 585; x_wconf 86' lang='lat'><strong>:</strong></span> <span class='ocrx_word' id='word_1_24' title='bbox 2757 530 2924 601; x_wconf 81' lang='lat' dir='ltr'><strong><em>Cupio</em></strong></span> <span class='ocrx_word' id='word_1_25' title='bbox 2971 526 3189 584; x_wconf 84' lang='lat' dir='ltr'><strong>dissolui</strong></span> <span class='ocrx_word' id='word_1_26' title='bbox 3237 536 3289 582; x_wconf 86' lang='lat' dir='ltr'><strong>et</strong></span> <span class='ocrx_word' id='word_1_27' title='bbox 3331 540 3441 581; x_wconf 75' lang='lat' dir='ltr'><strong>esse</strong></span> <span class='ocrx_word' id='word_1_28' title='bbox 3474 540 3597 579; x_wconf 60' lang='lat' dir='ltr'><strong>sua</strong></span> <span class='ocrx_word' id='word_1_29' title='bbox 3626 522 3863 583; x_wconf 66' lang='lat' dir='ltr'><strong>Christo</strong></span> 
     </span>
    </p>
   </div>
   <div class='ocr_carea' id='block_1_5' title="bbox 581 622 2162 697">
    <p class='ocr_par' dir='ltr' id='par_1_5' title="bbox 581 622 2162 697">
     <span class='ocr_line' id='line_1_5' title="bbox 581 622 2162 697; baseline -0.001 -16"><span class='ocrx_word' id='word_1_30' title='bbox 581 625 639 681; x_wconf 91' lang='lat' dir='ltr'><strong>in</strong></span> <span class='ocrx_word' id='word_1_31' title='bbox 666 625 770 680; x_wconf 88' lang='lat' dir='ltr'><strong>hoc</strong></span> <span class='ocrx_word' id='word_1_32' title='bbox 799 623 955 679; x_wconf 89' lang='lat' dir='ltr'><strong>altari</strong></span> <span class='ocrx_word' id='word_1_33' title='bbox 987 625 1205 694; x_wconf 76' lang='lat' dir='ltr'><strong>sanguis</strong></span> <span class='ocrx_word' id='word_1_34' title='bbox 1231 625 1527 680; x_wconf 73' lang='lat' dir='ltr'><strong>hostiarum</strong></span> <span class='ocrx_word' id='word_1_35' title='bbox 1575 622 1668 679; x_wconf 90' lang='lat' dir='ltr'><strong>sed</strong></span> <span class='ocrx_word' id='word_1_36' title='bbox 1717 624 2010 697; x_wconf 85' lang='lat' dir='ltr'><strong>thymiama</strong></span> <span class='ocrx_word' id='word_1_37' title='bbox 2050 631 2162 679; x_wconf 84' lang='lat' dir='ltr'><strong>tan-</strong></span> 
     </span>
    </p>
   </div>
   <div class='ocr_carea' id='block_1_6' title="bbox 581 714 2155 785">
    <p class='ocr_par' dir='ltr' id='par_1_6' title="bbox 581 714 2155 785">
     <span class='ocr_line' id='line_1_6' title="bbox 581 714 2155 785; baseline -0.002 -14"><span class='ocrx_word' id='word_1_38' title='bbox 581 725 697 771; x_wconf 85' lang='lat' dir='ltr'><strong>tum</strong></span> <span class='ocrx_word' id='word_1_39' title='bbox 724 714 1050 782; x_wconf 86' lang='lat' dir='ltr'><strong>incenditur,</strong></span> <span class='ocrx_word' id='word_1_40' title='bbox 1101 716 1224 785; x_wconf 89' lang='lat' dir='ltr'><strong>quia</strong></span> <span class='ocrx_word' id='word_1_41' title='bbox 1280 715 1414 770; x_wconf 84' lang='lat' dir='ltr'><strong>tales</strong></span> <span class='ocrx_word' id='word_1_42' title='bbox 1458 714 1557 769; x_wconf 85' lang='lat' dir='ltr'><strong>viri</strong></span> <span class='ocrx_word' id='word_1_43' title='bbox 1607 730 1713 771; x_wconf 86' lang='lat' dir='ltr'><strong>non</strong></span> <span class='ocrx_word' id='word_1_44' title='bbox 1771 715 1973 770; x_wconf 82' lang='lat' dir='ltr'><strong>habent</strong></span> <span class='ocrx_word' id='word_1_45' title='bbox 1997 729 2155 784; x_wconf 81' lang='lat' dir='ltr'><strong>opera</strong></span> 
     </span>
    </p>
   </div>
   <div class='ocr_carea' id='block_1_7' title="bbox 581 804 2161 881">
    <p class='ocr_par' dir='ltr' id='par_1_7' title="bbox 581 804 2161 881">
     <span class='ocr_line' id='line_1_7' title="bbox 581 804 2161 881; baseline -0.002 -19"><span class='ocrx_word' id='word_1_46' title='bbox 581 808 763 863; x_wconf 91' lang='lat' dir='ltr'><strong>carnis</strong></span> <span class='ocrx_word' id='word_1_47' title='bbox 780 816 836 861; x_wconf 86' lang='lat' dir='ltr'><strong>et</strong></span> <span class='ocrx_word' id='word_1_48' title='bbox 858 806 1132 881; x_wconf 78' lang='lat' dir='ltr'><strong>sanguinis</strong></span> <span class='ocrx_word' id='word_1_49' title='bbox 1154 821 1272 876; x_wconf 66' lang='lat' dir='ltr'><strong>quae</strong></span> <span class='ocrx_word' id='word_1_50' title='bbox 1302 814 1539 860; x_wconf 89' lang='lat' dir='ltr'><strong>mactent</strong></span> <span class='ocrx_word' id='word_1_51' title='bbox 1563 804 1790 860; x_wconf 90' lang='lat' dir='ltr'><strong>Domino</strong></span> <span class='ocrx_word' id='word_1_52' title='bbox 1831 805 1885 860; x_wconf 89' lang='lat' dir='ltr'><strong>in</strong></span> <span class='ocrx_word' id='word_1_53' title='bbox 1920 820 2011 861; x_wconf 86' lang='lat' dir='ltr'><strong>ara</strong></span> <span class='ocrx_word' id='word_1_54' title='bbox 2040 819 2161 860; x_wconf 86' lang='lat' dir='ltr'><strong>cor-</strong></span> 
     </span>
    </p>
   </div>
   <div class='ocr_carea' id='block_1_8' title="bbox 581 896 2162 995">
    <p class='ocr_par' dir='ltr' id='par_1_8' title="bbox 581 896 2162 995">
     <span class='ocr_line' id='line_1_8' title="bbox 581 896 2162 995; baseline 0 -41"><span class='ocrx_word' id='word_1_55' title='bbox 581 899 684 965; x_wconf 87' lang='lat' dir='ltr'><strong>dis,</strong></span> <span class='ocrx_word' id='word_1_56' title='bbox 714 896 808 954; x_wconf 89' lang='lat' dir='ltr'><strong>sed</strong></span> <span class='ocrx_word' id='word_1_57' title='bbox 836 898 1197 995; x_wconf 54' lang='lat' dir='ltr'><strong>lagrymarum</strong></span> <span class='ocrx_word' id='word_1_58' title='bbox 1226 906 1282 952; x_wconf 91' lang='lat' dir='ltr'><strong>et</strong></span> <span class='ocrx_word' id='word_1_59' title='bbox 1302 897 1609 953; x_wconf 85' lang='lat' dir='ltr'><strong>orationum</strong></span> <span class='ocrx_word' id='word_1_60' title='bbox 1635 906 1760 953; x_wconf 88' lang='lat' dir='ltr'><strong>vota</strong></span> <span class='ocrx_word' id='word_1_61' title='bbox 1802 912 1901 968; x_wconf 88' lang='lat' dir='ltr'><strong>pro</strong></span> <span class='ocrx_word' id='word_1_62' title='bbox 1952 896 2162 954; x_wconf 82' lang='lat' dir='ltr'><strong>deside-</strong></span> 
     </span>
    </p>
   </div>
   <div class='ocr_carea' id='block_1_9' title="bbox 580 985 1917 1067">
    <p class='ocr_par' dir='ltr' id='par_1_9' title="bbox 580 985 1917 1067">
     <span class='ocr_line' id='line_1_9' title="bbox 580 985 1917 1067; baseline -0.002 -22"><span class='ocrx_word' id='word_1_63' title='bbox 580 989 662 1045; x_wconf 88' lang='lat' dir='ltr'><strong>rio</strong></span> <span class='ocrx_word' id='word_1_64' title='bbox 690 990 838 1060; x_wconf 87' lang='lat' dir='ltr'><strong>regni</strong></span> <span class='ocrx_word' id='word_1_65' title='bbox 877 985 1113 1045; x_wconf 51' lang='lat' dir='ltr'><strong>{celestis</strong></span> <span class='ocrx_word' id='word_1_66' title='bbox 1138 985 1386 1044; x_wconf 70' lang='lat' dir='ltr'><strong>offerunt.</strong></span> <span class='ocrx_word' id='word_1_67' title='bbox 1905 1058 1917 1067; x_wconf 35' lang='grc' dir='ltr'><strong><em>ο</em></strong></span> 
     </span>
    </p>
   </div>
   <div class='ocr_carea' id='block_1_10' title="bbox 649 1074 2158 1150">
    <p class='ocr_par' dir='ltr' id='par_1_10' title="bbox 649 1074 2158 1150">
     <span class='ocr_line' id='line_1_10' title="bbox 649 1074 2158 1150; baseline -0.001 -15"><span class='ocrx_word' id='word_1_68' title='bbox 649 1079 816 1136; x_wconf 72' lang='lat' dir='ltr'><strong>Vens.</strong></span> <span class='ocrx_word' id='word_1_69' title='bbox 840 1076 928 1136; x_wconf 71' lang='grc'><strong>21.</strong></span> <span class='ocrx_word' id='word_1_70' title='bbox 953 1110 1023 1123; x_wconf 85' lang='grc'><strong><em>--</em></strong></span> <span class='ocrx_word' id='word_1_71' title='bbox 1046 1074 1116 1133; x_wconf 86' lang='lat' dir='ltr'><strong>Et</strong></span> <span class='ocrx_word' id='word_1_72' title='bbox 1141 1078 1385 1150; x_wconf 76' lang='lat' dir='ltr'><strong>forcipes,</strong></span> <span class='ocrx_word' id='word_1_73' title='bbox 1407 1088 1511 1133; x_wconf 88' lang='lat' dir='ltr'><strong>etc.</strong></span> <span class='ocrx_word' id='word_1_74' title='bbox 1542 1077 1801 1149; x_wconf 88' lang='lat' dir='ltr'><strong>Forcipes</strong></span> <span class='ocrx_word' id='word_1_75' title='bbox 1847 1078 1901 1134; x_wconf 95' lang='lat' dir='ltr'><strong>in</strong></span> <span class='ocrx_word' id='word_1_76' title='bbox 1946 1094 2045 1134; x_wconf 90' lang='lat' dir='ltr'><strong>usu</strong></span> <span class='ocrx_word' id='word_1_77' title='bbox 2074 1078 2158 1134; x_wconf 89' lang='lat' dir='ltr'><strong>al-</strong></span> 
     </span>
    </p>
   </div>
   <div class='ocr_carea' id='block_1_11' title="bbox 577 1166 2159 1240">
    <p class='ocr_par' dir='ltr' id='par_1_11' title="bbox 577 1166 2159 1240">
     <span class='ocr_line' id='line_1_11' title="bbox 577 1166 2159 1240; baseline 0 -15"><span class='ocrx_word' id='word_1_78' title='bbox 577 1170 712 1226; x_wconf 89' lang='lat' dir='ltr'><strong>taris</strong></span> <span class='ocrx_word' id='word_1_79' title='bbox 732 1168 859 1226; x_wconf 85' lang='lat' dir='ltr'><strong>facti</strong></span> <span class='ocrx_word' id='word_1_80' title='bbox 885 1179 1010 1227; x_wconf 89' lang='lat' dir='ltr'><strong>sunt</strong></span> <span class='ocrx_word' id='word_1_81' title='bbox 1031 1170 1185 1226; x_wconf 67' lang='lat' dir='ltr'><strong>aanei.</strong></span> <span class='ocrx_word' id='word_1_82' title='bbox 1216 1168 1323 1225; x_wconf 85' lang='lat' dir='ltr'><strong>Sed</strong></span> <span class='ocrx_word' id='word_1_83' title='bbox 1351 1183 1406 1226; x_wconf 89' lang='lat' dir='ltr'><strong>et</strong></span> <span class='ocrx_word' id='word_1_84' title='bbox 1428 1170 1480 1225; x_wconf 93' lang='lat' dir='ltr'><strong>hi</strong></span> <span class='ocrx_word' id='word_1_85' title='bbox 1504 1170 1702 1240; x_wconf 87' lang='lat' dir='ltr'><strong>quibus</strong></span> <span class='ocrx_word' id='word_1_86' title='bbox 1727 1166 2159 1225; x_wconf 86' lang='lat' dir='ltr'><strong>emundabantur</strong></span> 
     </span>
    </p>
   </div>
   <div class='ocr_carea' id='block_1_12' title="bbox 576 1259 2159 1332">
    <p class='ocr_par' dir='ltr' id='par_1_12' title="bbox 576 1259 2159 1332">
     <span class='ocr_line' id='line_1_12' title="bbox 576 1259 2159 1332; baseline 0.001 -18"><span class='ocrx_word' id='word_1_87' title='bbox 576 1259 828 1325; x_wconf 61' lang='lat' dir='ltr'><strong>lucerna},</strong></span> <span class='ocrx_word' id='word_1_88' title='bbox 863 1261 1362 1332; x_wconf 81' lang='lat' dir='ltr'><strong>interpretationem</strong></span> <span class='ocrx_word' id='word_1_89' title='bbox 1393 1260 1690 1330; x_wconf 87' lang='lat' dir='ltr'><strong>spiritualis</strong></span> <span class='ocrx_word' id='word_1_90' title='bbox 1719 1266 1908 1317; x_wconf 77' lang='lat' dir='ltr'><strong>sensus</strong></span> <span class='ocrx_word' id='word_1_91' title='bbox 1929 1277 2027 1332; x_wconf 88' lang='lat' dir='ltr'><strong>per</strong></span> <span class='ocrx_word' id='word_1_92' title='bbox 2062 1259 2159 1316; x_wconf 87' lang='lat' dir='ltr'><strong>do-</strong></span> 
     </span>
    </p>
   </div>
   <div class='ocr_carea' id='block_1_13' title="bbox 576 1350 2158 1424">
    <p class='ocr_par' dir='ltr' id='par_1_13' title="bbox 576 1350 2158 1424">
     <span class='ocr_line' id='line_1_13' title="bbox 576 1350 2158 1424; baseline 0.001 -16"><span class='ocrx_word' id='word_1_93' title='bbox 576 1361 787 1409; x_wconf 89' lang='lat' dir='ltr'><strong>ctorum</strong></span> <span class='ocrx_word' id='word_1_94' title='bbox 816 1351 990 1409; x_wconf 81' lang='lat' dir='ltr'><strong>oﬂicia</strong></span> <span class='ocrx_word' id='word_1_95' title='bbox 1022 1352 1347 1424; x_wconf 81' lang='lat' dir='ltr'><strong>signiﬁcant.</strong></span> <span class='ocrx_word' id='word_1_96' title='bbox 1375 1350 1482 1424; x_wconf 83' lang='lat' dir='ltr'><strong>Ipsi</strong></span> <span class='ocrx_word' id='word_1_97' title='bbox 1507 1354 1652 1409; x_wconf 89' lang='lat' dir='ltr'><strong>enim</strong></span> <span class='ocrx_word' id='word_1_98' title='bbox 1680 1355 1846 1410; x_wconf 90' lang='lat' dir='ltr'><strong>verba</strong></span> <span class='ocrx_word' id='word_1_99' title='bbox 1879 1352 2020 1411; x_wconf 84' lang='lat' dir='ltr'><strong>sacri</strong></span> <span class='ocrx_word' id='word_1_100' title='bbox 2048 1353 2158 1410; x_wconf 87' lang='lat' dir='ltr'><strong>elo-</strong></span> 
     </span>
    </p>
   </div>
   <div class='ocr_carea' id='block_1_14' title="bbox 575 1434 2158 1515">
    <p class='ocr_par' dir='ltr' id='par_1_14' title="bbox 575 1434 2158 1515">
     <span class='ocr_line' id='line_1_14' title="bbox 575 1434 2158 1515; baseline 0.001 -18"><span class='ocrx_word' id='word_1_101' title='bbox 575 1443 691 1515; x_wconf 92' lang='lat' dir='ltr'><strong>quii</strong></span> <span class='ocrx_word' id='word_1_102' title='bbox 716 1443 784 1498; x_wconf 92' lang='lat' dir='ltr'><strong>ab</strong></span> <span class='ocrx_word' id='word_1_103' title='bbox 812 1442 1038 1500; x_wconf 87' lang='lat' dir='ltr'><strong>historia</strong></span> <span class='ocrx_word' id='word_1_104' title='bbox 1087 1443 1143 1498; x_wconf 94' lang='lat' dir='ltr'><strong>in</strong></span> <span class='ocrx_word' id='word_1_105' title='bbox 1186 1434 1524 1515; x_wconf 79' lang='lat' dir='ltr'><strong>allegoriam,</strong></span> <span class='ocrx_word' id='word_1_106' title='bbox 1554 1444 1624 1499; x_wconf 90' lang='lat' dir='ltr'><strong>ab</strong></span> <span class='ocrx_word' id='word_1_107' title='bbox 1654 1444 1844 1498; x_wconf 90' lang='lat' dir='ltr'><strong>umbra</strong></span> <span class='ocrx_word' id='word_1_108' title='bbox 1876 1444 1931 1499; x_wconf 92' lang='lat' dir='ltr'><strong>in</strong></span> <span class='ocrx_word' id='word_1_109' title='bbox 1956 1444 2158 1500; x_wconf 88' lang='lat' dir='ltr'><strong>verita-</strong></span> 
     </span>
    </p>
   </div>
   <div class='ocr_carea' id='block_1_15' title="bbox 576 1532 2158 1605">
    <p class='ocr_par' dir='ltr' id='par_1_15' title="bbox 576 1532 2158 1605">
     <span class='ocr_line' id='line_1_15' title="bbox 576 1532 2158 1605; baseline 0.001 -17"><span class='ocrx_word' id='word_1_110' title='bbox 576 1544 686 1588; x_wconf 83' lang='lat' dir='ltr'><strong>tem</strong></span> <span class='ocrx_word' id='word_1_111' title='bbox 719 1533 1127 1600; x_wconf 76' lang='lat' dir='ltr'><strong>transferentes,</strong></span> <span class='ocrx_word' id='word_1_112' title='bbox 1172 1533 1327 1605; x_wconf 90' lang='lat' dir='ltr'><strong>quasi</strong></span> <span class='ocrx_word' id='word_1_113' title='bbox 1378 1532 1551 1589; x_wconf 83' lang='lat' dir='ltr'><strong>lucem</strong></span> <span class='ocrx_word' id='word_1_114' title='bbox 1599 1534 1839 1590; x_wconf 66' lang='lat' dir='ltr'><strong>scientiae</strong></span> <span class='ocrx_word' id='word_1_115' title='bbox 1881 1533 1935 1588; x_wconf 94' lang='lat' dir='ltr'><strong>in</strong></span> <span class='ocrx_word' id='word_1_116' title='bbox 1974 1533 2158 1589; x_wconf 89' lang='lat' dir='ltr'><strong>Eccle-</strong></span> 
     </span>
    </p>
   </div>
   <div class='ocr_carea' id='block_1_16' title="bbox 574 1624 2158 1699">
    <p class='ocr_par' dir='ltr' id='par_1_16' title="bbox 574 1624 2158 1699">
     <span class='ocr_line' id='line_1_16' title="bbox 574 1624 2158 1699; baseline 0 -17"><span class='ocrx_word' id='word_1_117' title='bbox 574 1626 712 1682; x_wconf 88' lang='lat' dir='ltr'><strong>siam</strong></span> <span class='ocrx_word' id='word_1_118' title='bbox 739 1641 904 1697; x_wconf 85' lang='lat' dir='ltr'><strong>super</strong></span> <span class='ocrx_word' id='word_1_119' title='bbox 931 1624 1318 1683; x_wconf 84' lang='lat' dir='ltr'><strong>candelabrum</strong></span> <span class='ocrx_word' id='word_1_120' title='bbox 1361 1626 1653 1699; x_wconf 86' lang='lat' dir='ltr'><strong>mysticum</strong></span> <span class='ocrx_word' id='word_1_121' title='bbox 1697 1626 1858 1699; x_wconf 88' lang='lat' dir='ltr'><strong>positi</strong></span> <span class='ocrx_word' id='word_1_122' title='bbox 1901 1625 2158 1698; x_wconf 85' lang='lat' dir='ltr'><strong>multipli-</strong></span> 
     </span>
    </p>
   </div>
   <div class='ocr_carea' id='block_1_17' title="bbox 573 1726 720 1774">
    <p class='ocr_par' dir='ltr' id='par_1_17' title="bbox 573 1726 720 1774">
     <span class='ocr_line' id='line_1_17' title="bbox 573 1726 720 1774; baseline -0.007 0"><span class='ocrx_word' id='word_1_123' title='bbox 573 1726 720 1774; x_wconf 90' lang='lat' dir='ltr'><strong>cant.</strong></span> 
     </span>
    </p>
   </div>
   <div class='ocr_carea' id='block_1_18' title="bbox 644 1796 2158 1869">
    <p class='ocr_par' dir='ltr' id='par_1_18' title="bbox 644 1796 2158 1869">
     <span class='ocr_line' id='line_1_18' title="bbox 644 1796 2158 1869; baseline 0.001 -2"><span class='ocrx_word' id='word_1_124' title='bbox 644 1812 812 1868; x_wconf 75' lang='lat' dir='ltr'><strong>Vens.</strong></span> <span class='ocrx_word' id='word_1_125' title='bbox 848 1810 938 1867; x_wconf 77' lang='grc'><strong>22.</strong></span> <span class='ocrx_word' id='word_1_126' title='bbox 964 1844 1036 1854; x_wconf 95' lang='grc'><strong>-</strong></span> <span class='ocrx_word' id='word_1_127' title='bbox 1065 1811 1133 1867; x_wconf 87' lang='lat' dir='ltr'><strong>Et</strong></span> <span class='ocrx_word' id='word_1_128' title='bbox 1165 1810 1299 1868; x_wconf 79' lang='lat' dir='ltr'><strong>ostia</strong></span> <span class='ocrx_word' id='word_1_129' title='bbox 1323 1812 1546 1868; x_wconf 63' lang='lat' dir='ltr'><strong>caelavit.</strong></span> <span class='ocrx_word' id='word_1_130' title='bbox 1577 1813 1645 1868; x_wconf 86' lang='lat' dir='ltr'><strong>Hi</strong></span> <span class='ocrx_word' id='word_1_131' title='bbox 1669 1821 1796 1869; x_wconf 87' lang='lat' dir='ltr'><strong>sunt</strong></span> <span class='ocrx_word' id='word_1_132' title='bbox 1832 1796 2078 1869; x_wconf 83' lang='lat' dir='ltr'><strong>doctores</strong></span> <span class='ocrx_word' id='word_1_133' title='bbox 2103 1822 2158 1868; x_wconf 87' lang='lat' dir='ltr'><strong>et</strong></span> 
     </span>
    </p>
   </div>
   <div class='ocr_carea' id='block_1_19' title="bbox 2286 623 2517 695">
    <p class='ocr_par' dir='ltr' id='par_1_19' title="bbox 2286 623 2517 695">
     <span class='ocr_line' id='line_1_19' title="bbox 2286 623 2517 695; baseline 0.004 -18"><span class='ocrx_word' id='word_1_134' title='bbox 2286 623 2429 681; x_wconf 73' lang='lat' dir='ltr'><strong>Phil.</strong></span> <span class='ocrx_word' id='word_1_135' title='bbox 2453 623 2517 695; x_wconf 88' lang='grc' dir='ltr'><strong>ι).</strong></span> 
     </span>
    </p>
   </div>
   <div class='ocr_carea' id='block_1_20' title="bbox 2262 626 3864 783">
    <p class='ocr_par' dir='ltr' id='par_1_20' title="bbox 2262 626 3864 783">
     <span class='ocr_line' id='line_1_20' title="bbox 2262 626 3864 783; baseline -0.002 -16"><span class='ocrx_word' id='word_1_136' title='bbox 2262 626 2517 773; x_wconf 39' lang='lat' dir='ltr'><strong>(Pituita.</strong></span> <span class='ocrx_word' id='word_1_137' title='bbox 2530 715 2618 771; x_wconf 73' lang='lat'><strong>12.</strong></span> <span class='ocrx_word' id='word_1_138' title='bbox 2644 745 2715 755; x_wconf 98' lang='lat'><strong>—</strong></span> <span class='ocrx_word' id='word_1_139' title='bbox 2748 712 2929 768; x_wconf 73' lang='lat' dir='ltr'><strong>Vesttti</strong></span> <span class='ocrx_word' id='word_1_140' title='bbox 2965 711 3208 783; x_wconf 70' lang='lat' dir='ltr'><strong>byssinis.</strong></span> <span class='ocrx_word' id='word_1_141' title='bbox 3246 708 3352 765; x_wconf 89' lang='lat' dir='ltr'><strong>Per</strong></span> <span class='ocrx_word' id='word_1_142' title='bbox 3391 708 3557 764; x_wconf 77' lang='lat' dir='ltr'><strong>stolas</strong></span> <span class='ocrx_word' id='word_1_143' title='bbox 3592 706 3864 779; x_wconf 76' lang='lat' dir='ltr'><strong>byssinns</strong></span> 
     </span>
    </p>
   </div>
   <div class='ocr_carea' id='block_1_21' title="bbox 2259 800 3863 875">
    <p class='ocr_par' dir='ltr' id='par_1_21' title="bbox 2259 800 3863 875">
     <span class='ocr_line' id='line_1_21' title="bbox 2259 800 3863 875; baseline -0.008 -9"><span class='ocrx_word' id='word_1_144' title='bbox 2259 806 2485 866; x_wconf 83' lang='lat' dir='ltr'><strong>candida</strong></span> <span class='ocrx_word' id='word_1_145' title='bbox 2504 807 2781 863; x_wconf 67' lang='lat' dir='ltr'><strong>munditia:</strong></span> <span class='ocrx_word' id='word_1_146' title='bbox 2802 803 3100 875; x_wconf 82' lang='lat' dir='ltr'><strong>corporalis</strong></span> <span class='ocrx_word' id='word_1_147' title='bbox 3114 802 3342 859; x_wconf 82' lang='lat' dir='ltr'><strong>castitas</strong></span> <span class='ocrx_word' id='word_1_148' title='bbox 3368 802 3681 872; x_wconf 70' lang='lat' dir='ltr'><strong>designatur</strong></span> <span class='ocrx_word' id='word_1_149' title='bbox 3704 815 3722 855; x_wconf 87' lang='lat'><strong>:</strong></span> <span class='ocrx_word' id='word_1_150' title='bbox 3744 800 3863 855; x_wconf 85' lang='lat' dir='ltr'><strong>hac</strong></span> 
     </span>
    </p>
   </div>
   <div class='ocr_carea' id='block_1_22' title="bbox 2259 891 3865 966">
    <p class='ocr_par' dir='ltr' id='par_1_22' title="bbox 2259 891 3865 966">
     <span class='ocr_line' id='line_1_22' title="bbox 2259 891 3865 966; baseline -0.006 -12"><span class='ocrx_word' id='word_1_151' title='bbox 2259 899 2554 955; x_wconf 84' lang='lat' dir='ltr'><strong>indutmtur</strong></span> <span class='ocrx_word' id='word_1_152' title='bbox 2579 911 2769 953; x_wconf 83' lang='lat' dir='ltr'><strong>omnes</strong></span> <span class='ocrx_word' id='word_1_153' title='bbox 2789 895 2879 966; x_wconf 83' lang='lat' dir='ltr'><strong>qui</strong></span> <span class='ocrx_word' id='word_1_154' title='bbox 2914 894 3011 950; x_wconf 88' lang='lat' dir='ltr'><strong>Dei</strong></span> <span class='ocrx_word' id='word_1_155' title='bbox 3038 894 3223 949; x_wconf 80' lang='lat' dir='ltr'><strong>officio</strong></span> <span class='ocrx_word' id='word_1_156' title='bbox 3251 892 3515 948; x_wconf 87' lang='lat' dir='ltr'><strong>assistunt</strong></span> <span class='ocrx_word' id='word_1_157' title='bbox 3533 930 3551 957; x_wconf 87' lang='lat'><strong>,</strong></span> <span class='ocrx_word' id='word_1_158' title='bbox 3580 899 3637 946; x_wconf 89' lang='lat' dir='ltr'><strong>et</strong></span> <span class='ocrx_word' id='word_1_159' title='bbox 3656 891 3865 945; x_wconf 71' lang='lat' dir='ltr'><strong>laudes</strong></span> 
     </span>
    </p>
   </div>
   <div class='ocr_carea' id='block_1_23' title="bbox 2257 980 3861 1056">
    <p class='ocr_par' dir='ltr' id='par_1_23' title="bbox 2257 980 3861 1056">
     <span class='ocr_line' id='line_1_23' title="bbox 2257 980 3861 1056; baseline -0.007 -10"><span class='ocrx_word' id='word_1_160' title='bbox 2257 991 2309 1047; x_wconf 88' lang='lat' dir='ltr'><strong>ei</strong></span> <span class='ocrx_word' id='word_1_161' title='bbox 2337 1006 2453 1056; x_wconf 91' lang='lat' dir='ltr'><strong>ore,</strong></span> <span class='ocrx_word' id='word_1_162' title='bbox 2481 988 2744 1053; x_wconf 89' lang='lat' dir='ltr'><strong>moribus,</strong></span> <span class='ocrx_word' id='word_1_163' title='bbox 2774 995 2975 1043; x_wconf 89' lang='lat' dir='ltr'><strong>ctactu</strong></span> <span class='ocrx_word' id='word_1_164' title='bbox 3012 992 3366 1056; x_wconf 77' lang='lat' dir='ltr'><strong>concrepant.</strong></span> <span class='ocrx_word' id='word_1_165' title='bbox 3386 981 3663 1054; x_wconf 78' lang='lat' dir='ltr'><strong>,Cymbala</strong></span> <span class='ocrx_word' id='word_1_166' title='bbox 3698 980 3861 1035; x_wconf 79' lang='lat' dir='ltr'><strong>enim</strong></span> 
     </span>
    </p>
   </div>
   <div class='ocr_carea' id='block_1_24' title="bbox 2257 1072 3863 1149">
    <p class='ocr_par' dir='ltr' id='par_1_24' title="bbox 2257 1072 3863 1149">
     <span class='ocr_line' id='line_1_24' title="bbox 2257 1072 3863 1149; baseline -0.006 -13"><span class='ocrx_word' id='word_1_167' title='bbox 2257 1081 2371 1137; x_wconf 81' lang='lat' dir='ltr'><strong>oris</strong></span> <span class='ocrx_word' id='word_1_168' title='bbox 2401 1079 2819 1144; x_wconf 84' lang='lat' dir='ltr'><strong>confessionem,</strong></span> <span class='ocrx_word' id='word_1_169' title='bbox 2856 1076 3114 1149; x_wconf 85' lang='lat' dir='ltr'><strong>psalteria</strong></span> <span class='ocrx_word' id='word_1_170' title='bbox 3152 1074 3571 1140; x_wconf 83' lang='lat' dir='ltr'><strong>mortalitatem,</strong></span> <span class='ocrx_word' id='word_1_171' title='bbox 3616 1072 3863 1128; x_wconf 64' lang='lat' dir='ltr'><strong>cithara</strong></span> 
     </span>
    </p>
   </div>
   <div class='ocr_carea' id='block_1_25' title="bbox 2258 1165 3861 1237">
    <p class='ocr_par' dir='ltr' id='par_1_25' title="bbox 2258 1165 3861 1237">
     <span class='ocr_line' id='line_1_25' title="bbox 2258 1165 3861 1237; baseline -0.006 -9"><span class='ocrx_word' id='word_1_172' title='bbox 2258 1173 2439 1228; x_wconf 86' lang='lat' dir='ltr'><strong>carnis</strong></span> <span class='ocrx_word' id='word_1_173' title='bbox 2468 1170 2961 1237; x_wconf 81' lang='lat' dir='ltr'><strong>mortiﬁcationem,</strong></span> <span class='ocrx_word' id='word_1_174' title='bbox 3004 1176 3060 1225; x_wconf 89' lang='lat' dir='ltr'><strong>et</strong></span> <span class='ocrx_word' id='word_1_175' title='bbox 3092 1168 3250 1224; x_wconf 67' lang='lat' dir='ltr'><strong>bonae</strong></span> <span class='ocrx_word' id='word_1_176' title='bbox 3278 1165 3512 1223; x_wconf 86' lang='lat' dir='ltr'><strong>actionis</strong></span> <span class='ocrx_word' id='word_1_177' title='bbox 3552 1165 3861 1219; x_wconf 80' lang='lat' dir='ltr'><strong>strenuita-</strong></span> 
     </span>
    </p>
   </div>
   <div class='ocr_carea' id='block_1_26' title="bbox 2260 1256 3863 1334">
    <p class='ocr_par' dir='ltr' id='par_1_26' title="bbox 2260 1256 3863 1334">
     <span class='ocr_line' id='line_1_26' title="bbox 2260 1256 3863 1334; baseline -0.004 -16"><span class='ocrx_word' id='word_1_178' title='bbox 2260 1271 2390 1331; x_wconf 86' lang='lat' dir='ltr'><strong>tem,</strong></span> <span class='ocrx_word' id='word_1_179' title='bbox 2420 1262 2616 1334; x_wconf 79' lang='lat' dir='ltr'><strong>viginti</strong></span> <span class='ocrx_word' id='word_1_180' title='bbox 2658 1270 2894 1333; x_wconf 81' lang='lat' dir='ltr'><strong>quatuor</strong></span> <span class='ocrx_word' id='word_1_181' title='bbox 2930 1261 3170 1327; x_wconf 77' lang='lat' dir='ltr'><strong>cliordis,</strong></span> <span class='ocrx_word' id='word_1_182' title='bbox 3218 1259 3276 1315; x_wconf 87' lang='lat' dir='ltr'><strong>id</strong></span> <span class='ocrx_word' id='word_1_183' title='bbox 3323 1265 3409 1314; x_wconf 77' lang='lat' dir='ltr'><strong>est</strong></span> <span class='ocrx_word' id='word_1_184' title='bbox 3432 1256 3768 1329; x_wconf 76' lang='lat' dir='ltr'><strong>propheticis</strong></span> <span class='ocrx_word' id='word_1_185' title='bbox 3793 1264 3863 1313; x_wconf 76' lang='lat' dir='ltr'><strong>et</strong></span> 
     </span>
    </p>
   </div>
   <div class='ocr_carea' id='block_1_27' title="bbox 2257 1348 3523 1425">
    <p class='ocr_par' dir='ltr' id='par_1_27' title="bbox 2257 1348 3523 1425">
     <span class='ocr_line' id='line_1_27' title="bbox 2257 1348 3523 1425; baseline -0.006 -16"><span class='ocrx_word' id='word_1_186' title='bbox 2257 1353 2572 1425; x_wconf 82' lang='lat' dir='ltr'><strong>apostolicis</strong></span> <span class='ocrx_word' id='word_1_187' title='bbox 2602 1354 2865 1409; x_wconf 85' lang='lat' dir='ltr'><strong>doctrinis</strong></span> <span class='ocrx_word' id='word_1_188' title='bbox 2891 1352 3168 1407; x_wconf 60' lang='lat' dir='ltr'><strong>instructae</strong></span> <span class='ocrx_word' id='word_1_189' title='bbox 3196 1348 3523 1421; x_wconf 79' lang='lat' dir='ltr'><strong>significant.</strong></span> 
     </span>
    </p>
   </div>
   <div class='ocr_carea' id='block_1_28' title="bbox 2330 1437 3859 1510">
    <p class='ocr_par' dir='ltr' id='par_1_28' title="bbox 2330 1437 3859 1510">
     <span class='ocr_line' id='line_1_28' title="bbox 2330 1437 3859 1510; baseline -0.004 -11"><span class='ocrx_word' id='word_1_190' title='bbox 2330 1443 2663 1499; x_wconf 73' lang='lat' dir='ltr'><strong>Sacerdotes.</strong></span> <span class='ocrx_word' id='word_1_191' title='bbox 2697 1440 2791 1498; x_wconf 73' lang='lat' dir='ltr'><strong>Vel</strong></span> <span class='ocrx_word' id='word_1_192' title='bbox 2816 1443 3067 1499; x_wconf 87' lang='lat' dir='ltr'><strong>doctores</strong></span> <span class='ocrx_word' id='word_1_193' title='bbox 3104 1440 3311 1496; x_wconf 81' lang='lat' dir='ltr'><strong>scilicet</strong></span> <span class='ocrx_word' id='word_1_194' title='bbox 3342 1455 3441 1510; x_wconf 86' lang='lat' dir='ltr'><strong>per</strong></span> <span class='ocrx_word' id='word_1_195' title='bbox 3475 1437 3859 1495; x_wconf 80' lang='lat' dir='ltr'><strong>centenarium</strong></span> 
     </span>
    </p>
   </div>
   <div class='ocr_carea' id='block_1_29' title="bbox 2257 1531 3858 1607">
    <p class='ocr_par' dir='ltr' id='par_1_29' title="bbox 2257 1531 3858 1607">
     <span class='ocr_line' id='line_1_29' title="bbox 2257 1531 3858 1607; baseline -0.003 -17"><span class='ocrx_word' id='word_1_196' title='bbox 2257 1544 2313 1591; x_wconf 91' lang='lat' dir='ltr'><strong>et</strong></span> <span class='ocrx_word' id='word_1_197' title='bbox 2334 1535 2665 1591; x_wconf 88' lang='lat' dir='ltr'><strong>vicenarium</strong></span> <span class='ocrx_word' id='word_1_198' title='bbox 2694 1534 2958 1607; x_wconf 79' lang='lat' dir='ltr'><strong>expressi,</strong></span> <span class='ocrx_word' id='word_1_199' title='bbox 2984 1533 3115 1605; x_wconf 82' lang='lat' dir='ltr'><strong>quia</strong></span> <span class='ocrx_word' id='word_1_200' title='bbox 3154 1531 3432 1604; x_wconf 75' lang='lat' dir='ltr'><strong>legislator</strong></span> <span class='ocrx_word' id='word_1_201' title='bbox 3475 1531 3581 1587; x_wconf 86' lang='lat' dir='ltr'><strong>hoc</strong></span> <span class='ocrx_word' id='word_1_202' title='bbox 3618 1544 3858 1586; x_wconf 83' lang='lat' dir='ltr'><strong>numero</strong></span> 
     </span>
    </p>
   </div>
   <div class='ocr_carea' id='block_1_30' title="bbox 2257 1622 3858 1697">
    <p class='ocr_par' dir='ltr' id='par_1_30' title="bbox 2257 1622 3858 1697">
     <span class='ocr_line' id='line_1_30' title="bbox 2257 1622 3858 1697; baseline -0.001 -14"><span class='ocrx_word' id='word_1_203' title='bbox 2257 1643 2478 1683; x_wconf 90' lang='lat' dir='ltr'><strong>suorum</strong></span> <span class='ocrx_word' id='word_1_204' title='bbox 2501 1643 2768 1683; x_wconf 89' lang='lat' dir='ltr'><strong>summam</strong></span> <span class='ocrx_word' id='word_1_205' title='bbox 2799 1642 3062 1683; x_wconf 89' lang='lat' dir='ltr'><strong>annorum</strong></span> <span class='ocrx_word' id='word_1_206' title='bbox 3091 1625 3399 1697; x_wconf 83' lang='lat' dir='ltr'><strong>complevit,</strong></span> <span class='ocrx_word' id='word_1_207' title='bbox 3423 1633 3480 1680; x_wconf 87' lang='lat' dir='ltr'><strong>et</strong></span> <span class='ocrx_word' id='word_1_208' title='bbox 3502 1625 3560 1680; x_wconf 88' lang='lat' dir='ltr'><strong>in</strong></span> <span class='ocrx_word' id='word_1_209' title='bbox 3592 1624 3682 1681; x_wconf 87' lang='lat' dir='ltr'><strong>die</strong></span> <span class='ocrx_word' id='word_1_210' title='bbox 3700 1622 3858 1681; x_wconf 85' lang='lat' dir='ltr'><strong>Pen-</strong></span> 
     </span>
    </p>
   </div>
   <div class='ocr_carea' id='block_1_31' title="bbox 2258 1716 3855 1790">
    <p class='ocr_par' dir='ltr' id='par_1_31' title="bbox 2258 1716 3855 1790">
     <span class='ocr_line' id='line_1_31' title="bbox 2258 1716 3855 1790; baseline 0 -17"><span class='ocrx_word' id='word_1_211' title='bbox 2258 1727 2495 1775; x_wconf 86' lang='lat' dir='ltr'><strong>tecostes</strong></span> <span class='ocrx_word' id='word_1_212' title='bbox 2527 1718 2717 1774; x_wconf 88' lang='lat' dir='ltr'><strong>eodem</strong></span> <span class='ocrx_word' id='word_1_213' title='bbox 2746 1733 2973 1775; x_wconf 80' lang='lat' dir='ltr'><strong>numero</strong></span> <span class='ocrx_word' id='word_1_214' title='bbox 2997 1718 3279 1775; x_wconf 80' lang='lat' dir='ltr'><strong>credentes</strong></span> <span class='ocrx_word' id='word_1_215' title='bbox 3310 1716 3549 1790; x_wconf 81' lang='lat' dir='ltr'><strong>Spiritus</strong></span> <span class='ocrx_word' id='word_1_216' title='bbox 3582 1717 3855 1789; x_wconf 73' lang='lat' dir='ltr'><strong>paradeti</strong></span> 
     </span>
    </p>
   </div>
   <div class='ocr_carea' id='block_1_32' title="bbox 2258 1809 2860 1881">
    <p class='ocr_par' dir='ltr' id='par_1_32' title="bbox 2258 1809 2860 1881">
     <span class='ocr_line' id='line_1_32' title="bbox 2258 1809 2860 1881; baseline -0.005 -17"><span class='ocrx_word' id='word_1_217' title='bbox 2258 1809 2488 1881; x_wconf 89' lang='lat' dir='ltr'><strong>gratiam</strong></span> <span class='ocrx_word' id='word_1_218' title='bbox 2513 1814 2860 1881; x_wconf 87' lang='lat' dir='ltr'><strong>acceperunt.</strong></span> 
     </span>
    </p>
   </div>
   <div class='ocr_carea' id='block_1_33' title="bbox 572 1896 3857 1974">
    <p class='ocr_par' dir='ltr' id='par_1_33' title="bbox 572 1896 3857 1974">
     <span class='ocr_line' id='line_1_33' title="bbox 572 1896 3857 1974; baseline -0.001 -16"><span class='ocrx_word' id='word_1_219' title='bbox 572 1902 905 1970; x_wconf 85' lang='lat' dir='ltr'><strong>sacerdotes,</strong></span> <span class='ocrx_word' id='word_1_220' title='bbox 935 1904 1027 1974; x_wconf 91' lang='lat' dir='ltr'><strong>qui</strong></span> <span class='ocrx_word' id='word_1_221' title='bbox 1079 1901 1420 1969; x_wconf 91' lang='lat' dir='ltr'><strong>instruendo,</strong></span> <span class='ocrx_word' id='word_1_222' title='bbox 1464 1903 1807 1974; x_wconf 84' lang='lat' dir='ltr'><strong>baptizando,</strong></span> <span class='ocrx_word' id='word_1_223' title='bbox 1858 1903 2157 1959; x_wconf 81' lang='lat' dir='ltr'><strong>communi-</strong></span> <span class='ocrx_word' id='word_1_224' title='bbox 2182 1896 2231 1957; x_wconf 89' lang='lat' dir='ltr'><strong>B</strong></span> <span class='ocrx_word' id='word_1_225' title='bbox 2330 1902 2490 1957; x_wconf 74' lang='lat' dir='ltr'><strong>Vens.</strong></span> <span class='ocrx_word' id='word_1_226' title='bbox 2524 1901 2610 1959; x_wconf 77' lang='lat' dir='ltr'><strong>l5.</strong></span> <span class='ocrx_word' id='word_1_227' title='bbox 2637 1931 2707 1941; x_wconf 97' lang='lat'><strong>—</strong></span> <span class='ocrx_word' id='word_1_228' title='bbox 2734 1899 2911 1972; x_wconf 78' lang='lat' dir='ltr'><strong>Igitur</strong></span> <span class='ocrx_word' id='word_1_229' title='bbox 2938 1903 3160 1955; x_wconf 73' lang='lat' dir='ltr'><strong>cunctis.</strong></span> <span class='ocrx_word' id='word_1_230' title='bbox 3186 1898 3367 1971; x_wconf 69' lang='grc' dir='ltr'>(8η.)</span> <span class='ocrx_word' id='word_1_231' title='bbox 3404 1899 3626 1956; x_wconf 79' lang='lat' dir='ltr'><strong>Cunctis</strong></span> <span class='ocrx_word' id='word_1_232' title='bbox 3662 1914 3857 1956; x_wconf 80' lang='lat' dir='ltr'><strong>sacer-</strong></span> 
     </span>
    </p>
   </div>
   <div class='ocr_carea' id='block_1_34' title="bbox 573 1993 2156 2069">
    <p class='ocr_par' dir='ltr' id='par_1_34' title="bbox 573 1993 2156 2069">
     <span class='ocr_line' id='line_1_34' title="bbox 573 1993 2156 2069; baseline 0.001 -21"><span class='ocrx_word' id='word_1_233' title='bbox 573 1994 746 2049; x_wconf 91' lang='lat' dir='ltr'><strong>cando</strong></span> <span class='ocrx_word' id='word_1_234' title='bbox 776 1994 1022 2069; x_wconf 87' lang='lat' dir='ltr'><strong>corporis</strong></span> <span class='ocrx_word' id='word_1_235' title='bbox 1049 2001 1103 2050; x_wconf 91' lang='lat' dir='ltr'><strong>et</strong></span> <span class='ocrx_word' id='word_1_236' title='bbox 1132 1995 1409 2066; x_wconf 82' lang='lat' dir='ltr'><strong>sanguinis</strong></span> <span class='ocrx_word' id='word_1_237' title='bbox 1431 1993 1643 2050; x_wconf 88' lang='lat' dir='ltr'><strong>Donnni</strong></span> <span class='ocrx_word' id='word_1_238' title='bbox 1675 1993 1956 2066; x_wconf 82' lang='lat' dir='ltr'><strong>mysteria,</strong></span> <span class='ocrx_word' id='word_1_239' title='bbox 1980 1993 2156 2065; x_wconf 89' lang='lat' dir='ltr'><strong>prima</strong></span> 
     </span>
    </p>
   </div>
   <div class='ocr_carea' id='block_1_35' title="bbox 570 2084 1510 2158">
    <p class='ocr_par' dir='ltr' id='par_1_35' title="bbox 570 2084 1510 2158">
     <span class='ocr_line' id='line_1_35' title="bbox 570 2084 1510 2158; baseline -0.001 -16"><span class='ocrx_word' id='word_1_240' title='bbox 570 2086 727 2142; x_wconf 89' lang='lat' dir='ltr'><strong>nobis</strong></span> <span class='ocrx_word' id='word_1_241' title='bbox 758 2084 1013 2141; x_wconf 67' lang='lat' dir='ltr'><strong>Ecclesiae</strong></span> <span class='ocrx_word' id='word_1_242' title='bbox 1040 2084 1225 2142; x_wconf 87' lang='lat' dir='ltr'><strong>limina</strong></span> <span class='ocrx_word' id='word_1_243' title='bbox 1247 2086 1510 2158; x_wconf 90' lang='lat' dir='ltr'><strong>pandunt.</strong></span> 
     </span>
    </p>
   </div>
   <div class='ocr_carea' id='block_1_36' title="bbox 644 2176 2157 2251">
    <p class='ocr_par' dir='ltr' id='par_1_36' title="bbox 644 2176 2157 2251">
     <span class='ocr_line' id='line_1_36' title="bbox 644 2176 2157 2251; baseline 0.001 -17"><span class='ocrx_word' id='word_1_244' title='bbox 644 2176 834 2251; x_wconf 83' lang='lat' dir='ltr'><strong>Sicque</strong></span> <span class='ocrx_word' id='word_1_245' title='bbox 877 2178 1189 2251; x_wconf 85' lang='lat' dir='ltr'><strong>completum</strong></span> <span class='ocrx_word' id='word_1_246' title='bbox 1234 2188 1309 2234; x_wconf 78' lang='lat' dir='ltr'><strong>est</strong></span> <span class='ocrx_word' id='word_1_247' title='bbox 1349 2177 1659 2234; x_wconf 84' lang='lat' dir='ltr'><strong>omne.Cum</strong></span> <span class='ocrx_word' id='word_1_248' title='bbox 1694 2182 1857 2234; x_wconf 79' lang='lat' dir='ltr'><strong>vertis</strong></span> <span class='ocrx_word' id='word_1_249' title='bbox 1900 2177 2157 2249; x_wconf 80' lang='lat' dir='ltr'><strong>pacificus</strong></span> 
     </span>
    </p>
   </div>
   <div class='ocr_carea' id='block_1_37' title="bbox 569 2266 2159 2326">
    <p class='ocr_par' dir='ltr' id='par_1_37' title="bbox 569 2266 2159 2326">
     <span class='ocr_line' id='line_1_37' title="bbox 569 2266 2159 2326; baseline 0.001 -2"><span class='ocrx_word' id='word_1_250' title='bbox 569 2266 627 2324; x_wconf 87' lang='lat' dir='ltr'><strong>in</strong></span> <span class='ocrx_word' id='word_1_251' title='bbox 650 2266 738 2323; x_wconf 86' lang='lat' dir='ltr'><strong>die</strong></span> <span class='ocrx_word' id='word_1_252' title='bbox 760 2269 1055 2325; x_wconf 88' lang='lat' dir='ltr'><strong>novissima</strong></span> <span class='ocrx_word' id='word_1_253' title='bbox 1079 2285 1268 2326; x_wconf 90' lang='lat' dir='ltr'><strong>omnes</strong></span> <span class='ocrx_word' id='word_1_254' title='bbox 1288 2269 1490 2326; x_wconf 88' lang='lat' dir='ltr'><strong>electos</strong></span> <span class='ocrx_word' id='word_1_255' title='bbox 1510 2269 1921 2325; x_wconf 87' lang='lat' dir='ltr'><strong>resurrectionis</strong></span> <span class='ocrx_word' id='word_1_256' title='bbox 1941 2269 2159 2325; x_wconf 89' lang='lat' dir='ltr'><strong>immor-</strong></span> 
     </span>
    </p>
   </div>
   <div class='ocr_carea' id='block_1_38' title="bbox 570 2344 2156 2429">
    <p class='ocr_par' dir='ltr' id='par_1_38' title="bbox 570 2344 2156 2429">
     <span class='ocr_line' id='line_1_38' title="bbox 570 2344 2156 2429; baseline 0.001 -17"><span class='ocrx_word' id='word_1_257' title='bbox 570 2356 778 2414; x_wconf 87' lang='lat' dir='ltr'><strong>talitate</strong></span> <span class='ocrx_word' id='word_1_258' title='bbox 802 2358 1087 2429; x_wconf 85' lang='lat' dir='ltr'><strong>glorificat.</strong></span> <span class='ocrx_word' id='word_1_259' title='bbox 1117 2358 1364 2429; x_wconf 83' lang='lat' dir='ltr'><strong>Quandin</strong></span> <span class='ocrx_word' id='word_1_260' title='bbox 1392 2368 1572 2416; x_wconf 82' lang='lat' dir='ltr'><strong>autent</strong></span> <span class='ocrx_word' id='word_1_261' title='bbox 1599 2344 1948 2427; x_wconf 85' lang='lat' dir='ltr'><strong>statuslmjus</strong></span> <span class='ocrx_word' id='word_1_262' title='bbox 1972 2359 2156 2415; x_wconf 63' lang='lat' dir='ltr'><strong>saeculi</strong></span> 
     </span>
    </p>
   </div>
   <div class='ocr_carea' id='block_1_39' title="bbox 569 2446 2151 2521">
    <p class='ocr_par' dir='ltr' id='par_1_39' title="bbox 569 2446 2151 2521">
     <span class='ocr_line' id='line_1_39' title="bbox 569 2446 2151 2521; baseline 0.001 -17"><span class='ocrx_word' id='word_1_263' title='bbox 569 2451 797 2520; x_wconf 85' lang='lat' dir='ltr'><strong>geritur,</strong></span> <span class='ocrx_word' id='word_1_264' title='bbox 840 2446 972 2506; x_wconf 80' lang='lat' dir='ltr'><strong>facit</strong></span> <span class='ocrx_word' id='word_1_265' title='bbox 997 2451 1214 2521; x_wconf 87' lang='lat' dir='ltr'><strong>quidem</strong></span> <span class='ocrx_word' id='word_1_266' title='bbox 1244 2450 1501 2509; x_wconf 86' lang='lat' dir='ltr'><strong>Salomon</strong></span> <span class='ocrx_word' id='word_1_267' title='bbox 1532 2450 1722 2508; x_wconf 89' lang='lat' dir='ltr'><strong>domus</strong></span> <span class='ocrx_word' id='word_1_268' title='bbox 1754 2449 1966 2506; x_wconf 90' lang='lat' dir='ltr'><strong>Domini</strong></span> <span class='ocrx_word' id='word_1_269' title='bbox 1996 2466 2151 2520; x_wconf 88' lang='lat' dir='ltr'><strong>opus,</strong></span> 
     </span>
    </p>
   </div>
   <div class='ocr_carea' id='block_1_40' title="bbox 572 2540 2155 2612">
    <p class='ocr_par' dir='ltr' id='par_1_40' title="bbox 572 2540 2155 2612">
     <span class='ocr_line' id='line_1_40' title="bbox 572 2540 2155 2612; baseline 0 -15"><span class='ocrx_word' id='word_1_270' title='bbox 572 2540 667 2597; x_wconf 83' lang='lat' dir='ltr'><strong>sed</strong></span> <span class='ocrx_word' id='word_1_271' title='bbox 696 2552 801 2596; x_wconf 87' lang='lat' dir='ltr'><strong>non</strong></span> <span class='ocrx_word' id='word_1_272' title='bbox 833 2541 1045 2612; x_wconf 80' lang='lat' dir='ltr'><strong>perficit</strong></span> <span class='ocrx_word' id='word_1_273' title='bbox 1075 2560 1088 2596; x_wconf 89' lang='lat'><strong>:</strong></span> <span class='ocrx_word' id='word_1_274' title='bbox 1112 2543 1238 2612; x_wconf 89' lang='lat' dir='ltr'><strong>quia</strong></span> <span class='ocrx_word' id='word_1_275' title='bbox 1263 2544 1427 2599; x_wconf 90' lang='lat' dir='ltr'><strong>corda</strong></span> <span class='ocrx_word' id='word_1_276' title='bbox 1452 2542 1749 2599; x_wconf 86' lang='lat' dir='ltr'><strong>electorum</strong></span> <span class='ocrx_word' id='word_1_277' title='bbox 1778 2543 2070 2609; x_wconf 88' lang='lat' dir='ltr'><strong>Dominus,</strong></span> <span class='ocrx_word' id='word_1_278' title='bbox 2096 2552 2155 2597; x_wconf 88' lang='lat' dir='ltr'><strong>ut</strong></span> 
     </span>
    </p>
   </div>
   <div class='ocr_carea' id='block_1_41' title="bbox 571 2614 2153 2703">
    <p class='ocr_par' dir='ltr' id='par_1_41' title="bbox 571 2614 2153 2703">
     <span class='ocr_line' id='line_1_41' title="bbox 571 2614 2153 2703; baseline 0.001 -16"><span class='ocrx_word' id='word_1_279' title='bbox 571 2614 713 2687; x_wconf 72' lang='lat' dir='ltr'><strong>bona</strong></span> <span class='ocrx_word' id='word_1_280' title='bbox 770 2640 1062 2701; x_wconf 85' lang='lat' dir='ltr'><strong>operentur</strong></span> <span class='ocrx_word' id='word_1_281' title='bbox 1110 2634 1338 2702; x_wconf 81' lang='lat' dir='ltr'><strong>inspirat</strong></span> <span class='ocrx_word' id='word_1_282' title='bbox 1390 2638 1447 2688; x_wconf 91' lang='lat' dir='ltr'><strong>et</strong></span> <span class='ocrx_word' id='word_1_283' title='bbox 1493 2632 1732 2703; x_wconf 87' lang='lat' dir='ltr'><strong>adjuvat,</strong></span> <span class='ocrx_word' id='word_1_284' title='bbox 1787 2633 1917 2688; x_wconf 90' lang='lat' dir='ltr'><strong>nulli</strong></span> <span class='ocrx_word' id='word_1_285' title='bbox 1972 2641 2153 2689; x_wconf 90' lang='lat' dir='ltr'><strong>tamen</strong></span> 
     </span>
    </p>
   </div>
   <div class='ocr_carea' id='block_1_42' title="bbox 574 2722 2155 2797">
    <p class='ocr_par' dir='ltr' id='par_1_42' title="bbox 574 2722 2155 2797">
     <span class='ocr_line' id='line_1_42' title="bbox 574 2722 2155 2797; baseline 0.003 -20"><span class='ocrx_word' id='word_1_286' title='bbox 574 2722 779 2792; x_wconf 86' lang='lat' dir='ltr'><strong>absque</strong></span> <span class='ocrx_word' id='word_1_287' title='bbox 802 2732 1025 2793; x_wconf 87' lang='lat' dir='ltr'><strong>peccato</strong></span> <span class='ocrx_word' id='word_1_288' title='bbox 1046 2740 1166 2779; x_wconf 90' lang='lat' dir='ltr'><strong>esse</strong></span> <span class='ocrx_word' id='word_1_289' title='bbox 1186 2723 1368 2789; x_wconf 73' lang='lat' dir='ltr'><strong>denat,</strong></span> <span class='ocrx_word' id='word_1_290' title='bbox 1399 2722 1545 2797; x_wconf 87' lang='lat' dir='ltr'><strong>quod</strong></span> <span class='ocrx_word' id='word_1_291' title='bbox 1593 2725 1647 2781; x_wconf 92' lang='lat' dir='ltr'><strong>in</strong></span> <span class='ocrx_word' id='word_1_292' title='bbox 1694 2723 1878 2781; x_wconf 89' lang='lat' dir='ltr'><strong>futuro</strong></span> <span class='ocrx_word' id='word_1_293' title='bbox 1906 2722 2155 2782; x_wconf 84' lang='lat' dir='ltr'><strong>ﬁdelibus</strong></span> 
     </span>
    </p>
   </div>
   <div class='ocr_carea' id='block_1_43' title="bbox 573 2814 2154 2890">
    <p class='ocr_par' dir='ltr' id='par_1_43' title="bbox 573 2814 2154 2890">
     <span class='ocr_line' id='line_1_43' title="bbox 573 2814 2154 2890; baseline 0.003 -20"><span class='ocrx_word' id='word_1_294' title='bbox 573 2822 837 2871; x_wconf 83' lang='lat' dir='ltr'><strong>reservat.</strong></span> <span class='ocrx_word' id='word_1_295' title='bbox 867 2814 1087 2871; x_wconf 77' lang='lat' dir='ltr'><strong>Perticit</strong></span> <span class='ocrx_word' id='word_1_296' title='bbox 1113 2833 1243 2872; x_wconf 90' lang='lat' dir='ltr'><strong>vero</strong></span> <span class='ocrx_word' id='word_1_297' title='bbox 1262 2832 1423 2873; x_wconf 90' lang='lat' dir='ltr'><strong>omne</strong></span> <span class='ocrx_word' id='word_1_298' title='bbox 1447 2833 1582 2888; x_wconf 91' lang='lat' dir='ltr'><strong>opus</strong></span> <span class='ocrx_word' id='word_1_299' title='bbox 1606 2818 1788 2890; x_wconf 90' lang='lat' dir='ltr'><strong>templi</strong></span> <span class='ocrx_word' id='word_1_300' title='bbox 1816 2818 1900 2874; x_wconf 92' lang='lat' dir='ltr'><strong>sui</strong></span> <span class='ocrx_word' id='word_1_301' title='bbox 1935 2827 1992 2874; x_wconf 90' lang='lat' dir='ltr'><strong>et</strong></span> <span class='ocrx_word' id='word_1_302' title='bbox 2016 2818 2154 2874; x_wconf 53' lang='lat' dir='ltr'><strong>dedi.</strong></span> 
     </span>
    </p>
   </div>
   <div class='ocr_carea' id='block_1_44' title="bbox 573 2902 2153 2976">
    <p class='ocr_par' dir='ltr' id='par_1_44' title="bbox 573 2902 2153 2976">
     <span class='ocr_line' id='line_1_44' title="bbox 573 2902 2153 2976; baseline 0.001 -14"><span class='ocrx_word' id='word_1_303' title='bbox 573 2906 773 2962; x_wconf 89' lang='lat' dir='ltr'><strong>cationi</strong></span> <span class='ocrx_word' id='word_1_304' title='bbox 802 2915 986 2976; x_wconf 89' lang='lat' dir='ltr'><strong>aptum</strong></span> <span class='ocrx_word' id='word_1_305' title='bbox 1014 2902 1208 2968; x_wconf 84' lang='lat' dir='ltr'><strong>reddit,</strong></span> <span class='ocrx_word' id='word_1_306' title='bbox 1260 2914 1383 2963; x_wconf 77' lang='lat' dir='ltr'><strong>eum</strong></span> <span class='ocrx_word' id='word_1_307' title='bbox 1437 2907 1727 2965; x_wconf 88' lang='lat' dir='ltr'><strong>translatos</strong></span> <span class='ocrx_word' id='word_1_308' title='bbox 1775 2909 1841 2965; x_wconf 88' lang='lat' dir='ltr'><strong>de</strong></span> <span class='ocrx_word' id='word_1_309' title='bbox 1895 2908 1999 2963; x_wconf 88' lang='lat' dir='ltr'><strong>hac</strong></span> <span class='ocrx_word' id='word_1_310' title='bbox 2041 2909 2153 2963; x_wconf 88' lang='lat' dir='ltr'><strong>vita</strong></span> 
     </span>
    </p>
   </div>
   <div class='ocr_carea' id='block_1_45' title="bbox 548 2992 2150 3070">
    <p class='ocr_par' dir='ltr' id='par_1_45' title="bbox 548 2992 2150 3070">
     <span class='ocr_line' id='line_1_45' title="bbox 548 2992 2150 3070; baseline 0 -18"><span class='ocrx_word' id='word_1_311' title='bbox 548 2995 794 3062; x_wconf 70' lang='lat' dir='ltr'><strong>electos,</strong></span> <span class='ocrx_word' id='word_1_312' title='bbox 825 3003 1088 3051; x_wconf 65' lang='lat' dir='ltr'><strong>internum</strong></span> <span class='ocrx_word' id='word_1_313' title='bbox 1114 2992 1446 3069; x_wconf 88' lang='lat' dir='ltr'><strong>pcrducitad</strong></span> <span class='ocrx_word' id='word_1_314' title='bbox 1474 3013 1697 3068; x_wconf 85' lang='lat' dir='ltr'><strong>regnum</strong></span> <span class='ocrx_word' id='word_1_315' title='bbox 1730 3017 1742 3053; x_wconf 92' lang='lat'><strong>:</strong></span> <span class='ocrx_word' id='word_1_316' title='bbox 1778 3000 1920 3054; x_wconf 88' lang='lat' dir='ltr'><strong>unde</strong></span> <span class='ocrx_word' id='word_1_317' title='bbox 1945 3009 2150 3070; x_wconf 84' lang='lat' dir='ltr'><strong>septem</strong></span> 
     </span>
    </p>
   </div>
   <div class='ocr_carea' id='block_1_46' title="bbox 572 3086 2153 3161">
    <p class='ocr_par' dir='ltr' id='par_1_46' title="bbox 572 3086 2153 3161">
     <span class='ocr_line' id='line_1_46' title="bbox 572 3086 2153 3161; baseline 0.003 -20"><span class='ocrx_word' id='word_1_318' title='bbox 572 3088 731 3142; x_wconf 89' lang='lat' dir='ltr'><strong>annis</strong></span> <span class='ocrx_word' id='word_1_319' title='bbox 750 3086 1069 3154; x_wconf 71' lang='lat' dir='ltr'><strong>aediﬁcatur,</strong></span> <span class='ocrx_word' id='word_1_320' title='bbox 1101 3096 1297 3144; x_wconf 89' lang='lat' dir='ltr'><strong>octavo</strong></span> <span class='ocrx_word' id='word_1_321' title='bbox 1333 3088 1632 3160; x_wconf 88' lang='lat' dir='ltr'><strong>perfectum</strong></span> <span class='ocrx_word' id='word_1_322' title='bbox 1677 3088 1975 3146; x_wconf 88' lang='lat' dir='ltr'><strong>dedicatur.</strong></span> <span class='ocrx_word' id='word_1_323' title='bbox 2020 3088 2153 3161; x_wconf 91' lang='lat' dir='ltr'><strong>Sep-</strong></span> 
     </span>
    </p>
   </div>
   <div class='ocr_carea' id='block_1_47' title="bbox 570 3177 2153 3249">
    <p class='ocr_par' dir='ltr' id='par_1_47' title="bbox 570 3177 2153 3249">
     <span class='ocr_line' id='line_1_47' title="bbox 570 3177 2153 3249; baseline 0.003 -17"><span class='ocrx_word' id='word_1_324' title='bbox 570 3186 683 3234; x_wconf 91' lang='lat' dir='ltr'><strong>tem</strong></span> <span class='ocrx_word' id='word_1_325' title='bbox 708 3178 853 3233; x_wconf 90' lang='lat' dir='ltr'><strong>enim</strong></span> <span class='ocrx_word' id='word_1_326' title='bbox 883 3177 1073 3234; x_wconf 90' lang='lat' dir='ltr'><strong>diebus</strong></span> <span class='ocrx_word' id='word_1_327' title='bbox 1109 3194 1268 3236; x_wconf 88' lang='lat' dir='ltr'><strong>onme</strong></span> <span class='ocrx_word' id='word_1_328' title='bbox 1291 3186 1503 3249; x_wconf 86' lang='lat' dir='ltr'><strong>tempus</strong></span> <span class='ocrx_word' id='word_1_329' title='bbox 1529 3178 1784 3246; x_wconf 80' lang='lat' dir='ltr'><strong>volvitur,</strong></span> <span class='ocrx_word' id='word_1_330' title='bbox 1810 3189 2034 3237; x_wconf 87' lang='lat' dir='ltr'><strong>octavus</strong></span> <span class='ocrx_word' id='word_1_331' title='bbox 2070 3189 2153 3237; x_wconf 81' lang='lat' dir='ltr'><strong>est</strong></span> 
     </span>
    </p>
   </div>
   <div class='ocr_carea' id='block_1_48' title="bbox 572 3258 2223 3352">
    <p class='ocr_par' dir='ltr' id='par_1_48' title="bbox 572 3258 2223 3352">
     <span class='ocr_line' id='line_1_48' title="bbox 572 3258 2223 3352; baseline 0.004 -23"><span class='ocrx_word' id='word_1_332' title='bbox 572 3274 688 3330; x_wconf 89' lang='lat' dir='ltr'><strong>dies</strong></span> <span class='ocrx_word' id='word_1_333' title='bbox 733 3272 926 3344; x_wconf 87' lang='lat' dir='ltr'><strong>judicii</strong></span> <span class='ocrx_word' id='word_1_334' title='bbox 975 3283 1030 3331; x_wconf 90' lang='lat' dir='ltr'><strong>et</strong></span> <span class='ocrx_word' id='word_1_335' title='bbox 1080 3276 1516 3345; x_wconf 89' lang='lat' dir='ltr'><strong>resurrectionis,</strong></span> <span class='ocrx_word' id='word_1_336' title='bbox 1573 3277 1661 3333; x_wconf 91' lang='lat' dir='ltr'><strong>cui</strong></span> <span class='ocrx_word' id='word_1_337' title='bbox 1710 3278 1963 3336; x_wconf 90' lang='lat' dir='ltr'><strong>convenit</strong></span> <span class='ocrx_word' id='word_1_338' title='bbox 2007 3279 2151 3352; x_wconf 92' lang='lat' dir='ltr'><strong>quod</strong></span> <span class='ocrx_word' id='word_1_339' title='bbox 2177 3258 2223 3324; x_wconf 65' lang='grc' dir='ltr'><strong>(ἶ</strong></span> 
     </span>
    </p>
   </div>
   <div class='ocr_carea' id='block_1_49' title="bbox 567 3367 832 3438">
    <p class='ocr_par' dir='ltr' id='par_1_49' title="bbox 567 3367 832 3438">
     <span class='ocr_line' id='line_1_49' title="bbox 567 3367 832 3438; baseline 0 -15"><span class='ocrx_word' id='word_1_340' title='bbox 567 3367 832 3438; x_wconf 87' lang='lat' dir='ltr'><strong>sequitur.</strong></span> 
     </span>
    </p>
   </div>
   <div class='ocr_carea' id='block_1_50' title="bbox 1190 3481 1523 3541">
    <p class='ocr_par' dir='ltr' id='par_1_50' title="bbox 1190 3481 1523 3541">
     <span class='ocr_line' id='line_1_50' title="bbox 1190 3481 1523 3541; baseline -0.003 0"><span class='ocrx_word' id='word_1_341' title='bbox 1190 3481 1419 3541; x_wconf 80' lang='lat' dir='ltr'><strong>CAPUT</strong></span> <span class='ocrx_word' id='word_1_342' title='bbox 1456 3481 1523 3540; x_wconf 72' lang='grc' dir='ltr'><strong>ν.</strong></span> 
     </span>
    </p>
   </div>
   <div class='ocr_carea' id='block_1_51' title="bbox 640 3635 2148 3710">
    <p class='ocr_par' dir='ltr' id='par_1_51' title="bbox 640 3635 2148 3710">
     <span class='ocr_line' id='line_1_51' title="bbox 640 3635 2148 3710; baseline 0.003 -17"><span class='ocrx_word' id='word_1_343' title='bbox 640 3638 806 3693; x_wconf 75' lang='lat' dir='ltr'><strong>Vsus.</strong></span> <span class='ocrx_word' id='word_1_344' title='bbox 840 3638 892 3692; x_wconf 83' lang='lat' dir='ltr'><strong>l.</strong></span> <span class='ocrx_word' id='word_1_345' title='bbox 923 3668 993 3679; x_wconf 94' lang='lat'><strong>—</strong></span> <span class='ocrx_word' id='word_1_346' title='bbox 1031 3635 1223 3694; x_wconf 83' lang='lat' dir='ltr'><strong>Intulit</strong></span> <span class='ocrx_word' id='word_1_347' title='bbox 1264 3639 1428 3710; x_wconf 81' lang='lat' dir='ltr'><strong>igitur</strong></span> <span class='ocrx_word' id='word_1_348' title='bbox 1484 3638 1735 3696; x_wconf 82' lang='lat' dir='ltr'><strong>Salomon</strong></span> <span class='ocrx_word' id='word_1_349' title='bbox 1783 3657 1991 3710; x_wconf 81' lang='lat' dir='ltr'><strong>omnia,</strong></span> <span class='ocrx_word' id='word_1_350' title='bbox 2040 3651 2148 3700; x_wconf 86' lang='lat' dir='ltr'><strong>etc.</strong></span> 
     </span>
    </p>
   </div>
   <div class='ocr_carea' id='block_1_52' title="bbox 568 3730 2153 3806">
    <p class='ocr_par' dir='ltr' id='par_1_52' title="bbox 568 3730 2153 3806">
     <span class='ocr_line' id='line_1_52' title="bbox 568 3730 2153 3806; baseline 0.004 -20"><span class='ocrx_word' id='word_1_351' title='bbox 568 3730 753 3804; x_wconf 67' lang='grc' dir='ltr'><strong>(ιω.)</strong></span> <span class='ocrx_word' id='word_1_352' title='bbox 774 3730 888 3788; x_wconf 79' lang='lat' dir='ltr'><strong>Hoc</strong></span> <span class='ocrx_word' id='word_1_353' title='bbox 915 3730 976 3787; x_wconf 83' lang='lat' dir='ltr'><strong>fit</strong></span> <span class='ocrx_word' id='word_1_354' title='bbox 1006 3746 1128 3788; x_wconf 90' lang='lat' dir='ltr'><strong>cum</strong></span> <span class='ocrx_word' id='word_1_355' title='bbox 1164 3730 1428 3796; x_wconf 87' lang='lat' dir='ltr'><strong>Christus,</strong></span> <span class='ocrx_word' id='word_1_356' title='bbox 1458 3748 1590 3800; x_wconf 83' lang='lat' dir='ltr'><strong>etc.,</strong></span> <span class='ocrx_word' id='word_1_357' title='bbox 1620 3751 1779 3806; x_wconf 86' lang='lat' dir='ltr'><strong>usque</strong></span> <span class='ocrx_word' id='word_1_358' title='bbox 1807 3735 1876 3788; x_wconf 91' lang='lat' dir='ltr'><strong>ad</strong></span> <span class='ocrx_word' id='word_1_359' title='bbox 1906 3734 1998 3792; x_wconf 89' lang='lat' dir='ltr'><strong>sed</strong></span> <span class='ocrx_word' id='word_1_360' title='bbox 2022 3737 2153 3791; x_wconf 88' lang='lat' dir='ltr'><strong>mul-</strong></span> 
     </span>
    </p>
   </div>
   <div class='ocr_carea' id='block_1_53' title="bbox 2256 1990 3857 2064">
    <p class='ocr_par' dir='ltr' id='par_1_53' title="bbox 2256 1990 3857 2064">
     <span class='ocr_line' id='line_1_53' title="bbox 2256 1990 3857 2064; baseline 0 -17"><span class='ocrx_word' id='word_1_361' title='bbox 2256 1992 2471 2048; x_wconf 89' lang='lat' dir='ltr'><strong>dotibus</strong></span> <span class='ocrx_word' id='word_1_362' title='bbox 2518 2002 2575 2047; x_wconf 92' lang='lat' dir='ltr'><strong>et</strong></span> <span class='ocrx_word' id='word_1_363' title='bbox 2624 1990 2849 2058; x_wconf 85' lang='lat' dir='ltr'><strong>Levitis,</strong></span> <span class='ocrx_word' id='word_1_364' title='bbox 2898 2001 3029 2057; x_wconf 88' lang='lat' dir='ltr'><strong>etc.,</strong></span> <span class='ocrx_word' id='word_1_365' title='bbox 3078 2008 3242 2064; x_wconf 78' lang='lat' dir='ltr'><strong>usque</strong></span> <span class='ocrx_word' id='word_1_366' title='bbox 3269 1992 3338 2047; x_wconf 87' lang='lat' dir='ltr'><strong>ad</strong></span> <span class='ocrx_word' id='word_1_367' title='bbox 3386 1991 3502 2049; x_wconf 88' lang='lat' dir='ltr'><strong>veri</strong></span> <span class='ocrx_word' id='word_1_368' title='bbox 3548 1991 3857 2049; x_wconf 80' lang='lat' dir='ltr'><strong>sacerdotii</strong></span> 
     </span>
    </p>
   </div>
   <div class='ocr_carea' id='block_1_54' title="bbox 2255 2084 3017 2155">
    <p class='ocr_par' dir='ltr' id='par_1_54' title="bbox 2255 2084 3017 2155">
     <span class='ocr_line' id='line_1_54' title="bbox 2255 2084 3017 2155; baseline 0 -16"><span class='ocrx_word' id='word_1_369' title='bbox 2255 2084 2618 2139; x_wconf 84' lang='lat' dir='ltr'><strong>ministerium</strong></span> <span class='ocrx_word' id='word_1_370' title='bbox 2646 2084 3017 2155; x_wconf 87' lang='lat' dir='ltr'><strong>perdiderunt.</strong></span> 
     </span>
    </p>
   </div>
   <div class='ocr_carea' id='block_1_55' title="bbox 2325 2177 3858 2252">
    <p class='ocr_par' dir='ltr' id='par_1_55' title="bbox 2325 2177 3858 2252">
     <span class='ocr_line' id='line_1_55' title="bbox 2325 2177 3858 2252; baseline -0.003 -16"><span class='ocrx_word' id='word_1_371' title='bbox 2325 2181 2490 2237; x_wconf 72' lang='lat' dir='ltr'><strong>Vens.</strong></span> <span class='ocrx_word' id='word_1_372' title='bbox 2532 2181 2620 2236; x_wconf 75' lang='grc'><strong>14.</strong></span> <span class='ocrx_word' id='word_1_373' title='bbox 2663 2211 2733 2222; x_wconf 94' lang='grc'><strong><em>-</em></strong></span> <span class='ocrx_word' id='word_1_374' title='bbox 2776 2180 3135 2252; x_wconf 84' lang='lat' dir='ltr'><strong>Compleverat</strong></span> <span class='ocrx_word' id='word_1_375' title='bbox 3181 2181 3342 2236; x_wconf 78' lang='lat' dir='ltr'><strong>enim.</strong></span> <span class='ocrx_word' id='word_1_376' title='bbox 3402 2179 3541 2249; x_wconf 83' lang='lat' dir='ltr'><strong>Quia</strong></span> <span class='ocrx_word' id='word_1_377' title='bbox 3586 2177 3858 2252; x_wconf 76' lang='lat' dir='ltr'><strong>mysteria</strong></span> 
     </span>
    </p>
   </div>
   <div class='ocr_carea' id='block_1_56' title="bbox 2254 2268 3857 2342">
    <p class='ocr_par' dir='ltr' id='par_1_56' title="bbox 2254 2268 3857 2342">
     <span class='ocr_line' id='line_1_56' title="bbox 2254 2268 3857 2342; baseline -0.001 -17"><span class='ocrx_word' id='word_1_378' title='bbox 2254 2285 2375 2341; x_wconf 56' lang='lat' dir='ltr'><strong>quas</strong></span> <span class='ocrx_word' id='word_1_379' title='bbox 2408 2272 2506 2326; x_wconf 90' lang='lat' dir='ltr'><strong>sub</strong></span> <span class='ocrx_word' id='word_1_380' title='bbox 2557 2270 2821 2327; x_wconf 86' lang='lat' dir='ltr'><strong>velamine</strong></span> <span class='ocrx_word' id='word_1_381' title='bbox 2863 2270 3107 2327; x_wconf 89' lang='lat' dir='ltr'><strong>latebant</strong></span> <span class='ocrx_word' id='word_1_382' title='bbox 3152 2285 3251 2342; x_wconf 89' lang='lat' dir='ltr'><strong>per</strong></span> <span class='ocrx_word' id='word_1_383' title='bbox 3296 2270 3590 2327; x_wconf 88' lang='lat' dir='ltr'><strong>adventum</strong></span> <span class='ocrx_word' id='word_1_384' title='bbox 3638 2268 3857 2325; x_wconf 87' lang='lat' dir='ltr'><strong>Christi</strong></span> 
     </span>
    </p>
   </div>
   <div class='ocr_carea' id='block_1_57' title="bbox 2254 2360 3852 2434">
    <p class='ocr_par' dir='ltr' id='par_1_57' title="bbox 2254 2360 3852 2434">
     <span class='ocr_line' id='line_1_57' title="bbox 2254 2360 3852 2434; baseline -0.001 -18"><span class='ocrx_word' id='word_1_385' title='bbox 2254 2362 2635 2432; x_wconf 89' lang='lat' dir='ltr'><strong>aperiebantur</strong></span> <span class='ocrx_word' id='word_1_386' title='bbox 2688 2362 3063 2430; x_wconf 82' lang='lat' dir='ltr'><strong>credentibus,</strong></span> <span class='ocrx_word' id='word_1_387' title='bbox 3111 2371 3166 2417; x_wconf 89' lang='lat' dir='ltr'><strong>et</strong></span> <span class='ocrx_word' id='word_1_388' title='bbox 3212 2362 3371 2434; x_wconf 84' lang='lat' dir='ltr'><strong>digne</strong></span> <span class='ocrx_word' id='word_1_389' title='bbox 3426 2360 3852 2433; x_wconf 80' lang='lat' dir='ltr'><strong>accipientibus.</strong></span> 
     </span>
    </p>
   </div>
   <div class='ocr_carea' id='block_1_58' title="bbox 2253 2451 3857 2525">
    <p class='ocr_par' dir='ltr' id='par_1_58' title="bbox 2253 2451 3857 2525">
     <span class='ocr_line' id='line_1_58' title="bbox 2253 2451 3857 2525; baseline -0.001 -16"><span class='ocrx_word' id='word_1_390' title='bbox 2253 2451 2476 2509; x_wconf 83' lang='lat' dir='ltr'><strong>Caeteris</strong></span> <span class='ocrx_word' id='word_1_391' title='bbox 2504 2468 2632 2508; x_wconf 86' lang='lat' dir='ltr'><strong>vero</strong></span> <span class='ocrx_word' id='word_1_392' title='bbox 2661 2453 2731 2508; x_wconf 88' lang='lat' dir='ltr'><strong>ad</strong></span> <span class='ocrx_word' id='word_1_393' title='bbox 2768 2452 2929 2509; x_wconf 85' lang='lat' dir='ltr'><strong>fidem</strong></span> <span class='ocrx_word' id='word_1_394' title='bbox 2958 2454 3217 2509; x_wconf 89' lang='lat' dir='ltr'><strong>accedere</strong></span> <span class='ocrx_word' id='word_1_395' title='bbox 3254 2453 3563 2510; x_wconf 78' lang='lat' dir='ltr'><strong>nolentibus</strong></span> <span class='ocrx_word' id='word_1_396' title='bbox 3611 2452 3857 2525; x_wconf 79' lang='lat' dir='ltr'><strong>pristina</strong></span> 
     </span>
    </p>
   </div>
   <div class='ocr_carea' id='block_1_59' title="bbox 2252 2546 3856 2606">
    <p class='ocr_par' dir='ltr' id='par_1_59' title="bbox 2252 2546 3856 2606">
     <span class='ocr_line' id='line_1_59' title="bbox 2252 2546 3856 2606; baseline -0.002 0"><span class='ocrx_word' id='word_1_397' title='bbox 2252 2549 2469 2606; x_wconf 63' lang='lat' dir='ltr'><strong>caecitas</strong></span> <span class='ocrx_word' id='word_1_398' title='bbox 2513 2548 2849 2605; x_wconf 89' lang='lat' dir='ltr'><strong>remanebat.</strong></span> <span class='ocrx_word' id='word_1_399' title='bbox 2892 2549 3092 2605; x_wconf 88' lang='lat' dir='ltr'><strong>Unde:</strong></span> <span class='ocrx_word' id='word_1_400' title='bbox 3132 2546 3290 2603; x_wconf 84' lang='lat' dir='ltr'><strong>Vobis</strong></span> <span class='ocrx_word' id='word_1_401' title='bbox 3337 2547 3525 2603; x_wconf 66' lang='lat' dir='ltr'><strong>datum</strong></span> <span class='ocrx_word' id='word_1_402' title='bbox 3562 2555 3639 2603; x_wconf 78' lang='lat' dir='ltr'><strong>est</strong></span> <span class='ocrx_word' id='word_1_403' title='bbox 3690 2563 3856 2603; x_wconf 70' lang='lat' dir='ltr'><strong>nosse</strong></span> 
     </span>
    </p>
   </div>
   <div class='ocr_carea' id='block_1_60' title="bbox 2252 2632 3420 2710">
    <p class='ocr_par' dir='ltr' id='par_1_60' title="bbox 2252 2632 3420 2710">
     <span class='ocr_line' id='line_1_60' title="bbox 2252 2632 3420 2710; baseline 0 -19"><span class='ocrx_word' id='word_1_404' title='bbox 2252 2637 2555 2710; x_wconf 75' lang='lat' dir='ltr'><strong>mysterium</strong></span> <span class='ocrx_word' id='word_1_405' title='bbox 2578 2638 2723 2710; x_wconf 82' lang='lat' dir='ltr'><strong>regni</strong></span> <span class='ocrx_word' id='word_1_406' title='bbox 2749 2632 2865 2703; x_wconf 82' lang='lat' dir='ltr'><strong>Dei,</strong></span> <span class='ocrx_word' id='word_1_407' title='bbox 2891 2646 2997 2693; x_wconf 89' lang='lat' dir='ltr'><strong>etc.</strong></span> <span class='ocrx_word' id='word_1_408' title='bbox 3024 2634 3243 2709; x_wconf 76' lang='lat' dir='ltr'><strong>(Matth.</strong></span> <span class='ocrx_word' id='word_1_409' title='bbox 3273 2634 3420 2708; x_wconf 79' lang='lat' dir='ltr'><strong>xm.)</strong></span> 
     </span>
    </p>
   </div>
   <div class='ocr_carea' id='block_1_61' title="bbox 2863 2748 3216 2807">
    <p class='ocr_par' dir='ltr' id='par_1_61' title="bbox 2863 2748 3216 2807">
     <span class='ocr_line' id='line_1_61' title="bbox 2863 2748 3216 2807; baseline -0.003 -1"><span class='ocrx_word' id='word_1_410' title='bbox 2863 2748 3089 2807; x_wconf 77' lang='lat' dir='ltr'><strong>CAPUT</strong></span> <span class='ocrx_word' id='word_1_411' title='bbox 3130 2748 3216 2805; x_wconf 76' lang='lat' dir='ltr'><strong>VL</strong></span> 
     </span>
    </p>
   </div>
   <div class='ocr_carea' id='block_1_62' title="bbox 2322 2860 3855 2934">
    <p class='ocr_par' dir='ltr' id='par_1_62' title="bbox 2322 2860 3855 2934">
     <span class='ocr_line' id='line_1_62' title="bbox 2322 2860 3855 2934; baseline -0.001 -15"><span class='ocrx_word' id='word_1_412' title='bbox 2322 2863 2488 2920; x_wconf 67' lang='lat' dir='ltr'><strong>Vnus.</strong></span> <span class='ocrx_word' id='word_1_413' title='bbox 2557 2865 2609 2919; x_wconf 82' lang='lat' dir='ltr'><strong>i.</strong></span> <span class='ocrx_word' id='word_1_414' title='bbox 2656 2892 2729 2906; x_wconf 87' lang='lat'><strong>--</strong></span> <span class='ocrx_word' id='word_1_415' title='bbox 2781 2862 2851 2918; x_wconf 74' lang='lat' dir='ltr'><strong>In</strong></span> <span class='ocrx_word' id='word_1_416' title='bbox 2899 2862 3139 2934; x_wconf 71' lang='lat' dir='ltr'><strong>caligine.</strong></span> <span class='ocrx_word' id='word_1_417' title='bbox 3207 2863 3361 2920; x_wconf 82' lang='lat' dir='ltr'><strong>Unde</strong></span> <span class='ocrx_word' id='word_1_418' title='bbox 3420 2861 3583 2919; x_wconf 67' lang='lat' dir='ltr'><strong>Isis:</strong></span> <span class='ocrx_word' id='word_1_419' title='bbox 3658 2860 3855 2917; x_wconf 67' lang='lat' dir='ltr'><strong>Nubes</strong></span> 
     </span>
    </p>
   </div>
   <div class='ocr_carea' id='block_1_63' title="bbox 2251 2952 3859 3028">
    <p class='ocr_par' dir='ltr' id='par_1_63' title="bbox 2251 2952 3859 3028">
     <span class='ocr_line' id='line_1_63' title="bbox 2251 2952 3859 3028; baseline 0 -19"><span class='ocrx_word' id='word_1_420' title='bbox 2251 2956 2528 3010; x_wconf 83' lang='lat' dir='ltr'><strong>latibulum</strong></span> <span class='ocrx_word' id='word_1_421' title='bbox 2588 2956 2702 3026; x_wconf 86' lang='lat' dir='ltr'><strong>ejus</strong></span> <span class='ocrx_word' id='word_1_422' title='bbox 2757 2954 2900 3028; x_wconf 81' lang='lat' dir='ltr'><strong>(Job.</strong></span> <span class='ocrx_word' id='word_1_423' title='bbox 2959 2954 3119 3027; x_wconf 75' lang='lat' dir='ltr'><strong>un).</strong></span> <span class='ocrx_word' id='word_1_424' title='bbox 3183 2955 3247 3010; x_wconf 84' lang='lat' dir='ltr'><strong>Et</strong></span> <span class='ocrx_word' id='word_1_425' title='bbox 3294 2954 3577 3010; x_wconf 87' lang='lat' dir='ltr'><strong>Psalmista</strong></span> <span class='ocrx_word' id='word_1_426' title='bbox 3609 2952 3859 3024; x_wconf 61' lang='grc' dir='ltr'><strong>ταας»</strong></span> 
     </span>
    </p>
   </div>
   <div class='ocr_carea' id='block_1_64' title="bbox 2250 3044 3851 3118">
    <p class='ocr_par' dir='ltr' id='par_1_64' title="bbox 2250 3044 3851 3118">
     <span class='ocr_line' id='line_1_64' title="bbox 2250 3044 3851 3118; baseline -0.001 -17"><span class='ocrx_word' id='word_1_427' title='bbox 2250 3047 2347 3102; x_wconf 66' lang='lat' dir='ltr'><strong>sub</strong></span> <span class='ocrx_word' id='word_1_428' title='bbox 2376 3046 2591 3118; x_wconf 71' lang='lat' dir='ltr'><strong>pedibus</strong></span> <span class='ocrx_word' id='word_1_429' title='bbox 2617 3047 2769 3117; x_wconf 78' lang='lat' dir='ltr'><strong>ejus:</strong></span> <span class='ocrx_word' id='word_1_430' title='bbox 2800 3056 2849 3100; x_wconf 75' lang='lat' dir='ltr'><strong>et</strong></span> <span class='ocrx_word' id='word_1_431' title='bbox 2876 3047 3052 3116; x_wconf 72' lang='lat' dir='ltr'><strong>posuit</strong></span> <span class='ocrx_word' id='word_1_432' title='bbox 3088 3047 3329 3101; x_wconf 60' lang='lat' dir='ltr'><strong>tum</strong></span> <span class='ocrx_word' id='word_1_433' title='bbox 3359 3045 3638 3100; x_wconf 59' lang='lat' dir='ltr'><strong>latibulqu</strong></span> <span class='ocrx_word' id='word_1_434' title='bbox 3658 3044 3851 3116; x_wconf 81' lang='lat' dir='ltr'><strong>(Psal.</strong></span> 
     </span>
    </p>
   </div>
   <div class='ocr_carea' id='block_1_65' title="bbox 2250 3138 3857 3211">
    <p class='ocr_par' dir='ltr' id='par_1_65' title="bbox 2250 3138 3857 3211">
     <span class='ocr_line' id='line_1_65' title="bbox 2250 3138 3857 3211; baseline 0.001 -18"><span class='ocrx_word' id='word_1_435' title='bbox 2250 3139 2406 3211; x_wconf 79' lang='lat' dir='ltr'><strong>xm).</strong></span> <span class='ocrx_word' id='word_1_436' title='bbox 2436 3138 2743 3194; x_wconf 74' lang='lat' dir='ltr'><strong>Lutibuium</strong></span> <span class='ocrx_word' id='word_1_437' title='bbox 2774 3138 2987 3195; x_wconf 68' lang='lat' dir='ltr'><strong>Bullini</strong></span> <span class='ocrx_word' id='word_1_438' title='bbox 3030 3153 3187 3194; x_wconf 74' lang='lat' dir='ltr'><strong>sacra</strong></span> <span class='ocrx_word' id='word_1_439' title='bbox 3222 3138 3502 3211; x_wconf 71' lang='lat' dir='ltr'><strong>Scriptura</strong></span> <span class='ocrx_word' id='word_1_440' title='bbox 3528 3154 3548 3192; x_wconf 75' lang='grc' dir='ltr'>τ</span> <span class='ocrx_word' id='word_1_441' title='bbox 3578 3146 3701 3209; x_wconf 66' lang='lat' dir='ltr'><strong>tum</strong></span> <span class='ocrx_word' id='word_1_442' title='bbox 3741 3139 3857 3195; x_wconf 74' lang='lat' dir='ltr'><strong>sub</strong></span> 
     </span>
    </p>
   </div>
   <div class='ocr_carea' id='block_1_66' title="bbox 2253 3229 3849 3303">
    <p class='ocr_par' dir='ltr' id='par_1_66' title="bbox 2253 3229 3849 3303">
     <span class='ocr_line' id='line_1_66' title="bbox 2253 3229 3849 3303; baseline 0 -18"><span class='ocrx_word' id='word_1_443' title='bbox 2253 3229 2526 3300; x_wconf 83' lang='lat' dir='ltr'><strong>parabolis</strong></span> <span class='ocrx_word' id='word_1_444' title='bbox 2579 3238 2637 3284; x_wconf 80' lang='lat' dir='ltr'><strong>et</strong></span> <span class='ocrx_word' id='word_1_445' title='bbox 2685 3229 2877 3302; x_wconf 76' lang='lat' dir='ltr'><strong>ﬁguris</strong></span> <span class='ocrx_word' id='word_1_446' title='bbox 2926 3230 3168 3286; x_wconf 66' lang='lat' dir='ltr'><strong>caelestia</strong></span> <span class='ocrx_word' id='word_1_447' title='bbox 3236 3240 3413 3303; x_wconf 73' lang='lat' dir='ltr'><strong>gestat</strong></span> <span class='ocrx_word' id='word_1_448' title='bbox 3474 3240 3849 3287; x_wconf 66' lang='lat' dir='ltr'><strong>sua-amenta.</strong></span> 
     </span>
    </p>
   </div>
   <div class='ocr_carea' id='block_1_67' title="bbox 2257 3319 3851 3391">
    <p class='ocr_par' dir='ltr' id='par_1_67' title="bbox 2257 3319 3851 3391">
     <span class='ocr_line' id='line_1_67' title="bbox 2257 3319 3851 3391; baseline -0.004 -15"><span class='ocrx_word' id='word_1_449' title='bbox 2257 3320 2453 3376; x_wconf 86' lang='lat' dir='ltr'><strong>Unde:</strong></span> <span class='ocrx_word' id='word_1_450' title='bbox 2486 3319 2792 3389; x_wconf 67' lang='lat' dir='ltr'><strong>Conﬁtebor</strong></span> <span class='ocrx_word' id='word_1_451' title='bbox 2814 3320 2930 3388; x_wconf 84' lang='lat' dir='ltr'><strong>tibi,</strong></span> <span class='ocrx_word' id='word_1_452' title='bbox 2954 3320 3197 3387; x_wconf 69' lang='lat' dir='ltr'><strong>Hancine,</strong></span> <span class='ocrx_word' id='word_1_453' title='bbox 3224 3332 3374 3391; x_wconf 70' lang='lat' dir='ltr'><strong>pater</strong></span> <span class='ocrx_word' id='word_1_454' title='bbox 3412 3320 3524 3377; x_wconf 56' lang='lat' dir='ltr'><strong>ad</strong></span> <span class='ocrx_word' id='word_1_455' title='bbox 3560 3331 3617 3376; x_wconf 68' lang='lat' dir='ltr'><strong>et</strong></span> <span class='ocrx_word' id='word_1_456' title='bbox 3662 3331 3851 3384; x_wconf 68' lang='lat' dir='ltr'><strong>term,</strong></span> 
     </span>
    </p>
   </div>
   <div class='ocr_carea' id='block_1_68' title="bbox 2250 3410 3849 3486">
    <p class='ocr_par' dir='ltr' id='par_1_68' title="bbox 2250 3410 3849 3486">
     <span class='ocr_line' id='line_1_68' title="bbox 2250 3410 3849 3486; baseline 0 -19"><span class='ocrx_word' id='word_1_457' title='bbox 2250 3414 2499 3485; x_wconf 72' lang='lat' dir='ltr'><strong>quoniam</strong></span> <span class='ocrx_word' id='word_1_458' title='bbox 2518 3412 2836 3468; x_wconf 71' lang='lat' dir='ltr'><strong>abscondisti</strong></span> <span class='ocrx_word' id='word_1_459' title='bbox 2861 3415 2974 3468; x_wconf 74' lang='lat' dir='ltr'><strong>Iure</strong></span> <span class='ocrx_word' id='word_1_460' title='bbox 3001 3430 3034 3467; x_wconf 76' lang='grc' dir='ltr'>ιι</span> <span class='ocrx_word' id='word_1_461' title='bbox 3060 3414 3380 3485; x_wconf 69' lang='lat' dir='ltr'><strong>sapientibus</strong></span> <span class='ocrx_word' id='word_1_462' title='bbox 3400 3424 3453 3469; x_wconf 78' lang='lat' dir='ltr'><strong>et</strong></span> <span class='ocrx_word' id='word_1_463' title='bbox 3476 3410 3849 3486; x_wconf 59' lang='lat' dir='ltr'><strong>prudentibus,</strong></span> 
     </span>
    </p>
   </div>
   <div class='ocr_carea' id='block_1_69' title="bbox 2252 3504 3291 3580">
    <p class='ocr_par' dir='ltr' id='par_1_69' title="bbox 2252 3504 3291 3580">
     <span class='ocr_line' id='line_1_69' title="bbox 2252 3504 3291 3580; baseline 0.002 -20"><span class='ocrx_word' id='word_1_464' title='bbox 2252 3514 2303 3560; x_wconf 88' lang='lat' dir='ltr'><strong>et</strong></span> <span class='ocrx_word' id='word_1_465' title='bbox 2322 3504 2561 3561; x_wconf 66' lang='lat' dir='ltr'><strong>revelari</strong></span> <span class='ocrx_word' id='word_1_466' title='bbox 2591 3522 2655 3561; x_wconf 75' lang='lat' dir='ltr'><strong>ea</strong></span> <span class='ocrx_word' id='word_1_467' title='bbox 2681 3505 2914 3577; x_wconf 64' lang='lat' dir='ltr'><strong>parvulis</strong></span> <span class='ocrx_word' id='word_1_468' title='bbox 2940 3505 3157 3578; x_wconf 58' lang='lat' dir='ltr'><strong>(luti.</strong></span> <span class='ocrx_word' id='word_1_469' title='bbox 3189 3508 3291 3580; x_wconf 73' lang='lat' dir='ltr'><strong>xi).</strong></span> 
     </span>
    </p>
   </div>
   <div class='ocr_carea' id='block_1_70' title="bbox 2860 3614 3235 3676">
    <p class='ocr_par' dir='ltr' id='par_1_70' title="bbox 2860 3614 3235 3676">
     <span class='ocr_line' id='line_1_70' title="bbox 2860 3614 3235 3676; baseline -0.003 -1"><span class='ocrx_word' id='word_1_470' title='bbox 2860 3616 3090 3675; x_wconf 80' lang='lat' dir='ltr'><strong>CAPUT</strong></span> <span class='ocrx_word' id='word_1_471' title='bbox 3126 3614 3235 3676; x_wconf 72' lang='grc' dir='ltr'><strong>νη.</strong></span> 
     </span>
    </p>
   </div>
   <div class='ocr_carea' id='block_1_71' title="bbox 2323 3708 3844 3808">
    <p class='ocr_par' dir='ltr' id='par_1_71' title="bbox 2323 3708 3844 3808">
     <span class='ocr_line' id='line_1_71' title="bbox 2323 3708 3844 3808; baseline 0.005 -21"><span class='ocrx_word' id='word_1_472' title='bbox 2323 3730 2488 3789; x_wconf 72' lang='lat' dir='ltr'><strong>Vens.</strong></span> <span class='ocrx_word' id='word_1_473' title='bbox 2517 3732 2571 3789; x_wconf 83' lang='lat'><strong>5.</strong></span> <span class='ocrx_word' id='word_1_474' title='bbox 2602 3764 2675 3774; x_wconf 89' lang='lat'><strong><em>—</em></strong></span> <span class='ocrx_word' id='word_1_475' title='bbox 2700 3708 2990 3789; x_wconf 74' lang='lat' dir='ltr'><strong>Dedicat-it.</strong></span> <span class='ocrx_word' id='word_1_476' title='bbox 3041 3732 3223 3808; x_wconf 66' lang='grc' dir='ltr'><strong>(ΗΑΒ.)</strong></span> <span class='ocrx_word' id='word_1_477' title='bbox 3256 3730 3526 3806; x_wconf 87' lang='lat' dir='ltr'><strong>Sanguine</strong></span> <span class='ocrx_word' id='word_1_478' title='bbox 3552 3751 3653 3793; x_wconf 90' lang='lat' dir='ltr'><strong>suo</strong></span> <span class='ocrx_word' id='word_1_479' title='bbox 3682 3753 3844 3795; x_wconf 90' lang='lat' dir='ltr'><strong>mun-</strong></span> 
     </span>
    </p>
   </div>
   <div class='ocr_carea' id='block_1_72' title="bbox 566 3823 3843 3899">
    <p class='ocr_par' dir='ltr' id='par_1_72' title="bbox 566 3823 3843 3899">
     <span class='ocr_line' id='line_1_72' title="bbox 566 3823 3843 3899; baseline 0.002 -21"><span class='ocrx_word' id='word_1_480' title='bbox 566 3830 639 3879; x_wconf 72' lang='lat' dir='ltr'><strong>tte</strong></span> <span class='ocrx_word' id='word_1_481' title='bbox 690 3823 744 3878; x_wconf 94' lang='lat' dir='ltr'><strong>in</strong></span> <span class='ocrx_word' id='word_1_482' title='bbox 792 3830 857 3879; x_wconf 84' lang='lat' dir='ltr'><strong>ea</strong></span> <span class='ocrx_word' id='word_1_483' title='bbox 907 3824 1218 3880; x_wconf 83' lang='lat' dir='ltr'><strong>mansiones</strong></span> <span class='ocrx_word' id='word_1_484' title='bbox 1268 3825 1335 3880; x_wconf 88' lang='lat' dir='ltr'><strong>ad</strong></span> <span class='ocrx_word' id='word_1_485' title='bbox 1391 3824 1730 3895; x_wconf 85' lang='lat' dir='ltr'><strong>recipiendos</strong></span> <span class='ocrx_word' id='word_1_486' title='bbox 1773 3840 1962 3883; x_wconf 91' lang='lat' dir='ltr'><strong>omnes</strong></span> <span class='ocrx_word' id='word_1_487' title='bbox 2016 3843 2152 3899; x_wconf 89' lang='lat' dir='ltr'><strong>quos</strong></span> <span class='ocrx_word' id='word_1_488' title='bbox 2253 3823 2419 3893; x_wconf 88' lang='lat' dir='ltr'><strong>davit,</strong></span> <span class='ocrx_word' id='word_1_489' title='bbox 2451 3832 2507 3880; x_wconf 92' lang='lat' dir='ltr'><strong>et</strong></span> <span class='ocrx_word' id='word_1_490' title='bbox 2555 3823 2819 3895; x_wconf 86' lang='lat' dir='ltr'><strong>spirituali</strong></span> <span class='ocrx_word' id='word_1_491' title='bbox 2852 3826 3045 3897; x_wconf 75' lang='lat' dir='ltr'><strong>‘gratia</strong></span> <span class='ocrx_word' id='word_1_492' title='bbox 3084 3826 3445 3884; x_wconf 78' lang='lat' dir='ltr'><strong>sanctificavit</strong></span> <span class='ocrx_word' id='word_1_493' title='bbox 3491 3826 3741 3885; x_wconf 87' lang='lat' dir='ltr'><strong>Christus</strong></span> <span class='ocrx_word' id='word_1_494' title='bbox 3785 3837 3843 3885; x_wconf 88' lang='lat' dir='ltr'><strong>et</strong></span> 
     </span>
    </p>
   </div>
   <div class='ocr_carea' id='block_1_73' title="bbox 566 3912 3842 3991">
    <p class='ocr_par' dir='ltr' id='par_1_73' title="bbox 566 3912 3842 3991">
     <span class='ocr_line' id='line_1_73' title="bbox 566 3912 3842 3991; baseline 0.004 -25"><span class='ocrx_word' id='word_1_495' title='bbox 566 3913 824 3968; x_wconf 86' lang='lat' dir='ltr'><strong>timentes</strong></span> <span class='ocrx_word' id='word_1_496' title='bbox 853 3928 910 3969; x_wconf 89' lang='lat' dir='ltr'><strong>se</strong></span> <span class='ocrx_word' id='word_1_497' title='bbox 937 3924 993 3969; x_wconf 88' lang='lat' dir='ltr'><strong>et</strong></span> <span class='ocrx_word' id='word_1_498' title='bbox 1018 3913 1303 3986; x_wconf 85' lang='lat' dir='ltr'><strong>diligentes</strong></span> <span class='ocrx_word' id='word_1_499' title='bbox 1344 3913 1598 3968; x_wconf 80' lang='lat' dir='ltr'><strong>benedicit</strong></span> <span class='ocrx_word' id='word_1_500' title='bbox 1641 3912 1894 3971; x_wconf 82' lang='lat' dir='ltr'><strong>Dominus</strong></span> <span class='ocrx_word' id='word_1_501' title='bbox 1943 3914 2151 3987; x_wconf 78' lang='lat' dir='ltr'><strong>pusillis</strong></span> <span class='ocrx_word' id='word_1_502' title='bbox 2252 3916 2481 3972; x_wconf 82' lang='lat' dir='ltr'><strong>diversis</strong></span> <span class='ocrx_word' id='word_1_503' title='bbox 2509 3916 2663 3973; x_wconf 89' lang='lat' dir='ltr'><strong>donis</strong></span> <span class='ocrx_word' id='word_1_504' title='bbox 2686 3917 2946 3973; x_wconf 85' lang='lat' dir='ltr'><strong>virtutum</strong></span> <span class='ocrx_word' id='word_1_505' title='bbox 2986 3916 3378 3991; x_wconf 84' lang='lat' dir='ltr'><strong>multiplicavit.</strong></span> <span class='ocrx_word' id='word_1_506' title='bbox 3410 3919 3663 3988; x_wconf 81' lang='lat' dir='ltr'><strong>Hancque</strong></span> <span class='ocrx_word' id='word_1_507' title='bbox 3690 3922 3842 3978; x_wconf 88' lang='lat' dir='ltr'><strong>dedi-</strong></span> 
     </span>
    </p>
   </div>
   <div class='ocr_carea' id='block_1_74' title="bbox 566 4003 3842 4081">
    <p class='ocr_par' dir='ltr' id='par_1_74' title="bbox 566 4003 3842 4081">
     <span class='ocr_line' id='line_1_74' title="bbox 566 4003 3842 4081; baseline 0.003 -24"><span class='ocrx_word' id='word_1_508' title='bbox 566 4016 684 4058; x_wconf 82' lang='lat' dir='ltr'><strong>cum</strong></span> <span class='ocrx_word' id='word_1_509' title='bbox 710 4003 1021 4075; x_wconf 83' lang='lat' dir='ltr'><strong>majoribus.</strong></span> <span class='ocrx_word' id='word_1_510' title='bbox 2252 4016 2380 4063; x_wconf 91' lang='lat' dir='ltr'><strong>cant</strong></span> <span class='ocrx_word' id='word_1_511' title='bbox 2406 4006 2500 4061; x_wconf 83' lang='lat' dir='ltr'><strong>lilii</strong></span> <span class='ocrx_word' id='word_1_512' title='bbox 2526 4006 2713 4075; x_wconf 82' lang='lat' dir='ltr'><strong>Israel,</strong></span> <span class='ocrx_word' id='word_1_513' title='bbox 2741 4009 2866 4079; x_wconf 86' lang='lat' dir='ltr'><strong>quia</strong></span> <span class='ocrx_word' id='word_1_514' title='bbox 2915 4008 3142 4081; x_wconf 86' lang='lat' dir='ltr'><strong>quisque</strong></span> <span class='ocrx_word' id='word_1_515' title='bbox 3174 4006 3352 4067; x_wconf 72' lang='lat' dir='ltr'><strong>ﬁdelis</strong></span> <span class='ocrx_word' id='word_1_516' title='bbox 3401 4013 3696 4071; x_wconf 87' lang='lat' dir='ltr'><strong>secundum</strong></span> <span class='ocrx_word' id='word_1_517' title='bbox 3742 4014 3842 4069; x_wconf 65' lang='lat' dir='ltr'><strong>duo</strong></span> 
     </span>
    </p>
   </div>
   <div class='ocr_carea' id='block_1_75' title="bbox 644 4094 3840 4176">
    <p class='ocr_par' dir='ltr' id='par_1_75' title="bbox 644 4094 3840 4176">
     <span class='ocr_line' id='line_1_75' title="bbox 644 4094 3840 4176; baseline 0.004 -26"><span class='ocrx_word' id='word_1_518' title='bbox 644 4094 802 4152; x_wconf 71' lang='lat' dir='ltr'><strong>Vens.</strong></span> <span class='ocrx_word' id='word_1_519' title='bbox 828 4097 879 4153; x_wconf 80' lang='lat'><strong>9.</strong></span> <span class='ocrx_word' id='word_1_520' title='bbox 910 4128 979 4137; x_wconf 90' lang='lat'><strong>-—</strong></span> <span class='ocrx_word' id='word_1_521' title='bbox 1014 4094 1252 4151; x_wconf 83' lang='lat' dir='ltr'><strong>Vectium</strong></span> <span class='ocrx_word' id='word_1_522' title='bbox 1284 4107 1476 4152; x_wconf 87' lang='lat' dir='ltr'><strong>autem.</strong></span> <span class='ocrx_word' id='word_1_523' title='bbox 1509 4098 1632 4171; x_wconf 86' lang='lat' dir='ltr'><strong>(Io.)</strong></span> <span class='ocrx_word' id='word_1_524' title='bbox 1657 4099 1960 4155; x_wconf 78' lang='lat' dir='ltr'><strong>Notandum</strong></span> <span class='ocrx_word' id='word_1_525' title='bbox 1999 4114 2146 4173; x_wconf 75' lang='lat' dir='ltr'><strong>qura,</strong></span> <span class='ocrx_word' id='word_1_526' title='bbox 2252 4114 2381 4155; x_wconf 90' lang='lat' dir='ltr'><strong>num</strong></span> <span class='ocrx_word' id='word_1_527' title='bbox 2418 4100 2519 4155; x_wconf 88' lang='lat' dir='ltr'><strong>sibi</strong></span> <span class='ocrx_word' id='word_1_528' title='bbox 2558 4116 2587 4155; x_wconf 89' lang='lat' dir='ltr'><strong>a</strong></span> <span class='ocrx_word' id='word_1_529' title='bbox 2643 4098 2753 4157; x_wconf 92' lang='lat' dir='ltr'><strong>Deo</strong></span> <span class='ocrx_word' id='word_1_530' title='bbox 2782 4100 3037 4157; x_wconf 89' lang='lat' dir='ltr'><strong>collatum</strong></span> <span class='ocrx_word' id='word_1_531' title='bbox 3064 4103 3227 4158; x_wconf 90' lang='lat' dir='ltr'><strong>verbo</strong></span> <span class='ocrx_word' id='word_1_532' title='bbox 3274 4114 3329 4161; x_wconf 90' lang='lat' dir='ltr'><strong>et</strong></span> <span class='ocrx_word' id='word_1_533' title='bbox 3372 4104 3617 4176; x_wconf 81' lang='lat' dir='ltr'><strong>exemplo</strong></span> <span class='ocrx_word' id='word_1_534' title='bbox 3652 4106 3840 4176; x_wconf 79' lang='lat' dir='ltr'><strong>proxi-</strong></span> 
     </span>
    </p>
   </div>
   <div class='ocr_carea' id='block_1_76' title="bbox 566 4186 3841 4267">
    <p class='ocr_par' dir='ltr' id='par_1_76' title="bbox 566 4186 3841 4267">
     <span class='ocr_line' id='line_1_76' title="bbox 566 4186 3841 4267; baseline 0.003 -22"><span class='ocrx_word' id='word_1_535' title='bbox 566 4198 695 4254; x_wconf 87' lang='lat' dir='ltr'><strong>etc.,</strong></span> <span class='ocrx_word' id='word_1_536' title='bbox 720 4202 884 4260; x_wconf 82' lang='lat' dir='ltr'><strong>usque</strong></span> <span class='ocrx_word' id='word_1_537' title='bbox 911 4186 982 4243; x_wconf 85' lang='lat' dir='ltr'><strong>ad</strong></span> <span class='ocrx_word' id='word_1_538' title='bbox 1014 4196 1161 4243; x_wconf 88' lang='lat' dir='ltr'><strong>tanto</strong></span> <span class='ocrx_word' id='word_1_539' title='bbox 1200 4188 1377 4243; x_wconf 89' lang='lat' dir='ltr'><strong>minus</strong></span> <span class='ocrx_word' id='word_1_540' title='bbox 1403 4189 1611 4245; x_wconf 86' lang='lat' dir='ltr'><strong>interna</strong></span> <span class='ocrx_word' id='word_1_541' title='bbox 1634 4192 1824 4261; x_wconf 83' lang='lat' dir='ltr'><strong>gaudia</strong></span> <span class='ocrx_word' id='word_1_542' title='bbox 1849 4193 2050 4247; x_wconf 86' lang='lat' dir='ltr'><strong>vident.</strong></span> <span class='ocrx_word' id='word_1_543' title='bbox 2251 4208 2370 4248; x_wconf 90' lang='lat' dir='ltr'><strong>mos</strong></span> <span class='ocrx_word' id='word_1_544' title='bbox 2407 4190 2474 4247; x_wconf 90' lang='lat' dir='ltr'><strong>ad</strong></span> <span class='ocrx_word' id='word_1_545' title='bbox 2515 4192 2739 4249; x_wconf 88' lang='lat' dir='ltr'><strong>meliora</strong></span> <span class='ocrx_word' id='word_1_546' title='bbox 2788 4201 2842 4249; x_wconf 82' lang='lat' dir='ltr'><strong>et</strong></span> <span class='ocrx_word' id='word_1_547' title='bbox 2886 4192 3207 4267; x_wconf 76' lang='lat' dir='ltr'><strong>perfectiora</strong></span> <span class='ocrx_word' id='word_1_548' title='bbox 3246 4196 3513 4252; x_wconf 85' lang='lat' dir='ltr'><strong>convertit</strong></span> <span class='ocrx_word' id='word_1_549' title='bbox 3547 4205 3603 4254; x_wconf 91' lang='lat' dir='ltr'><strong>et</strong></span> <span class='ocrx_word' id='word_1_550' title='bbox 3636 4212 3841 4266; x_wconf 75' lang='lat' dir='ltr'><strong>prove-</strong></span> 
     </span>
    </p>
   </div>
   <div class='ocr_carea' id='block_1_77' title="bbox 638 4278 3091 4358">
    <p class='ocr_par' dir='ltr' id='par_1_77' title="bbox 638 4278 3091 4358">
     <span class='ocr_line' id='line_1_77' title="bbox 638 4278 3091 4358; baseline 0.001 -22"><span class='ocrx_word' id='word_1_551' title='bbox 638 4280 800 4337; x_wconf 74' lang='lat' dir='ltr'><strong>Vens.</strong></span> <span class='ocrx_word' id='word_1_552' title='bbox 828 4280 913 4337; x_wconf 85' lang='grc'><strong>10.</strong></span> <span class='ocrx_word' id='word_1_553' title='bbox 936 4312 1007 4323; x_wconf 89' lang='grc'><strong><em>-</em></strong></span> <span class='ocrx_word' id='word_1_554' title='bbox 1033 4278 1285 4353; x_wconf 76' lang='lat' dir='ltr'><strong>Nihilque</strong></span> <span class='ocrx_word' id='word_1_555' title='bbox 1311 4281 1459 4336; x_wconf 81' lang='lat' dir='ltr'><strong>aliud</strong></span> <span class='ocrx_word' id='word_1_556' title='bbox 1486 4293 1619 4337; x_wconf 86' lang='lat' dir='ltr'><strong>erat.</strong></span> <span class='ocrx_word' id='word_1_557' title='bbox 1651 4282 1899 4340; x_wconf 85' lang='lat' dir='ltr'><strong>Ostendit</strong></span> <span class='ocrx_word' id='word_1_558' title='bbox 1926 4301 2150 4358; x_wconf 83' lang='lat' dir='ltr'><strong>genera-</strong></span> <span class='ocrx_word' id='word_1_559' title='bbox 2252 4283 2350 4340; x_wconf 88' lang='lat' dir='ltr'><strong>hit.</strong></span> <span class='ocrx_word' id='word_1_560' title='bbox 3078 4284 3091 4293; x_wconf 83' lang='lat'><strong><em>&#39;</em></strong></span> 
     </span>
    </p>
   </div>
   <div class='ocr_carea' id='block_1_78' title="bbox 565 4374 3842 4453">
    <p class='ocr_par' dir='ltr' id='par_1_78' title="bbox 565 4374 3842 4453">
     <span class='ocr_line' id='line_1_78' title="bbox 565 4374 3842 4453; baseline 0.001 -19"><span class='ocrx_word' id='word_1_561' title='bbox 565 4377 710 4444; x_wconf 90' lang='lat' dir='ltr'><strong>liter,</strong></span> <span class='ocrx_word' id='word_1_562' title='bbox 738 4374 965 4449; x_wconf 88' lang='lat' dir='ltr'><strong>quodin</strong></span> <span class='ocrx_word' id='word_1_563' title='bbox 995 4392 1122 4433; x_wconf 88' lang='lat' dir='ltr'><strong>arca</strong></span> <span class='ocrx_word' id='word_1_564' title='bbox 1148 4378 1284 4433; x_wconf 90' lang='lat' dir='ltr'><strong>nihil</strong></span> <span class='ocrx_word' id='word_1_565' title='bbox 1306 4378 1408 4434; x_wconf 90' lang='lat' dir='ltr'><strong>fuit</strong></span> <span class='ocrx_word' id='word_1_566' title='bbox 1432 4380 1762 4434; x_wconf 87' lang='lat' dir='ltr'><strong>contrarium</strong></span> <span class='ocrx_word' id='word_1_567' title='bbox 1801 4380 1904 4453; x_wconf 76' lang='lat' dir='ltr'><strong>legi</strong></span> <span class='ocrx_word' id='word_1_568' title='bbox 1940 4381 2149 4439; x_wconf 84' lang='lat' dir='ltr'><strong>Domini</strong></span> <span class='ocrx_word' id='word_1_569' title='bbox 2320 4376 2484 4434; x_wconf 71' lang='lat' dir='ltr'><strong>Vens.</strong></span> <span class='ocrx_word' id='word_1_570' title='bbox 2514 4374 2566 4432; x_wconf 86' lang='grc'><strong>7.</strong></span> <span class='ocrx_word' id='word_1_571' title='bbox 2608 4408 2679 4419; x_wconf 91' lang='grc'><strong><em>-</em></strong></span> <span class='ocrx_word' id='word_1_572' title='bbox 2725 4376 3104 4448; x_wconf 81' lang='lat' dir='ltr'><strong>Sanctiﬁcavit.</strong></span> <span class='ocrx_word' id='word_1_573' title='bbox 3147 4378 3283 4446; x_wconf 81' lang='lat' dir='ltr'><strong>Quia</strong></span> <span class='ocrx_word' id='word_1_574' title='bbox 3323 4378 3570 4435; x_wconf 86' lang='lat' dir='ltr'><strong>Christus</strong></span> <span class='ocrx_word' id='word_1_575' title='bbox 3610 4394 3676 4435; x_wconf 89' lang='lat' dir='ltr'><strong>ea</strong></span> <span class='ocrx_word' id='word_1_576' title='bbox 3714 4395 3842 4450; x_wconf 67' lang='lat' dir='ltr'><strong>qua)</strong></span> 
     </span>
    </p>
   </div>
   <div class='ocr_carea' id='block_1_79' title="bbox 568 4466 3841 4544">
    <p class='ocr_par' dir='ltr' id='par_1_79' title="bbox 568 4466 3841 4544">
     <span class='ocr_line' id='line_1_79' title="bbox 568 4466 3841 4544; baseline -0 -16"><span class='ocrx_word' id='word_1_577' title='bbox 568 4470 974 4543; x_wconf 64' lang='lat' dir='ltr'><strong>comprehensa:</strong></span> <span class='ocrx_word' id='word_1_578' title='bbox 1002 4471 1057 4527; x_wconf 88' lang='lat' dir='ltr'><strong>in</strong></span> <span class='ocrx_word' id='word_1_579' title='bbox 1081 4472 1292 4527; x_wconf 87' lang='lat' dir='ltr'><strong>duabus</strong></span> <span class='ocrx_word' id='word_1_580' title='bbox 1319 4470 1544 4539; x_wconf 85' lang='lat' dir='ltr'><strong>tabulis;</strong></span> <span class='ocrx_word' id='word_1_581' title='bbox 1575 4474 1669 4529; x_wconf 89' lang='lat' dir='ltr'><strong>sed</strong></span> <span class='ocrx_word' id='word_1_582' title='bbox 1718 4489 1781 4529; x_wconf 88' lang='lat' dir='ltr'><strong>ea</strong></span> <span class='ocrx_word' id='word_1_583' title='bbox 1832 4478 2036 4529; x_wconf 88' lang='lat' dir='ltr'><strong>tantum</strong></span> <span class='ocrx_word' id='word_1_584' title='bbox 2074 4475 2146 4531; x_wconf 93' lang='lat' dir='ltr'><strong>ibi</strong></span> <span class='ocrx_word' id='word_1_585' title='bbox 2250 4466 2303 4523; x_wconf 81' lang='lat' dir='ltr'><strong>in</strong></span> <span class='ocrx_word' id='word_1_586' title='bbox 2342 4468 2461 4539; x_wconf 78' lang='lat' dir='ltr'><strong>lege</strong></span> <span class='ocrx_word' id='word_1_587' title='bbox 2490 4478 2713 4541; x_wconf 81' lang='lat' dir='ltr'><strong>prapter</strong></span> <span class='ocrx_word' id='word_1_588' title='bbox 2758 4470 3128 4526; x_wconf 84' lang='lat' dir='ltr'><strong>infirmitatem</strong></span> <span class='ocrx_word' id='word_1_589' title='bbox 3177 4470 3294 4540; x_wconf 82' lang='lat' dir='ltr'><strong>ejus</strong></span> <span class='ocrx_word' id='word_1_590' title='bbox 3329 4466 3514 4542; x_wconf 80' lang='lat' dir='ltr'><strong>perﬁci</strong></span> <span class='ocrx_word' id='word_1_591' title='bbox 3544 4487 3649 4527; x_wconf 92' lang='lat' dir='ltr'><strong>non</strong></span> <span class='ocrx_word' id='word_1_592' title='bbox 3684 4482 3841 4544; x_wconf 86' lang='lat' dir='ltr'><strong>pote-</strong></span> 
     </span>
    </p>
   </div>
   <div class='ocr_carea' id='block_1_80' title="bbox 565 4548 3842 4645">
    <p class='ocr_par' dir='ltr' id='par_1_80' title="bbox 565 4548 3842 4645">
     <span class='ocr_line' id='line_1_80' title="bbox 565 4548 3842 4645; baseline -0.001 -25"><span class='ocrx_word' id='word_1_593' title='bbox 565 4566 735 4621; x_wconf 82' lang='lat' dir='ltr'><strong>t‘uisse</strong></span> <span class='ocrx_word' id='word_1_594' title='bbox 756 4548 969 4621; x_wconf 75' lang='lat' dir='ltr'><strong>condita</strong></span> <span class='ocrx_word' id='word_1_595' title='bbox 997 4580 1116 4636; x_wconf 70' lang='lat' dir='ltr'><strong>quas</strong></span> <span class='ocrx_word' id='word_1_596' title='bbox 1162 4563 1319 4634; x_wconf 81' lang='lat' dir='ltr'><strong>juxta</strong></span> <span class='ocrx_word' id='word_1_597' title='bbox 1370 4565 1503 4637; x_wconf 83' lang='lat' dir='ltr'><strong>legis</strong></span> <span class='ocrx_word' id='word_1_598' title='bbox 1544 4568 1793 4622; x_wconf 88' lang='lat' dir='ltr'><strong>mandata</strong></span> <span class='ocrx_word' id='word_1_599' title='bbox 1840 4564 1908 4622; x_wconf 89' lang='lat' dir='ltr'><strong>ad</strong></span> <span class='ocrx_word' id='word_1_600' title='bbox 1946 4568 2145 4645; x_wconf 81' lang='lat' dir='ltr'><strong>cultum</strong></span> <span class='ocrx_word' id='word_1_601' title='bbox 2171 4626 2221 4645; x_wconf 46' lang='lat' dir='ltr'><strong>ﬁ</strong></span> <span class='ocrx_word' id='word_1_602' title='bbox 2250 4573 2393 4631; x_wconf 91' lang='lat' dir='ltr'><strong>rant,</strong></span> <span class='ocrx_word' id='word_1_603' title='bbox 2426 4566 2480 4619; x_wconf 91' lang='lat' dir='ltr'><strong>in</strong></span> <span class='ocrx_word' id='word_1_604' title='bbox 2517 4564 2757 4620; x_wconf 85' lang='lat' dir='ltr'><strong>Ecclesia</strong></span> <span class='ocrx_word' id='word_1_605' title='bbox 2788 4563 3015 4636; x_wconf 82' lang='lat' dir='ltr'><strong>perlicit.</strong></span> <span class='ocrx_word' id='word_1_606' title='bbox 3049 4562 3169 4635; x_wconf 87' lang='lat' dir='ltr'><strong>Ipsa</strong></span> <span class='ocrx_word' id='word_1_607' title='bbox 3198 4572 3279 4619; x_wconf 87' lang='lat' dir='ltr'><strong>est</strong></span> <span class='ocrx_word' id='word_1_608' title='bbox 3307 4565 3450 4620; x_wconf 89' lang='lat' dir='ltr'><strong>enim</strong></span> <span class='ocrx_word' id='word_1_609' title='bbox 3494 4565 3692 4621; x_wconf 87' lang='lat' dir='ltr'><strong>atrium</strong></span> <span class='ocrx_word' id='word_1_610' title='bbox 3740 4566 3842 4622; x_wconf 87' lang='lat' dir='ltr'><strong>do.</strong></span> 
     </span>
    </p>
   </div>
   <div class='ocr_carea' id='block_1_81' title="bbox 569 4654 3837 4731">
    <p class='ocr_par' dir='ltr' id='par_1_81' title="bbox 569 4654 3837 4731">
     <span class='ocr_line' id='line_1_81' title="bbox 569 4654 3837 4731; baseline 0.001 -20"><span class='ocrx_word' id='word_1_611' title='bbox 569 4656 732 4711; x_wconf 89' lang='lat' dir='ltr'><strong>unius</strong></span> <span class='ocrx_word' id='word_1_612' title='bbox 754 4654 848 4710; x_wconf 89' lang='lat' dir='ltr'><strong>Dei</strong></span> <span class='ocrx_word' id='word_1_613' title='bbox 878 4664 932 4710; x_wconf 89' lang='lat' dir='ltr'><strong>et</strong></span> <span class='ocrx_word' id='word_1_614' title='bbox 977 4655 1496 4711; x_wconf 87' lang='lat' dir='ltr'><strong>commendationem</strong></span> <span class='ocrx_word' id='word_1_615' title='bbox 1529 4662 1726 4713; x_wconf 74' lang='lat' dir='ltr'><strong>nostrae</strong></span> <span class='ocrx_word' id='word_1_616' title='bbox 1763 4656 1885 4712; x_wconf 85' lang='lat' dir='ltr'><strong>fidei</strong></span> <span class='ocrx_word' id='word_1_617' title='bbox 1913 4666 2037 4712; x_wconf 92' lang='lat' dir='ltr'><strong>sunt</strong></span> <span class='ocrx_word' id='word_1_618' title='bbox 2060 4666 2145 4731; x_wconf 87' lang='lat' dir='ltr'><strong>ty-</strong></span> <span class='ocrx_word' id='word_1_619' title='bbox 2170 4654 2224 4688; x_wconf 82' lang='grc' dir='ltr'><strong>ν</strong></span> <span class='ocrx_word' id='word_1_620' title='bbox 2250 4673 2371 4711; x_wconf 90' lang='lat' dir='ltr'><strong>mus</strong></span> <span class='ocrx_word' id='word_1_621' title='bbox 2395 4654 2631 4722; x_wconf 88' lang='lat' dir='ltr'><strong>Domini,</strong></span> <span class='ocrx_word' id='word_1_622' title='bbox 2662 4672 2759 4726; x_wconf 91' lang='lat' dir='ltr'><strong>per</strong></span> <span class='ocrx_word' id='word_1_623' title='bbox 2787 4672 2946 4724; x_wconf 87' lang='lat' dir='ltr'><strong>quam</strong></span> <span class='ocrx_word' id='word_1_624' title='bbox 2981 4656 3255 4727; x_wconf 85' lang='lat' dir='ltr'><strong>ingressus</strong></span> <span class='ocrx_word' id='word_1_625' title='bbox 3282 4664 3429 4729; x_wconf 86' lang='lat' dir='ltr'><strong>patet</strong></span> <span class='ocrx_word' id='word_1_626' title='bbox 3465 4655 3519 4711; x_wconf 92' lang='lat' dir='ltr'><strong>in</strong></span> <span class='ocrx_word' id='word_1_627' title='bbox 3555 4656 3837 4713; x_wconf 67' lang='lat' dir='ltr'><strong>caelestem</strong></span> 
     </span>
    </p>
   </div>
   <div class='ocr_carea' id='block_1_82' title="bbox 564 4744 3838 4820">
    <p class='ocr_par' dir='ltr' id='par_1_82' title="bbox 564 4744 3838 4820">
     <span class='ocr_line' id='line_1_82' title="bbox 564 4744 3838 4820; baseline 0 -19"><span class='ocrx_word' id='word_1_628' title='bbox 564 4747 685 4820; x_wconf 89' lang='lat' dir='ltr'><strong>pice</strong></span> <span class='ocrx_word' id='word_1_629' title='bbox 710 4744 874 4814; x_wconf 88' lang='lat' dir='ltr'><strong>facta,</strong></span> <span class='ocrx_word' id='word_1_630' title='bbox 905 4754 966 4800; x_wconf 88' lang='lat' dir='ltr'><strong>ut</strong></span> <span class='ocrx_word' id='word_1_631' title='bbox 991 4746 1182 4800; x_wconf 88' lang='lat' dir='ltr'><strong>umbra</strong></span> <span class='ocrx_word' id='word_1_632' title='bbox 1231 4744 1536 4802; x_wconf 80' lang='lat' dir='ltr'><strong>futurorum</strong></span> <span class='ocrx_word' id='word_1_633' title='bbox 1584 4762 1680 4818; x_wconf 89' lang='lat' dir='ltr'><strong>per</strong></span> <span class='ocrx_word' id='word_1_634' title='bbox 1730 4748 1910 4803; x_wconf 87' lang='lat' dir='ltr'><strong>omnia</strong></span> <span class='ocrx_word' id='word_1_635' title='bbox 1952 4747 2147 4805; x_wconf 74' lang='lat' dir='ltr'><strong>futura:</strong></span> <span class='ocrx_word' id='word_1_636' title='bbox 2249 4748 2549 4804; x_wconf 83' lang='lat' dir='ltr'><strong>Jerusalem</strong></span> <span class='ocrx_word' id='word_1_637' title='bbox 2576 4766 2590 4802; x_wconf 92' lang='lat'><strong>:</strong></span> <span class='ocrx_word' id='word_1_638' title='bbox 2618 4749 2742 4818; x_wconf 91' lang='lat' dir='ltr'><strong>quia</strong></span> <span class='ocrx_word' id='word_1_639' title='bbox 2770 4762 2901 4820; x_wconf 85' lang='lat' dir='ltr'><strong>ergo</strong></span> <span class='ocrx_word' id='word_1_640' title='bbox 2940 4748 3249 4803; x_wconf 87' lang='lat' dir='ltr'><strong>holocausta</strong></span> <span class='ocrx_word' id='word_1_641' title='bbox 3276 4756 3331 4801; x_wconf 89' lang='lat' dir='ltr'><strong>et</strong></span> <span class='ocrx_word' id='word_1_642' title='bbox 3357 4746 3623 4803; x_wconf 77' lang='lat' dir='ltr'><strong>sacriﬁcia</strong></span> <span class='ocrx_word' id='word_1_643' title='bbox 3660 4748 3715 4802; x_wconf 86' lang='lat' dir='ltr'><strong>in</strong></span> <span class='ocrx_word' id='word_1_644' title='bbox 3754 4748 3838 4803; x_wconf 81' lang='lat' dir='ltr'><strong>al-</strong></span> 
     </span>
    </p>
   </div>
   <div class='ocr_carea' id='block_1_83' title="bbox 564 4834 3835 4915">
    <p class='ocr_par' dir='ltr' id='par_1_83' title="bbox 564 4834 3835 4915">
     <span class='ocr_line' id='line_1_83' title="bbox 564 4834 3835 4915; baseline 0 -20"><span class='ocrx_word' id='word_1_645' title='bbox 564 4839 779 4896; x_wconf 83' lang='lat' dir='ltr'><strong>veritati</strong></span> <span class='ocrx_word' id='word_1_646' title='bbox 809 4841 1175 4896; x_wconf 90' lang='lat' dir='ltr'><strong>testimonium</strong></span> <span class='ocrx_word' id='word_1_647' title='bbox 1202 4842 1489 4913; x_wconf 60' lang='lat' dir='ltr'><strong>praeberet,</strong></span> <span class='ocrx_word' id='word_1_648' title='bbox 1520 4851 1575 4897; x_wconf 91' lang='lat' dir='ltr'><strong>et</strong></span> <span class='ocrx_word' id='word_1_649' title='bbox 1603 4850 1664 4898; x_wconf 86' lang='lat' dir='ltr'><strong>&#39;ea</strong></span> <span class='ocrx_word' id='word_1_650' title='bbox 1712 4843 1766 4896; x_wconf 90' lang='lat' dir='ltr'><strong>in</strong></span> <span class='ocrx_word' id='word_1_651' title='bbox 1805 4844 2005 4899; x_wconf 88' lang='lat' dir='ltr'><strong>mundo</strong></span> <span class='ocrx_word' id='word_1_652' title='bbox 2048 4858 2145 4915; x_wconf 85' lang='lat' dir='ltr'><strong>ap-</strong></span> <span class='ocrx_word' id='word_1_653' title='bbox 2250 4842 2353 4896; x_wconf 82' lang='lat' dir='ltr'><strong>tari</strong></span> <span class='ocrx_word' id='word_1_654' title='bbox 2384 4838 2595 4895; x_wconf 71' lang='lat' dir='ltr'><strong>Veteris</strong></span> <span class='ocrx_word' id='word_1_655' title='bbox 2637 4834 2971 4894; x_wconf 86' lang='lat' dir='ltr'><strong>Testamenti</strong></span> <span class='ocrx_word' id='word_1_656' title='bbox 2998 4855 3103 4893; x_wconf 88' lang='lat' dir='ltr'><strong>non</strong></span> <span class='ocrx_word' id='word_1_657' title='bbox 3143 4847 3432 4909; x_wconf 90' lang='lat' dir='ltr'><strong>potuerunt</strong></span> <span class='ocrx_word' id='word_1_658' title='bbox 3460 4836 3675 4903; x_wconf 83' lang='lat' dir='ltr'><strong>otl‘crri;</strong></span> <span class='ocrx_word' id='word_1_659' title='bbox 3702 4839 3835 4909; x_wconf 83' lang='lat' dir='ltr'><strong>quia</strong></span> 
     </span>
    </p>
   </div>
   <div class='ocr_carea' id='block_1_84' title="bbox 564 4928 3836 5003">
    <p class='ocr_par' dir='ltr' id='par_1_84' title="bbox 564 4928 3836 5003">
     <span class='ocr_line' id='line_1_84' title="bbox 564 4928 3836 5003; baseline -0 -17"><span class='ocrx_word' id='word_1_660' title='bbox 564 4937 787 5001; x_wconf 84' lang='lat' dir='ltr'><strong>parente</strong></span> <span class='ocrx_word' id='word_1_661' title='bbox 803 4928 968 4987; x_wconf 80' lang='lat' dir='ltr'><strong>ﬁnem</strong></span> <span class='ocrx_word' id='word_1_662' title='bbox 998 4930 1288 5002; x_wconf 83' lang='lat' dir='ltr'><strong>acciperet.</strong></span> <span class='ocrx_word' id='word_1_663' title='bbox 1330 4930 1460 4987; x_wconf 84' lang='lat' dir='ltr'><strong>Erat</strong></span> <span class='ocrx_word' id='word_1_664' title='bbox 1491 4940 1669 4988; x_wconf 89' lang='lat' dir='ltr'><strong>autem</strong></span> <span class='ocrx_word' id='word_1_665' title='bbox 1707 4933 1758 4986; x_wconf 93' lang='lat' dir='ltr'><strong>in</strong></span> <span class='ocrx_word' id='word_1_666' title='bbox 1796 4948 1922 4986; x_wconf 90' lang='lat' dir='ltr'><strong>arca</strong></span> <span class='ocrx_word' id='word_1_667' title='bbox 1957 4949 2141 4989; x_wconf 86' lang='lat' dir='ltr'><strong>secun-</strong></span> <span class='ocrx_word' id='word_1_668' title='bbox 2249 4932 2430 4989; x_wconf 87' lang='lat' dir='ltr'><strong>omnia</strong></span> <span class='ocrx_word' id='word_1_669' title='bbox 2464 4930 2762 5003; x_wconf 83' lang='lat' dir='ltr'><strong>figuraliter</strong></span> <span class='ocrx_word' id='word_1_670' title='bbox 2795 4930 2986 4984; x_wconf 81' lang='lat' dir='ltr'><strong>ﬁebant</strong></span> <span class='ocrx_word' id='word_1_671' title='bbox 3016 4928 3121 4995; x_wconf 81' lang='lat' dir='ltr'><strong>ibi,</strong></span> <span class='ocrx_word' id='word_1_672' title='bbox 3154 4944 3246 4983; x_wconf 74' lang='lat' dir='ltr'><strong>rex</strong></span> <span class='ocrx_word' id='word_1_673' title='bbox 3280 4938 3463 4983; x_wconf 82' lang='lat' dir='ltr'><strong>noster</strong></span> <span class='ocrx_word' id='word_1_674' title='bbox 3497 4938 3551 4984; x_wconf 91' lang='lat' dir='ltr'><strong>et</strong></span> <span class='ocrx_word' id='word_1_675' title='bbox 3576 4930 3836 4985; x_wconf 64' lang='lat' dir='ltr'><strong>sacerdos</strong></span> 
     </span>
    </p>
   </div>
   <div class='ocr_carea' id='block_1_85' title="bbox 565 5008 3837 5093">
    <p class='ocr_par' dir='ltr' id='par_1_85' title="bbox 565 5008 3837 5093">
     <span class='ocr_line' id='line_1_85' title="bbox 565 5008 3837 5093; baseline -0.001 -17"><span class='ocrx_word' id='word_1_676' title='bbox 565 5020 692 5077; x_wconf 89' lang='lat' dir='ltr'><strong>dum</strong></span> <span class='ocrx_word' id='word_1_677' title='bbox 712 5016 935 5076; x_wconf 84' lang='lat' dir='ltr'><strong>Paulum</strong></span> <span class='ocrx_word' id='word_1_678' title='bbox 958 5034 1093 5076; x_wconf 88' lang='lat' dir='ltr'><strong>urna</strong></span> <span class='ocrx_word' id='word_1_679' title='bbox 1130 5036 1293 5077; x_wconf 90' lang='lat' dir='ltr'><strong>aurea</strong></span> <span class='ocrx_word' id='word_1_680' title='bbox 1324 5020 1526 5077; x_wconf 84' lang='lat' dir='ltr'><strong>habens</strong></span> <span class='ocrx_word' id='word_1_681' title='bbox 1554 5036 1782 5089; x_wconf 89' lang='lat' dir='ltr'><strong>manna,</strong></span> <span class='ocrx_word' id='word_1_682' title='bbox 1804 5024 1928 5093; x_wconf 84' lang='lat' dir='ltr'><strong>quia</strong></span> <span class='ocrx_word' id='word_1_683' title='bbox 1962 5023 2016 5078; x_wconf 91' lang='lat' dir='ltr'><strong>in</strong></span> <span class='ocrx_word' id='word_1_684' title='bbox 2051 5025 2148 5079; x_wconf 88' lang='lat' dir='ltr'><strong>ltO-</strong></span> <span class='ocrx_word' id='word_1_685' title='bbox 2248 5008 2420 5079; x_wconf 53' lang='lat' dir='ltr'><strong>creuit</strong></span> <span class='ocrx_word' id='word_1_686' title='bbox 2442 5038 2638 5078; x_wconf 87' lang='lat' dir='ltr'><strong>novum</strong></span> <span class='ocrx_word' id='word_1_687' title='bbox 2669 5022 2838 5076; x_wconf 85' lang='lat' dir='ltr'><strong>altare</strong></span> <span class='ocrx_word' id='word_1_688' title='bbox 2871 5019 2993 5074; x_wconf 73' lang='lat' dir='ltr'><strong>litlei</strong></span> <span class='ocrx_word' id='word_1_689' title='bbox 3030 5018 3082 5073; x_wconf 91' lang='lat' dir='ltr'><strong>in</strong></span> <span class='ocrx_word' id='word_1_690' title='bbox 3120 5016 3379 5085; x_wconf 84' lang='lat' dir='ltr'><strong>Ecclesia,</strong></span> <span class='ocrx_word' id='word_1_691' title='bbox 3423 5018 3474 5073; x_wconf 92' lang='lat' dir='ltr'><strong>in</strong></span> <span class='ocrx_word' id='word_1_692' title='bbox 3513 5035 3620 5088; x_wconf 90' lang='lat' dir='ltr'><strong>quo</strong></span> <span class='ocrx_word' id='word_1_693' title='bbox 3657 5018 3837 5088; x_wconf 82' lang='lat' dir='ltr'><strong>quoti-</strong></span> 
     </span>
    </p>
   </div>
   <div class='ocr_carea' id='block_1_86' title="bbox 563 5110 2142 5185">
    <p class='ocr_par' dir='ltr' id='par_1_86' title="bbox 563 5110 2142 5185">
     <span class='ocr_line' id='line_1_86' title="bbox 563 5110 2142 5185; baseline 0.003 -18"><span class='ocrx_word' id='word_1_694' title='bbox 563 5112 710 5167; x_wconf 81' lang='lat' dir='ltr'><strong>tuine</strong></span> <span class='ocrx_word' id='word_1_695' title='bbox 766 5110 982 5169; x_wconf 87' lang='lat' dir='ltr'><strong>Christo</strong></span> <span class='ocrx_word' id='word_1_696' title='bbox 1042 5111 1253 5169; x_wconf 86' lang='lat' dir='ltr'><strong>habitat</strong></span> <span class='ocrx_word' id='word_1_697' title='bbox 1297 5112 1473 5168; x_wconf 88' lang='lat' dir='ltr'><strong>omnis</strong></span> <span class='ocrx_word' id='word_1_698' title='bbox 1517 5114 1793 5185; x_wconf 91' lang='lat' dir='ltr'><strong>plenitudo</strong></span> <span class='ocrx_word' id='word_1_699' title='bbox 1848 5112 2142 5171; x_wconf 81' lang='lat' dir='ltr'><strong>divinitatis</strong></span> 
     </span>
    </p>
   </div>
   <div class='ocr_carea' id='block_1_87' title="bbox 565 5202 2141 5277">
    <p class='ocr_par' dir='ltr' id='par_1_87' title="bbox 565 5202 2141 5277">
     <span class='ocr_line' id='line_1_87' title="bbox 565 5202 2141 5277; baseline 0.002 -18"><span class='ocrx_word' id='word_1_700' title='bbox 565 5205 935 5274; x_wconf 89' lang='lat' dir='ltr'><strong>corporaliter.</strong></span> <span class='ocrx_word' id='word_1_701' title='bbox 968 5204 1098 5261; x_wconf 86' lang='lat' dir='ltr'><strong>Erat</strong></span> <span class='ocrx_word' id='word_1_702' title='bbox 1126 5213 1181 5260; x_wconf 90' lang='lat' dir='ltr'><strong>et</strong></span> <span class='ocrx_word' id='word_1_703' title='bbox 1214 5204 1363 5277; x_wconf 82' lang='lat' dir='ltr'><strong>virgo</strong></span> <span class='ocrx_word' id='word_1_704' title='bbox 1386 5202 1590 5272; x_wconf 78' lang='lat' dir='ltr'><strong>Aaron,</strong></span> <span class='ocrx_word' id='word_1_705' title='bbox 1620 5222 1739 5276; x_wconf 77' lang='lat' dir='ltr'><strong>quae</strong></span> <span class='ocrx_word' id='word_1_706' title='bbox 1759 5207 1941 5261; x_wconf 81' lang='lat' dir='ltr'><strong>excisa</strong></span> <span class='ocrx_word' id='word_1_707' title='bbox 1966 5206 2141 5263; x_wconf 89' lang='lat' dir='ltr'><strong>denuo</strong></span> 
     </span>
    </p>
   </div>
   <div class='ocr_carea' id='block_1_88' title="bbox 563 5290 2140 5367">
    <p class='ocr_par' dir='ltr' id='par_1_88' title="bbox 563 5290 2140 5367">
     <span class='ocr_line' id='line_1_88' title="bbox 563 5290 2140 5367; baseline 0.002 -19"><span class='ocrx_word' id='word_1_708' title='bbox 563 5290 818 5349; x_wconf 73' lang='lat' dir='ltr'><strong>ﬂoruerat</strong></span> <span class='ocrx_word' id='word_1_709' title='bbox 845 5310 861 5349; x_wconf 89' lang='lat'><strong>:</strong></span> <span class='ocrx_word' id='word_1_710' title='bbox 888 5296 1011 5365; x_wconf 89' lang='lat' dir='ltr'><strong>quia</strong></span> <span class='ocrx_word' id='word_1_711' title='bbox 1041 5304 1282 5366; x_wconf 85' lang='lat' dir='ltr'><strong>potestas</strong></span> <span class='ocrx_word' id='word_1_712' title='bbox 1307 5296 1485 5350; x_wconf 90' lang='lat' dir='ltr'><strong>omnis</strong></span> <span class='ocrx_word' id='word_1_713' title='bbox 1506 5294 1781 5364; x_wconf 73' lang='lat' dir='ltr'><strong>iudicandi</strong></span> <span class='ocrx_word' id='word_1_714' title='bbox 1816 5312 1981 5367; x_wconf 84' lang='lat' dir='ltr'><strong>penes</strong></span> <span class='ocrx_word' id='word_1_715' title='bbox 2018 5310 2140 5352; x_wconf 88' lang='lat' dir='ltr'><strong>eum</strong></span> 
     </span>
    </p>
   </div>
   <div class='ocr_carea' id='block_1_89' title="bbox 564 5385 2140 5456">
    <p class='ocr_par' dir='ltr' id='par_1_89' title="bbox 564 5385 2140 5456">
     <span class='ocr_line' id='line_1_89' title="bbox 564 5385 2140 5456; baseline 0.002 -16"><span class='ocrx_word' id='word_1_716' title='bbox 564 5388 669 5450; x_wconf 79' lang='lat' dir='ltr'><strong>est,</strong></span> <span class='ocrx_word' id='word_1_717' title='bbox 694 5386 849 5453; x_wconf 82' lang='lat' dir='ltr'><strong>cujus</strong></span> <span class='ocrx_word' id='word_1_718' title='bbox 878 5385 1140 5455; x_wconf 79' lang='lat' dir='ltr'><strong>judicium</strong></span> <span class='ocrx_word' id='word_1_719' title='bbox 1192 5387 1245 5441; x_wconf 90' lang='lat' dir='ltr'><strong>in</strong></span> <span class='ocrx_word' id='word_1_720' title='bbox 1288 5386 1590 5442; x_wconf 88' lang='lat' dir='ltr'><strong>humilitate</strong></span> <span class='ocrx_word' id='word_1_721' title='bbox 1624 5388 1891 5456; x_wconf 89' lang='lat' dir='ltr'><strong>passionis</strong></span> <span class='ocrx_word' id='word_1_722' title='bbox 1919 5386 2140 5444; x_wconf 84' lang='lat' dir='ltr'><strong>videba-</strong></span> 
     </span>
    </p>
   </div>
   <div class='ocr_carea' id='block_1_90' title="bbox 565 5478 2140 5550">
    <p class='ocr_par' dir='ltr' id='par_1_90' title="bbox 565 5478 2140 5550">
     <span class='ocr_line' id='line_1_90' title="bbox 565 5478 2140 5550; baseline 0.001 -17"><span class='ocrx_word' id='word_1_723' title='bbox 565 5485 656 5532; x_wconf 86' lang='lat' dir='ltr'><strong>tur</strong></span> <span class='ocrx_word' id='word_1_724' title='bbox 682 5486 802 5534; x_wconf 80' lang='lat' dir='ltr'><strong>esse</strong></span> <span class='ocrx_word' id='word_1_725' title='bbox 830 5478 1119 5534; x_wconf 81' lang='lat' dir='ltr'><strong>sublatum.</strong></span> <span class='ocrx_word' id='word_1_726' title='bbox 1152 5478 1322 5534; x_wconf 89' lang='lat' dir='ltr'><strong>Erant</strong></span> <span class='ocrx_word' id='word_1_727' title='bbox 1348 5489 1401 5535; x_wconf 90' lang='lat' dir='ltr'><strong>et</strong></span> <span class='ocrx_word' id='word_1_728' title='bbox 1439 5478 1632 5534; x_wconf 69' lang='lat' dir='ltr'><strong>tabulae</strong></span> <span class='ocrx_word' id='word_1_729' title='bbox 1663 5482 1991 5546; x_wconf 88' lang='lat' dir='ltr'><strong>testamenti,</strong></span> <span class='ocrx_word' id='word_1_730' title='bbox 2016 5482 2140 5550; x_wconf 84' lang='lat' dir='ltr'><strong>quia</strong></span> 
     </span>
    </p>
   </div>
   <div class='ocr_carea' id='block_1_91' title="bbox 564 5568 2141 5642">
    <p class='ocr_par' dir='ltr' id='par_1_91' title="bbox 564 5568 2141 5642">
     <span class='ocr_line' id='line_1_91' title="bbox 564 5568 2141 5642; baseline 0.003 -17"><span class='ocrx_word' id='word_1_731' title='bbox 564 5568 621 5625; x_wconf 89' lang='lat' dir='ltr'><strong>in</strong></span> <span class='ocrx_word' id='word_1_732' title='bbox 654 5569 747 5625; x_wconf 93' lang='lat' dir='ltr'><strong>illo</strong></span> <span class='ocrx_word' id='word_1_733' title='bbox 792 5580 918 5627; x_wconf 89' lang='lat' dir='ltr'><strong>sunt</strong></span> <span class='ocrx_word' id='word_1_734' title='bbox 966 5584 1155 5628; x_wconf 85' lang='lat' dir='ltr'><strong>omnes</strong></span> <span class='ocrx_word' id='word_1_735' title='bbox 1209 5572 1446 5627; x_wconf 86' lang='lat' dir='ltr'><strong>thesauri</strong></span> <span class='ocrx_word' id='word_1_736' title='bbox 1502 5573 1779 5642; x_wconf 71' lang='lat' dir='ltr'><strong>sapientia:</strong></span> <span class='ocrx_word' id='word_1_737' title='bbox 1805 5580 1861 5627; x_wconf 90' lang='lat' dir='ltr'><strong>et</strong></span> <span class='ocrx_word' id='word_1_738' title='bbox 1902 5572 2141 5629; x_wconf 67' lang='lat' dir='ltr'><strong>scientia:</strong></span> 
     </span>
    </p>
   </div>
   <div class='ocr_carea' id='block_1_92' title="bbox 565 5662 2139 5734">
    <p class='ocr_par' dir='ltr' id='par_1_92' title="bbox 565 5662 2139 5734">
     <span class='ocr_line' id='line_1_92' title="bbox 565 5662 2139 5734; baseline 0.001 -17"><span class='ocrx_word' id='word_1_739' title='bbox 565 5662 883 5720; x_wconf 88' lang='lat' dir='ltr'><strong>ahsconditi.</strong></span> <span class='ocrx_word' id='word_1_740' title='bbox 908 5662 1270 5720; x_wconf 63' lang='lat' dir='ltr'><strong>Adhaerebant</strong></span> <span class='ocrx_word' id='word_1_741' title='bbox 1296 5671 1353 5719; x_wconf 90' lang='lat' dir='ltr'><strong>et</strong></span> <span class='ocrx_word' id='word_1_742' title='bbox 1378 5671 1559 5718; x_wconf 85' lang='lat' dir='ltr'><strong>vectes</strong></span> <span class='ocrx_word' id='word_1_743' title='bbox 1580 5662 1775 5733; x_wconf 89' lang='lat' dir='ltr'><strong>quibus</strong></span> <span class='ocrx_word' id='word_1_744' title='bbox 1800 5665 2139 5734; x_wconf 89' lang='lat' dir='ltr'><strong>portabatur,</strong></span> 
     </span>
    </p>
   </div>
   <div class='ocr_carea' id='block_1_93' title="bbox 566 5752 2140 5825">
    <p class='ocr_par' dir='ltr' id='par_1_93' title="bbox 566 5752 2140 5825">
     <span class='ocr_line' id='line_1_93' title="bbox 566 5752 2140 5825; baseline 0.004 -19"><span class='ocrx_word' id='word_1_745' title='bbox 566 5753 689 5821; x_wconf 85' lang='lat' dir='ltr'><strong>quia</strong></span> <span class='ocrx_word' id='word_1_746' title='bbox 730 5752 978 5811; x_wconf 80' lang='lat' dir='ltr'><strong>doctores</strong></span> <span class='ocrx_word' id='word_1_747' title='bbox 1034 5754 1123 5825; x_wconf 89' lang='lat' dir='ltr'><strong>qui</strong></span> <span class='ocrx_word' id='word_1_748' title='bbox 1180 5754 1451 5825; x_wconf 86' lang='lat' dir='ltr'><strong>quondam</strong></span> <span class='ocrx_word' id='word_1_749' title='bbox 1498 5754 1819 5810; x_wconf 85' lang='lat' dir='ltr'><strong>laborabant</strong></span> <span class='ocrx_word' id='word_1_750' title='bbox 1869 5755 1922 5810; x_wconf 90' lang='lat' dir='ltr'><strong>in</strong></span> <span class='ocrx_word' id='word_1_751' title='bbox 1976 5757 2140 5812; x_wconf 88' lang='lat' dir='ltr'><strong>verbo</strong></span> 
     </span>
    </p>
   </div>
   <div class='ocr_carea' id='block_1_94' title="bbox 567 5844 2141 5921">
    <p class='ocr_par' dir='ltr' id='par_1_94' title="bbox 567 5844 2141 5921">
     <span class='ocr_line' id='line_1_94' title="bbox 567 5844 2141 5921; baseline 0.004 -22"><span class='ocrx_word' id='word_1_752' title='bbox 567 5844 789 5913; x_wconf 75' lang='lat' dir='ltr'><strong>Cluisti,</strong></span> <span class='ocrx_word' id='word_1_753' title='bbox 844 5864 981 5901; x_wconf 80' lang='lat' dir='ltr'><strong>llllltC</strong></span> <span class='ocrx_word' id='word_1_754' title='bbox 1028 5846 1275 5917; x_wconf 65' lang='lat' dir='ltr'><strong>praesenti</strong></span> <span class='ocrx_word' id='word_1_755' title='bbox 1336 5846 1539 5902; x_wconf 85' lang='lat' dir='ltr'><strong>visione</strong></span> <span class='ocrx_word' id='word_1_756' title='bbox 1584 5846 1923 5917; x_wconf 82' lang='lat' dir='ltr'><strong>congaudent</strong></span> <span class='ocrx_word' id='word_1_757' title='bbox 1959 5848 2141 5921; x_wconf 71' lang='lat' dir='ltr'><strong>gloriae</strong></span> 
     </span>
    </p>
   </div>
   <div class='ocr_carea' id='block_1_95' title="bbox 2245 5106 3833 5185">
    <p class='ocr_par' dir='ltr' id='par_1_95' title="bbox 2245 5106 3833 5185">
     <span class='ocr_line' id='line_1_95' title="bbox 2245 5106 3833 5185; baseline -0.004 -16"><span class='ocrx_word' id='word_1_758' title='bbox 2245 5115 2331 5169; x_wconf 87' lang='lat' dir='ltr'><strong>die</strong></span> <span class='ocrx_word' id='word_1_759' title='bbox 2362 5112 2596 5169; x_wconf 78' lang='lat' dir='ltr'><strong>offerunt</strong></span> <span class='ocrx_word' id='word_1_760' title='bbox 2628 5112 2845 5185; x_wconf 78' lang='lat' dir='ltr'><strong>pinguia</strong></span> <span class='ocrx_word' id='word_1_761' title='bbox 2886 5108 3201 5167; x_wconf 79' lang='lat' dir='ltr'><strong>holocausta</strong></span> <span class='ocrx_word' id='word_1_762' title='bbox 3240 5116 3294 5163; x_wconf 90' lang='lat' dir='ltr'><strong>et</strong></span> <span class='ocrx_word' id='word_1_763' title='bbox 3332 5116 3553 5180; x_wconf 84' lang='lat' dir='ltr'><strong>accepta</strong></span> <span class='ocrx_word' id='word_1_764' title='bbox 3594 5106 3705 5164; x_wconf 88' lang='lat' dir='ltr'><strong>Deo</strong></span> <span class='ocrx_word' id='word_1_765' title='bbox 3744 5124 3833 5165; x_wconf 85' lang='lat' dir='ltr'><strong>sa-</strong></span> 
     </span>
    </p>
   </div>
   <div class='ocr_carea' id='block_1_96' title="bbox 2244 5198 3831 5274">
    <p class='ocr_par' dir='ltr' id='par_1_96' title="bbox 2244 5198 3831 5274">
     <span class='ocr_line' id='line_1_96' title="bbox 2244 5198 3831 5274; baseline -0.005 -12"><span class='ocrx_word' id='word_1_766' title='bbox 2244 5202 2470 5262; x_wconf 83' lang='lat' dir='ltr'><strong>criﬁcia.</strong></span> <span class='ocrx_word' id='word_1_767' title='bbox 2502 5202 2655 5259; x_wconf 88' lang='lat' dir='ltr'><strong>Unde</strong></span> <span class='ocrx_word' id='word_1_768' title='bbox 2688 5223 2698 5256; x_wconf 74' lang='grc' dir='ltr'><strong><em>τ</em></strong></span> <span class='ocrx_word' id='word_1_769' title='bbox 2726 5202 3059 5274; x_wconf 80' lang='lat' dir='ltr'><strong>Sacriﬁcium</strong></span> <span class='ocrx_word' id='word_1_770' title='bbox 3098 5198 3271 5256; x_wconf 84' lang='lat' dir='ltr'><strong>laudis</strong></span> <span class='ocrx_word' id='word_1_771' title='bbox 3315 5198 3678 5255; x_wconf 73' lang='lat' dir='ltr'><strong>honoriﬁcabit</strong></span> <span class='ocrx_word' id='word_1_772' title='bbox 3725 5217 3831 5268; x_wconf 82' lang='lat' dir='ltr'><strong>me,</strong></span> 
     </span>
    </p>
   </div>
   <div class='ocr_carea' id='block_1_97' title="bbox 2242 5294 2700 5358">
    <p class='ocr_par' dir='ltr' id='par_1_97' title="bbox 2242 5294 2700 5358">
     <span class='ocr_line' id='line_1_97' title="bbox 2242 5294 2700 5358; baseline -0.002 -8"><span class='ocrx_word' id='word_1_773' title='bbox 2242 5302 2291 5350; x_wconf 86' lang='lat' dir='ltr'><strong>el</strong></span> <span class='ocrx_word' id='word_1_774' title='bbox 2313 5294 2422 5349; x_wconf 85' lang='lat' dir='ltr'><strong>illic</strong></span> <span class='ocrx_word' id='word_1_775' title='bbox 2450 5294 2566 5358; x_wconf 85' lang='lat' dir='ltr'><strong>iter,</strong></span> <span class='ocrx_word' id='word_1_776' title='bbox 2596 5302 2700 5349; x_wconf 90' lang='lat' dir='ltr'><strong>etc.</strong></span> 
     </span>
    </p>
   </div>
   <div class='ocr_carea' id='block_1_98' title="bbox 2316 5378 3830 5457">
    <p class='ocr_par' dir='ltr' id='par_1_98' title="bbox 2316 5378 3830 5457">
     <span class='ocr_line' id='line_1_98' title="bbox 2316 5378 3830 5457; baseline 0 -16"><span class='ocrx_word' id='word_1_777' title='bbox 2316 5382 2482 5441; x_wconf 73' lang='lat' dir='ltr'><strong>Vens.</strong></span> <span class='ocrx_word' id='word_1_778' title='bbox 2508 5387 2558 5442; x_wconf 93' lang='lat'><strong>8.</strong></span> <span class='ocrx_word' id='word_1_779' title='bbox 2589 5417 2661 5425; x_wconf 93' lang='lat'><strong><em>—</em></strong></span> <span class='ocrx_word' id='word_1_780' title='bbox 2684 5384 2832 5440; x_wconf 83' lang='lat' dir='ltr'><strong>Fecit</strong></span> <span class='ocrx_word' id='word_1_781' title='bbox 2859 5404 3002 5457; x_wconf 87' lang='lat' dir='ltr'><strong>ergo.</strong></span> <span class='ocrx_word' id='word_1_782' title='bbox 3040 5384 3219 5455; x_wconf 67' lang='grc' dir='ltr'><strong>(ΗΑΒ.)</strong></span> <span class='ocrx_word' id='word_1_783' title='bbox 3249 5378 3364 5441; x_wconf 78' lang='lat' dir='ltr'><strong>Non</strong></span> <span class='ocrx_word' id='word_1_784' title='bbox 3388 5392 3517 5457; x_wconf 81' lang='lat' dir='ltr'><strong>puto</strong></span> <span class='ocrx_word' id='word_1_785' title='bbox 3540 5384 3646 5442; x_wconf 84' lang='lat' dir='ltr'><strong>hoc</strong></span> <span class='ocrx_word' id='word_1_786' title='bbox 3681 5384 3830 5441; x_wconf 83' lang='lat' dir='ltr'><strong>aliud</strong></span> 
     </span>
    </p>
   </div>
   <div class='ocr_carea' id='block_1_99' title="bbox 2244 5476 3829 5551">
    <p class='ocr_par' dir='ltr' id='par_1_99' title="bbox 2244 5476 3829 5551">
     <span class='ocr_line' id='line_1_99' title="bbox 2244 5476 3829 5551; baseline -0.002 -17"><span class='ocrx_word' id='word_1_787' title='bbox 2244 5476 2649 5551; x_wconf 83' lang='lat' dir='ltr'><strong>intelligendum</strong></span> <span class='ocrx_word' id='word_1_788' title='bbox 2672 5519 2686 5545; x_wconf 92' lang='lat'><strong>,</strong></span> <span class='ocrx_word' id='word_1_789' title='bbox 2717 5486 2847 5543; x_wconf 88' lang='lat' dir='ltr'><strong>etc.,</strong></span> <span class='ocrx_word' id='word_1_790' title='bbox 2884 5495 3045 5549; x_wconf 85' lang='lat' dir='ltr'><strong>usque</strong></span> <span class='ocrx_word' id='word_1_791' title='bbox 3077 5479 3147 5531; x_wconf 84' lang='lat' dir='ltr'><strong>ad</strong></span> <span class='ocrx_word' id='word_1_792' title='bbox 3188 5477 3241 5532; x_wconf 90' lang='lat' dir='ltr'><strong>in</strong></span> <span class='ocrx_word' id='word_1_793' title='bbox 3287 5476 3466 5532; x_wconf 89' lang='lat' dir='ltr'><strong>futura</strong></span> <span class='ocrx_word' id='word_1_794' title='bbox 3518 5476 3829 5531; x_wconf 79' lang='lat' dir='ltr'><strong>animarum</strong></span> 
     </span>
    </p>
   </div>
   <div class='ocr_carea' id='block_1_100' title="bbox 2246 5570 3483 5655">
    <p class='ocr_par' dir='ltr' id='par_1_100' title="bbox 2246 5570 3483 5655">
     <span class='ocr_line' id='line_1_100' title="bbox 2246 5570 3483 5655; baseline -0.002 -28"><span class='ocrx_word' id='word_1_795' title='bbox 2246 5572 2453 5655; x_wconf 75' lang='lat' dir='ltr'><strong>requie,</strong></span> <span class='ocrx_word' id='word_1_796' title='bbox 2487 5572 2654 5643; x_wconf 89' lang='lat' dir='ltr'><strong>ipsius</strong></span> <span class='ocrx_word' id='word_1_797' title='bbox 2681 5571 2925 5626; x_wconf 87' lang='lat' dir='ltr'><strong>veritatis</strong></span> <span class='ocrx_word' id='word_1_798' title='bbox 2952 5571 3293 5642; x_wconf 91' lang='lat' dir='ltr'><strong>perceptione</strong></span> <span class='ocrx_word' id='word_1_799' title='bbox 3323 5570 3377 5625; x_wconf 89' lang='lat' dir='ltr'><strong>in</strong></span> <span class='ocrx_word' id='word_1_800' title='bbox 3406 5585 3483 5625; x_wconf 87' lang='lat' dir='ltr'><strong>re.</strong></span> 
     </span>
    </p>
   </div>
   <div class='ocr_carea' id='block_1_101' title="bbox 2316 5664 3823 5738">
    <p class='ocr_par' dir='ltr' id='par_1_101' title="bbox 2316 5664 3823 5738">
     <span class='ocr_line' id='line_1_101' title="bbox 2316 5664 3823 5738; baseline 0 -17"><span class='ocrx_word' id='word_1_801' title='bbox 2316 5666 2478 5723; x_wconf 74' lang='lat' dir='ltr'><strong>Vens.</strong></span> <span class='ocrx_word' id='word_1_802' title='bbox 2496 5664 2577 5721; x_wconf 70' lang='lat'><strong>10.</strong></span> <span class='ocrx_word' id='word_1_803' title='bbox 2597 5697 2667 5708; x_wconf 94' lang='lat'><strong>—</strong></span> <span class='ocrx_word' id='word_1_804' title='bbox 2682 5664 2856 5738; x_wconf 81' lang='lat' dir='ltr'><strong>Igitur</strong></span> <span class='ocrx_word' id='word_1_805' title='bbox 2868 5665 2920 5720; x_wconf 83' lang='lat' dir='ltr'><strong>in</strong></span> <span class='ocrx_word' id='word_1_806' title='bbox 2934 5666 3039 5731; x_wconf 86' lang='lat' dir='ltr'><strong>die,</strong></span> <span class='ocrx_word' id='word_1_807' title='bbox 3053 5672 3158 5721; x_wconf 88' lang='lat' dir='ltr'><strong>etc.</strong></span> <span class='ocrx_word' id='word_1_808' title='bbox 3175 5666 3287 5721; x_wconf 79' lang='lat' dir='ltr'><strong>[loc</strong></span> <span class='ocrx_word' id='word_1_809' title='bbox 3318 5675 3399 5722; x_wconf 74' lang='grc' dir='ltr'><strong>εει</strong></span> <span class='ocrx_word' id='word_1_810' title='bbox 3425 5676 3548 5738; x_wconf 89' lang='lat' dir='ltr'><strong>post</strong></span> <span class='ocrx_word' id='word_1_811' title='bbox 3569 5670 3823 5721; x_wconf 80' lang='lat' dir='ltr'><strong>Octavam</strong></span> 
     </span>
    </p>
   </div>
   <div class='ocr_carea' id='block_1_102' title="bbox 2244 5758 3824 5833">
    <p class='ocr_par' dir='ltr' id='par_1_102' title="bbox 2244 5758 3824 5833">
     <span class='ocr_line' id='line_1_102' title="bbox 2244 5758 3824 5833; baseline -0.002 -18"><span class='ocrx_word' id='word_1_812' title='bbox 2244 5758 2616 5831; x_wconf 67' lang='lat' dir='ltr'><strong>scenophegiaa</strong></span> <span class='ocrx_word' id='word_1_813' title='bbox 2629 5758 2988 5816; x_wconf 86' lang='lat' dir='ltr'><strong>solemnitatis</strong></span> <span class='ocrx_word' id='word_1_814' title='bbox 3000 5759 3139 5815; x_wconf 89' lang='lat' dir='ltr'><strong>diem</strong></span> <span class='ocrx_word' id='word_1_815' title='bbox 3159 5778 3170 5814; x_wconf 90' lang='lat'>:</span> <span class='ocrx_word' id='word_1_816' title='bbox 3190 5760 3329 5816; x_wconf 87' lang='lat' dir='ltr'><strong>sicut</strong></span> <span class='ocrx_word' id='word_1_817' title='bbox 3343 5761 3395 5816; x_wconf 92' lang='lat' dir='ltr'><strong>in</strong></span> <span class='ocrx_word' id='word_1_818' title='bbox 3412 5758 3617 5833; x_wconf 79' lang='lat' dir='ltr'><strong>Regum</strong></span> <span class='ocrx_word' id='word_1_819' title='bbox 3638 5759 3786 5814; x_wconf 85' lang='lat' dir='ltr'><strong>conti</strong></span> <span class='ocrx_word' id='word_1_820' title='bbox 3814 5790 3824 5801; x_wconf 88' lang='lat'><strong><em>-</em></strong></span> 
     </span>
    </p>
   </div>
   <div class='ocr_carea' id='block_1_103' title="bbox 2244 5848 3821 5921">
    <p class='ocr_par' dir='ltr' id='par_1_103' title="bbox 2244 5848 3821 5921">
     <span class='ocr_line' id='line_1_103' title="bbox 2244 5848 3821 5921; baseline -0.001 -16"><span class='ocrx_word' id='word_1_821' title='bbox 2244 5858 2423 5905; x_wconf 82' lang='lat' dir='ltr'><strong>netur.</strong></span> <span class='ocrx_word' id='word_1_822' title='bbox 2444 5848 2725 5921; x_wconf 77' lang='lat' dir='ltr'><strong>Significat</strong></span> <span class='ocrx_word' id='word_1_823' title='bbox 2746 5861 2925 5905; x_wconf 87' lang='lat' dir='ltr'><strong>autem</strong></span> <span class='ocrx_word' id='word_1_824' title='bbox 2953 5858 3072 5919; x_wconf 83' lang='lat' dir='ltr'><strong>post</strong></span> <span class='ocrx_word' id='word_1_825' title='bbox 3090 5850 3230 5906; x_wconf 88' lang='lat' dir='ltr'><strong>illius</strong></span> <span class='ocrx_word' id='word_1_826' title='bbox 3255 5852 3374 5907; x_wconf 71' lang='lat' dir='ltr'><strong>vitzc</strong></span> <span class='ocrx_word' id='word_1_827' title='bbox 3398 5848 3581 5905; x_wconf 82' lang='lat' dir='ltr'><strong>linem.</strong></span> <span class='ocrx_word' id='word_1_828' title='bbox 3608 5859 3658 5904; x_wconf 87' lang='lat' dir='ltr'><strong>et</strong></span> <span class='ocrx_word' id='word_1_829' title='bbox 3695 5860 3821 5919; x_wconf 75' lang='lat' dir='ltr'><strong>post</strong></span> 
     </span>
    </p>
   </div>
  </div>
