4122 6350
358 440 463 501 677

1267 428 1271 432 ’
1303 428 1574 491 GLOSSA
1612 422 2012 489 OBDINARIA.
2045 457 2116 471 --
2152 422 2284 485 LIB.
2320 429 2366 486 ll
2400 424 2651 485 PAML.

3506 426 3609 489 678

357 561 749 624 sabbatismum
793 559 1098 614 animarum
1136 565 1472 622 sanctarum,
1501 568 1608 626 quo
1630 563 1756 611 ante
1784 550 1932 623 judi-
1959 554 2013 615 Α
2108 548 2271 605 Vsus.
2304 550 2390 605 ii.
2424 581 2493 591 —
2519 544 2824 605 Secundum
2861 548 3293 603 convenientiam
3349 548 3611 620 cujusque

356 658 501 715 cium
521 655 833 727 quiescunt;
849 651 903 707 in
917 658 1107 706 octava
1126 656 1305 715 :etate,
1324 646 1376 704 id
1396 655 1501 711 est,
1517 645 1930 703 resurrectionis

355 751 444 809 die
467 755 683 807 sanctos
706 756 1021 816 recepturos
1039 756 1266 813 corpora
1286 738 1629 804 inmortalia,
1657 747 1712 795 et
1742 738 1794 793 in
1823 753 1932 794 cte-

355 841 580 899 .estibus
605 834 977 893 mansionibus
1018 822 1312 888 secundum
1360 826 1674 887 meritorum
1703 829 1932 899 qualita-

356 943 442 991 tes
467 929 744 995 locandos,
772 926 865 982 ubi
912 939 1124 995 semper
1155 922 1425 987 laetentur,
1450 914 1734 977 laudantes
1761 914 1931 974 Deum

357 1026 412 1082 in
442 1022 694 1081 omnibus
727 1016 883 1074 bonis
908 1031 1029 1072 (tua:
1060 1014 1115 1071 in
1143 1013 1364 1073 Christo
1388 1002 1548 1069 Pater
1572 1009 1797 1068 contulit
1828 1020 1929 1082 po-

351 1113 479 1188 pulo
504 1110 834 1170 Christiano.

920 1172 1148 1234 hAPUT
1203 1172 1335 1232 vm.
1387 1222 1391 1227 .

424 1296 589 1353 Vnus.
632 1294 684 1350 1.
712 1324 781 1335 -
812 1291 1048 1364 Expletis
1093 1290 1269 1347 autem
1321 1289 1524 1363 uiginti,
1555 1300 1685 1353 ctc.,
1715 1287 1929 1343 dederat

350 1389 567 1455 Hiram,
594 1396 700 1444 etc.
730 1386 888 1460 (Ras.
935 1386 990 1439 in
1017 1380 1206 1440 Paral.
1244 1400 1311 1440 ex
1364 1370 1610 1456 Hieron.)
1657 1376 1911 1437 Reddide-

349 1489 439 1537 rat
458 1480 689 1546 scilicet,
714 1478 843 1548 quia
868 1493 990 1533 cum
1039 1475 1292 1533 Salomon
1322 1472 1558 1532 dedisset
1583 1492 1689 1530 non
1719 1472 1935 1547 placuc-

350 1579 482 1627 runt
520 1571 616 1626 illi.
644 1570 769 1627 Ideo
792 1568 1047 1627 Salomon
1074 1567 1313 1641 propriis
1344 1568 1667 1625 utilitatibus
1690 1578 1784 1624 eas
1832 1566 1929 1623 de-

348 1660 580 1733 putavit.

422 1750 674 1831 Vsss..5.
708 1780 774 1792 —-
798 1746 1083 1805 Beihoron.
1109 1747 1292 1822 (Rem)
1320 1747 1522 1805 Civitas
1544 1752 1649 1815 est,
1682 1742 1747 1826 ad
1767 1758 1928 1817 quam

349 1857 519 1914 usque
548 1827 705 1897 Jesus
732 1837 1047 1913 persecutus
1077 1819 1161 1897 est
1202 1819 1452 1896 inimicos
1482 1854 1639 1911 reges
1677 1819 1733 1894 in
1784 1834 1926 1893 tribu

2033 641 2294 712 temporis
2321 641 2501 696 omnia
2554 638 2611 694 in
2670 638 2911 694 Ecclesia
2940 636 3195 707 disponit,
3221 646 3281 693 ut
3314 640 3608 709 unusquis-

2033 750 2137 807 que
2180 735 2314 791 ordo
2349 732 2523 789 oliicio
2568 746 2666 789 suo
2716 730 2932 786 functus
2958 730 3119 801 digne
3164 728 3442 784 ministret

2102 828 2264 884 Vens.
2295 824 2382 881 17.
2408 858 2479 868 —-—
2526 822 2594 879 In
2626 824 2968 895 Asiongaber.
3009 822 3187 878 Insula
3240 821 3444 877 dicitur
3489 836 3610 877 esse

2032 919 2175 977 haud
2218 916 2407 990 procul
2452 917 2520 972 ab
2563 914 2721 972 Ahila
2764 916 2815 971 in
2858 913 3045 970 Rubro
3094 914 3254 980 mari,
3280 911 3373 968 tibi
3419 912 3611 970 classis

2030 1010 2289 1081 Josaphat
2318 1007 2500 1081 periit.
3202 1002 3253 1035 ⁸⁵

2104 1100 2286 1174 (ΗΑΒ.)
2307 1099 2699 1169 Classis'qnam
2754 1096 2884 1154 fecit
2917 1096 3171 1154 Salomon
3190 1104 3321 1159 ete.,
3352 1106 3518 1169 ante
3538 1097 3611 1151 ed

2030 1208 2128 1267 per
2169 1193 2400 1263 gratiam
2439 1188 2673 1262 Spiritus
2702 1190 2877 1246 sancti
2930 1190 3233 1255 inveniunt,
3258 1197 3314 1245 et
3354 1196 3484 1245 eum
3519 1200 3637 1252 sas

2029 1290 2247 1361 pientiae
2292 1296 2346 1343 et
2400 1278 2626 1343 consilio
2651 1280 2834 1341 divina
2875 1284 3204 1340 εδει-ίΜὶιώ
3242 1282 3491 1339 tribuunt

2103 1384 2266 1438 Vens.
2321 1380 2408 1436 18.
2457 1408 2528 1418 --
2554 1376 2621 1432 In
2660 1375 2845 1447 Ophir.
2874 1374 3080 1432 Nomen
3102 1375 3398 1447 plurimis!
3416 1374 3608 1447 Opbir,

2030 1464 2100 1531 ab
2132 1476 2239 1530 uno
2267 1475 2625 1546 posteriorum
2655 1473 2835 1531 [leber
2865 1480 3075 1538 vocata,
3126 1486 3193 1529 ex
3244 1470 3396 1543 cuius
3445 1474 3614 1545 stirpe

2029 1568 2331 1633 venientes,
2361 1582 2392 1622 a
2421 1565 2583 1623 ﬂuvio
2607 1566 2863 1637 Cophene
2910 1578 3085 1637 usque
3113 1564 3180 1623 ad
3208 1572 3481 1639 regionem
3524 1565 3613 1620 ln-

2033 1659 2130 1717 diae
2162 1674 2282 1731 quae
2305 1664 2530 1714 vocatur
2558 1656 2720 1714 Ceria
2756 1652 3032 1714 habitasse
3063 1652 3332 1729 insepbus
3355 1654 3540 1711 refen.

2650 1790 2880 1849 CAPUT
2919 1770 3012 1845 ix.

353 1932 784 2004 Ephraim,etc.,
820 1948 982 2005 usque
1017 1928 1086 1984 ad
1132 1938 1188 1986 et
1224 1930 1362 1987 alius
1399 1928 1669 1986 Betlioron
1700 1914 2001 1983 inferiorB
2108 1933 2267 1989 Vens.
2322 1931 2375 1986 l.
2422 1961 2496 1972 —
2549 1928 2750 2002 Regina
2794 1945 3018 2001 quoque.
3080 1927 3237 1998 (Res.
3288 1928 3351 1982 in
3400 1918 3613 1993 Parul.,

351 2022 492 2079 datis
526 2020 729 2078 Levitis
756 2021 811 2077 in
832 2021 1248 2091 possessionem.

418 2114 582 2171 Vens.
612 2145 683 2155 —
704 2112 765 2169 δέ
793 2145 863 2154 -
887 2112 957 2168 Et
985 2130 1182 2169 omnes.
1212 2112 1372 2180 Ezer,
1405 2110 1633 2178 scilicet,
1669 2106 1930 2181 ﬂageddo

346 2217 402 2265 et
450 2205 626 2263 Gazer
682 2212 739 2262 et
797 2202 991 2271 Melle,
1058 2218 1178 2275 qua:
1224 2218 1412 2261 omnes
1463 2200 1721 2258 Ecclesia:
1776 2212 1931 2255 mon-

347 2310 523 2358 strant
545 2301 797 2357 decorem
833 2318 847 2353 :
887 2298 1015 2370 quia
1036 2312 1197 2353 verus
1226 2296 1482 2353 Salomon
1509 2294 1563 2351 in
1590 2292 1931 2364 iucunditate

347 2392 500 2465 regni
519 2392 602 2449 sui
637 2392 705 2447 ad
732 2389 945 2445 laudem
983 2398 1038 2444 et
1067 2388 1311 2444 laetitiam
1334 2386 1436 2443 sibi
1460 2383 1811 2458 preparavit.
1844 2380 1931 2438 ln-

348 2492 677 2556 terpretatur
704 2490 886 2537 autem
938 2479 1093 2537 Mello
1143 2477 1486 2551 adimpletio;
1527 2477 1668 2532 Ezer
1713 2484 1933 2547 separa-

350 2586 437 2632 tus
476 2584 532 2631 et
555 2572 953 2639 sanctificatus;
980 2570 1242 2644 Mageddo
1273 2568 1620 2626 caenaculum
1646 2564 1796 2638 ejus;
1822 2566 1933 2623 Ga-

349 2684 444 2725 zer
492 2666 740 2738 pmcisio
786 2665 872 2722 vel
923 2664 1147 2731 divisio;
1194 2661 1468 2719 Bethoron
1526 2661 1717 2717 domus
1772 2672 1932 2715 mon-

355 2762 522 2829 tium;
562 2759 785 2816 Balaath
835 2754 1153 2814 ascendens.
1203 2754 1402 2812 Sancta
1464 2762 1645 2809 autem
1688 2751 1933 2808 Ecclesia

350 2854 542 2911 civitas
579 2862 665 2911 est
706 2852 805 2908 Dei
837 2851 967 2916 vivi,
1002 2850 1095 2906 ubi
1123 2848 1377 2919 impletur
1404 2844 1645 2917 quotidie
1684 2844 1934 2901 voluntas

346 2944 462 3011 Dei,
493 2950 548 3001 et
574 2951 822 3017 separata
851 2938 920 2997 ab
957 2940 1104 2996 omni
1149 2954 1335 2995 errore
1364 2936 1687 3002 infidelium,
1725 2933 1925 2991 sancti-

348 3040 542 3098 ﬁcatur
568 3036 673 3095 fide
720 3046 777 3094 et
818 3032 961 3092 bono
990 3048 1170 3106 opere.
1216 3024 1291 3088 lbi
1342 3038 1429 3087 est
1480 3030 1703 3087 refectio
1759 3028 1937 3084 virtu-

349 3143 484 3189 tum.
541 3116 663 3203 lpsa
691 3128 951 3186 discernit
993 3124 1248 3182 mundum
1281 3131 1341 3196 et
1390 3122 1748 3187 immundum,
1797 3129 1853 3176 et
1900 3134 1934 3175 a

348 3224 550 3279 virtute
594 3222 786 3277 vitium
828 3228 920 3275 :et
943 3226 1028 3274 est
1051 3216 1241 3272 domus
1278 3214 1562 3280 montium,
1591 3213 1645 3269 id
1680 3221 1785 3279 est,
1836 3211 1935 3268 ba-

2033 2031 2164 2078 tom.
2198 2020 2309 2093 lli.)
2346 2020 2551 2092 Regina
2614 2018 2785 2074 auStri
2820 2030 2939 2089 qua
2982 2016 3053 2072 ab
3102 2012 3363 2073 extremis
3417 2016 3617 2074 ﬁnibus

2032 2114 2268 2170 excitata
2314 2112 2461 2168 venit
2510 2111 2703 2167 audire
2751 2108 3070 2180 sapientiam
3094 2107 3405 2164 Salomonis
3435 2108 3619 2164 Eccle-

2033 2207 2167 2262 siam
2209 2205 2276 2261 de
2308 2203 2581 2275 'gentibus
2630 2200 2694 2256 ad
2752 2201 3025 2257 Christum
3076 2206 3358 2256 venturam
3418 2196 3617 2270 ﬁgura-

2031 2296 2124 2354 bat
2166 2314 2180 2351 :
2225 2310 2345 2367 quae
2373 2293 2777 2350 circumamicta
2828 2291 3093 2347 varietate
3122 2288 3176 2344 in
3206 2287 3405 2344 vestitu
3452 2286 3617 2344 deau-

2033 2394 2174 2457 rato,
2223 2384 2549 2444 obliviscens
2594 2383 2853 2457 populum
2900 2388 2956 2439 et
2988 2382 3208 2438 Mum
3274 2379 3454 2452 patris
3505 2379 3611 2446 sui,

2031 2482 2263 2539 barbara
2302 2488 2485 2553 gente,
2533 2493 2640 2534 non
2664 2478 2848 2534 animo
2902 2474 3023 2541 fuit,
3074 2475 3201 2546 quia
3236 2469 3456 2544 optabat
3492 2486 3615 2528 san-

2033 2582 2244 2630 ctorum
2282 2571 2399 2628 fieri
2454 2570 2715 2634 concivis,
2768 2569 2909 2623 unde
2942 2584 2955 2621 :
2990 2565 3180 2637 Surget
3214 2565 3393 2635 regina
3446 2560 3619 2620 austri

2032 2665 2087 2720 in
2110 2663 2374 2735 judicium
2431 2668 2551 2716 cum
2584 2659 2917 2731 generatione
2936 2662 3043 2713 ista
3072 2655 3287 2729 (Matth;
3315 2654 3437 2727 ιη).

2106 2754 2270 2810 Vsus.
2299 2753 2354 2807 5.
2387 2782 2458 2792 -
2504 2749 2659 2818 Quod
2676 2760 2975 2822 postquam,
2998 2755 3105 2803 etc.
3128 2745 3468 2803 Conveniunt
3501 2746 3619 2803 bac

2034 2843 2294 2902 Ecclesiae
2370 2854 2492 2913 qua:
2557 2839 2758 2896 auditis
2810 2837 3089 2894 miraculis
3148 2835 3354 2893 Christi
3416 2850 3617 2908 provo-

2035 2948 2156 2996 cata
2194 2936 2371 2993 estad
2409 2934 2759 3006 quaerendum
2786 2944 2933 2989 eum.
2973 2930 3079 2986 Sed
3106 2934 3391 3000 postquam
3425 2929 3492 2984 ad
3532 2930 3616 2999 ip-

2035 3047 2152 3087 sum
2176 3028 2326 3085 venit
2358 3043 2456 3099 per
2480 3025 2805 3096 baptismum
2834 3031 2891 3079 et
2912 3023 3072 3078 fidem
3090 3020 3446 3077 consideratis
3468 3019 3619 3077 Scri-

2035 3132 2208 3196 ptura:
2252 3118 2579 3175 testimoniis
2646 3115 2863 3185 agnovit
2903 3112 3202 3171 divinitatis
3248 3112 3615 3183 praesentiam,
3709 3174 3713 3185 δ

2035 3225 2091 3275 et
2112 3228 2303 3288 parum
2334 3215 2385 3268 ei
2415 3213 2589 3267 visum
2633 3216 2717 3266 est
2760 3206 2903 3279 quod
2938 3215 3064 3262 ante
3084 3206 3153 3261 de
3182 3220 3250 3262 eo
3276 3205 3523 3260 audierat
3561 3204 3619 3260 in

346 3314 538 3370 bitatio
607 3320 946 3375 sanctorum,
980 3316 1035 3362 et
1075 3304 1252 3362 fructu
1293 3305 1521 3377 iustitia:
1574 3304 1709 3359 sicut
1755 3302 1934 3376 palma
1960 3287 2005 3350 C
2036 3287 2442 3377 comparatione
2478 3310 2746 3374 perceptae
2796 3298 3003 3372 gratiae.
3034 3296 3190 3354 Unde
3212 3294 3615 3351 etadmirando

345 3406 540 3476 ﬂorens
577 3402 810 3460 ascendit
828 3404 891 3457 de
920 3402 1107 3456 virtute
1122 3401 1177 3453 in
1198 3399 1458 3465 virtutem,
1490 3405 1545 3452 ut
1570 3398 1737 3452 videat
1761 3396 1928 3452 Deum

347 3499 563 3554 deorum
585 3499 644 3552 in
673 3496 804 3554 Sion
835 3492 1006 3567 (Psal.
1025 3492 1274 3567 Lxxxm).
1292 3492 1495 3549 Omnes
1508 3492 1659 3548 vicos
1673 3507 1801 3548 suos
1814 3504 1932 3547 mu-

349 3590 485 3647 nivit
513 3588 788 3653 Salomon,
814 3587 939 3658 quia
958 3586 1210 3642 Christus
1238 3592 1413 3641 coetus
1444 3580 1682 3641 fidelium
1706 3596 1928 3639 suorum

348 3680 536 3754 gratiae
576 3695 685 3735 suae
712 3678 1049 3749 proiectione
1076 3678 1149 3731 ita
1197 3677 1392 3744 munit,
1441 3684 1503 3731 ut
1542 3674 1787 3732 hustibus
1818 3674 1932 3732 suis

350 3772 725 3845 spiritualibus
749 3770 1004 3827 resistere
1030 3769 1258 3842 possint.

418 3868 485 3924 In
538 3864 757 3924 Libano.
815 3864 1092 3937 (Ηιειιοκ.)
1143 3860 1199 3919 ln
1244 3858 1461 3933 templo,
1507 3858 1736 3928 Scilicet,
1789 3856 1932 3930 quod

350 3963 634 4019 cedrorum
689 3960 878 4014 decore
904 3955 1159 4011 vestitum
1207 3961 1346 4020 erat,
1398 3952 1542 4008 unde
1593 3950 1926 4007 Zacharias:

351 4056 531 4130 Aperi,
556 4053 768 4117 Libane,
795 4061 972 4124 portas
1002 4060 1119 4105 tuas
1145 4044 1329 4121 (Zach.
1353 4045 1453 4116 xr);
1478 4045 1563 4101 vel
1579 4045 1741 4119 regiis
1766 4043 1935 4100 aedifi-

348 4148 450 4205 ciis
478 4161 598 4218 qua:
627 4143 773 4200 facta
812 4148 968 4199 erant
1006 4138 1074 4196 de
1097 4139 1258 4211 lignis
1300 4136 1511 4194 Libani.

431 4240 594 4296 Vens.
628 4228 715 4292 10.
747 4265 819 4277 -
847 4235 1091 4290 Ducenti.
1141 4231 1514 4297 Centena'rius,
1567 4227 1657 4299 qui
1698 4226 1750 4281 in
1788 4240 1933 4282 com-

353 4342 488 4408 putu
541 4331 854 4400 digitorum,
899 4326 967 4384 de
1005 4326 1135 4381 ianva
1190 4325 1383 4379 transit
1419 4324 1471 4377 in
1508 4320 1808 4383 dexteram,
1853 4319 1935 4374 vi-

358 4440 469 4487 tam
494 4426 763 4501 signiﬁcat
790 4431 1083 4480 retentam.
1099 4418 1602 4491 Quinquagenarius
1629 4428 1777 4479 vero,
1808 4426 1933 4484 pec-

360 4533 604 4582 catorum
637 4517 1028 4580 remissionem,
1052 4523 1109 4569 et
1146 4520 1402 4567 aeternam
1443 4509 1709 4578 requiem,
1730 4514 1783 4560 ct
1808 4518 1933 4576 gra-

350 4618 479 4673 tiam
515 4614 687 4672 sancti
728 4610 961 4683 Spiritus
981 4606 1247 4679 signiiicat
1284 4623 1295 4658 :
1327 4607 1449 4675 quia
1472 4603 1525 4659 in
1551 4602 1759 4675 psalmo
1783 4598 1924 4669 ejus-

351 4708 474 4765 dem
526 4702 737 4761 numeri
770 4679 1147 4775 poenitentia,
1211 4696 1495 4756 confessio,
1562 4702 1619 4749 et
1680 4683 2010 4747 remissioD
2104 4679 2268 4737 Vens.

348 4807 697 4871 peccatorum
748 4792 1108 4856 describitur;
1165 4796 1220 4844 et
1268 4785 1660 4860 perjubilaaum
1713 4783 1927 4853 requies

352 4890 554 4948 futura.
602 4889 704 4946 Per
730 4894 1073 4960 pentecosten
1125 4897 1255 4938 vero
1297 4882 1350 4936 in
1397 4881 1627 4935 adventu
1695 4876 1930 4947 Spiritus

353 4983 527 5041 sancti
550 4976 883 5054 septiformis
934 4976 1107 5050 gratia
1130 4982 1410 5044 expressa.
1944 5042 1949 5048 ⁸

439 5072 542 5140 Qui
590 5070 913 5127 erudiebant.
961 5067 1096 5135 Quia
1141 5080 1206 5120 ex
1256 5073 1486 5132 utroque
1527 5057 1724 5130 popqu
1768 5057 1933 5130 elegit

354 5164 613 5220 Ecclesiae
643 5171 903 5226 rectores,
938 5159 1030 5230 qui
1060 5154 1323 5227 spirituali
1348 5152 1521 5223 gratia
1536 5150 1847 5215 illuminati,
1877 5157 1934 5205 et

358 5257 514 5329 plene
562 5254 758 5318 edocti,
804 5249 1178 5308 remissionem
1231 5254 1599 5316 peccatorum,
1656 5242 1932 5310 vitamque

357 5356 573 5423 aternze
612 5342 825 5410 salutis,
863 5350 926 5398 et
960 5336 1351 5396 beatitudinem
1398 5342 1711 5407 perpetuam
1766 5344 1925 5403 appev

354 5440 593 5504 tendam,
622 5450 721 5493 suo
745 5435 1004 5491 docerent
1050 5430 1317 5500 exemplo.

426 5529 591 5586 Vens.
642 5528 727 5583 12.
758 5556 830 5567 -—
859 5522 1207 5581 Holocauua.
1238 5519 1419 5595 (liam)
1446 5518 1827 5575 Holocaustum
1854 5523 1937 5570 to-

360 5634 472 5680 tum
520 5624 801 5679 incensum
851 5620 1068 5685 dicitur,
1118 5619 1222 5673 hoc
1286 5616 1341 5671 in
1410 5612 1570 5667 altari
1638 5616 1934 5673 crematur,

358 5732 480 5775 cum
535 5719 591 5774 in
634 5717 797 5774 corde
860 5713 1120 5783 cujusque
1174 5708 1332 5767 electi
1400 5706 1493 5778 qui
1560 5706 1793 5777 seipsum
1848 5711 1933 5757 to-

360 5818 496 5875 tum,
549 5808 781 5874 scilicet,
832 5812 1066 5863 carne'et
1104 5804 1268 5859 corde
1330 5801 1439 5857 Deo
1462 5798 1626 5863 vovit,
1659 5808 1793 5867 opus
1840 5794 1934 5849 bo-

359 5916 491 5983 num
517 5902 760 5963 fervente
798 5895 1079 5981 charitatis
1118 5896 1242 5965 igne
1290 5891 1652 5951 succenditur.

2034 3399 2088 3455 in
2115 3396 2328 3453 laudem
2356 3397 2473 3468 ejus
2502 3393 2809 3466 prorumpit
2833 3392 3059 3447 dicens:
3092 3388 3357 3444 Boarium
3385 3388 3484 3451 tui,
3506 3396 3613 3444 etc.

2096 3488 2268 3545 Vnus.
2285 3485 2526 3540 l2.—De
2546 3485 2721 3555 lignis.
2737 3482 2985 3539 Christus
3005 3481 3146 3551 ligna
3164 3478 3424 3551 pretiosa,
3439 3477 3491 3532 id
3510 3485 3615 3544 est,

2032 3592 2251 3640 sanctos
2278 3580 2548 3644 doctores,
2573 3588 2804 3648 quorum
2838 3574 2987 3629 viror
3026 3572 3148 3628 fidei
3180 3580 3453 3641 nunquam
3497 3583 3619 3626 are-

2033 3677 2160 3741 scit,
2218 3689 2320 3729 nec
2370 3670 2498 3726 folia
2558 3667 2847 3723 verborum
2901 3665 3177 3729 decidunt,
3226 3662 3321 3718 sed
3381 3660 3616 3716 fructum

2031 3770 2295 3824 bonorum
2321 3774 2546 3834 operum
2574 3758 2913 3829 teniporibus
2932 3755 3046 3812 suis
3081 3750 3314 3810 reddent
3342 3752 3525 3823 :ponit
3558 3751 3614 3805 in

2035 3859 2431 3915 munimentum
2461 3853 2653 3909 domus
2676 3848 2889 3905 Domini
2908 3856 2966 3905 et
3000 3848 3193 3903 domus
3222 3844 3406 3915 regite,
3431 3844 3485 3899 id
3509 3850 3613 3907 est,

2034 3957 2089 4013 in
2134 3948 2599 4013 conﬁrmationem
2628 3943 2898 4008 Ecclesiae,
2948 3948 3009 3997 ut
3034 3950 3224 3996 eorum
3253 3938 3496 4008 undique
3515 3937 3618 3993 do-

2036 4046 2227 4104 ctrinis
2254 4051 2309 4099 et
2338 4038 2600 4110 exemplis
2628 4037 2827 4091 vallata
2876 4034 3088 4091 ruinam
3118 4044 3227 4088 non
3280 4030 3501 4086 sentiat.
3548 4025 3618 4083 lii

2051 4136 2191 4211 ιιιθεί
2216 4135 2438 4190 citharae
2467 4141 2522 4186 et
2556 4128 2688 4200 lyrae
2734 4127 2801 4181 ad
2826 4125 3152 4181 laudandum
3199 4120 3484 4211 Dominum
3530 4116 3616 4172 fe-

2035 4209 2231 4285 bricati
2272 4226 2540 4287 dicuntur,
2573 4221 2697 4292 quia
2744 4217 2926 4274 omnia
2981 4224 3313 4285 quaecunque
3360 4209 3614 4275 fecerint,

2032 4314 2518 4390 prosperabrmtur,
2575 4317 2630 4364 et
2688 4307 2901 4362 laudem
2960 4302 3173 4359 Domini
3232 4301 3289 4354 in
3340 4297 3617 4368 prosperis

2036 4417 2091 4465 et
2118 4406 2358 4464 adversis
2389 4403 2553 4459 corde
2608 4408 2661 4456 et
2702 4414 2798 4454 ore
2844 4404 2900 4451 et
2946 4406 3111 4466 opere
3152 4390 3527 4459 pronuntiant,
3561 4398 3616 4445 et

2035 4497 2215 4556 omnia
2259 4497 2311 4549 in
2354 4493 2578 4565 gloriam
2622 4488 2717 4544 Dei
2749 4487 2974 4550 faciunt,
3024 4492 3136 4539 tota
3195 4481 3284 4537 die
3341 4487 3396 4535 et
3458 4488 3617 4537 nocte

2037 4608 2146 4648 non
2187 4595 2366 4644 tacent
2411 4586 2633 4641 laudare
2666 4593 2861 4637 nomen
2894 4574 3129 4632 Domini.
3263 4580 3307 4609 ⁸

2319 4677 2501 4732 l5.——
2546 4674 2822 4729 Sescenta.
2882 4666 3144 4723 Senarius
3187 4678 3288 4736 per
3340 4664 3613 4721 senarium

2039 4772 2445 4843 multiplicatus,
2496 4764 2777 4835 sexaginta
2802 4760 2952 4815 facit.
3002 4756 3359 4815 Centenarius
3400 4769 3617 4827 quoque

2037 4868 2215 4925 sexies
2257 4866 2449 4920 ductus
2504 4866 2721 4913 centum
2743 4863 2797 4908 et
2820 4868 2912 4907 sex
2944 4850 3138 4906 reddit.
3173 4849 3434 4905 Denarins
3464 4862 3617 4901 man-

2043 4962 2284 5016 datorum
2317 4952 2585 5027 signiticat
2606 4944 3010 5020 perfectionem,
3038 4939 3615 4998 centenariusmternze

2038 5046 2389 5107 beatitudinis
2437 5034 2951 5097 remunerationem.
3003 5031 3285 5088 Desiderat
3332 5027 3477 5083 enim
3520 5042 3615 5082 rex

2039 5151 2283 5198 nostram
2337 5134 2748 5208 perfectionem,
2805 5136 2865 5183 ut
2928 5126 3127 5182 habeat
3171 5123 3370 5194 quibus
3424 5119 3616 5175 reddat

2036 5233 2332 5306 perfectam
2388 5226 2711 5287 mercedem,
2749 5220 2891 5275 unde
2939 5218 3166 5272 :Eslotc
3208 5211 3423 5284 perfecti
3479 5212 3613 5264 sicut

2037 5302 2085 5382 et
2114 5323 2274 5377 Pater
2302 5330 2468 5375 vester
2481 5316 2697 5372 caelestis
2715 5312 2973 5385 perfectus
2998 5319 3093 5365 est.
3148 5305 3212 5362 Si
3240 5306 3311 5360 vis
3348 5305 3417 5359 ad
3440 5302 3611 5369 [vitam

2037 5416 2239 5488 ingredi
2266 5428 2412 5470 serua
2436 5410 2686 5466 mandata
2705 5405 2915 5478 (Matth.
2930 5418 2986 5470 v,
3010 5399 3149 5472 nx).
3172 5398 3239 5453 Et
3254 5405 3381 5470 post
3406 5410 3609 5467 pauca;

2040 5506 2099 5563 Si
2132 5507 2205 5561 vis
2251 5503 2509 5574 perfectus
2561 5515 2689 5563 esse,
2742 5497 2870 5551 vade
2891 5503 2938 5547 et
2975 5491 3136 5546 vende
3178 5489 3350 5544 munia
3377 5502 3495 5558 eum
3518 5488 3616 5539 Im—

2040 5601 2147 5665 bes,
2166 5607 2299 5661 etc.,
2326 5606 2382 5651 et
2406 5593 2574 5649 omnis
2602 5590 2690 5663 qui
2718 5585 2983 5656 reliquerit
3012 5584 3249 5647 domum,
3275 5588 3404 5645 δία,
3430 5588 3613 5633 canino

2039 5691 2184 5764 piant
2234 5688 2449 5759 accipiet
2497 5694 2547 5739 et
2593 5683 2751 5736 vitam
2782 5686 3030 5732 cateruam
3053 5670 3351 5743 possidebit.

2113 5784 2408 5854 Omnesque
2442 5794 2580 5849 reges
2620 5773 2849 5829 Arabiae.
2897 5768 3143 5826 Oderunt
3196 5764 3470 5823 Salemni
3534 5765 3616 5822 di.

2046 5896 2213 5941 versae
2260 5886 2446 5952 gentes
2486 5884 2539 5930 et
2586 5869 2953 5942 negotiatores
2972 5872 3028 5920 et
3071 5876 3259 5918 omnes
3300 5874 3454 5934 reges
3482 5859 3618 5915 Ara-
