4122 6350
525 394 630 451 679

1019 391 1410 447 WALAFRIDI
1451 389 1698 445 STRABI
1737 389 1940 446 FULD.
1983 387 2150 444 MON.
2193 386 2345 443 OPP.
2383 384 2564 442 PARS
2601 385 2644 440 Ι.
2679 413 2747 426 -
2787 379 3244 440 THEOLOGICA.

3667 373 3776 431 680

522 511 627 566 hia:
652 517 708 564 et
740 515 969 578 satrapae
1014 515 1280 562 terrarum
1312 521 1501 561 aurum
1527 513 1583 560 et
1609 514 1888 576 argentum
1923 524 1936 559 :
1968 504 2094 575 quia
2124 509 2170 566 Α
2195 521 2313 576 qua:
2356 505 2417 572 fit
2461 505 2516 557 in
2529 505 2602 560 eis
2647 503 2766 572 fons
2810 516 2960 572 aqua:
2979 498 3213 554 salientis
3235 496 3292 550 in
3327 495 3486 549 vitam
3525 503 3776 550 a'tcrnam

524 617 749 674 quaeque
789 614 923 671 gens
960 608 1016 654 et
1055 598 1306 668 quaelibet
1339 612 1566 667 persona
1593 597 1841 652 certatim
1868 611 1966 668 pro
2016 597 2095 651 vi-

523 695 672 751 ribus
697 701 883 748 nostro
921 691 1145 762 pacihco
1171 689 1328 744 oﬂ‘ert
1353 698 1514 746 rectae
1537 689 1657 744 ﬁdei
1690 705 1902 756 munus,
1945 691 2094 760 puri-

526 796 688 843 tatem
718 800 928 848 sensus,
962 798 1129 840 sacra:
1157 781 1512 838 confessionis
1540 781 1949 851 plenitudinem,
1985 781 2097 836 elo—

522 886 755 950 quentiae
803 877 1054 940 nitorem,
1097 875 1282 930 unde:
1327 872 1485 944 Reges
1537 871 1750 927 Titarsis
1804 884 1852 926 et
1910 871 2097 927 insula:

523 985 711 1024 munus
741 968 975 1038 offeram,
1001 975 1107 1021 etc.
1134 965 1202 1019 Et
1232 965 1524 1018 adorabunt
1552 981 1671 1019 eum
1705 979 1881 1018 omnes
1931 980 2096 1035 reges,

525 1076 700 1114 omnes
729 1069 901 1129 gentes
923 1058 1142 1113 servient
1168 1057 1214 1109 ei
1238 1054 1410 1127 (Psal.
1441 1055 1613 1127 LXXI).

597 1150 754 1206 Vens.
787 1149 965 1204 15.-
1006 1146 1154 1204 Fecit
1199 1148 1379 1218 igitur.
1425 1146 1562 1214 Quia
1598 1154 1778 1216 patres
1817 1148 2097 1213 utriusque

521 1243 850 1299 Testamenti
883 1240 1127 1296 doctrina
1147 1249 1201 1295 et
1223 1240 1540 1310 Operatione
1567 1235 2095 1308 perfecti,quidquid

520 1348 769 1391 sermone
795 1334 1111 1396 docuerunt,
1160 1345 1324 1401 opere
1344 1331 1733 1401 probaverunt.

592 1429 789 1484 Hastas
813 1442 1022 1480 aureas.
1074 1423 1200 1480 Haec
1229 1433 1311 1480 est
1338 1433 1614 1478 armatura
1660 1421 1780 1486 Dei,
1832 1435 1938 1491 qua
1967 1420 2099 1475 resi-

519 1522 711 1578 stimus
740 1529 928 1576 contra
966 1518 1191 1573 insidias
1234 1517 1432 1572 diaboli
1466 1533 1479 1569 :
1519 1517 1656 1570 hanc
1703 1514 1904 1570 habent
1956 1527 2096 1582 prae-

520 1615 790 1670 dicatores
821 1612 1018 1677 sancti,
1049 1611 1139 1681 qui
1169 1609 1478 1666 custodiunt
1529 1608 1745 1664 domum
1782 1606 1898 1670 Dei,
1928 1615 1982 1661 et
2003 1621 2097 1660 ex-

519 1705 720 1760 cubant
751 1705 817 1759 ad
843 1690 1041 1758 ostium
1089 1701 1226 1770 ejus,
1277 1717 1344 1757 ne
1399 1701 1668 1756 subintret
1717 1699 1888 1754 hostis
1956 1697 2095 1752 anti-

521 1811 682 1865 quus,
708 1797 848 1849 unde
872 1809 886 1848 :
924 1793 1194 1848 Lectulum
1235 1791 1530 1848 Salomonis
1559 1790 1796 1845 ambiunt
1821 1790 2093 1860 sexaginta

519 1886 682 1955 [ones
717 1883 896 1956 (Prov.
924 1885 1029 1956 ιιι).

589 1976 750 2030 Vens.
782 1974 867 2029 l6.
890 2005 964 2015 —
990 1974 1242 2030 Trecenta
1268 1992 1490 2047 quoque.
1515 1975 1815 2030 Periectam
1840 1974 1998 2028 ﬁdem
2022 1973 2094 2027 si-

516 2066 735 2138 gniﬁcat
790 2067 843 2120 in
910 2075 1112 2121 sanctae
1180 2066 1462 2122 Trinitatis
1523 2066 1880 2122 confessione.
1949 2066 2092 2121 Bene

517 2162 768 2218 custodes
797 2162 990 2218 domus
1036 2163 1130 2218 Dei
1183 2163 1369 2218 hastas
1414 2172 1469 2218 et
1529 2171 1680 2218 scuta
1744 2179 1908 2218 aurea
1967 2177 2092 2234 por-

519 2265 673 2312 tant:
705 2257 828 2327 quia
857 2257 1263 2329 praedicatores,
1311 2258 1403 2328 qui
1446 2267 1569 2312 sunt
1621 2257 1874 2312 Ecclesia:
1915 2265 2092 2311 custo-

517 2349 632 2412 des,
665 2348 910 2404 claritate
935 2349 1214 2418 sapientiae
1235 2349 1606 2419 splendentes,
1635 2350 1922 2404 verborum
1938 2349 2092 2416 jacu-

515 2442 584 2497 lis
628 2442 877 2497 inimicos
925 2440 1263 2508 confodiunt,
1309 2452 1365 2498 et
1411 2451 1566 2500 scuto
1621 2443 1745 2498 ﬁdei
1774 2445 1929 2515 ignea
1984 2443 2088 2499 tela

515 2533 846 2603 nequissima
893 2533 1263 2603 exstinguunt.
1905 2539 1910 2544 ’

589 2621 693 2677 Sex
736 2641 937 2694 quoque
965 2625 1251 2679 brachiola.
1299 2625 1359 2681 In
1391 2628 1604 2682 senario
1655 2629 1919 2685 bonorum
1965 2645 2093 2699 ope-

512 2729 634 2768 rum
704 2712 987 2784 perfectio.
1034 2713 1137 2769 Sex
1189 2717 1333 2770 enim
1383 2717 1575 2772 diebus
1641 2717 1770 2772 fecit
1832 2720 2090 2774 mundum

514 2803 678 2870 Deus,
738 2814 793 2858 et
821 2804 1066 2860 senarius
1116 2814 1200 2860 est
1232 2807 1436 2875 primus
1491 2805 1764 2877 perfectus
1813 2824 2088 2864 numerus.

515 2893 678 2950 Bonis
716 2910 846 2950 vero
882 2905 938 2952 et
985 2897 1242 2968 perfectis
1285 2899 1539 2969 operibus
1567 2901 1637 2956 ad
1672 2902 1868 2957 etelum
1903 2919 2091 2958 ascen-

514 2985 681 3039 ditur.

585 3077 882 3133 Scabellum
931 3097 1167 3136 aureum.
1217 3083 1449 3140 Sanctos
1492 3085 1752 3142 virtutum
1808 3088 2091 3158 splendore

512 3167 764 3239 fulgidos,
800 3170 852 3224 in
895 3172 1090 3241 quibus
1145 3173 1350 3229 habitat
1399 3177 1554 3231 Deus.
1605 3177 1836 3232 Possunt
1875 3193 2089 3250 quoque

2199 593 2381 666 (Joan.
2411 593 2506 662 ιν).

2269 687 2575 758 Argentum.
2622 685 2737 741 Non
2763 695 2846 741 est
2877 685 2928 739 in
2962 695 3211 739 sermone
3242 680 3469 734 verbum
3518 677 3634 740 Dei,
3678 679 3776 734 sed

2199 780 2252 833 in
2283 779 2501 840 virtute,
2554 785 2614 832 ut
2661 778 2714 832 in
2766 776 3150 848 praedicatione
3203 771 3510 841 Evangelii;
3563 787 3669 826 non
3719 770 3778 825 in

2201 870 2648 942 persuasibilibus
2699 871 2948 926 humana:
2997 867 3276 938 sapientiae
3324 865 3526 931 verbis,
3569 863 3660 920 sed
3717 863 3778 918 in

2198 967 2510 1024 ostensione
2551 965 2773 1035 spiritus
2817 973 2873 1019 et
2911 964 3148 1018 virtutis.

2268 1060 2430 1114 Vens.
2467 1059 2556 1113 21.
2591 1089 2663 1099 —
2691 1056 2959 1127 Siquidem
2989 1071 3143 1109 naves
3171 1054 3305 1125 regis
3342 1053 3486 1106 ibant
3512 1051 3567 1105 in
3607 1049 3780 1106 Thar—

2197 1153 2292 1217 sis,
2321 1160 2424 1208 etc.
2446 1151 2626 1222 (ΚΑΒ.)
2649 1150 2897 1205 Christus
2926 1147 3198 1218 apostolos
3227 1148 3476 1200 doctores
3525 1143 3776 1213 Evange-

2197 1246 2274 1312 lii,
2312 1261 2448 1314 quos
2470 1244 2535 1298 de
2570 1243 2767 1298 Iudaeis
2809 1240 2988 1312 elegit,
3039 1255 3159 1294 cum
3211 1235 3656 1308 praedicatoribus
3706 1235 3779 1287 de

2198 1340 2448 1411 gentibus
2484 1336 2674 1392 electis
2721 1336 2862 1389 trina
2885 1333 3225 1390 confessione
3250 1372 3264 1397 ,
3306 1330 3399 1384 sed
3450 1344 3556 1383 una
3587 1328 3688 1382 ﬁde
3715 1327 3774 1381 in

2199 1429 2458 1485 mundum
2501 1427 2684 1489 mittit,
2719 1434 2777 1480 ut
2808 1425 2860 1479 in
2895 1422 3240 1479 credentibus
3293 1418 3522 1473 ali‘erant
3553 1417 3652 1472 sibi
3676 1432 3777 1470 au-

2198 1538 2317 1576 rum
2345 1520 2641 1590 sapientire,
2665 1525 2946 1589 argentum
2969 1513 3310 1583 eloquentiae,
3334 1522 3389 1567 et
3427 1513 3562 1567 ebur
3605 1509 3774 1565 casti-

2199 1615 2344 1668 tatis.
2391 1612 2558 1667 Simia
2583 1621 2762 1666 autem
2807 1618 2892 1665 est
2915 1608 3113 1663 animal
3150 1606 3512 1677 ingeniosum,
3565 1611 3620 1658 et
3671 1603 3777 1656 ho-

2197 1706 2360 1762 minis
2408 1705 2783 1769 imitatorium,
2822 1711 2874 1758 et
2929 1701 3276 1772 philosophos
3325 1698 3630 1768 signiﬁcare
3671 1709 3772 1763 po-

2198 1807 2326 1862 test,
2379 1797 2468 1866 qui
2528 1812 2668 1852 vem:
2739 1795 3016 1865 sapientia:
3081 1807 3272 1847 sensus
3315 1789 3602 1859 aliquando
3656 1802 3778 1840 tnu-

2121 1875 2166 1934 Β
2195 1899 2330 1955 tant,
2369 1900 2424 1944 et
2452 1891 2505 1944 in
2543 1889 2841 1958 disciplinis
2865 1887 3086 1943 moralis
3115 1889 3239 1940 vitae
3267 1885 3572 1939 edisserunt
3597 1891 3772 1937 actus.

2191 1982 2357 2048 Pavo,
2398 1983 2487 2052 qui
2538 1982 2781 2035 laudatas
2826 1979 3062 2035 ostendit
3097 1993 3326 2048 pennas,
3368 1991 3462 2032 eos
3506 1973 3776 2045 signiﬁcat

2193 2075 2282 2145 qui
2345 2083 2564 2145 propter
2607 2073 2792 2128 laudes
2851 2072 3128 2126 hominum
3175 2071 3450 2125 variarum
3511 2067 3776 2122 virtutum

2192 2167 2400 2238 species
2421 2175 2696 2221 ostentant
2719 2183 2732 2219 ε
2763 2164 2853 2221 sed
2873 2165 3283 2235 praedicatorum
3305 2163 3547 2217 doctrina
3579 2161 3781 2214 instru-

2193 2259 2263 2314 cti
2309 2259 2521 2315 discunt
2567 2255 2882 2313 benefacere
2936 2257 3134 2311 intuitu
3179 2253 3347 2308 solius
3402 2252 3518 2318 Dei,
3575 2260 3632 2306 et
3672 2266 3774 2319 ap-

2193 2357 2374 2403 tantur
2401 2349 2586 2403 :eterni
2641 2350 2783 2418 regis
2801 2348 3027 2404 deliciis.
3279 2411 3284 2415 _

2261 2444 2426 2499 Vens.
2450 2443 2540 2497 25.
2567 2473 2637 2482 -
2670 2441 3056 2512 Quadraginta.
3082 2438 3780 2520 Quadragenariuspriscm

2191 2535 2324 2607 legis
2359 2545 2600 2605 tempora
2645 2534 2930 2604 signiﬁcat.
2960 2531 3137 2587 Moses
3191 2532 3336 2587 enim
3381 2532 3552 2603 legem
3584 2545 3782 2598 accep-

2193 2638 2347 2683 turus
2387 2627 2740 2699 quadraginta
2787 2628 2975 2682 diebus
3015 2626 3299 2696 j'ejunavit,
3327 2635 3384 2680 et
3420 2625 3646 2696 populus
3673 2642 3781 2696 per

2192 2735 2314 2774 eum
2351 2719 2644 2773 instructus
2675 2719 3029 2789 quadraginta
3060 2717 3216 2772 annis
3265 2732 3505 2772 eremum
3539 2718 3779 2772 circum-

2193 2811 2307 2866 ivit.
2368 2811 2626 2866 Senarius
2667 2826 2795 2865 vero
2834 2827 3072 2880 praesens
3112 2822 3324 2880 tempus
3376 2810 3663 2881 signiﬁcat,
3718 2811 3777 2864 in

2191 2918 2298 2972 quo
2323 2903 2616 2973 apostolica
2669 2903 2910 2958 doctrina
2953 2903 3084 2957 Novi
3130 2901 3457 2957 Testamenti
3511 2903 3776 2972 populum

2192 2995 2383 3048 nutrit.
2415 2995 2557 3050 Bene
2594 3010 2724 3066 ergo
2766 3012 2861 3064 per
2889 2993 3373 3065 quadragenariqu
3411 3005 3779 3049 numerantiu-

2191 3086 2314 3156 equi
2350 3086 2653 3141 Salomonis
2707 3086 2761 3140 in
2787 3069 3036 3141 stabulis
3067 3085 3336 3150 collocati,
3369 3085 3493 3155 quia
3541 3099 3637 3154 per
3664 3085 3776 3138 du-

2193 3177 2373 3232 ritiam
2418 3177 2552 3249 legis
2604 3177 2822 3242 veteris,
2874 3177 3108 3231 coercita
3140 3186 3223 3231 est
3255 3176 3537 3231 insolentia
3574 3176 3779 3244 prioris

515 3275 616 3330 per
643 3261 942 3318 scabellum
987 3267 1164 3320 notari
1191 3267 1282 3337 qui
1325 3267 1522 3323 inﬁrmi
1575 3279 1700 3324 sunt
1753 3271 1807 3325 in
1864 3241 2089 3341 corpore
2116 3241 2161 3304 (ἶ
2195 3271 2394 3340 pOpuli.
2447 3241 2816 3325 Duodenarius
2869 3284 2998 3324 vero
3037 3285 3275 3340 pnesens
3338 3279 3546 3340 tempus
3574 3241 3774 3340 isigni—

509 3351 730 3418 Christi,
763 3355 902 3410 sicut
939 3358 1286 3426 pmtiitentes,
1310 3360 1392 3414 vel
1420 3362 1510 3431 qui
1555 3363 1832 3417 novissimi
1865 3378 2089 3420 conver-

513 3453 713 3506 tentur,
754 3444 908 3516 juxta
940 3447 1100 3502 ﬁnem
1151 3449 1358 3505 scilicet
1384 3451 1590 3518 mundi,
1631 3455 1723 3523 qui
1753 3463 1929 3510 tamen
1963 3465 2089 3512 sunt

512 3540 661 3594 aurei
703 3540 823 3611 igne
865 3541 1271 3600 tribulationum
1302 3544 1444 3600 illius
1493 3548 1747 3618 temporis
1791 3551 1998 3605 excocti
2033 3559 2090 3606 et

509 3631 740 3700 probati.

581 3720 793 3777 Stantes
811 3723 969 3793 juxta
983 3725 1250 3781 brachiola
1277 3741 1295 3779 :
1320 3727 1410 3783 sed
1432 3737 1479 3782 et
1495 3728 1626 3784 alios
1639 3731 1912 3787 duodecim
1941 3735 2086 3790 leun-

510 3811 676 3877 culos.
713 3826 820 3868 etc.
853 3814 990 3880 Quia
1016 3818 1190 3872 sancti
1222 3817 1410 3874 Patres
1449 3821 1709 3891 quidquid
1745 3823 1798 3877 in
1849 3824 2088 3897 Evange-

508 3901 581 3956 lio
608 3903 734 3956 boni
777 3904 1041 3971 fecerunt,
1075 3924 1181 3963 non
1245 3901 1346 3965 sibi
1374 3910 1467 3966 sed
1517 3911 1627 3967 Deo
1674 3914 2084 3984 deputaverunt,

509 3993 650 4046 unde
684 4010 696 4044 :
730 3992 855 4047 Non
905 3996 1072 4061 nobis,
1122 3998 1362 4062 Domine,
1419 4010 1524 4055 non
1561 4003 1728 4069 nobis,
1756 4007 1847 4060 sed
1891 4009 2087 4063 nomini

507 4091 596 4136 tuo
645 4083 712 4136 da
751 4083 974 4154 gloriam
1001 4084 1175 4158 (Psal.
1208 4094 1386 4162 cun).
2083 4159 2089 4164 _

577 4173 884 4243 Brachiola,
928 4189 1032 4234 etc.
1064 4179 1121 4234 In
1175 4181 1384 4254 Regum
1411 4185 1486 4240 ita
1529 4203 1546 4242 :
1608 4187 1676 4242 Et
1722 4189 1842 4243 dua:
1892 4206 2080 4246 manus

504 4267 623 4322 hinc
643 4279 689 4323 et
711 4269 834 4324 inde
853 4280 1080 4325 tenentes
1093 4273 1254 4327 sedile
1276 4274 1394 4346 (III
1408 4275 1532 4348 Reg.
1557 4278 1636 4350 ι).
1656 4279 1782 4335 ΠεΒο
1803 4291 1932 4336 sunt
1953 4283 2089 4338 sola-

505 4359 580 4413 tia
631 4360 826 4416 divina!
862 4361 1068 4431 gratiae,
1114 4379 1234 4435 quae
1298 4365 1591 4423 Ecclesiam
1655 4372 1960 4441 provehunt
2017 4372 2087 4428 ad

505 4465 729 4522 regnum
761 4452 1000 4510 coaleste.
1043 4456 1138 4512 Vel
1170 4458 1271 4512 hoc
1308 4474 1405 4529 per
1454 4461 1722 4519 binarium
1750 4466 2083 4537 designatur,

504 4547 629 4614 quia
654 4544 708 4598 in
738 4555 965 4616 utnque
991 4548 1341 4606 Testamento
1385 4554 1489 4610 hoc
1538 4557 1769 4612 maxime
1803 4574 2080 4614 commen-

504 4634 683 4698 datur,
711 4636 851 4703 quod
881 4653 988 4693 non
1026 4641 1126 4695 nisi
1159 4658 1254 4712 per
1305 4644 1544 4699 divinum
1601 4647 1925 4714 adjutorium
1980 4651 2079 4705 ali-

503 4724 632 4793 quid
675 4725 802 4780 boni
865 4740 1042 4798 potest.
1075 4734 1281 4802 perlici.
1311 4735 1461 4792 Unde
1491 4754 1506 4792 :
1537 4736 1660 4793 Sine
1701 4757 1781 4794 me
1813 4741 1944 4795 nihil
1984 4759 2079 4812 po—

502 4817 647 4870 testis
685 4817 857 4886 facere
887 4821 1068 4891 (Joan.
1101 4828 1176 4896 v).

574 4907 738 4963 Vens.
773 4910 858 4964 l9.
894 4941 966 4951 —
1005 4912 1111 4968 Sex
1136 4918 1352 4986 gradus.
1377 4919 1514 4986 Quia
1555 4920 1799 4978 doctrina
1820 4933 1876 4980 et
1895 4941 2078 4982 exem-

499 4999 588 5068 plo
634 5012 868 5070 certant,
925 5021 993 5060 ne
1033 5007 1184 5062 labor
1210 5011 1572 5081 insipientium
1610 5015 1660 5069 in
1683 5019 1959 5086 Operando
1984 5035 2078 5073 va-

499 5097 661 5164 cillet,
706 5100 800 5156 sed
833 5102 1204 5159 rectitudinem
1230 5105 1286 5160 in
1333 5122 1622 5179 progressu
1663 5113 1920 5168 virtutum
1962 5115 2073 5171 for-

499 5187 627 5243 titer
656 5202 956 5248 conservet.

575 5280 696 5334 Non
722 5283 821 5350 fuit
852 5284 956 5338 tale
981 5285 1193 5354 solium,
1251 5297 1356 5345 etc.
1386 5290 1522 5358 Quia
1567 5293 1634 5348 de
1667 5294 1909 5352 Ecclesia
1937 5299 2072 5353 scri-

499 5378 649 5439 ptum
676 5380 758 5425 est
803 5391 815 5425 :
843 5372 1122 5430 Fortitudo
1144 5390 1191 5432 et
1224 5379 1380 5434 decor
1419 5383 1777 5440 indumentum
1803 5390 1937 5459 ejus,
1963 5401 2065 5446 etc.

498 5460 618 5532 (ΙΙΙ
669 5462 797 5533 Reg.
831 5464 909 5535 κ.)
937 5465 1042 5520 Et:
1079 5467 1264 5524 Multa:
1313 5472 1440 5540 filia:
1496 5491 1932 5548 congregaverant
1985 5482 2068 5534 di-

497 5550 648 5605 uitias
672 5567 689 5604 :
711 5563 766 5606 tu
794 5571 1125 5626 supergressa
1156 5577 1209 5613 es
1235 5562 1501 5619 universas
1535 5566 1717 5637 (Prov.
1744 5572 1916 5644 xui).

570 5640 730 5697 Vens.
755 5643 842 5698 ‘20.
877 5676 946 5686 —
977 5646 1167 5703 Omnia
1199 5668 1421 5723 quoque.
1477 5657 1685 5713 Animae
1731 5640 2068 5732 sanctorum,

497 5744 616 5800 qua:
653 5732 912 5792 voluntati
945 5736 1039 5792 Dei
1083 5741 1413 5810 deserviunt,
1457 5748 1742 5818 splendore
1793 5756 2070 5825 sapientiae

495 5833 552 5878 et
593 5825 874 5887 cbaritatis
905 5831 1162 5902 nitentes,
1211 5840 1486 5897 continent
1513 5851 1699 5912 potum
1723 5860 1877 5917 aquae
1905 5851 2062 5918 vivae,

2192 3360 2338 3427 ﬁcat,
2395 3361 2448 3415 in
2489 3376 2598 3431 quo
2651 3361 2942 3432 apostolica
3002 3362 3298 3416 auctoritas
3343 3362 3594 3432 populum
3639 3378 3776 3432 gen-

2189 3455 2324 3508 tium
2356 3453 2526 3508 nutrit
2550 3453 2679 3508 Novi
2719 3453 3049 3508 Testamenti
3084 3455 3351 3510 doctrina.

2258 3544 2326 3598 In
2374 3545 2690 3599 Jerusalem.
2733 3545 2952 3600 Visione
2997 3547 3165 3616 pacis.
3219 3547 3479 3602 Distantia
3523 3547 3771 3604 locorum

2189 3637 2570 3693 discretionem
2621 3639 2855 3694 ostendit
2887 3637 3198 3693 aﬂ‘ectuum.
3229 3639 3329 3707 Qui
3363 3641 3505 3695 enim
3557 3651 3680 3696 sunt
3710 3641 3770 3696 in

2188 3731 2413 3786 urbibus
2451 3731 2857 3802 quadrigarum,
2909 3731 3030 3786 illos
3070 3732 3376 3804 signiﬁcant
3411 3735 3500 3803 qui
3534 3735 3771 3791 diversis

2188 3824 2428 3878 ecclesia:
2467 3823 2766 3894 disciplinis
2809 3839 2905 3894 per
2942 3824 3250 3892 spirituales
3305 3827 3593 3896 magistros
3639 3843 3770 3881 eru-

2188 3915 2427 3970 diuntur.
2483 3915 2586 3969 Alii
2633 3931 2760 3969 vero
2806 3915 2920 3985 jam
2987 3917 3206 3980 eruditi,
3238 3917 3355 3970 usui
3413 3918 3555 3988 regis
3607 3918 3768 3972 (tele-

2188 4005 2286 4060 stis
2308 4006 2470 4074 aptati
2499 4005 2842 4074 praesentiam
2869 4003 2984 4072 ejus
3018 4007 3216 4061 habere
3245 4016 3541 4062 merentur.
3573 4007 3723 4062 Unde
3747 4027 3758 4061 :

2188 4095 2387 4150 Currus
2428 4096 2519 4149 Dei
2564 4097 2738 4150 decem
2789 4096 3037 4162 millibus,
3096 4107 3201 4151 etc.
3244 4096 3414 4168 (Psal.
3459 4107 3664 4166 Lxxvt.)
3695 4099 3762 4153 Et

2187 4189 2309 4244 alibi
2340 4203 2354 4242 :
2381 4188 2677 4243 Ascendens
2704 4206 2860 4259 super
2899 4206 3055 4259 equos
3088 4199 3224 4256 tuos,
3269 4201 3315 4244 et
3354 4191 3614 4262 equitatus
3641 4202 3761 4245 tuus

2186 4292 2386 4336 samtas
2417 4281 2634 4353 (llubuc.
2673 4283 2777 4355 ιιι).

2256 4373 2712 4429 Pitilistliinorum.
2739 4375 3032 4446 Dupliciter
3066 4376 3394 4431 cadentium.
3429 4376 3757 4432 Philitsbiim

2186 4468 2330 4523 enim
2375 4469 2766 4538 interpretatur
2819 4472 2970 4523 ruina
3019 4469 3231 4540 duplex.
3267 4469 3379 4525 Hoc
3411 4470 3468 4525 lit
3506 4488 3627 4527 cum
3663 4487 3760 4543 per

2188 4560 2578 4616 absolutionem
2637 4572 2981 4632 peccatorum
3048 4564 3116 4617 ab
3160 4565 3502 4618 inchoatione
3557 4565 3638 4619 sui
3704 4566 3759 4618 in

2182 4653 2769 4724 Jordanebaptismatis
2809 4671 2978 4726 usque
3006 4658 3072 4710 ab
3090 4659 3497 4713 conversionem
3514 4659 3760 4712 omnium

2181 4747 2418 4818 gentium
2450 4747 2517 4800 ad
2542 4748 2698 4802 ﬁdem
2724 4748 2922 4803 Christi
2961 4749 3224 4803 redundat
3245 4752 3417 4821 gratia
3448 4752 3759 4822 potestatis,

2180 4851 2241 4896 ut
2281 4842 2369 4896 ubi
2418 4841 2660 4898 deﬂuxus
2713 4841 2811 4898 fuit
2863 4845 3164 4898 carnalium
3211 4845 3625 4910 desileriorum,
3681 4845 3758 4900 ibi

2181 4935 2489 4991 staliiliatur
2512 4953 2730 5008 germen
2757 4937 3050 5002 virtutum;
3076 4947 3129 4992 et
3146 4937 3236 4993 ubi
3254 4937 3553 4993 idololatria
3571 4945 3763 4992 etcon-

2178 5030 2418 5084 versatio
2441 5028 2703 5100 ﬂagitiosa
2741 5031 3058 5100 populorum
3096 5031 3196 5084 fuit
3229 5030 3421 5100 duplex
3453 5031 3629 5094 ruina,
3681 5030 3756 5084 ibi

2179 5137 2276 5194 per
2311 5123 2708 5177 confessionem
2763 5131 2922 5178 rectae
2954 5123 3073 5178 ﬁdei
3118 5132 3172 5178 et
3210 5123 3412 5178 cultum
3441 5125 3656 5194 pietatis
3686 5123 3759 5178 ad

2181 5215 2400 5271 caeleste
2429 5230 2649 5285 regnum
2689 5217 3002 5285 surgatvita
3035 5217 3287 5271 ﬁdelium.
3323 5215 3586 5287 Pertingit
3607 5217 3754 5272 enim

2177 5316 2417 5379 potestas
2438 5307 2553 5374 ejus
2577 5323 2744 5376 usque
2771 5309 2837 5362 ad
2858 5309 3115 5364 terminos
3137 5308 3379 5381 Egypti,
3403 5311 3454 5364 id
3485 5321 3568 5366 est
3599 5320 3754 5366 tene-

2178 5399 2371 5453 brosas
2432 5407 2642 5452 mentes
2710 5399 3028 5467 inﬁdelium,
3080 5416 3214 5470 quas
3264 5402 3496 5472 complet
3550 5402 3753 5458 lumine

2179 5489 2341 5555 ﬁdei;
2377 5491 2554 5546 unde:
2604 5489 2797 5545 Coram
2839 5491 2930 5546 illo
2983 5494 3252 5564 procident
3295 5493 3595 5564 zEthiOpes,
3638 5507 3746 5553 etc.

2249 5581 2410 5636 Vens.
2440 5582 2531 5634 27.
2555 5612 2624 5621 —
2654 5582 2996 5654 Tantumque.
3040 5585 3252 5642 Praebet
3297 5603 3458 5644 verus
3495 5590 3749 5649 Salomon

2175 5671 2228 5725 in
2251 5671 2488 5726 Ecclesia
2513 5673 2721 5741 copiam
2747 5675 2956 5743 argenti
2979 5678 3132 5745 quasi
3159 5680 3418 5749 lapidum,
3444 5699 3565 5738 cum
3586 5687 3754 5742 corda

2173 5762 2452 5833 gentilium
2485 5764 2842 5832 insensibilia,
2867 5768 2935 5823 ad
2974 5770 3212 5826 veri.Dei
3252 5773 3578 5832 intellectum
3611 5795 3748 5848 quos

2172 5855 2374 5926 lapides
2408 5873 2507 5928 pro
2547 5859 2656 5914 Deo
2699 5858 2998 5929 coluerunt,
3034 5863 3099 5918 ad
3131 5865 3532 5926 meditationem
3588 5873 3744 5943 legis,
