4122 6350
332 481 427 538 681

1279 473 1542 532 GLOSSA
1577 473 1972 531 ORDINARIA.
2011 501 2080 512 -—
2117 472 2243 527 LIB.
2285 473 2326 527 ll
2365 471 2611 527 PARAL.

3465 471 3568 526 682’.

330 605 384 651 et
431 589 869 664 praedicationem
920 589 1190 660 Evangelii
1245 590 1530 644 convertit.
1581 588 1659 642 De
1704 587 1898 657 quibus
1925 588 1976 647 Α
2001 584 2192 639 domus
2221 599 2330 638 sum
2349 584 2591 647 tradidit,
2617 597 2739 637 cum
2760 580 3008 637 Christus
3037 584 3366 652 spiritualem
3393 585 3568 639 scien-

329 685 526 740 dicitur
552 701 565 736 :
599 679 809 736 Similes
839 679 944 735 illis
973 681 1106 749 ﬁunt
1131 682 1220 752 qui
1252 680 1448 749 faciunt
1476 697 1560 735 ea.
1582 687 1688 735 etc.
1724 676 1895 750 (Psal.

329 772 504 841 cxm).
545 770 613 825 Et
641 769 768 825 alibi
802 789 815 823 :
857 768 1051 825 Potens
1097 782 1171 824 est
1212 769 1352 824 Deus
1399 769 1462 824 de
1487 769 1744 840 lapidibus
1786 768 1899 821 istis

327 865 580 920 suscitare
591 861 729 930 ﬁlios
745 860 968 914 Abralue
983 858 1172 932 (.llattlt
1183 901 1196 913 .
1211 859 1316 931 ιιι).
1333 860 1712 914 Praebetetiam
1728 855 1900 910 multi-

330 955 566 1010 tudinem
581 949 872 1007 cedrorum
888 951 1043 1022 quasi
1057 965 1486 1022 sycomororum,
1508 950 1631 1019 quia
1647 947 1900 1003 sterilita-

333 1055 437 1102 tem
475 1045 714 1117 gentiutn
737 1059 856 1113 quae
893 1044 946 1098 in
977 1043 1143 1098 altum
1176 1059 1234 1100 se
1247 1044 1455 1114 erigere
1484 1057 1590 1096 non
1624 1039 1896 1106 volebant,

330 1138 572 1208 provexit
583 1135 648 1189 ad
664 1134 1040 1189 fecunditatem
1052 1135 1310 1189 bonorum
1322 1147 1542 1203 operum
1554 1141 1609 1186 et
1621 1132 1896 1185 virtutum.

401 1225 679 1282 Vens.27.
710 1224 870 1278 —Et
925 1225 1216 1278 cedrorum.
1271 1221 1476 1278 Cedrus
1517 1230 1600 1277 est
1655 1220 1897 1292 imputri-

330 1318 454 1374 bilis
479 1326 706 1390 _natura,
747 1317 912 1371 odore
966 1316 1222 1385 jucunda,
1261 1323 1481 1385 aspectu
1535 1313 1727 1378 nitida,
1779 1327 1899 1382 qua:

333 1424 557 1464 accensa
591 1407 768 1462 nitore
807 1399 1086 1476 serpentes
1112 1405 1263 1476 fugat
1296 1413 1351 1459 et
1381 1403 1614 1473 perimit.

403 1500 624 1572 Reliqua
691 1514 829 1552 vero.
888 1497 1018 1565 Qua:
1071 1495 1200 1552 fecit
1241 1506 1526 1567 postquam
1577 1494 1749 1565 legem
1804 1493 1896 1548 Dei

334 1601 699 1662 transgressus
729 1596 833 1653 est,
885 1604 1008 1643 cum
1054 1588 1363 1657 alienigenae
1403 1602 1598 1642 uxores
1635 1601 1804 1655 usque
1830 1585 1897 1640 ad

334 1681 691 1737 idololatriam
740 1696 863 1735 eum
901 1671 1293 1751 pertraxerunt
1325 1698 1337 1733 :
1377 1679 1527 1733 multi
1568 1679 1780 1749 quidem
1839 1687 1900 1732 ut

333 1773 584 1829 Salomon
619 1773 754 1827 bene
790 1771 1052 1842 incipiunt
1100 1781 1153 1828 et
1199 1771 1338 1827 male
1387 1771 1658 1835 desinunt,
1684 1770 1899 1839 dicique

332 1864 519 1920 beatus
539 1871 661 1918 ante
704 1863 908 1918 obitum
935 1879 1094 1918 nemo
1127 1879 1480 1934 supremaque
1493 1862 1681 1918 funera
1719 1862 1894 1918 debet.

931 1955 1160 2011 CAPUT
1196 1956 1264 2011 Χ.

406 2047 566 2103 Vens.
611 2047 664 2102 8.
687 2077 758 2088 -—
783 2046 1010 2118 Reliquit
1046 2046 1322 2102 consilium
1355 2064 1557 2113 senum,
1605 2056 1712 2104 etc.
1747 2049 1899 2120 (ills-

333 2142 479 2208 nox.)
504 2137 615 2194 Hoc
639 2139 790 2193 aiunt
811 2137 1016 2194 ilebrzei
1047 2154 1166 2194 esse
1198 2139 1451 2193 Banaiam
1496 2139 1665 2194 tilium
1691 2139 1902 2198 .Joiadze

332 2238 387 2283 et
415 2227 628 2283 Jahihel
667 2228 834 2282 lilium
875 2228 1196 2294 Achamoni,
1234 2230 1324 2299 qui
1357 2238 1414 2284 et
1443 2229 1612 2285 Cbilla
1639 2242 1896 2286 vocatur:

334 2335 560 2390 quorum
617 2319 842 2375 consilio
883 2319 1069 2374 relicto
1101 2359 1116 2384 ,
1167 2328 1399 2376 tractare
1453 2317 1616 2391 coepit
1663 2321 1901 2376 Roboam

334 2427 455 2467 cum
490 2410 798 2478 juvenibus,
835 2411 888 2465 id
919 2420 1024 2476 est,
1051 2409 1310 2475 Aduram,
1337 2412 1428 2482 qui
1469 2411 1521 2466 in
1553 2413 1904 2482 sequentibus

334 2502 599 2582 lapidatus
628 2502 846 2568 dicitur,
879 2510 934 2556 et
967 2502 1249 2558 similibus.
1291 2501 1552 2558 Juvenem
1588 2513 1768 2558 autem
1796 2519 1902 2558 non
1975 2535 1978 2538 ~

335 2605 512 2658 :etate,
537 2596 630 2650 sed
660 2595 842 2649 animo
884 2609 1024 2663 srepe
1050 2594 1298 2650 dicimus.
1331 2593 1446 2649 Non
1469 2595 1611 2649 enim
1654 2604 1774 2650 erat
1795 2594 1904 2650 Ro-

335 2687 490 2742 boam
515 2685 731 2754 juvenis
765 2693 946 2749 aetate,
978 2684 1070 2739 sed
1113 2701 1313 2740 sensu:
1351 2685 1442 2754 qui
1490 2685 1904 2757 quadragesimo

334 2781 510 2850 primo
535 2780 709 2834 anatis
730 2795 841 2834 sua:
864 2795 1006 2834 anno
1033 2781 1198 2849 coepit
1233 2795 1481 2851 regnare.
1638 2783 1646 2790 ‘

407 2871 572 2926 Vens.
599 2872 682 2925 15.
707 2901 776 2910 -
799 2867 1181 2940 Responditque
1223 2887 1334 2935 rex,
1367 2879 1471 2926 etc.
1506 2869 1604 2926 llic
1640 2870 1908 2944 significat

339 2959 508 3015 malos
537 2969 775 3014 rectores
795 2959 848 3014 in
863 2960 1122 3026 Ecclesia,
1153 2961 1244 3029 qui
1270 2962 1499 3017 terrenis
1526 2963 1908 3032 cupiditatibus

339 3052 523 3117 dediti,
565 3067 752 3106 curam
792 3051 1124 3106 subditorum
1158 3051 1456 3122 negligunt,
1506 3062 1561 3107 et
1585 3054 1822 3124 gaudent
1852 3055 1907 3108 in

340 3142 679 3199 multitudine
728 3143 829 3197 sibi
873 3143 1303 3212 obsequentium.
1345 3143 1738 3214 Interpretatur
1777 3161 1908 3200 vero

339 3234 582 3290 Roboam
625 3234 852 3289 latitudo
884 3235 1085 3305 pepuli.
1120 3235 1182 3290 Hi
1232 3246 1356 3290 sunt
1385 3236 1476 3306 qui
1524 3237 1685 3292 latam
1735 3239 1911 3309 ingre-

342 3325 559 3381 diuutur
581 3325 720 3380 viam
745 3340 865 3395 quae
886 3301 1038 3380 ducit
1072 3326 1140 3380 ad
1169 3301 1422 3392 mortem,
1459 3343 1564 3382 non
1599 3301 1906 3398 angustam,
1937 3301 1984 3367 δ

343 3431 460 3486 qua:
509 3415 657 3471 ducit
705 3415 772 3470 ad
821 3415 1022 3482 vitam;
1077 3425 1132 3471 et
1171 3417 1359 3473 relicto
1413 3426 1628 3487 patrum
1685 3420 1914 3475 consilio

344 3521 573 3578 quorum
618 3505 760 3561 dicta
805 3517 860 3559 et
888 3504 1028 3561 facta
1074 3507 1142 3560 ad
1189 3507 1528 3563 altitudinem
1568 3509 1916 3579 perfectionis

345 3597 585 3656 tendunt,
620 3595 845 3651 consilio
871 3595 1127 3667 juvenum
1160 3598 1539 3668 obtemperare
1564 3599 1790 3670 eligunt,
1825 3604 1916 3672 qui

345 3687 592 3744 laudibus
621 3696 678 3743 et
703 3688 1102 3744 adulationibus
1122 3704 1217 3745 eos
1241 3701 1490 3760 gravant,
1517 3691 1608 3762 qui
1639 3694 1766 3747 caeci
1797 3703 1922 3750 sunt

345 3781 582 3838 etduces
610 3796 900 3846 caecorum,
937 3790 1069 3847 etc.,
1104 3783 1246 3839 unde
1281 3801 1293 3836 :
1340 3782 1428 3838 Va:
1451 3783 1565 3850 tibi,
1601 3795 1742 3839 terra
1768 3788 1921 3856 cujus

347 3887 440 3929 rex
463 3889 592 3945 puer
620 3883 718 3941 est,
742 3887 849 3930 etc.
881 3873 1049 3946 (Eccl.
1081 3876 1162 3946 x.)

955 3967 1185 4023 CAPUT
1227 3967 1318 4024 XI.

422 4058 582 4114 Vsus.
608 4059 700 4114 2|.
724 4060 1040 4124 -—Amavit,
1077 4068 1183 4114 etc.
1223 4059 1421 4114 Habuit
1459 4069 1638 4118 autem
1675 4063 1794 4132 lege
1821 4063 1924 4119 sibi

350 4153 664 4222 conjunctas
703 4172 898 4212 uxores
942 4157 1127 4213 decem
1157 4166 1212 4212 et
1255 4162 1766 4224 octo,'concubinas
1797 4177 1926 4218 vero

353 4248 590 4318 triginta.
624 4247 690 4302 Et
717 4247 807 4302 lilii
840 4249 1059 4318 quidem
1094 4251 1144 4306 ei
1186 4251 1299 4305 nati
1329 4261 1454 4307 sunt
1489 4253 1676 4310 decem
1704 4262 1758 4310 et
1780 4263 1925 4321 octo,

355 4341 478 4398 filiae
509 4357 638 4398 vero
666 4343 972 4413 sexaginta.

950 4435 1177 4493 CAPUT
1216 4437 1332 4493 XII.

425 4525 590 4583 Vnus.
618 4526 673 4581 2.
715 4556 786 4568 —
838 4527 988 4581 Anno
1032 4538 1208 4582 autem
1257 4529 1436 4600 quinto
1491 4530 1636 4600 regni
1698 4527 1932 4582 Roboam

357 4621 610 4674 ascendit.
630 4618 814 4692 (ΚΑΒ.)
837 4619 958 4673 Mali
987 4631 1227 4676 rectores
1254 4636 1352 4690 per
1377 4620 1752 4691 negligentiam
1777 4636 1930 4674 suam

2003 679 2132 733 tiam
2171 693 2270 749 per
2307 680 2412 733 duo
2453 678 2796 732 Testamenta
2842 675 3153 730 doctoribus
3196 675 3450 730 Ecclesia;
3499 675 3568 730 ad

2002 769 2213 840 plebem
2237 770 2486 824 tuendam
2508 767 2922 824 commendavit.
2948 767 3099 822 llanc
3123 768 3376 836 antiquus
3397 767 3570 822 hostis

2001 880 2098 935 per
2151 865 2414 920 incuriam
2465 873 2757 919 retrorsum
2803 862 3086 916 abstrahit.
3129 862 3266 917 Cum
3297 862 3440 916 enim
3483 862 3567 916 in-

2003 957 2228 1012 tendunt
2271 957 2502 1010 terrenis
2551 956 2729 1021 rebus,
2800 954 3082 1024 minusque
3116 961 3308 1008 curant
3362 953 3428 1008 de
3460 967 3571 1007 cm-

1999 1047 2246 1113 lestibus,
2275 1046 2449 1102 officio
2483 1047 2712 1116 pristino
2736 1057 2793 1099 et
2828 1045 3051 1100 scientia
3087 1045 3312 1098 nudatos
3336 1044 3488 1112 quasi
3514 1043 3572 1096 in

2001 1137 2161 1193 domo
2191 1139 2404 1208 propria
2433 1137 2623 1206 opibus
2666 1135 2922 1204 spoliatos
2946 1135 3218 1204 relinquit.
3255 1133 3412 1188 Tales
3441 1147 3570 1187 vero

2001 1245 2121 1286 cum
2163 1245 2221 1287 se
2245 1246 2403 1286 sensu
2441 1229 2704 1298 spirituali
2735 1229 2972 1298 privatos
3003 1228 3290 1296 aspiciunt,
3323 1241 3420 1294 per
3453 1226 3568 1279 elo-

2001 1325 2274 1394 quentiam
2305 1309 2589 1379 verborum
2621 1322 2828 1391 copiam
2857 1329 3127 1392 quaerunt,
3163 1335 3390 1389 quorum
3412 1333 3571 1373 sono-

2000 1415 2214 1469 ritatem
2248 1415 2396 1470 velut
2431 1423 2704 1469 scutorum
2739 1428 3000 1468 meorum
3037 1413 3346 1467 firmitatem
3380 1421 3570 1467 contra

2000 1505 2185 1560 hostes
2212 1521 2310 1576 pro
2349 1505 2605 1580 subjectis
2637 1514 2932 1575 opponunt.
2973 1504 3080 1558 Sed
3117 1513 3320 1575 quanto
3344 1519 3418 1558 aes
3439 1519 3572 1559 auro

2001 1597 2184 1663 vilius,
2226 1606 2375 1651 tanto
2399 1597 2623 1651 inferior
2648 1606 2731 1652 est
2771 1597 3081 1666 eloquentia
3116 1612 3259 1651 verae
3289 1595 3570 1666 sapientiae

2001 1685 2198 1742 fructu.
2239 1687 2393 1743 Unde
2439 1704 2452 1739 :
2492 1685 2594 1740 Ubi
2641 1686 2872 1757 plurima
2927 1687 3110 1752 verba,
3158 1688 3232 1740 ibi
3277 1687 3572 1758 frequenter

2001 1786 2198 1846 egestas
2221 1774 2403 1847 (Prov.
2433 1775 2566 1846 xlv).

2075 1864 2239 1919 Vsus.
2259 1863 2346 1918 15.
2363 1894 2434 1904 —-
2448 1863 2684 1919 Semeitv.
2715 1865 2817 1931 Qui
2830 1866 3079 1936 superius
3099 1865 3342 1921 Roboam
3355 1874 3410 1920 et
3436 1865 3574 1921 ﬁlios

1931 1933 1980 1995 Β
2005 1953 2140 2010 Juda
2167 1957 2233 2012 de
2257 1957 2496 2027 peccatis
2528 1958 2808 2028 arguebat.

2072 2047 2242 2100 Addo.
2275 2047 2377 2114 Qui
2401 2056 2456 2100 et
2489 2046 2664 2112 Abdo,
2690 2047 2778 2101 hic
2799 2056 2881 2101 est
2905 2047 2996 2115 qui
3024 2046 3090 2100 ad
3130 2047 3464 2117 arguendum
3489 2045 3577 2101 Je-

2003 2141 2222 2195 roboam
2251 2155 2350 2210 pro
2385 2139 2544 2194 altari
2593 2141 2738 2208 quod
2788 2139 3010 2204 fecerat,
3041 2156 3071 2192 a
3099 2139 3326 2193 Domino
3382 2138 3580 2193 missus

2001 2241 2083 2288 est
2111 2233 2163 2286 in
2203 2231 2527 2295 Samariam,
2583 2231 2678 2300 qui
2727 2231 2780 2284 in
2815 2233 2898 2284 via
2942 2230 3262 2286 interfectus
3295 2240 3400 2295 est,
3449 2231 3579 2299 quia

2002 2332 2191 2378 contra
2235 2333 2564 2392 praeceptum
2599 2321 2812 2376 Domini
2851 2337 2882 2374 a
2913 2321 3380 2392 pseudoprOpheta
3425 2322 3581 2377 sedu-

2003 2423 2125 2469 ctus
2147 2413 2347 2468 ibidem
2380 2413 2742 2468 manducavit.

2580 2502 2810 2558 CAPUT
2850 2501 2984 2556 Xlll.

2076 2596 2241 2650 Vens.
2289 2594 2344 2648 4.
2377 2624 2447 2634 --
2481 2593 2750 2649 Semeron.
2791 2593 2949 2662 (lixa.
2981 2609 3046 2647 ex
3092 2593 3337 2664 Hieron.)
3379 2590 3582 2648 Civitas

2005 2696 2090 2743 est
2130 2703 2291 2757 quam
2335 2688 2480 2757 cepit
2513 2686 2670 2740 Jesus
2712 2701 2837 2756 rege
2871 2686 3016 2740 illius
3063 2686 3368 2750 interfecto,
3418 2703 3583 2756 quam

2007 2779 2195 2834 dicunt
2239 2778 2440 2832 vocari
2473 2793 2615 2831 nunc
2657 2775 2918 2831 Sebasten
2962 2776 3217 2847 oppidum
3272 2777 3580 2842 Palestinze,

2006 2869 2096 2924 ubi
2120 2868 2344 2924 Joannis
2360 2870 2613 2938 Baptista:
2637 2869 2869 2923 conditae
2898 2878 3025 2922 sunt
3051 2868 3308 2938 reliquiae.
3334 2869 3587 2939 Legimus

2009 2971 2188 3018 autem
2205 2963 2258 3016 in
2279 2959 2506 3033 Regum,
2523 2962 2665 3031 quod
2678 2962 2830 3016 Amri
2848 2977 2939 3017 rex
2957 2961 3121 3016 lsrael
3137 2964 3331 3017 emerit
3349 2973 3586 3018 montem

2012 3055 2272 3109 Seuzeron
2303 3056 2578 3124 aquodam
2616 3054 2826 3119 Semer,
2853 3065 2908 3110 et
2928 3056 3280 3110 aedificaverit
3301 3057 3354 3110 in
3389 3058 3591 3112 \ertice

2012 3146 2156 3200 illius
2199 3147 2500 3212 civitatem,
2530 3162 2691 3216 quam
2734 3163 2801 3200 ex
2835 3147 3055 3202 nomine
3105 3147 3344 3212 domini,
3385 3148 3593 3205 scilicet

2015 3234 2227 3302 Semer,
2261 3236 2521 3293 Semcron
2544 3238 2852 3308 appellavit.

2088 3331 2460 3386 Vens.19.—
2510 3330 2708 3384 Bethel.
2747 3331 2930 3404 (ΗΑΒ.)
2982 3330 3186 3388 Civitas
3243 3333 3299 3388 in
3346 3331 3598 3403 proximo

2019 3423 2193 3493 lapide
2221 3425 2290 3479 ab
2317 3424 2430 3478 Elia
2458 3425 2526 3478 ad
2555 3425 2832 3479 dexteram
2859 3426 3113 3480 euntibus
3144 3424 3445 3495 Neopolim,
3479 3441 3600 3496 quae
3662 3409 3672 3417 ’

2017 3517 2169 3586 prius
2197 3517 2362 3581 Luza,
2408 3516 2462 3570 id
2487 3525 2572 3571 est
2609 3515 2928 3585 Amigdalon
2957 3517 3276 3580 vocabatur,
3308 3525 3363 3571 et
3405 3515 3602 3571 cecidit

2023 3607 2076 3663 in
2101 3616 2300 3663 sortem
2340 3605 2617 3675 Benjamin
2647 3605 2800 3674 juxta
2833 3607 3038 3661 Bethan
3066 3618 3121 3663 et
3163 3607 3285 3672 Hai,
3313 3623 3475 3678 quam
3506 3623 3602 3663 ex—

2021 3697 2281 3769 pugnavit
2307 3694 2464 3751 Jesus
2500 3711 2626 3766 rege
2658 3695 2798 3750 illius
2829 3696 3133 3752 interfecto.

2095 3787 2330 3857 Ephron.
2363 3785 2566 3840 Civitas
2602 3793 2686 3840 est
2736 3785 2788 3839 in
2816 3786 2956 3840 tribu
3003 3785 3159 3840 Juda.
3200 3786 3354 3842 Unde
3381 3793 3437 3840 et
3475 3785 3604 3841 villa
3635 3811 3642 3818 -

2024 3877 2343 3950 pergrandis
2377 3876 2586 3946 Ephrea
2613 3886 2801 3931 contra
2830 3877 3253 3946 septentrionem
3298 3879 3352 3931 in
3403 3877 3600 3932 vicesi-

2025 3970 2164 4025 simo
2193 3971 2260 4024 ab
2281 3968 2396 4022 Elia
2425 3968 2678 4022 milliario
2714 3968 2974 4022 hactenus
3003 3977 3245 4022 vocatur.

2097 4059 2262 4113 Vens.
2293 4059 2385 4114 20.
2414 4090 2485 4099 —
2515 4058 2582 4112 In
2626 4059 2825 4113 diebus.
2867 4059 2979 4114 Non
3026 4057 3334 4124 Jerohoam,
3369 4058 3423 4112 in
3451 4057 3607 4128 cujus

2029 4153 2291 4206 vicesimo
2331 4165 2474 4205 anno
2500 4151 2794 4206 secundum
2836 4151 3033 4205 librum
3066 4151 3272 4220 Regum
3319 4151 3605 4218 imperavit

2027 4243 2134 4298 Asa
2191 4242 2333 4298 ﬁlius
2388 4242 2523 4296 Ahia
2572 4257 2733 4312 super
2775 4241 2968 4296 ludam
3027 4249 3082 4296 et
3125 4240 3456 4302 Jerusalem,
3514 4241 3610 4294 sed

2029 4336 2245 4402 Aliiam,
2267 4336 2358 4405 qui
2390 4344 2611 4405 accepta
2641 4330 2825 4388 Bethel
2855 4334 2994 4388 idola
3026 4332 3321 4388 reservavit
3341 4331 3526 4387 lsraeli
3553 4333 3609 4386 in

2033 4427 2371 4489 scandalum,
2405 4435 2463 4480 ut
2488 4424 2695 4478 Hebraei
2723 4432 2998 4478 asserunt.

2613 4514 2840 4570 CAPUT
2880 4513 3021 4568 XIV.

2109 4611 2271 4667 Vens.
2308 4611 2364 4666 2.
2397 4639 2468 4650 --
2491 4609 2745 4678 Egressus
2788 4615 2881 4668 est,
2923 4614 3027 4660 etc.
3083 4603 3216 4659 Cum
3255 4605 3484 4661 Azarias
3513 4608 3610 4662 de-

355 4711 656 4781 principem
691 4711 1033 4765 tenebrarum
1063 4720 1360 4781 provocant
1404 4712 1456 4764 in
1487 4711 1805 4774 Ecclesiam,
1840 4713 1933 4781 qui
1965 4673 2010 4733 ο
2037 4719 2152 4761 cem
2181 4707 2460 4772 regnasset
2494 4697 2674 4760 annis.
2705 4704 2883 4750 castra
2917 4703 3100 4749 (Ὀιιῑν³
3138 4711 3259 4750 eum
3291 4697 3458 4751 ῐηονὶῐ
3489 4713 3612 4752 Cllm

285 4817 296 4826 ’
357 4803 641 4858 thesauros
675 4803 867 4857 domus
897 4803 1106 4858 Domini
1141 4812 1193 4858 et
1225 4805 1508 4858 thesauros
1547 4805 1688 4874 regis
1713 4803 1889 4856 aufert
1917 4844 1933 4869 ,

357 4911 480 4950 cum
537 4896 820 4951 scientiam
879 4895 1286 4965 Scripturarum
1343 4906 1399 4949 et
1457 4911 1620 4965 opera
1673 4896 1935 4950 virtutum

359 4987 634 5043 subtrahit
658 4988 892 5043 incautis
915 4995 969 5043 et
999 4988 1303 5043 desidiosis.

431 5078 594 5133 Vsus.
626 5079 784 5154 9η-
813 5078 973 5134 Sesac
1003 5095 1114 5133 rex.
1147 5079 1346 5150 Byssus
1375 5079 1536 5135 cilicii
1574 5079 1658 5134 vel
1685 5080 1936 5151 gaudium

357 5170 747 5244 cilicii.Byssus
759 5173 978 5242 quidem
1002 5171 1352 5227 subtilitatem
1368 5171 1663 5244 significat:
1680 5170 1938 5235 cilicium,

360 5262 501 5330 quod
518 5260 579 5314 ﬁt
598 5263 664 5316 de
707 5261 828 5332 pilis
850 5276 1155 5331 caprarum,
1186 5269 1424 5331 peccata.
1450 5260 1504 5314 In
1531 5261 1690 5333 bysso
1713 5275 1841 5330 ergo
1862 5261 1910 5314 ci
1925 5287 1941 5299 -

359 5352 491 5416 licii,
510 5354 746 5408 versutia
763 5353 1042 5409 diabolicae
1057 5352 1260 5407 fraudis
1276 5353 1328 5406 in
1345 5353 1694 5422 persuasione
1712 5351 1939 5421 peccati.

363 5443 530 5499 Sesac
555 5441 1035 5514 Jerosolymitanas
1057 5459 1189 5514 Opes
1209 5441 1408 5506 aufert,
1434 5457 1554 5497 cum
1580 5441 1824 5495 diabolus
1851 5441 1942 5510 qui

359 5533 554 5592 callide
587 5534 788 5604 decipit
819 5543 873 5591 et
906 5535 1100 5605 gaudet
1126 5535 1180 5588 in
1205 5533 1546 5589 multitudine
1577 5541 1942 5602 peccatorum,

360 5625 764 5682 ecclesiasticos
779 5627 925 5681 viros
940 5627 1167 5682 scientia
1199 5617 1467 5696 spirituali
1481 5635 1535 5680 et
1549 5639 1712 5694 opere
1726 5624 1944 5681 virtutis

361 5721 602 5792 spoliat:
640 5731 694 5778 et
730 5738 824 5779 eos
861 5722 952 5792 qui
984 5721 1300 5776 videbantur
1355 5720 1408 5774 in
1460 5718 1699 5775 Ecclesia
1737 5719 1942 5786 decori,

363 5814 624 5883 spoliatos
648 5829 832 5870 secum
865 5813 917 5867 in
953 5812 1269 5867 barathrum
1307 5811 1624 5880 perditionis
1655 5810 1869 5882 mergit.

439 5904 678 5976 Clypeos.
709 5905 963 5961 Salomon
995 5913 1144 5961 scuta
1171 5919 1337 5960 aurea
1361 5903 1510 5968 fecit,
1537 5912 1591 5958 et
1626 5903 1937 5958 custodibus

698 6002 967 6062 Ρδτιιοι..
1031 5997 1252 6066 CXIII.

2040 4807 2234 4862 magno
2255 4790 2416 4845 nimis
2449 4788 2687 4843 exercitu
2719 4786 2921 4840 Zareas
2955 4802 3045 4840 rex
3078 4785 3388 4856 Ethiopiaa,
3414 4787 3617 4843 ducens

2039 4881 2368 4952 pedestrium
2422 4877 2640 4947 quidem
2704 4876 2998 4946 nonaginta
3046 4875 3234 4940 millia,
3281 4877 3616 4946 equestrium

2042 4989 2174 5028 vero
2203 4971 2387 5026 decem
2413 4968 2598 5026 millia.
2636 4975 2692 5022 et
2719 4983 2910 5022 currus
2939 4975 3227 5037 trecentos.
3253 4967 3460 5022 Castris
3487 4981 3616 5020 con-

2043 5073 2126 5119 tra
2157 5078 2280 5118 eum
2307 5061 2520 5131 positis,
2555 5075 2676 5114 cum
2708 5059 2931 5114 vidisset
2969 5058 3076 5114 Asa
3125 5057 3442 5127 Ethiopum
3469 5057 3609 5111 mul-

2045 5157 2082 5209 ti
2092 5156 2346 5214 tudinem,
2373 5152 2630 5222 poscebat
2651 5167 2682 5206 a
2697 5153 2806 5206 Deo
2827 5167 2948 5205 cum
2963 5151 3200 5204 clamore
3219 5164 3412 5219 magno
3446 5148 3615 5204 victo-

2047 5247 2207 5310 riam,
2224 5255 2279 5298 et
2295 5253 2356 5298 ut
2376 5253 2482 5298 tam
2501 5245 2665 5297 multa
2683 5243 2964 5296 hominum
2989 5239 3154 5295 millia
3173 5238 3286 5308 ipse
3301 5239 3612 5308 perimeret.

2048 5336 2234 5404 Neque
2265 5335 2408 5388 enim
2442 5334 2494 5388 in
2527 5333 3022 5388 alioconﬁdeudum
3047 5343 3166 5384 esse
3192 5329 3421 5394 dicebat,
3453 5346 3614 5399 quam

2051 5427 2108 5482 in
2139 5442 2206 5482 eo
2231 5425 2322 5496 qui
2355 5433 2541 5494 posset
2589 5424 2755 5478 etiam
2801 5437 3004 5492 paucos
3052 5418 3342 5474 multorum
3381 5421 3619 5490 potiores

2051 5517 2356 5582 ostendere,
2390 5524 2444 5570 et
2475 5515 2654 5570 facere
2685 5513 2930 5568 infirmos
2972 5510 3280 5566 fortissimis
3304 5508 3616 5580 praevalere.

2645 5621 2874 5679 CAPUT
2914 5619 3030 5677 XV.

2122 5718 2495 5775 Vens.15.-—
2540 5715 2764 5771 Azarias
2812 5721 3008 5777 autem,
3055 5721 3160 5768 etc.
3209 5713 3438 5768 Azarias
3496 5725 3623 5783 pro-

2046 5811 2206 5881 pheta
2251 5826 2544 5867 oecurrens
2583 5807 2836 5880 praecepit
2867 5815 2925 5861 ut
2952 5805 3225 5876 paululum
3276 5822 3306 5860 a
3338 5807 3422 5861 via
3469 5821 3622 5878 gres-

2045 5919 2163 5960 sum
2226 5905 2438 5962 itineris
2501 5903 2854 5966 sustinerent,
2921 5907 2975 5954 et
3018 5907 3146 5956 tunc
3186 5901 3351 5972 coepit
3391 5900 3464 5958 ad
3527 5913 3624 5958 eos

3048 5994 3126 6054 22

4083 242 4088 462 l
