4122 6350
557 406 663 466 685

1054 403 1448 462 WAJAFRIDI
1485 400 1731 457 STRABI
1767 398 1974 456 FULD.
2015 394 2181 454 MON.
2221 394 2373 453 OPP.
2411 397 2592 455 PARS
2630 399 2673 454 l.
2713 427 2784 439 —
2822 394 3278 456 THEOLOGICA.

3709 394 3828 457 684

555 524 757 587 dicere,
782 520 927 591 quod
949 519 1041 574 illa
1073 518 1299 574 victoria
1326 496 1513 572 fuisse}
1550 514 1629 571 eis
1652 530 1682 569 a
1713 515 1823 569 Deo
1847 525 2124 575 concessa,
2154 508 2209 573 Α
2233 508 2448 567 nionem
2480 529 2585 567 non
2616 512 2876 569 devitant.
2915 512 3117 569 Contra
3146 526 3283 583 quos
3308 509 3506 567 dicitur
3532 527 3548 565 :
3590 508 3831 567 Haereti.

553 613 785 684 eoquod
817 613 993 683 iustos
1023 626 1082 667 se
1120 619 1443 679 sanctosque
1492 614 1819 672 servassent,
1850 604 1908 684 et»
1944 601 2128 659 omnia

554 682 958 762 Dei—Voluntate
987 700 1442 767 fecissent..Quos
1466 698 1521 753 in
1551 697 1669 769 ejus
1703 682 1971 751 mandatis
1997 708 2126 765 per-

552 804 859 861 manentes,
906 794 1041 851 dixit
1071 808 1233 864 super
1256 792 1503 847 hostibus
1532 789 1844 862 prrevalere,
1876 792 1932 844 et
1976 786 2131 843 habi-

554 898 708 943 turos
757 884 938 942 divina
988 885 1189 939 virtute
1224 881 1535 939 felicitatem
1571 880 1627 937 ei
1678 879 2127 951 prosperitatem;

552 977 921 1047 relinquentes
950 982 1129 1030 autem
1163 972 1528 1044 religionem,~
1550 968 1604 1025 in
1647 970 1925 1026 contraria
1967 968 2127 1025 deve-

550 1069 689 1135 nire,
723 1066 1075 1137 futurumque
1130 1070 1344 1133 tempus
1378 1061 1432 1117 in
1469 1074 1577 1131 quo
1630 1060 1810 1116 nullus
1850 1059 2125 1115 invenire-

550 1164 639 1216 tur
664 1174 827 1217 verax
855 1158 1122 1230 propheta
1168 1154 1225 1210 in
1252 1168 1320 1209 eo
1356 1151 1572 1223 populo,
1613 1165 1790 1222 neque
1846 1148 2122 1216 sacerdos,

541 1252 617 1311 ob
643 1268 806 1325 quam
835 1254 950 1307 rem
993 1254 1050 1306 et
1091 1248 1341 1304 civitates
1362 1244 1775 1311 subvertendas,
1824 1252 1880 1300 et
1908 1252 2125 1317 gentem

548 1341 772 1398 inomni
800 1349 945 1396 terra
970 1336 1453 1403 disseminandam,
1478 1345 1537 1392 et
1559 1335 1730 1391 vitam
1757 1333 2123 1392 miserabilem

544 1443 600 1490 et
621 1435 837 1507 inopem
864 1431 1171 1488 habituros.

1130 1518 1360 1581 CAPUT
1397 1520 1541 1578 XVI.

611 1621 774 1676 Vens.
798 1617 885 1675 14.
912 1647 985 1658 -
1008 1615 1362 1681 Aromatibus,
1391 1623 1500 1670 etc.
1524 1642 1596 1655 —-
1632 1612 1759 1669 Haec
1801 1626 1942 1667 vana
1961 1609 2122 1666 fama

532 1712 819 1783 jaCtantia,
854 1724 1017 1781 quam
1045 1706 1351 1779 philosophi
1398 1704 1483 1760 vel
1515 1712 1691 1777 poeta:
1733 1712 1857 1774 post
1889 1712 2121 1759 mortem

540 1787 727 1875 regum
754 1794 999 1866 suorum,
1036 1798 1122 1854 vel
1167 1797 1332 1852 etiam
1361 1795 1481 1851 falsi
1521 1794 1819 1851 Christiani
1869 1794 2123 1851 obeunti-

2233 620 2351 657 cum
2389 602 2647 661 hominem
2671 616 2789 680 post
2817 608 3040 680 primam
3062 614 3111 662 et
3139 605 3421 661 secundum
3442 607 3829 661 correctionem

2231 694 2400 752 devita
2438 696 2566 769 (Tit.
2592 701 2695 764 ill).
2735 698 2889 757 Unde
2925 696 3183 771 losaphat
3223 714 3321 771 per
3356 697 3496 754 Iehu
3542 696 3831 756 videntem

2230 786 2399 843 tilium
2426 789 2621 857 Anani,
2646 791 2788 848 illius
2816 790 3025 848 Scilicet
3051 790 3329 864 prophetae
3354 789 3448 861 qui
3476 793 3583 847 Asa
3636 790 3826 846 incre-

2228 886 2451 951 paverat
2474 882 2738 952 arguitur,
2769 884 2861 954 qui
2884 883 3051 954 impio
3098 882 3406 954 prxbuerat
3447 880 3735 949 auxilium,
3765 889 3829 937 es

2229 970 2317 1026 his
2338 970 2431 1042 qui
2457 972 2691 1028 oderunt
2710 970 3000 1029 Dominum
3029 974 3269 1030 amicitia
3290 972 3635 1045 iungeretur.

2301 1062 2517 1135 (6330.,
2539 1064 2629 1121 lib.
2655 1062 2933 1131 ullam!”
2956 1074 3075 1136 cap.
3102 1056 3193 1129 15,
3221 1072 3354 1121 tom.
3388 1058 3684 1144 1..)Solinm
3712 1064 3828 1120 Do-

2227 1153 2361 1210 mini
2375 1154 2632 1228 angelicae.
2644 1163 2961 1227 potestates,
2976 1162 3105 1220 etc.,
3121 1168 3287 1228 usque
3305 1154 3377 1209 ad
3396 1160 3451 1210 et
3473 1162 3620 1209 tanta
3631 1152 3831 1212 durius

2228 1254 2513 1317 raperetur
2525 1244 2591 1304 ad
2604 1263 2820 1319 poenam
2831 1290 2845 1316 ,
2863 1257 3067 1318 quanto
3082 1248 3330 1304 securius
3346 1246 3622 1302 viveretin
3637 1245 3823 1318 culpa.

2815 1338 3046 1398 CAPUT
3080 1334 3224 1396 XIX.

2296 1428 2463 1486 Vens.
2481 1430 2569 1486 10.
2582 1461 2652 1471 -
2666 1429 2887 1486 Omnem
2906 1446 3122 1486 causam
3142 1434 3260 1502 quis
3281 1426 3475 1484 venerit
3495 1427 3566 1481 ad
3584 1436 3693 1494 vos,
3706 1434 3820 1485 etc.

2224 1520 2408 1598 (Aura,
2432 1522 2529 1578 lib.
2555 1539 2610 1580 1v
2631 1523 2695 1579 de
2719 1520 2854 1590 Cia,
2893 1538 3010 1593 cap.
3039 1520 3120 1593 ὅ.)
3158 1518 3385 1576 Remota
3409 1516 3651 1591 Iustitia,
3686 1519 3825 1590 quid

2223 1622 2351 1672 sunt
2381 1631 2570 1688 regna,
2601 1614 2707 1673 nisn
2739 1626 2934 1686 magna
2965 1612 3299 1669 latrocinia?
3341 1612 3471 1683 quia
3503 1619 3559 1667 et
3588 1610 3705 1683 ipsa
3739 1608 3821 1666 Il-

2227 1708 2454 1765 trocinia
2470 1707 2599 1779 quid
2614 1714 2761 1775 sunt,
2792 1707 2895 1762 nisi
2924 1706 3089 1777 parva
3116 1700 3329 1777 regna?

2813 1790 3042 1856 CAPUT
3095 1792 3214 1853 XX.

539 1869 643 1951 bus
668 1892 937 1964 magistris
968 1889 1309 1960 impendunt,
1337 1895 1393 1942 et
1422 1889 1540 1943 haec
1568 1887 1622 1942 in
1648 1886 1829 1958 ignem
1856 1887 2079 1941 mittunt
2104 1903 2118 1940 :
2150 1869 2204 1934 Β
2298 1891 2464 1946 γωδ,
2492 1890 2543 1945 ι,
2566 1920 2630 1931 -
2652 1886 2731 1944 οε
2752 1886 3089 1945 Ammonius,
3127 1884 3389 1944 Idumaeos
3411 1882 3699 1959 signiﬁcat,
3720 1888 3827 1944 sed

538 1986 666 2056 quia
693 1984 871 2039 omnia
892 1983 1154 2055 gehennae
1176 1979 1391 2051 ignibus
1417 1976 1652 2034 obnoxia
1679 1990 1802 2035 esse
1828 1976 2124 2032 ostendun-

538 2086 646 2144 tur,
679 2092 801 2148 quae
830 2076 919 2132 hic
966 2074 1083 2131 sine
1124 2071 1355 2128 utilitate
1394 2079 1452 2127 et
1495 2068 1853 2126 aadiilcatibne
1891 2066 2124 2123 fratrum

534 2169 896 2243 protulerunt.

603 2262 1010 2320 Combusserunt
1056 2270 1214 2329 super
1236 2270 1379 2319 eum,
1405 2262 1513 2311 etc.
1548 2253 1684 2309 Nota
1707 2250 1850 2325 quod
1878 2252 2119 2321 regibus,

532 2350 592 2411 ut
616 2352 828 2409 Hebraei
857 2350 1093 2415 tradunt,
1120 2346 1440 2405 reverentiae
1483 2356 1669 2410 causa,
1713 2344 2121 2400 combustiones

528 2451 891 2521 pretiosarum
926 2447 1158 2506 vestium
1188 2446 1351 2502 simul
1375 2460 1502 2500 cum
1527 2445 1864 2500 aromatibus
1893 2444 2115 2499 ﬁebant.

529 2540 682 2598 Unde
697 2538 825 2594 alibi
851 2557 864 2592 :
888 2538 1054 2591 quta
1078 2536 1461 2593 combustiones
1486 2536 1752 2605 majorum
1780 2535 1975 2604 facient
1997 2534 2115 2589 tibi.

528 2630 643 2687 Mos
665 2630 812 2686 enim
838 2628 940 2685 fuit
965 2628 1108 2699 apud
1140 2637 1374 2693 veteres,
1409 2626 1470 2682 ut
1511 2627 1746 2698 pretiosa
1792 2636 2117 2682 ornamenta

528 2738 714 2795 regum
743 2729 861 2793 post
881 2722 1089 2777 obitum
1109 2736 1298 2774 eorum
1323 2734 1420 2789 pro
1445 2718 1719 2789 exsequiis
1747 2718 1803 2774 in
1829 2734 1964 2791 pyra
1992 2733 2117 2774 ure-

527 2821 739 2879 rentur,
771 2811 867 2869 sed
894 2811 1015 2868 sine
1046 2808 1421 2865 cadaveribus.

1109 2896 1339 2956 CAPUT
1370 2898 1528 2955 XVII.

594 2995 761 3052 Vens.
792 2992 847 3051 '5.
873 3024 950 3037 --
975 2990 1273 3050 Ambutavit
1298 2993 1352 3047 in
1394 2993 1489 3047 viis
1529 2991 1723 3059 Dauid,
1768 3001 1873 3048 etc.
1926 2988 2108 3065 (Rm)

522 3088 774 3147 Ostendit
798 3102 924 3144 eum
953 3093 1329 3143 exsecutorem
1370 3078 1538 3141 fuisSe
1564 3084 1705 3140 sicut
1751 3085 1918 3140 David
1966 3084 2109 3141 divi-

522 3201 718 3241 norum
744 3184 1117 3239 mandatorum
1160 3188 1450 3249 antequam
1490 3186 1743 3252 peccaret
1782 3178 1839 3234 in
1880 3192 2107 3234 uxorem

2227 1983 2467 2053 scriptor
2514 1983 2758 2038 historit'e
2795 1978 2988 2037 maluit
3022 1979 3166 2051 qttod
3203 1979 3496 2051 gerebatur
3524 1980 3826 2035 associato-

2223 2090 2346 2133 rum
2370 2086 2559 2131 notare
2577 2074 2859 2139 vocabulo,
2881 2088 3043 2146 quam
3067 2072 3404 2144 impietatem
3424 2066 3828 2142 impudentiam

2222 2168 2438 2241 publice
2465 2166 2760 2241 divulgare.

2296 2258 2463 2315 Vens.
2494 2260 2548 2314 2.
2573 2288 2644 2299 —
2680 2258 2759 2314 De
2805 2259 2889 2314 his
2916 2258 3067 2325 locis,
3115 2266 3223 2315 etc.
3276 2256 3371 2313 Ilia
3399 2256 3517 2314 ioca
3548 2256 3827 2329 signiﬁcat

2223 2367 2343 2424 quae
2370 2350 2510 2406 ultra
2540 2365 2691 2406 mare
2718 2348 3026 2406 Salinarum
3057 2354 3202 2416 sunt,
3230 2350 3375 2423 quod
3402 2347 3537 2406 alias
3564 2358 3824 2421 stagnum

2220 2438 2489 2515 ASphaliti
2514 2442 2597 2496 vel
2627 2448 2780 2497 mare
2805 2440 3075 2497 Mortuum
3103 2440 3442 2497 nominatur.

2296 2534 2565 2608 Engaddi.
2604 2532 2844 2592 Vocatur
2881 2552 3051 2608 usque
3073 2534 3258 2605 hodie,
3294 2536 3451 2592 vicus
3488 2535 3820 2608 pergrandis

2220 2624 2529 2685 Iudaeorum
2555 2628 2709 2701 juxta
2740 2642 2891 2684 mare
2921 2628 3211 2695 Mortuum,
3236 2628 3381 2685 unde
3407 2629 3822 2702 opobalsamum
3912 2662 3923 2673 ι

2218 2721 2367 2776 venit
2392 2736 2406 2774 :
2438 2736 2575 2791 quas
2605 2720 2861 2777 Salomon
2895 2731 3172 2792 nuncupat
3198 2720 3387 2776 vineas
3414 2716 3677 2791 Engaddi.

2290 2812 2458 2867 Vens.
2492 2812 2579 2866 16.
2614 2842 2685 2852 ——
2724 2810 3007 2867 Ascensuri
3052 2808 3189 2867 enim
3228 2828 3321 2881 per
3364 2808 3555 2866 clivum
3603 2812 3820 2870 nomine

2218 2898 2323 2968 Sis,
2353 2908 2459 2958 etc.
2496 2901 2654 2973 (Ras.
2682 2902 2737 2957 in
2762 2902 2975 2969 Paral.,
3015 2917 3081 2958 ex
3106 2898 3355 2973 Hieron.)
3401 2901 3504 2971 Qui
3540 2908 3597 2957 et
3627 2900 3819 2959 Ieruel

2218 2993 2514 3048 secundum
2542 2992 2819 3050 Hebrteos.
2854 2993 3049 3049 Dicunt
3079 2995 3221 3050 enim
3252 2995 3397 3065 quod
3428 2992 3542 3063 Sis,
3564 3004 3697 3065 etc.,
3720 3013 3818 3052 us-

2214 3104 2315 3159 que
2337 3086 2406 3141 ad
2434 3088 2683 3142 incussus
2708 3096 2792 3142 est
2816 3086 3131 3159 alienigenis
3154 3103 3325 3158 pavor
3348 3084 3609 3160 undique.

2288 3174 2534 3250 Mystice,
2569 3176 2840 3245 Moabitae,
2871 3178 3219 3254 Ammonitzg,
3265 3168 3323 3235 ei
3360 3172 3601 3248 Idumaei,
3638 3197 3813 3254 paga-

526 3275 691 3343 Uriae,
733 3274 888 3345 cujus
913 3274 1122 3346 peccati
1149 3271 1452 3329 satisfactio
1490 3240 1757 3328 aeternam
1785 3271 1864 3328 illi
1890 3286 2104 3327 memo-
2132 3240 2598 3339 c_nos,'Iudaeos,
2629 3278 2683 3326 et
2709 3270 2995 3326 haereticos
3023 3240 3355 3343 signiﬁcant,
3383 3287 3477 3343 qui
3499 3240 3669 3345 gratis
3695 3240 3816 3331 lici-

524 3366 663 3423 riam'
703 3366 1057 3437 comparavit.

596 3456 761 3514 Vatis.
788 3456 844 3513 5.
874 3487 942 3497 —
967 3454 1125 3511 Dedit
1170 3456 1339 3510 omnis
1387 3452 1535 3509 Iuda
1579 3464 1797 3507 munera
1827 3451 2103 3523 Iosophat.
2144 3440 2158 3523 ξ

520 3552 620 3609 Hic
640 3552 825 3609 fideles
851 3552 916 3607 de
936 3548 1187 3623 gentibus
1226 3547 1516 3620 signiﬁcat,
1562 3545 1653 3617 qui
1682 3545 1871 3601 relicto
1890 3550 2107 3615 patrum

519 3638 728 3710 errore,
783 3644 853 3698 ad
913 3638 1189 3697 Christum
1236 3640 1564 3695 conveniunt
1590 3638 1860 3709 baptismo
1912 3634 2082 3692 abluti

518 3735 813 3790 chrismate
836 3731 997 3797 liniti,
1027 3748 1058 3786 a
1077 3730 1296 3787 Christo
1327 3729 1697 3786 Christianum
1725 3742 1919 3784 nomen
1944 3734 1999 3782 et
2020 3740 2091 3782 re.
2156 3792 2159 3799 ι

518 3825 662 3896 giam
691 3824 1008 3894 dignitatem
1032 3823 1381 3892 accipientes.
1410 3820 1565 3876 Unde
1596 3840 1609 3874 :
1650 3814 1751 3875 Vos
1777 3816 1899 3873 estis
1941 3833 2104 3888 genus

516 3915 755 3980 electum,
788 3913 959 3985 regale
978 3913 1349 3979 sacerdotium,
1375 3920 1481 3968 etc.
1516 3910 1571 3984 (Ι
1598 3908 1745 3965 Petr.
1779 3912 1865 3982 ιι.)
1886 3910 1940 3963 in
1969 3919 2104 3964 tenta
2142 3950 2147 3957 .

515 4023 648 4079 pore
676 4007 820 4061 enim
839 4003 1121 4077 Iosophat,
1154 4006 1367 4062 Domini
1399 4005 1516 4071 dos,
1541 4002 1627 4060 vel
1652 4004 1743 4074 qui
1766 4013 1849 4059 est
1870 4003 1987 4068 dos,
2015 3998 2100 4056 vel

515 4098 607 4171 qui
637 4108 721 4154 est
748 4098 984 4163 dolatus,
1013 4106 1066 4153 et
1094 4097 1219 4168 quia
1265 4095 1508 4151 Ecclesia
1536 4096 1798 4167 gentium,
1836 4095 2102 4166 sanguine

513 4188 715 4246 Christi
731 4196 1066 4259 comparata,
1094 4186 1327 4259 Spiritus
1340 4187 1513 4242 sancti
1536 4187 1761 4258 pignore
1789 4187 1939 4252 data,
1964 4202 2099 4241 con-

513 4281 742 4338 sortium
771 4276 965 4351 Sponsi
986 4278 1223 4335 etelestis
1258 4286 1315 4333 et
1357 4278 1676 4333 societatem
1702 4279 1856 4351 regni
1879 4292 2097 4348 prome-

515 4377 642 4431 ruit.
687 4374 786 4430 Cui
830 4368 985 4429 facta:
1031 4382 1159 4428 sunt
1209 4370 1436 4427 infinitae
1481 4370 1685 4427 divitiae
1710 4387 1835 4427 cum
1866 4371 2097 4426 diversae

514 4467 762 4521 nationes
779 4465 1029 4532 credunt,
1062 4474 1118 4520 et
1153 4462 1209 4519 in
1232 4462 1592 4535 acquisitione
1617 4464 1957 4520 diversarum
1986 4461 2096 4517 vir-

460 4605 479 4624 ,
512 4567 711 4615 tutum.
1888 4628 1893 4637 ε

583 4649 749 4705 Vens.
788 4644 874 4704 I0.
908 4678 979 4689 —
1014 4644 1205 4721 Itaque
1241 4649 1413 4718 [actus
1449 4659 1523 4703 est
1566 4665 1765 4720 pavor,
1816 4656 1923 4705 etc.
1983 4648 2093 4705 Pro

510 4738 827 4807 virtutibus,
855 4754 975 4810 quas
1001 4746 1265 4814 geruntur
1290 4740 1345 4793 in
1373 4732 1637 4807 Ecclesia,
1679 4739 1926 4794 aufertur
1960 4755 2093 4812 gen-

512 4832 684 4891 tilium
712 4832 957 4899 audacia,
981 4842 1038 4889 et
1059 4831 1355 4887 incitantur
1380 4839 1443 4887 ut
1467 4830 1718 4887 deferant
1732 4832 1951 4888 Christo
1973 4848 2091 4887 mu-

508 4941 642 4984 nera
666 4925 795 4983 tidei
813 4935 1102 4982 etcensum
1122 4923 1252 4981 boni
1270 4926 1474 4996 operis,
1501 4936 1558 4982 et
1575 4927 1680 4997 pia
1705 4924 2086 4996 confessionis,

507 5029 564 5076 et
595 5033 791 5092 pecora
820 5017 1202 5091 simplicitatis.

1078 5108 1305 5167 CAPUT
1334 5107 1515 5166 XVIII.

576 5201 741 5261 Vua.
770 5204 824 5259 2.
852 5232 921 5244 -—-
945 5190 1346 5273 Descendilque,
1373 5210 1480 5259 etc.
1510 5200 1576 5258 Hi
1621 5212 1749 5267 sunt
1792 5204 2083 5260 haeresiar-

503 5295 621 5355 chas
657 5296 749 5368 qui
778 5297 1107 5367 perditorum
1141 5296 1354 5350 turbam
1381 5310 1479 5366 per
1520 5310 1771 5350 errorum
1801 5296 1955 5352 devia
1986 5296 2084 5351 du—

503 5400 652 5457 cunt,
674 5398 730 5445 et
770 5391 825 5445 in
872 5390 1065 5447 mortis
1091 5388 1449 5461 praecipitium
1498 5397 1769 5461 mergunt.
1819 5389 2082 5459 Iosaphat

500 5480 759 5539 aiIinitate
781 5482 1101 5555 coniunctus
1127 5490 1211 5537 est
1239 5481 1450 5549 Achab,
1478 5490 1535 5536 et
1554 5480 1834 5537 descendit
1857 5482 1925 5536 ad
1950 5496 2076 5536 eum

500 5578 555 5639 iu
588 5578 888 5632 Samariam
918 5583 1106 5632 contra
1140 5577 1401 5631 hostesin
1430 5576 1691 5631 auxilium
1718 5593 1732 5628 :
1764 5586 1821 5631 et
1861 5575 1982 5631 illos
2008 5577 2080 5631 si-

494 5669 718 5743 gnificat
749 5667 841 5739 qui
870 5667 937 5724 de
960 5666 1238 5723 catholicis
1262 5666 1333 5723 ad
1355 5668 1733 5723 haereticorum
1781 5669 2076 5727 amicitiam

498 5777 556 5818 se
587 5759 887 5817 inclinant:
918 5758 1011 5830 qui
1062 5757 1187 5813 licet
1214 5773 1244 5812 a
1282 5766 1442 5813 recta:
1493 5758 1617 5813 ﬁdei
1670 5774 1775 5812 non
1822 5763 2076 5818 recedant

501 5855 736 5924 tramite,
768 5864 950 5913 tamen
976 5854 1272 5911 errantium
1298 5851 1614 5910 societatem
1641 5863 1800 5925 atque
1830 5873 2072 5917 comma-

2115 4605 2177 4670 Β

2210 3362 2323 3418 ium
2355 3362 2596 3417 excitant
2633 3358 2920 3429 ﬁdelibus,
2972 3371 3028 3417 et
3078 3360 3394 3435 religionem
3438 3362 3812 3423 Christianam

2211 3452 2427 3509 auferre
2465 3453 2827 3509 contendunt.
2883 3452 2992 3509 Sed
3033 3444 3333 3527 Josaphat,
3385 3455 3439 3512 id
3481 3464 3566 3512 est
3603 3456 3812 3517 Christi

2208 3546 2463 3620 populus,
2494 3562 2602 3601 non
2642 3547 2812 3603 armis
2852 3548 3253 3619 corporalibus,
3296 3549 3391 3605 sed
3431 3550 3808 3622 spiritualibus

2208 3654 2304 3697 eos
2347 3640 2683 3712 aggreditur,
2722 3640 2914 3697 intima
2943 3640 3125 3697 cordis
3179 3642 3465 3698 devotione
3504 3658 3805 3715 supernum

2208 3748 2456 3804 quaerens
2483 3733 2763 3788 auxilium.

2279 3826 2446 3881 Vens.
2473 3824 2564 3880 25.
2589 3857 2661 3866 —
2694 3822 2844 3881 Venit
2880 3843 3002 3897 ergo
3028 3825 3313 3899 Iosophat,
3343 3837 3453 3884 etc.
3487 3824 3674 3886 Sancti
3703 3830 3805 3886 do-

2206 3926 2385 3974 ctores
2424 3933 2548 3974 cum
2588 3917 2744 3972 turba
2782 3918 3018 3973 ﬁdelium
3057 3919 3319 3990 colligunt
3361 3920 3430 3977 de
3472 3921 3659 3992 spoliis
3698 3924 3802 3981 ho-

2206 4012 2371 4067 stium
2418 4009 2682 4080 quidquid
2718 4011 2783 4066 de
2820 4006 3082 4083 Physica,
3122 4010 3336 4078 Ethica,
3373 4021 3429 4068 et
3481 4013 3677 4087 Logica
3716 4015 3800 4072 le-

2204 4102 2398 4175 gendo,
2428 4109 2485 4157 et
2514 4100 2818 4169 scribendo,
2847 4111 2904 4157 et
2929 4100 3171 4158 docendo
3195 4100 3402 4159 utiliter
3423 4107 3794 4178 crediderunt,

2201 4210 2301 4265 per
2329 4200 2529 4251 sancta:
2552 4192 2837 4250 Trinitatis
2864 4194 3046 4261 iidem,
3080 4194 3133 4250 in
3162 4212 3320 4252 usum
3347 4199 3513 4255 totius
3539 4198 3798 4259 Ecclesia

2203 4296 2548 4354 convertunt,
2581 4295 2641 4344 ut
2666 4288 2811 4358 quod
2839 4287 2915 4343 illi
2949 4288 3149 4360 injuste
3173 4298 3229 4344 et
3259 4288 3523 4347 inutiliter
3546 4292 3798 4364 posside-

2199 4382 2356 4449 bant,
2385 4381 2571 4437 iideles
2597 4380 2805 4437 utiliter
2829 4380 3191 4453 possidentes,
3221 4381 3526 4439 animarum
3551 4382 3621 4440 ad
3644 4384 3794 4442 salu-

2199 4482 2308 4530 tem
2334 4473 2667 4544 possideant.

2270 4558 2437 4620 Vens.
2463 4563 2552 4619 26.
2570 4594 2640 4604 ——
2661 4562 2830 4619 Vallis
2859 4560 3250 4620 benedictionis.
3284 4563 3572 4624 Humilitas
3596 4558 3796 4627 Eccle-

2200 4658 2328 4724 siae,
2370 4656 2461 4713 ubi
2506 4658 2664 4729 digne
2708 4655 2818 4712 Deo
2859 4656 3046 4712 laudes
3086 4656 3403 4713 redduntur.
3454 4656 3556 4729 Qui
3599 4673 3791 4720 autem

2199 4761 2432 4823 quatuor
2461 4749 2874 4823 Evangeliorum
2921 4751 3220 4807 instructus
3258 4751 3514 4823 dogmate
3552 4770 3655 4825 per
3682 4757 3784 4812 ba-
3836 4802 3859 4819 .

2194 4846 2379 4925 ptismi
2410 4844 2567 4901 fidem
2599 4845 2666 4901 ad
2696 4844 2963 4901 unitatem
2993 4840 3249 4901 Ecclesia:
3279 4846 3542 4915 pervenit,
3576 4846 3647 4902 ibi
3678 4850 3789 4908 rite

2193 4932 2454 5003 laudans,
2502 4934 2663 5008 digne
2701 4937 2813 4993 Deo
2849 4952 3183 5012 conversans
3206 4932 3469 4994 visionem
3506 4951 3788 5012 perpetua

2194 5029 2367 5103 pacis,
2390 5044 2514 5086 cum
2539 5027 2697 5085 laude
2722 5038 2777 5085 et
2804 5028 2989 5109 laetitia
3014 5008 3343 5100 sempiterna
3369 5008 3631 5091 introibit.

2778 5112 3008 5177 CAPUT
3046 5112 3188 5174 XXI.

2262 5215 2426 5271 Vens.
2448 5210 2580 5271 2.-
2593 5206 2785 5270 Omnes
2808 5214 2882 5279 hi,
2904 5212 3003 5284 ﬁlii
3024 5208 3304 5284 Iosophat,
3324 5224 3427 5272 εις.
3446 5210 3624 5288 (ΗΑΒ.)
3650 5212 3779 5273 Imi-

2188 5317 2391 5364 tatores
2423 5323 2645 5379 operum
2669 5307 2804 5377 ejus,
2838 5309 3003 5362 fratre
3035 5323 3220 5365 eorum
3251 5304 3435 5363 Ioram
3467 5323 3683 5380 semper
3715 5311 3772 5367 in

2186 5401 2455 5457 deteriora
2478 5400 2715 5466 labente,
2748 5401 2890 5455 unde
2930 5400 3045 5473 ipse
3066 5398 3250 5457 Joram
3268 5399 3469 5471 legitur
3486 5417 3581 5460 eos
3601 5402 3773 5461 inter-

2186 5491 2380 5549 fecisse
2402 5508 2525 5549 cum
2554 5492 2891 5562 principibus
2918 5490 3102 5547 lsrael.
3676 5566 3683 5577 .

2256 5583 2421 5639 Vens.
2452 5582 2541 5638 ﬂ.
2565 5614 2635 5623 —
2676 5578 2813 5637 Ecce
2840 5583 3099 5638 Dominus
3123 5585 3375 5655 percutiet
3403 5594 3477 5651 te,
3505 5594 3611 5641 etc.
3660 5586 3770 5645 Per

2181 5676 2523 5733 Philisthzeos
2556 5683 2612 5731 et
2635 5673 2845 5731 Arabes
2871 5674 2965 5745 qui
2991 5673 3111 5745 ejus
3146 5683 3345 5730 terram
3380 5682 3764 5746 vastaverunt,

2178 5778 2233 5827 et
2255 5769 2593 5839 diripuerunt
2619 5767 2976 5823 substantiam
3005 5776 3061 5822 et
3088 5750 3228 5822 tilios
3257 5767 3461 5837 pariter
3483 5777 3540 5823 et
3564 5782 3765 5826 uxores

2174 5861 2391 5934 Joram,
2420 5861 2512 5935 qui
2542 5860 2947 5932 interpretatur,
2979 5856 3111 5928 Quis
3140 5866 3226 5916 est
3252 5858 3497 5918 excelsus
3524 5878 3534 5915 :
3569 5858 3664 5932 qui
3692 5861 3760 5917 de
