4122 6350
363 340 471 404 ess
987 322 991 327 ”
1342 338 1611 400 GLOSSA
1648 334 2043 395 ORDINARIA.

358 460 621 533 religioso
646 464 807 531 patre
840 456 910 515 ad
935 446 1225 530 periidiam
1251 448 1546 516 declinavit
1562 499 1578 525 ,
1613 464 1671 514 et
1696 454 1953 513 fornicari
1980 442 2034 517 Α

356 553 491 611 fecit
528 551 671 608 illius
705 548 887 607 Iuda:
919 550 1191 624 signiﬁcat
1230 562 1327 607 eos
1368 552 1462 622 qui
1510 548 1617 607 ﬁde
1656 550 1849 607 imbuti
1893 558 1949 606 et

355 645 630 717 baptismo
656 644 981 715 regenerati,
1012 643 1325 716 relinquunt
1349 640 1473 700 ﬁdei
1496 644 1809 710 veritatem,
1837 645 1949 699 bte-

354 740 654 796 retieorum
676 746 968 809 sequentes
995 750 1260 807 errorem,
1284 747 1341 795 et
1365 737 1503 795 alios
1521 750 1705 795 secum
1726 748 1948 809 perver—

354 840 554 890 tentes.
604 830 761 887 Unde
794 844 889 888 eos
926 830 1106 899 Eiias,
1132 832 1200 888 ~id
1225 840 1343 899 est,
1383 838 1566 889 seruio
1598 832 1946 903 propheticus

353 923 665 996 redarguit:
691 923 819 993 quia
838 925 1018 980 omnis
1038 924 1345 981 divinorum
1367 920 1629 982 librorum
1649 924 1946 980 auctoritas

354 1016 492 1073 tales
512 1015 878 1087 reprehendit,
895 1020 952 1071 et
970 1016 1168 1072 merito
1181 1017 1555 1088 perversitatis
1572 1028 1685 1072 sua:
1702 1015 1948 1086 increpat

353 1107 839 1165 contestationibus
859 1110 1091 1180 κτεινίεῇ
1099 1110 1221 1166 mis.

423 1202 592 1259 Vm.
620 1202 799 1257 ευρ-
826 1199 897 1255 Et
925 1206 1041 1257 οδω
1066 1204 1220 1259 armis
1245 1198 1495 1274 regnarit,
1521 1204 1627 1258 etc.
1662 1199 1743 1257 De
1760 1198 1946 1256 Iuram

352 1300 479 1355 octd
511 1295 673 1351 annis
702 1302 963 1367 regnasse
1003 1300 1061 1351 et
1098 1294 1459 1367 quadraginta
1486 1293 1726 1359 vixisse;
1775 1290 1946 1347 unum

352 1394 537 1444 autem
574 1385 692 1457 eius
722 1384 1019 1442 Ochoiiain
1057 1400 1179 1443 cum
1220 1398 1451 1459 regnare
1491 1384 1748 1469 cmpisSct
1780 1370 1950 1441 fuisse

353 1479 712 1552 quadraginta
739 1478 971 1535 duorum
1001 1482 1293 1542 aditurum,
1321 1477 1465 1549 quod
1496 1478 1542 1533 si
1572 1476 1646 1532 ita
1672 1484 1777 1543 est,
1809 1476 1943 1532 duo-

351 1572 458 1630 bus
498 1572 657 1628 anuis
703 1582 995 1643 antequam
1032 1578 1192 1644 pater
1231 1572 1347 1643 ipse
1392 1576 1726 1634 nasceretur,
1774 1564 1944 1625 illium

351 1663 565 1735 genuit.
613 1662 721 1719 Sed
748 1661 961 1720 Hebraei
988 1662 1177 1720 dicunt
1202 1656 1347 1734 quod
1365 1658 1554 1747 .Joratn
1586 1663 1675 1732 qui
1708 1660 1944 1732 quadra—

352 1755 503 1827 ginta
524 1755 683 1811 annis
703 1754 906 1811 vixiSse
924 1750 1249 1810 describitur
1267 1762 1322 1810 et
1341 1762 1467 1809 octo
1487 1764 1643 1810 anuis
1661 1754 1943 1825 regnasse,
1972 1813 2021 1827 _
2058 1758 2065 1762 ‘

353 1813 499 1918 quod
526 1848 728 1903 vixerit
746 1850 927 1903 annos
952 1846 1315 1918 quadraginta
1342 1848 1399 1903 et
1421 1813 1944 1919 regnaveritvviginti
1972 1813 2023 1875 Β

352 1945 410 1994 et
433 1945 580 1994 octo.
628 1937 771 1993 Anni
798 1939 947 1994 enim
974 1947 1100 1994 octo
1123 1938 1217 2009 qui
1246 1938 1297 1993 ei
1330 1938 1387 1992 in
1414 1950 1582 2008 regno
1609 1936 1945 2000 tribuuntur,

354 2031 458 2103 ipsi
478 2039 601 2088 sunt
625 2030 823 2102 quibus
847 2031 1097 2104 regnavit
1118 2024 1408 2102 antequam
1430 2030 1631 2086 fratres
1650 2028 1944 2096 decideret,

354 2134 478 2179 cum
515 2123 693 2179 adhuc
725 2123 1044 2178 innocenter
1068 2122 1296 2179 viveret.
1346 2118 1562 2191 Reliqui
1592 2134 1724 2176 vero
1750 2116 1947 2192 viginti

312 2206 323 2216 ’
353 2220 508 2286 anni,
535 2219 734 2292 quibus
758 2229 948 2292 postea
976 2220 1252 2291 regnavit,
1276 2216 1399 2276 ideo
1430 2218 1535 2274 don
1564 2216 1946 2284 n’umer‘aiitur,

354 2314 482 2386 quia
513 2315 568 2370 in
600 2314 860 2387 languore
894 2322 951 2370 et
986 2307 1336 2370 tribulatione
1364 2306 1501 2368 vixit
1528 2328 1543 2367 :
1576 2310 1807 2381 ideoque
1835 2306 1948 2365 iiiio

354 2403 476 2475 ejus
511 2404 847 2471 tribuuntur,
878 2405 972 2475 qui
1002 2418 1108 2460 non
1141 2400 1371 2476 stirpitus
1402 2402 1564 2474 quam
1589 2400 1781 2474 viginti
1810 2400 1947 2456 duo-

356 2508 481 2548 rum
517 2495 783 2550 anuoru'm
816 2495 1113 2551 secundum
1145 2492 1342 2552 librum
1370 2490 1579 2565 Regum
1613 2504 1735 2549 esse
1758 2491 1947 2564 periti;

355 2571 535 2651 betur,
562 2602 630 2644 ne
649 2588 716 2645 dc
739 2596 1090 2645 numerorum
1116 2594 1326 2646 summa
1353 2588 1476 2645 aridi
1506 2589 1869 2653 remanentes,
1891 2586 1949 2642 in

356 2686 667 2751 temporum
694 2678 1099 2753 cohiputatione
1126 2690 1371 2737 errorem
1400 2678 1665 2736 facerem.

936 2768 1167 2830 CAPUT
1200 2768 1366 2827 XXII.

428 2862 593 2921 Vitas.
640 2860 693 2920 6.
717 2895 788 2906 —
831 2860 1059 2921 Azarids
1099 2862 1263 2936 filius.
1286 2860 1498 2931 lorum,
1526 2866 1630 2922 etc.
1666 2852 1852 2940 (ibim,
1884 2874 1951 2923 ex

356 2952 607 3028 Hieron.)
634 2954 736 3024 Qui
760 2955 1012 3025 Superius
1034 2954 1311 3023 Ochozias,
1338 2952 1393 3013 id
1416 2952 1520 3023 est,
1541 2952 1953 3028 apprehendens

355 3044 646 3102 Dominum
665 3058 680 3101 :
704 3044 933 3102 Marias
952 3060 1083 3103 vero
1102 3044 1434 3119 adiutorium
1460 3046 1693 3103 Domini.
1718 3034 1954 3118 ideoquel

357 3140 655 3196 secundum
674 3137 930 3194 Hebrteos
953 3136 1149 3195 nomen
1174 3138 1415 3195 mutatur
1435 3140 1490 3195 in
1512 3140 1707 3209 melius
1725 3139 1803 3195 ei:
1827 3140 1954 3211 quia
1981 3157 2031 3225 α

358 3228 659 3288 secundum
683 3238 1015 3303 prtcccptmn
1042 3229 1258 3287 Domini
1289 3230 1566 3287 infirmum
1592 3226 1855 3287 visitavii.

430 3322 602 3379 Vens;
645 3320 698 3376 ‘I.
726 3348 802 3363 --
840 3322 1133 3378 Adversum
1162 3320 1323 3390 lena,
1354 3330 1459 3378 etc.
1508 3320 1647 3379 Jehu
1683 3312 1956 3396 signiilea't

358 3419 729 3492 principatum
776 3419 1051 3491 gentium,
1097 3432 1257 3490 quem
1285 3418 1535 3475 Christus
1570 3414 1864 3475 destinavit
1898 3418 1952 3475 iii

361 3510 680 3581 Sacrilegum
724 3508 1036 3577 civitatem,
1086 3524 1207 3580 quae
1246 3508 1541 3581 prophetas
1583 3516 1638 3565 et
1664 3502 1953 3566 Do‘ininuni

358 3604 753 3675 prophetarum
778 3601 1008 3668 occidit,
1038 3610 1096 3657 et
1122 3600 1399 3672 apostolos
1431 3598 1716 3672 persecuta
1745 3594 1860 3669 est;
1895 3606 1955 3656 ut

361 3708 485 3753 eam
513 3694 675 3769 digna
704 3694 907 3752 ultione
944 3695 1191 3766 puniret,
1241 3698 1298 3751 et
1335 3694 1577 3766 plumam
1608 3694 1955 3750 sacerdotum

361 3794 487 3861 post
516 3786 805 3843 adventum
833 3778 1038 3843 Christi
1066 3784 1395 3854 destrueret,
1426 3782 1797 3857 templumque
1824 3786 1953 3842 sub-

362 3876 641 3935 verteret:
675 3874 731 3933 et
761 3878 983 3948 impiam
1028 3888 1355 3950 Synagogam
1401 3877 1721 3949 sanguinem
1764 3876 1954 3934 eorum

365 3970 639 4026 sitientem
670 3970 738 4026 de
766 3971 919 4041 regni
948 3969 1186 4027 culmine
1214 3970 1370 4042 quasi
1398 3966 1620 4028 Jezabel
1650 3968 1957 4043 praecipita-

365 4071 470 4127 ret,
495 4064 550 4118 et
574 4060 744 4134 ipsius
770 4069 1012 4118 rectores
1038 4060 1389 4118 interficeret.

438 4152 605 4211 Vens.
635 4150 723 4209 10.
748 4184 819 4195 -
843 4148 902 4209 Si
930 4154 1138 4225 quidem
1166 4152 1404 4220 Atimiid,
1432 4154 1538 4209 etc.
1591 4148 1808 4208 Athana
1836 4160 1957 4223 qua:

367 4260 555 4307 semen
587 4242 759 4302 David
790 4244 1092 4304 conabatur
1119 4247 1485 4319 exstinguere,
1515 4244 1571 4303 et
1600 4246 1807 4319 regiam
1837 4247 1959 4303 Stir-

366 4338 491 4415 petii
518 4338 732 4406 delere,
781 4337 1049 4410 signiﬁcat
1088 4341 1420 4411 impietatem
1459 4334 1790 4412 Synagogae,
1838 4350 1960 4409 qua:

365 4431 776 4506 peraequitiam
796 4432 1011 4497 mentis,
1028 4430 1223 4488 semini
1265 4430 1467 4489 Christi
1494 4428 1783 4487 insidiatur
1814 4432 1960 4487 inex-

2082 368 2152 379 -
2189 336 2318 394 LIB.
2356 336 2399 393 li
2437 334 2688 394 PARAL.
3536 330 3640 397 686

2617 442 2844 511 CAPUT
2885 450 3070 510 XXIII.

2125 544 2290 602 Vens.
2324 546 2412 602 15.
2435 576 2508 587 -
2526 544 2696 617 Super
2709 547 2951 618 gradum.
2978 547 3162 620 (ΕΑΒ.)
3177 548 3518 618 Ouidianum,
3534 553 3644 608 sci-

2048 638 2199 705 licet,
2212 646 2267 694 et
2283 640 2480 706 basim,
2499 654 2663 710 quam
2678 646 3081 711 prmparaverat
3092 640 3371 708 Saiumun,
3387 649 3439 698 et
3453 656 3645 714 posue-

2053 741 2142 787 rat
2179 733 2236 787 in
2268 733 2449 788 medio
2501 734 2774 799 basilicae,
2816 733 3104 789 habentem
3132 732 3374 805 quiritiue
3426 735 3643 792 cubitus

2046 816 2429 895 longitudinis;
2446 830 2502 880 et
2528 822 2773 897 quinque
2804 822 3129 892 latitudinis,-
3150 834 3208 880 et
3226 826 3343 881 tres
3371 825 3427 879 in
3447 824 3636 880 altum.

2119 913 2287 970 Vens.
2320 914 2410 970 16.
2435 944 2505 955 -
2549 914 2759 988 Pepigit
2785 922 2960 972 autent
2986 916 3183 973 Joiada
3212 916 3402 988 Mus.
3447 914 3640 973 loisda

2048 1005 2449 1076 interpretatur
2488 1016 2824 1078 cognoscens
2865 1007 3190 1075 Dominum,
3228 1007 3321 1065 vei
3365 1008 3637 1081 mliﬁcus:

2048 1096 2178 1166 quia
2206 1095 2350 1152 filios
2385 1097 2555 1153 lsraei
2587 1098 2879 1154 Dominum
2912 1108 3246 1171 cognoscere
3276 1098 3482 1157 docuit.
3532 1098 3642 1160 PO-

2045 1192 2183 1264 pigit
2212 1204 2343 1265 ergo
2368 1192 2546 1249 {tedas
2576 1194 2719 1250 inter
2748 1192 3036 1251 Dominum
3066 1194 3432 1268 populumque
3462 1202 3520 1252 et
3547 1204 3641 1252 re-

2049 1298 2193 1356 gem,
2241 1292 2304 1339 ut
2353 1284 2582 1341 Domino
2629 1280 2840 1341 scilicet
2882 1287 3197 1353 obedirent,
3247 1296 3304 1344 et
3350 1287 3456 1359 legi
3502 1286 3639 1358 ejus.

2045 1372 2260 1447 Pepigit
2299 1375 2467 1431 etiam
2508 1375 2652 1432 inter
2680 1374 2863 1448 regem
2892 1386 2949 1434 et
2972 1380 3263 1452 populum,
3306 1370 3366 1435 tit
3403 1380 3638 1451 populus

2048 1478 2178 1540 erga
2210 1482 2392 1541 regem
2422 1466 2656 1527 ﬁdeliter
2680 1480 2902 1544 ageret,
2953 1476 3009 1528 et
3058 1480 3154 1529 rex
3198 1468 3454 1545 pupulum
3492 1470 3640 1542 justo

2047 1572 2262 1637 regeret
2291 1562 2585 1623 secundum
2622 1564 2924 1623 doctrinam
2962 1566 3307 1623 sacerdotum
3334 1572 3391 1623 et
3418 1562 3638 1623 Levita-
3730 1554 3759 1571 ’⁸

2048 1666 2193 1722 rum,
2221 1660 2455 1727 quorum
2482 1652 2645 1713 bmcii
2672 1655 2774 1711 Ibit
2799 1656 3079 1713 insinuare
3101 1662 3373 1730 praecepta
3400 1654 3638 1715 Domitii.

2611 1750 2848 1823 CAPUT.
2881 1750 3071 1823 xxiv.

2122 1856 2287 1916 Vens.
2310 1856 2366 1914 4.
2381 1888 2454 1900 -—
2474 1840 2605 1913 Post
2626 1875 2745 1930 quae
2769 1850 2967 1929 placuit
2990 1858 3144 1924 leas,
3168 1864 3275 1915 etc.
3300 1856 3484 1933 (ΒΑΕ.)
3514 1846 3643 1916 10a!

2047 1963 2144 2005 rex
2186 1949 2505 2007 sacerdotes
2534 1948 2734 2022 arguit,
2762 1956 2896 2015 etc.,
2936 1964 3099 2020 usque
3134 1936 3205 2004 ad
3244 1966 3312 2004 ne
3338 1954 3437 2021 per
3466 1944 3640 2025 negli-

2049 2043 2288 2114 gentiam
2315 2041 2599 2097 doctorum
2623 2049 2813 2111 pereat
2839 2038 3147 2097 auditorum
3172 2036 3481 2098 multitudo.

2122 2130 2287 2187 Vsus.
2318 2130 2371 2187 7.
2397 2162 2468 2173 —-
2492 2126 2563 2185 Et
2589 2128 2691 2201 [iiii
2719 2148 2854 2200 eius,
2882 2140 2988 2188 etc.
3022 2130 3141 2188 Non
3169 2130 3313 2204 quod
3342 2129 3484 2188 ﬁlios
3514 2136 3643 2189 tunc

2050 2220 2327 2291 habuerit,
2342 2222 2468 2294 quia
2482 2218 2719 2279 chozia
2741 2231 2976 2290 mortuo,
2994 2234 3061 2279 eo
3082 2208 3225 2293 quod
3246 2226 3352 2279 non
3376 2204 3645 2279 habuerat

2051 2312 2224 2372 lilium
2250 2356 2265 2381 ,
2316 2330 2479 2371 omne
2520 2316 2704 2370 semen
2736 2312 2945 2386 regium
2972 2312 3284 2369 interficere
3314 2302 3501 2368 riioiita
3527 2320 3644 2381 est,

2050 2406 2147 2462 sed
2169 2402 2308 2461 illios
2329 2400 2448 2477 ejus
2469 2400 2777 2460 sacerdotes
2803 2404 3070 2459 idolorum
3096 2405 3361 2471 nominat,
3391 2402 3483 2477 Qui
3503 2408 3641 2461 teni-

2049 2498 2201 2570 plum
2227 2497 2626 2569 spoliaverant,
2656 2505 2713 2552 et
2750 2511 2818 2551 ex
2851 2496 3189 2553 ornamentis
3220 2494 3336 2567 eius
3372 2492 3515 2553 idola
3539 2504 3637 2555 sua

2050 2590 2470 2657 exornaverant,
2509 2601 2653 2662 scepe
2691 2586 2840 2645 enirn
2878 2588 2975 2646 lilii
3004 2586 3309 2649 imitatores
3358 2588 3637 2649 dicuntur.

2123 2678 2290 2737 Vsus.
2324 2676 2411 2736 12.
2434 2712 2506 2722 —
2530 2676 2597 2735 At
2626 2679 2707 2736 illi
2732 2674 3111 2746 conducebant,
3142 2678 3248 2739 etc.
3294 2666 3411 2739 Hoc
3434 2680 3643 2740 faciunt

2054 2770 2313 2845 apostoli,
2354 2770 2573 2843 quando
2604 2782 2705 2844 per
2732 2773 3008 2847 Subjectos
3038 2775 3141 2831 sibi
3171 2774 3465 2848 discipulos
3490 2776 3643 2835 verbi

2054 2864 2220 2922 divini
2251 2866 2459 2921 semina
2487 2870 2585 2937 per
2609 2866 2869 2922 mundum
2895 2875 3235 2939 sparserunt,
3273 2875 3335 2924 ut
3363 2869 3644 2942 operarios

2052 2958 2319 3015 voluntati
2352 2956 2445 3014 Dei
2473 2958 2697 3015 idoneos
2724 2954 3065 3017 auditoribus
3090 2958 3431 3032 pia’eiieercnt
3456 2981 3469 3016 :
3503 2977 3641 3034 quo-

2055 3060 2178 3105 rum
2206 3048 2298 3104 alii
2323 3046 2593 3104 fabricant
2616 3047 2798 3121 ligna,
2839 3058 2962 3105 cum
3000 3062 3060 3107 se
3099 3058 3154 3107 et
3190 3048 3295 3107 sibi
3326 3036 3643 3109 tibe'iiientes

2058 3136 2202 3212 ligna
2232 3138 2517 3196 fructifera
2558 3138 2612 3196 in’
2654 3136 2817 3197 domo
2856 3140 2952 3196 Dei
2986 3142 3312 3213 praeparant.
3361 3132 3468 3198 Alii
3498 3134 3645 3201 sarta

2058 3234 2203 3287 tecta
2246 3228 2556 3299 faciebant,
2602 3228 2821 3302 quando
2860 3230 2953 3287 illa
2992 3230 3114 3302 quae
3146 3234 3246 3303 per
3272 3228 3523 3289 haeresim
3563 3224 3645 3290 vei

2056 3328 2352 3387 Schismata
2398 3332 2555 3400 rupta
2597 3327 2851 3396 fuerant,
2902 3315 3325 3385 réaediiicabant.
3374 3322 3481 3384 Alii
3512 3345 3647 3387 saxa

2055 3422 2303 3488 caedunt,
2339 3436 2466 3477 eum
2493 3420 2661 3477 duros
2690 3420 2875 3487 corde,
2906 3429 2963 3476 et
2989 3418 3299 3476 incredulos
3323 3414 3539 3475 fortiter
3565 3420 3649 3476 iii-

2057 3510 2305 3583 erepant.
2349 3510 2453 3567 Alii
2485 3508 2703 3567 metalla
2734 3508 2864 3566 ferri
2891 3519 2947 3567 et
2969 3511 3115 3579 aeris,
3145 3528 3272 3568 cum
3304 3510 3469 3569 robur
3497 3500 3644 3580 fidei,

2056 3610 2113 3659 et
2159 3600 2557 3659 confessi0nen‘i
2603 3602 2885 3658 catholicis:
2928 3602 3176 3659 veritatis
3214 3603 3282 3659 ab
3322 3608 3649 3678 unequoque

2057 3690 2338 3767 expetunt,
2365 3700 2426 3752 ut
2451 3696 2741 3768 impleatur
2767 3692 2963 3752 domus
2989 3695 3106 3763 Dei,
3133 3694 3289 3766 juxta
3316 3694 3447 3754 iliud
3478 3742 3486 3755 ,
3518 3682 3647 3753 Uni-

2058 3791 2245 3864 cuique
2274 3799 2511 3845 noslrum
2546 3786 2673 3845 dare
2708 3792 2782 3845 est
2818 3789 2993 3862 gratia
3027 3787 3314 3846 secundum
3348 3790 3647 3847 nimiarum

2058 3882 2356 3938 donationis
2383 3878 2579 3937 Christi
2606 3874 2823 3955 (Ephe’s.
2852 3882 2950 3954 iv).

2129 3973 2294 4029 Vsus.
2319 3973 2406 4028 14.
2420 4004 2491 4014 -
2506 3970 2778 4045 Reliquam
2799 3978 3001 4044 partem
3021 3968 3275 4044 pectinia'r,
3292 3972 3399 4031 etc.
3422 3966 3652 4031 Videtur

2058 4066 2392 4122 contrarium
2432 4062 2579 4138 quod
2620 4064 2816 4138 legitur
2851 4064 2906 4121 in
2944 4063 3086 4122 libro
3123 4060 3384 4139 Regum:
3424 4058 3647 4123 Verum-

2057 4168 2234 4216 tamen
2263 4177 2367 4215 non
2391 4156 2588 4231 ﬁebant
2616 4176 2681 4215 ea:
2706 4159 2888 4215 eadem
2918 4158 3138 4231 pecunia
3168 4150 3373 4230 hydria}
3402 4156 3578 4228 templi
3600 4164 3651 4213 et

2061 4250 2339 4325 fuscinqu
2368 4252 2419 4326 (1
2431 4248 2475 4308 γ
2500 4250 2629 4326 Reg.
2658 4251 2780 4326 xu).
2833 4248 2942 4308 Sed
2979 4269 3086 4308 non
3130 4248 3219 4308 hic
3258 4250 3475 4318 dicitur,
3504 4246 3648 4323 quod

2062 4345 2130 4401 de
2156 4345 2344 4401 eadem
2373 4345 2602 4417 pecunia
2631 4360 2752 4415 quae
2778 4338 3109 4400 oii‘erebatur
3136 4359 3166 4397 a
3193 4338 3391 4414 p‘o'pulo
3420 4334 3475 4396 in‘
3506 4332 3647 4398 tein-

2061 4435 2151 4507 plo
2182 4436 2397 4491 Domini
2434 4436 2501 4489 ad
2538 4434 2987 4489 instaurationem
3015 4434 3207 4490 domus
3238 4434 3332 4489 Dei
3360 4432 3505 4514 facta
3531 4432 3650 4489 fue-
3703 4438 3735 4514 ξ·

367 4522 559 4579 orabili
581 4522 708 4579 odio
727 4522 1112 4594 saniemque
1135 4518 1664 4595 aliquandoregnare
1678 4522 1965 4579 videbatur
1988 4525 2045 4587 D
2068 4533 2195 4581 runt
2221 4538 2378 4580 sacra
2407 4536 2535 4579 vasa
2575 4524 2629 4579 in
2671 4522 3030 4579 ministerium
3066 4514 3250 4596 templi
3292 4532 3347 4578 et
3386 4520 3459 4580 ad
3494 4512 3649 4581 hoio-
3710 4512 3723 4523 ”

369 4626 493 4671 cum
523 4612 658 4686 legis
682 4614 1037 4670 czeremonias
1064 4613 1383 4686 temporalis
1408 4604 1755 4671 observabat.
1786 4614 1959 4670 inter-

369 4718 616 4778 pretatur
649 4704 866 4763 Athaiia
907 4706 1225 4778 temporalis
1263 4704 1517 4775 Domini,
1564 4709 1657 4765 sed
1700 4700 1957 4765 Josabeth

298 4820 307 4827 ν
372 4802 695 4857 strenuitate
726 4800 870 4874 (quae
899 4798 1294 4871 interpretatur
1323 4801 1585 4857 saturitas
1614 4792 1863 4866 Domini,
1908 4802 1959 4857 id

372 4900 457 4948 est
514 4892 771 4950 Ecclesia:
814 4890 868 4949 in
911 4908 1018 4964 qua
1062 4902 1192 4950 sunt
1230 4904 1374 4949 verte
1425 4892 1664 4969 delicias)
1709 4900 1963 4951 servatur

372 4982 534 5049 Joas,
579 4986 669 5057 qui
714 4986 1108 5059 interpretatur
1138 4987 1399 5042 memoria
1439 4986 1690 5055 Domini,
1740 4982 1794 5044 id
1839 4992 1961 5058 eSt,

373 5076 655 5144 Christus,
692 5079 747 5135 in
780 5080 888 5150 qdd
918 5088 1003 5135 est
1032 5078 1292 5134 memoria
1325 5074 1561 5134 iiiiminis
1591 5078 1804 5135 Domini
1833 5098 1847 5135 :
1897 5094 1966 5137 ne

374 5182 473 5242 per
501 5168 878 5227 crudelitatem
922 5160 1196 5227 saevientis
1245 5161 1595 5225 interimatur
1637 5168 1691 5225 in
1739 5173 1962 5239 sanctis,

376 5260 473 5319 sed
501 5260 778 5319 nutriatur
806 5256 859 5319 in
896 5263 1055 5319 domo
1082 5258 1285 5318 Io‘iadte
1317 5262 1612 5333 pontificis,
1658 5264 1749 5334 qui
1794 5264 1963 5321 inter-

375 5370 621 5433 pretati"
638 5362 867 5418 dilectus
889 5354 1125 5425 Domini,
1146 5356 1199 5417 id
1212 5368 1295 5415 est
1311 5354 1584 5425 Christus,
1602 5359 1669 5415 de
1685 5376 1792 5431 quo
1806 5356 1967 5417 Pater

377 5453 492 5509 ait:
519 5452 620 5508 Hic
659 5460 733 5509 est
774 5446 949 5509 Filius
982 5458 1128 5507 incus
1164 5448 1404 5517 dilectus,
1440 5451 1493 5505 in
1527 5468 1632 5523 quo
1666 5453 1795 5507 mihi
1820 5471 1967 5508 com-

377 5544 558 5619 placui
582 5543 1147 5619 (Matth.xvu).Cujus
1173 5545 1365 5601 domus
1381 5530 1466 5599 est
1496 5538 1765 5609 Ecclesia,
1790 5544 1880 5599 ubi
1912 5546 1967 5601 in

381 5636 487 5695 ﬁde
512 5634 809 5695 electorum
825 5654 1051 5694 manens
1063 5638 1303 5709 quotidie
1331 5628 1461 5693 facit
1485 5642 1832 5709 augmentum
1848 5654 1970 5695 cor-

380 5735 530 5805 poris
553 5735 659 5802 sui,
685 5742 745 5791 ut
766 5735 819 5789 in
844 5740 1087 5804 tempore
1096 5728 1289 5801 iudicii
1320 5739 1594 5802 sceptrum
1623 5732 1773 5805 regni
1798 5742 1851 5789 et
1866 5750 1966 5804 po-

381 5826 611 5887 tentiam
637 5826 864 5884 extollat
894 5826 1181 5882 adversum
1199 5839 1291 5880 eos
1309 5824 1400 5895 qui
1420 5840 1543 5878 eum
1562 5824 1957 5894 deprimebant.

2063 4627 2276 4683 causta,
2318 4616 2412 4675 sed
2441 4616 2507 4673 de
2536 4614 2743 4688 reliqua
2772 4622 2927 4688 parte
2954 4617 3228 4688 pecuniae,
3262 4614 3318 4673 id
3342 4616 3455 4683 est,
3495 4618 3561 4674 de
3586 4630 3650 4674 ea

2064 4726 2184 4783 qua:
2228 4708 2349 4766 aliis
2394 4702 2774 4765 donationibus
2816 4708 3009 4765 collata
3049 4708 3243 4767 fuerat.
3295 4709 3477 4768 Potuit
3504 4712 3651 4771 enim

2065 4803 2216 4870 ﬁeri,
2256 4808 2317 4859 ut
2355 4803 2410 4858 in
2448 4802 2678 4859 diversis
2711 4804 3045 4873 temporibus
3075 4805 3317 4875 pecunite
3345 4802 3539 4862 oblatae
3572 4806 3652 4863 di-

2065 4908 2237 4950 versae
2272 4893 2495 4950 factura:
2531 4894 2814 4949 materiam
2852 4896 3189 4966 praeberent,
3238 4897 3382 4954 sicut
3422 4896 3529 4951 alia
3568 4904 3654 4953 est

2068 4987 2316 5045 doctrina
2338 5002 2443 5057 qua
2463 4982 2625 5043 rudes
2646 4982 2963 5043 imbuuntur
2982 4989 3050 5044 ad
3072 4986 3260 5058 ﬁdem,
3281 4988 3383 5045 alia
3407 5002 3513 5063 qua
3533 5003 3656 5061 per-

2068 5081 2195 5138 fecti
2225 5082 2568 5138 instruuntur
2591 5082 2657 5136 ad
2684 5080 3093 5151 plenitudinem.

2140 5172 2305 5231 Vens.
2349 5173 2433 5230 18.
2461 5204 2533 5215 -—
2568 5170 2636 5227 Et
2667 5172 2807 5244 facta
2837 5182 2914 5227 est
2942 5172 3044 5228 ira.
3082 5172 3265 5247 (8am,
3306 5189 3373 5228 ex
3399 5172 3650 5250 Hieron.)

2070 5258 2545 5322 Traduntiiebnei
2570 5262 2844 5336 principes
2863 5252 3001 5321 Juda
3034 5270 3215 5336 regem
3242 5260 3302 5318 ut
3335 5262 3505 5321 Deum
3552 5266 3653 5322 ad-

2070 5376 2289 5428 orasse,
2320 5370 2375 5417 et
2404 5358 2551 5415 illum
2579 5358 2813 5415 libenter
2841 5356 3151 5430 accepisse:
3183 5342 3325 5415 unde
3356 5359 3519 5415 nimis
3549 5348 3659 5415 Do-

2074 5458 2281 5513 minum
2312 5454 2569 5519 offendit,
2614 5463 2670 5509 et
2709 5454 2889 5510 subito
2929 5463 3186 5524 expertus
3212 5444 3296 5508 est
3325 5452 3462 5508 iram
3492 5452 3658 5522 quam"

2073 5550 2289 5606 meruit.
2344 5546 2425 5605 0b
2469 5544 2607 5603 hanc
2646 5546 2809 5629 etiam
2838 5544 3066 5616 culpam
3112 5532 3350 5602 Herodes
3378 5540 3576 5616 legitur
3602 5544 3660 5603 in

2072 5636 2297 5695 Actibus
2326 5638 2693 5711 apostolorum
2723 5638 2790 5691 ab
2818 5632 3009 5708 angelo
3039 5650 3346 5706 percussus.

2143 5733 2307 5788 Vens.
2334 5731 2427 5787 25.
2454 5763 2525 5773 —
2551 5716 2827 5785 Zachariw
2877 5728 2977 5798 ﬁlii
3013 5728 3222 5784 Joiada?
3246 5771 3261 5794 ,
3318 5734 3424 5785 etc.
3476 5726 3660 5801 (ΗΑΒ.)

2074 5825 2330 5882 Dominus
2374 5825 2428 5879 in
2462 5820 2751 5894 Evangeiio
2792 5820 3111 5877 Zachariam
3157 5821 3297 5877 inter
3324 5818 3578 5892 templum
3608 5828 3663 5878 et
