4122 6350
519 423 624 479 687

1041 419 1433 476 WALAFRIDI
1475 418 1725 476 STRABI
1764 419 1966 476 FULD.
2011 419 2178 491 MON.
2217 420 2369 478 OPP.
2411 420 2592 479 PARS
2629 421 2670 477 I.
2709 451 2780 464 —-
2816 419 3272 479 THEOLOGICA.

3689 425 3793 482 688

515 537 690 591 altare
717 532 958 589 occisum
986 547 1294 588 memorans
1321 574 1335 598 ,
1375 541 1503 596 etc.,
1549 548 1710 602 usque
1738 531 1806 585 ad
1855 547 1974 602 quae
2011 529 2098 585 Si-
2129 543 2180 602 Α
2206 535 2351 589 omni
2382 535 2731 590 veneratione
2763 530 3005 590 serviens
3033 535 3085 589 in
3123 533 3342 603 templo.
3378 531 3483 589 Sed
3506 542 3794 606 postquam

515 629 657 684 loam
684 627 887 688 dicunt,
924 627 1087 680 rubra
1119 641 1248 680 saxa
1280 629 1646 680 monstrantes
1674 623 1948 678 Zacharite
1977 639 2101 678 san-

512 721 674 791 guine
707 727 901 788 putant
935 732 1056 772 esse
1085 717 1307 786 polluta.

585 813 750 866 Vens.
798 809 887 866 26.
915 841 984 850 —
1014 809 1262 862 Iusidiati
1312 824 1428 862 vero
1472 817 1630 873 sunt,
1679 814 1784 861 etc.
1841 807 2105 864 Asserunt

513 903 727 961 Hebraei
753 901 1092 957 Ammouitas
1119 908 1175 954 et
1220 899 1484 953 Moabitas
1513 897 1798 952 insidiatos
1841 911 1961 952 esse
1990 895 2102 966 regi

514 995 642 1051 Joas
670 1009 770 1066 pro
820 992 1020 1062 injusta
1069 1005 1202 1046 nece
1239 989 1518 1044 Zacharite
1552 988 1618 1042 ad
1666 986 2103 1058 exaggerandam

515 1087 776 1154 malitiam
808 1084 1198 1148 lsraelitarum,
1246 1082 1338 1152 qui
1369 1079 1554 1135 ulcisci
1589 1079 1880 1134 uoluerunt
1925 1091 2106 1132 sacer-

515 1180 697 1236 dotem
725 1177 843 1244 Dei,
870 1189 1029 1248 quem
1059 1173 1469 1228 vindicaverunt
1499 1170 1593 1224 lilii
1649 1168 2094 1238 alienigenarum.

1089 1263 1317 1320 CAPUT
1357 1262 1523 1317 XXV.

583 1357 748 1415 Vens.
783 1358 871 1412 Il.
909 1386 976 1398 —
1019 1355 1088 1409 In
1132 1354 1318 1410 tallem
1375 1352 1710 1418 Salinarum,
1761 1360 1866 1408 etc.
1923 1347 2104 1424 (BNL)

514 1451 616 1507 Ubi
643 1450 721 1505 sal
753 1429 937 1514 (iebat,
981 1446 1068 1501 vel
1097 1446 1236 1500 faeno
1266 1444 1578 1515 salsugiuis,
1624 1453 1684 1499 ut
1723 1444 1906 1499 multis
1936 1445 1990 1498 in
2023 1443 2103 1499 Io-

511 1545 589 1599 cis
613 1543 794 1598 deciso
825 1550 879 1596 et
919 1541 1123 1596 siccato
1149 1546 1204 1594 et
1239 1539 1480 1598 incenso,
1531 1537 1614 1592 vel
1642 1538 1798 1607 aquis
1817 1547 2105 1607 puteorum

513 1637 669 1692 salsis
692 1634 1021 1698 fervefactis,
1039 1643 1092 1688 et
1113 1632 1180 1687 ad
1207 1633 1338 1687 salis
1363 1633 1674 1686 ﬁrmitatem
1689 1632 1971 1702 coquendo
1985 1647 2107 1701 per-

511 1728 706 1782 ductis.
739 1727 834 1782 Vel
863 1725 1042 1790 aliter,
1083 1725 1173 1779 ubi
1205 1733 1259 1778 et
1284 1721 1420 1776 Joab
1451 1722 1734 1776 duodecim
1767 1721 1933 1774 millia
1980 1721 2106 1774 Idu-

512 1833 778 1872 maeorum
796 1811 1126 1886 percussis'se
1152 1814 1371 1884 legitu'r.
1395 1812 1502 1867 Pro
1525 1812 1663 1867 valle
1688 1820 1868 1867 autem
1893 1811 2102 1865 Salina-

2203 625 2495 680 Zacharias
2523 627 2678 691 obiit,
2715 627 2899 682 volens
2943 643 3038 698 per
3067 641 3126 681 se
3173 627 3370 680 oll‘erro
3418 627 3666 692 donaria,
3709 645 3798 686 sa-

2202 719 2431 775 cerdotii
2459 718 2782 790 dignitatem
2823 735 2933 774 non
2984 727 3092 772 tam
3119 718 3206 787 pie
3233 732 3397 787 quam
3425 718 3686 773 audacter
3715 720 3802 775 in-

2202 811 2366 876 vasit,
2398 827 2499 866 nec
2528 812 2951 866 reclamantibus
2972 811 3175 865 Levitis
3202 820 3251 864 et
3280 811 3657 868 sacerdotibus
3675 814 3801 868 ohe.

2205 903 2376 958 divit:
2421 905 2563 960 unde
2589 904 2738 974 lepra
2766 904 2819 958 in
2853 903 3032 958 fronte
3059 917 3353 974 percussus
3379 912 3484 969 est,
3518 920 3678 974 quam
3709 921 3801 961 sa-

2204 993 2396 1049 cerdos
2421 993 2538 1047 auri
2570 993 2768 1048 lamina
2809 994 3148 1064 protegebat,
3198 1009 3362 1062 quam
3413 993 3466 1048 in
3513 994 3804 1050 Ezechiele

2197 1084 2350 1155 jubet
2391 1085 2648 1140 Dominus
2673 1085 2825 1139 Thau
2854 1086 3048 1141 littera:
3069 1085 3429 1155 impressione
3453 1085 3676 1156 signari.

2275 1176 2652 1247 Ingressusque
2675 1175 2922 1246 templum
2966 1176 3215 1241 Domini,
3256 1176 3382 1246 quia
3412 1176 3634 1232 indutus
3658 1178 3800 1233 stola

2206 1267 2525 1322 sacerdotali
2575 1267 2809 1323 instante
2855 1267 3084 1323 solemni
3136 1267 3433 1323 festivitate
3469 1269 3695 1325 intravit
3740 1271 3803 1325 in

2207 1357 2465 1428 templum
2495 1359 2562 1413 ad
2593 1358 2766 1413 altare
2794 1375 3044 1424 aureum,
3096 1357 3380 1414 oblaturus
3407 1359 3687 1415 incensum
3715 1376 3804 1416 se-

2205 1449 2440 1506 Cundum
2463 1447 2775 1520 Josephum.
2809 1450 2962 1506 Unde
3009 1457 3135 1504 ante
3160 1450 3435 1505 civitatem
3469 1452 3522 1505 in
3555 1451 3674 1506 loco
3705 1453 3804 1521 qui

2206 1540 2408 1596 dicitur
2438 1539 2632 1611 Eroge,
2681 1540 2851 1595 scissa
2881 1550 2965 1595 est
2993 1542 3166 1596 media
3207 1557 3336 1610 pars
3373 1542 3573 1596 montis
3603 1544 3669 1596 ad
3711 1558 3806 1597 oc-

2206 1631 2494 1696 cidentem,
2527 1639 2583 1684 et
2607 1646 2706 1686 sua
2732 1631 3066 1686 volubilitate
3099 1648 3196 1702 per
3221 1643 3454 1702 quatuor
3479 1634 3651 1687 stadia
3675 1649 3808 1703 pro-

2206 1719 2404 1776 cedens
2453 1721 2520 1775 ad
2560 1721 2879 1776 orientalem
2933 1723 3139 1776 restitit
3170 1732 3442 1790 montem,
3494 1725 3570 1778 ita
3601 1733 3662 1778 ut
3687 1726 3810 1780 vias

2208 1814 2503 1880 clauderet,
2536 1823 2592 1870 et
2646 1817 2825 1885 regias
2879 1818 3042 1872 urbes
3067 1819 3414 1889 opprimeret.
3467 1819 3666 1874 Volunt
3693 1820 3808 1875 Ile-

512 1925 630 1964 rum
647 1918 802 1964 vetus
816 1908 982 1964 editio
1003 1907 1160 1977 quasi
1174 1921 1371 1961 nomen
1388 1904 1622 1974 regionis
1638 1904 1824 1960 Gemel
1841 1905 2104 1974 apposuit.
2139 1897 2184 1956 B
2211 1906 2340 1961 Ι)τωὶ
2375 1908 2429 1961 in
2475 1924 2618 1963 anno
2667 1909 2931 1979 vigesimo
2965 1912 3155 1979 quinto
3203 1909 3350 1965 Ozia:
3382 1912 3484 1968 hoc
3519 1914 3810 1981 accidisse,

581 2001 745 2057 Vens.
778 2000 862 2054 16.
899 2029 968 2038 -
999 1998 1141 2063 Scio,
1185 1998 1382 2066 inquit,
1424 1995 1564 2066 quod
1598 1996 1899 2065 cogitaverit
1926 1993 2106 2046 Domi-

514 2111 635 2159 nus,
665 2101 773 2148 etc.
820 2091 921 2159 Qui
954 2091 1228 2145 nemiuem
1256 2089 1370 2142 vult
1397 2089 1598 2158 perire,
1643 2087 1739 2142 sed
1767 2103 1892 2142 eum
1931 2087 2020 2156 qui
2053 2087 2107 2140 in

514 2196 740 2258 peccato
765 2193 1099 2257 perseverat,
1131 2182 1279 2251 justo
1305 2181 1509 2253 judicio
1544 2180 1787 2234 damnat.
1821 2180 1947 2236 Ideo
1977 2195 2108 2250 ergo

509 2279 759 2333 Amasias
786 2277 990 2348 periit,
1045 2276 1173 2346 quia
1199 2274 1510 2330 admonitus
1561 2288 1658 2342 per
1682 2273 2001 2343 prophetam
2049 2278 2109 2325 ut

510 2380 698 2438 ageret
727 2369 1139 2441 ptenitentiam,
1196 2383 1304 2423 non
1353 2366 1596 2422 obedivit
1628 2405 1644 2432 ,
1697 2364 1792 2420 sed
1837 2379 2009 2434 usque
2040 2363 2108 2418 ad

508 2467 672 2521 linem
714 2463 1033 2535 permansit.

580 2559 743 2613 Vens.
775 2557 861 2613 l8.
889 2587 955 2596 —
978 2554 1222 2609 Carduus
1244 2555 1354 2626 qui,
1379 2562 1486 2609 etc.
1517 2552 1669 2608 Hanc
1697 2552 2106 2608 similitudinem

508 2652 726 2708 innuit:
765 2649 892 2718 quia
939 2647 1192 2702 Amasias
1224 2646 1584 2700 nobilissimis
1631 2653 1784 2698 ortus
1841 2643 2108 2698 natalibus

509 2744 578 2798 de
609 2743 779 2810 stirpe
813 2740 984 2794 David
1019 2739 1266 2804 veniens,
1293 2748 1516 2808 propter
1546 2735 1864 2792 idololatria:
1893 2735 2109 2790 foedita-

509 2846 618 2892 tcm
651 2834 852 2904 degens
882 2841 937 2887 et
970 2832 1093 2886 vilis
1138 2831 1314 2887 factus
1342 2831 1616 2901 propriam
1658 2845 1968 2884 mensuram
2002 2844 2106 2882 non

508 2925 948 2990 considerat,sed
975 2925 1115 2979 ultra
1140 2924 1358 2979 modum
1380 2923 1646 2993 superbiae
1668 2921 1808 2976 fastu
1831 2936 1889 2976 se
1909 2921 2103 2977 elevat.

581 3017 744 3072 Vens.
783 3018 872 3072 21.
898 3048 968 3057 -
996 3016 1320 3071 Bethsames.
1350 3013 1533 3087 (ΚΑΒ.)
1570 3013 1625 3068 ln
1668 3012 1875 3083 Regum
1909 3012 2108 3068 dicitur

507 3109 827 3165 Bethsames
857 3109 1110 3178 oppidum
1135 3105 1287 3162 Iudae
1312 3124 1324 3160 :
1359 3106 1485 3176 quia
1511 3105 1746 3176 pertinet
1779 3106 1848 3160 ad
1879 3119 2107 3176 regnum

506 3202 678 3268 Iud-.e,
718 3202 772 3258 id
801 3211 906 3268 est,
961 3203 1029 3257 ad
1059 3202 1194 3257 duas
1223 3200 1395 3255 tribus
1437 3199 1634 3270 quibus
1663 3199 1968 3270 imperabat
2007 3199 2103 3252 do-

2207 1992 2362 2066 cujus
2390 1997 2580 2068 reliqui
2603 2001 2728 2053 anni
2752 2009 2880 2054 sunt
2908 2001 3096 2072 viginti
3122 2017 3349 2072 sep‘em.

2279 2085 2545 2159 Regnavit
2586 2087 2746 2146 Ozias
2787 2093 2946 2148 annis
2993 2095 3380 2165 quinquaginta
3413 2096 3643 2162 duobus,
3699 2113 3814 2167 quo

2209 2186 2451 2250 tempore
2502 2182 2642 2250 apud
2686 2181 2908 2239 Latinos
2949 2185 3224 2252 Amulcus,
3279 2188 3418 2257 apud
3447 2188 3814 2247 Athenienses

2206 2271 2528 2342 Agamestor
2555 2275 2912 2345 imperabant,
2951 2293 3060 2348 quo
3104 2289 3320 2335 mortuo
3361 2281 3496 2336 vidit
3523 2281 3694 2339 Isaias
3724 2285 3813 2340 vi-

2208 2367 2414 2422 sionem
2445 2369 2588 2424 sicut
2623 2370 2738 2441 ipse
2787 2380 3039 2437 testatur,
3075 2389 3139 2427 eo
3167 2374 3375 2429 scilicet
3425 2385 3667 2446 tempore
3695 2395 3812 2450 quo

2208 2456 2468 2514 Romulus
2496 2460 2726 2516 Romani
2758 2463 2970 2534 imperii
3002 2465 3251 2520 conditor
3272 2474 3433 2521 natus
3467 2475 3573 2522 est.

2278 2547 2442 2603 Vens.
2474 2550 2566 2604 25.
2596 2581 2668 2591 -—
2690 2551 2758 2604 In
2788 2570 2914 2624 agro
2943 2554 3201 2624 regalium
3250 2557 3630 2626 sepulcrorum.
3685 2559 3811 2614 Non

2209 2640 2263 2694 in
2301 2640 2572 2712 regalibus
2603 2642 2916 2712 sepulturis,
2969 2661 3074 2701 non
3113 2647 3165 2700 iu
3193 2647 3414 2702 civitate
3440 2648 3628 2704 David.
3684 2651 3813 2706 [Ite-

2209 2733 2365 2787 retici
2395 2733 2540 2788 enim
2578 2743 2742 2804 atque
2769 2736 3103 2792 schismatici
3151 2739 3353 2811 indigni
3384 2749 3510 2796 sunt
3543 2743 3810 2798 societate

2208 2832 2262 2879 et
2291 2825 2670 2881 communione
2715 2838 2916 2882 sanctae
2960 2828 3233 2895 Ecclesiae,
3293 2847 3393 2886 nec
3424 2836 3682 2888 memoria
3712 2851 3812 2890 eo-

2208 2931 2327 2970 rum
2349 2915 2492 2970 inter
2518 2917 2816 2974 catholicos
2847 2920 3108 2975 habetur:
3145 2922 3271 2990 quia
3298 2923 3578 2979 erroribus
3611 2919 3824 2982 manu-5

2206 3007 2326 3076 lati,
2352 3018 2407 3065 et
2421 3010 2567 3066 vitiis
2589 3011 2821 3082 squalidi
2846 3014 2914 3068 ab
2939 3029 3126 3068 eorum
3151 3018 3428 3072 consortio
3454 3031 3807 3088 separantur.

2755 3106 2984 3163 CAPUT
3037 3107 3244 3164 XXVII.

2280 3197 2446 3253 Vens.
2488 3198 2540 3252 1.
2565 3228 2635 3238 -
2677 3197 2876 3268 Viginti
2909 3203 3139 3272 quinque
3189 3219 3447 3258 annorum
3503 3214 3613 3258 erat
3661 3205 3808 3260 Joa-

506 3311 626 3350 mus
657 3295 862 3360 David;
909 3295 1003 3350 sed
1047 3294 1346 3350 secundum
1392 3260 1822 3348 situmlocorum
1869 3260 2176 3361 pertinetc
2209 3288 2373 3353 tham,
2423 3296 2529 3342 etc.
2577 3289 2634 3342 In
2665 3260 2933 3360 principio
2973 3260 3133 3347 et'in
3167 3293 3294 3359 line,
3341 3311 3512 3351 annos
3545 3295 3808 3354 Ioatham

505 3388 573 3443 ad
599 3387 798 3442 tribum
830 3385 1133 3456 Beujamin.

575 3479 741 3536 Vens.
770 3479 861 3534 24.
885 3509 957 3519 -
976 3478 1044 3532 Et
1069 3477 1211 3549 apud
1240 3475 1563 3541 Obededom,
1593 3482 1700 3531 etc.
1725 3475 1862 3542 Quia
1883 3491 1990 3531 non
2013 3491 2102 3531 so-

503 3572 618 3628 lum
674 3586 802 3627 vasa
855 3570 1076 3626 abstulit
1127 3586 1247 3641 quae
1301 3571 1356 3624 in
1387 3569 1550 3625 domo
1602 3569 1696 3622 Dei
1736 3570 1960 3638 reperit,
2007 3567 2102 3623 sed

504 3667 671 3722 etiam
719 3663 809 3718 illa
857 3679 979 3734 quae
1024 3663 1387 3719 observabant
1435 3661 1702 3732 janitores
1747 3669 1803 3715 et
1850 3660 2102 3715 custodes

506 3756 714 3827 templi.
761 3756 818 3810 In
843 3755 1056 3828 Regum
1079 3764 1261 3810 autem
1293 3754 1518 3825 legitur,
1565 3754 1711 3824 quod
1737 3752 1908 3807 David
1938 3753 2102 3824 elegit

505 3848 573 3903 de
605 3848 728 3902 (iliis
759 3847 1067 3903 Obededom
1093 3846 1434 3916 septuaginta
1461 3846 1566 3901 duo
1593 3845 1660 3899 ad
1682 3845 2099 3900 ministrandum

506 3941 562 3994 in
589 3939 751 3994 domo
776 3938 895 4004 Dei,
923 3947 980 3994 et
999 3939 1298 3994 custodiam
1325 3937 1528 4007 templi.

576 4030 742 4084 Vens.
783 4030 873 4083 27.
905 4060 973 4069 —
1004 4028 1106 4095 Qui
1135 4040 1408 4100 postquam
1439 4030 1666 4084 recessit.
1723 4029 1803 4082 Ex
1825 4043 1930 4098 quo
1975 4042 2099 4098 pro-

503 4122 679 4191 pheta:
698 4119 983 4176 consilium
1009 4134 1113 4174 non
1137 4121 1362 4184 audivit,
1388 4135 1562 4190 neque
1584 4121 1650 4174 ad
1668 4120 1952 4174 Dominum
1974 4134 2099 4173 cono

508 4212 642 4267 verti
677 4211 865 4278 voluit,
900 4209 1204 4281 conjuratio
1229 4221 1530 4283 praeparata
1567 4221 1651 4268 est
1675 4221 1729 4268 et
1762 4212 1926 4267 dilata
1949 4253 1963 4280 ,
1997 4213 2094 4268 do-

505 4321 606 4362 nec
633 4306 702 4362 ad
729 4305 1250 4362 consummationem
1282 4306 1612 4376 perveniret.

1075 4397 1303 4455 CAPUT
1340 4399 1528 4452 XXVI.

2207 3386 2510 3440 enumerat,
2546 3379 2673 3449 quia
2703 3381 2843 3434 sicut
2869 3380 3080 3449 justitia
3105 3385 3303 3454 coepit,
3338 3401 3507 3454 usque
3537 3388 3604 3442 ad
3637 3387 3808 3444 tinem

2206 3469 2594 3540 perseveravit.
2647 3469 2800 3527 Unde
2847 3481 3088 3544 tempora
3135 3476 3260 3531 vita:
3304 3477 3423 3548 ejus
3452 3478 3609 3534 laude
3637 3480 3807 3551 digna

2204 3561 2588 3630 praedicantur.

2277 3656 2442 3712 Vens.
2474 3656 2529 3710 3.
2561 3686 2631 3697 —
2655 3655 2778 3726 Ipse
2805 3658 3084 3727 cdiﬁrarit
3129 3670 3358 3730 portam,
3404 3671 3510 3718 etc.
3565 3661 3698 3730 θυῖε
3743 3665 3806 3720 in

2201 3746 2428 3804 Actibus
2480 3747 2847 3818 apostolorum
2900 3750 3099 3804 dicitur
3149 3749 3444 3821 Speciosa,
3503 3756 3803 3810 secundum

2201 3837 2457 3894 Hebraeos
2484 3849 2540 3894 et
2567 3841 2634 3894 ab
2662 3842 2742 3895 eis
2767 3851 2919 3911 porta
2960 3841 3210 3898 Joatham
3239 3845 3388 3916 (quia
3420 3845 3538 3917 ipse
3561 3848 3802 3904 tedillca-

2201 3934 2279 3989 vit
2307 3938 2452 4005 eam)
2485 3950 2654 4005 usque
2681 3936 2842 3991 hodie
2867 3946 3225 4007 nuncupatur.

2273 4023 2458 4094 Ophel.
2490 4025 2681 4079 Turris
2707 4035 2824 4080 erat
2855 4042 2962 4082 non
2990 4027 3146 4098 longe
3174 4045 3204 4084 a
3233 4030 3454 4100 templo,
3491 4032 3641 4087 mira:
3667 4032 3800 4088 alli-

2198 4115 2420 4170 tudinis.
2446 4115 2598 4171 Unde
2619 4125 2674 4171 et
2699 4116 2891 4187 Ophel.
2917 4119 2970 4174 id
2996 4130 3098 4184 est,
3132 4122 3476 4177 tenebrarum
3506 4123 3590 4178 vel
3624 4126 3798 4181 nubili

2196 4223 2393 4264 nomen
2427 4209 2655 4278 accepit.
2694 4209 2792 4264 Ubi
2825 4219 3004 4265 autem
3033 4213 3084 4265 in
3119 4213 3340 4268 Michaaa
3371 4216 3628 4286 scriptum
3669 4229 3750 4271 est
3778 4239 3794 4274 :

2196 4301 2263 4356 Et
2286 4304 2446 4356 turris
2465 4303 2632 4372 gregis
2657 4303 2902 4357 nebulosa
2917 4305 3046 4373 ﬁlia:
3059 4305 3187 4360 Sion
3205 4305 3386 4377 (Mich.
3408 4323 3480 4371 tv,
3498 4308 3551 4374 8)
3570 4322 3588 4359 :
3609 4309 3666 4364 Iu
3689 4309 3781 4364 He-

2194 4395 2342 4450 braeo
2371 4392 2620 4460 habetur,
2641 4395 2800 4448 turris
2830 4393 3012 4466 Ophel.
3032 4396 3221 4451 Turris
3243 4397 3413 4468 Ophel
3441 4399 3796 4456 eminentiam

575 4492 738 4548 Vens.
765 4492 820 4547 5.
849 4521 923 4532 -
949 4490 1110 4547 Ozias
1157 4509 1276 4546 cum
1324 4508 1541 4561 regnare
1589 4493 1838 4562 coepisset.
1895 4492 1998 4559 Qui
2041 4501 2096 4546 et
2197 4484 2490 4555 Scriptura:
2535 4486 2823 4558 signiﬁcat,
2861 4503 2982 4557 qua:
3011 4489 3064 4542 in
3097 4489 3325 4543 historia
3360 4489 3583 4544 fundata
3625 4491 3795 4561 spiri-

502 4587 750 4642 Azarias.
783 4585 942 4641 Ozias
972 4587 1358 4655 interpretatur
1397 4586 1568 4640 virtus
1596 4585 1830 4641 Domini.
1871 4586 2096 4640 Azarias
2121 4617 2174 4676 Β
2201 4579 2359 4634 tualis
2385 4592 2577 4634 sensus
2629 4590 2792 4649 caput
2824 4581 2966 4636 inter
2997 4582 3178 4636 nubila
3206 4582 3409 4646 condit.
3457 4583 3582 4637 dum
3618 4583 3796 4638 scien—

504 4680 764 4734 auxilium
796 4678 1028 4744 Domini,
1049 4679 1174 4748 quia
1192 4677 1431 4747 quandiu
1465 4687 1611 4733 recte
1632 4679 1760 4748 egit,
1787 4678 1966 4732 divina
1995 4693 2096 4746 ope
2121 4673 2160 4676 ⁷
2203 4673 2290 4728 ῑὶειξ
2339 4674 2764 4744 magnitudinem
2813 4675 2878 4728 ab
2933 4675 3104 4730 oculis
3157 4676 3434 4730 hominum
3483 4677 3790 4732 abscondit.

506 4771 722 4841 adjutus
743 4769 973 4840 plurima
999 4768 1140 4823 bella
1162 4767 1396 4823 feliciter
1426 4769 1720 4831 commisit,
1747 4777 1802 4823 et
1837 4767 1905 4822 de
1932 4769 2098 4822 hosti-
2203 4765 2355 4820 Unde
2383 4783 2396 4819 :
2429 4765 2616 4819 Posuit
2648 4765 2884 4820 tenebras
2912 4766 3189 4820 latibulum
3239 4783 3392 4821 suum
3421 4765 3594 4838 (Psal.
3631 4771 3791 4841 xvu).

502 4861 606 4917 hus
622 4857 991 4929 triumphavit.
1011 4857 1116 4912 Sed
1140 4858 1451 4928 priusquam
1474 4873 1570 4928 per
1583 4859 1887 4926 superbiam
1909 4858 2092 4912 illicita
2198 4853 2469 4922 Joatham,
2493 4855 2647 4925 cujus
2677 4859 2786 4910 vita
2816 4857 3372 4923 laudatur,Cbristum
3401 4859 3692 4930 signiﬁcat,
3724 4861 3792 4914 de

506 4953 754 5018 tentavit,
770 4951 912 5023 lepra
930 4966 1218 5022 percussus
1235 4951 1469 5005 nominis
1492 4960 1548 5005 et
1571 4951 1792 5006 honoris
1812 4950 2095 5006 otI'uscavit
2197 4963 2304 5018 quo
2343 4948 2575 5004 dicitur:
2631 4948 2856 5019 Magnus
2909 4950 3165 5004 Dominus
3213 4960 3261 5004 et
3305 4950 3590 5006 laudabilis
3631 4953 3788 5007 nimis

504 5046 844 5118 dignitatem,
867 5045 1118 5100 exclusus
1143 5059 1172 5097 a
1195 5043 1392 5115 populo
1420 5059 1589 5114 usque
1617 5044 1683 5098 ad
1708 5044 1848 5098 diem
1878 5045 2087 5099 mortis.
2198 5039 2385 5113 (Ibid.,
2413 5042 2604 5114 vau),
2632 5051 2737 5097 etc.
2770 5043 3161 5113 Interpretatur
3189 5045 3332 5099 enim
3380 5043 3631 5100 Joatham
3657 5060 3789 5099 con-

575 5135 740 5192 Vens.
784 5136 837 5193 9.
867 5165 936 5176 ——
963 5134 1136 5206 Super
1169 5146 1380 5206 portam
1421 5135 1591 5189 vallis.
1641 5134 1824 5206 (Rue)
1857 5135 1983 5191 Ilaec
2010 5144 2092 5192 est
2195 5144 2496 5190 sutnmatus
2518 5134 2603 5187 vel
2626 5134 2902 5203 perfectus
2923 5175 2937 5198 ,
2969 5144 3026 5189 et
3053 5137 3120 5190 de
3162 5135 3378 5190 Christo
3404 5135 3534 5190 dicit
3555 5137 3787 5205 Aposto-

505 5236 662 5301 porta
691 5227 968 5297 Ephraim,
1019 5237 1150 5293 etc.,
1197 5243 1363 5299 usque
1392 5228 1461 5280 ad
1509 5228 1575 5280 de
1603 5227 1702 5282 hac
1728 5237 1904 5282 autem
1931 5239 2088 5299 porta

505 5331 561 5376 et
589 5320 710 5374 aliis
736 5320 906 5388 portis
951 5317 1253 5376 Jerusalem
1283 5320 1338 5374 in
1367 5319 1539 5375 Esdra
1571 5328 1860 5389 sequentes
1889 5320 2086 5376 Bedam

506 5413 719 5468 abunde
749 5412 1002 5467 diximus.

578 5507 743 5563 Vens.
774 5506 861 5560 l6.
905 5536 977 5547 -—
1003 5504 1108 5559 Sed
1159 5521 1278 5559 cum
1323 5505 1596 5558 roboratus
1625 5514 1776 5568 esset,
1827 5513 1931 5558 etc.
1962 5502 2087 5557 Fuit

505 5603 664 5660 Ozias
689 5605 864 5674 primo
881 5600 1084 5669 justus,
1111 5606 1166 5654 et
1197 5607 1403 5654 rectum
1436 5597 1564 5652 fecit
1586 5597 1639 5651 in
1665 5603 1956 5666 conspectu
1983 5594 2089 5650 Do-

504 5694 678 5748 mini:
713 5693 854 5748 unde
886 5699 940 5748 et
967 5690 1152 5745 hostes
1181 5689 1330 5754 vicit,
1387 5697 1440 5742 et
1472 5688 1670 5742 multos
1700 5686 1990 5755 prophetas
2034 5685 2090 5738 iu

505 5786 735 5854 imperio
765 5801 860 5841 suo
905 5783 1111 5837 habuit.
1161 5781 1299 5836 Hinc
1342 5779 1580 5850 quandiu
1624 5779 1758 5832 vixit
1803 5776 2090 5832 Zacharias

511 5880 761 5934 sacerdos
805 5885 1163 5948 cognomento
1207 5873 1535 5945 intelligens,
1580 5873 1918 5944 placuitDeo
1966 5890 2088 5929 cum

2192 5225 2310 5282 Ius:
2341 5225 2408 5279 Et
2456 5239 2867 5291 consummatus,
2909 5227 3080 5296 factus
3127 5237 3201 5280 est
3249 5228 3485 5280 omnibus
3521 5227 3781 5297 obtempe-

2194 5319 2428 5372 rantibus
2453 5318 2548 5371 sibi
2573 5335 2732 5372 causa
2753 5319 2939 5372 salutis
2967 5330 3194 5383 a’terme,
3217 5327 3321 5373 etc.
3347 5316 3534 5388 (Hebr.
3562 5318 3636 5389 ν).
3665 5319 3782 5388 Ipse

2193 5410 2497 5465 construxit
2525 5419 2736 5479 portam
2783 5409 2974 5463 domus
3000 5409 3209 5464 Domini
3241 5409 3534 5474 excelsam,
3568 5419 3622 5462 et
3667 5425 3783 5479 my-

2192 5502 2416 5557 sterium
2453 5518 2562 5556 suae
2611 5502 2999 5557 incarnationis
3022 5501 3256 5555 mirabili
3287 5502 3529 5571 potentia
3577 5502 3777 5566 eﬂ‘ecit,

2193 5596 2281 5664 qui
2318 5595 2382 5649 de
2411 5610 2468 5649 se
2497 5593 2572 5648 ait
2596 5612 2610 5646 :
2640 5592 2753 5664 Ego
2774 5611 2892 5648 sum
2920 5595 3132 5648 ostium.
3162 5591 3268 5647 Per
3293 5610 3375 5648 me
3394 5595 3440 5646 si
3465 5593 3579 5665 quis
3610 5595 3777 5647 intro-

2191 5690 2328 5754 ierit,
2351 5687 2635 5742 salvabitur
2661 5687 2842 5758 (Joan.
2872 5687 2951 5757 ι).
2983 5685 3109 5742 Haec
3133 5695 3287 5758 porta
3310 5686 3521 5742 excelsa
3544 5687 3778 5742 vocaba-

2191 5787 2302 5842 tur,
2350 5778 2415 5834 de
2461 5793 2566 5850 qua
2616 5777 2902 5833 Psalmista
2956 5779 3072 5834 ait:
3109 5777 3362 5834 Excelsus
3399 5795 3554 5850 super
3598 5795 3772 5832 omnes

2189 5881 2363 5942 gentes
2385 5869 2640 5925 Dominus
2665 5868 2836 5934 (Psal.
2866 5873 3018 5942 cxu),
3060 5881 3163 5928 etc.
