4122 6350
379 423 484 480 689

863 555 866 558 '
909 536 1133 594 CAPUT
1187 537 1423 594 XXVIII.

449 629 611 686 Vens.
667 629 721 685 5.
750 660 820 670 —
847 627 915 685 In
956 629 1084 686 valle
1127 629 1660 706 Benennom.'(Rttn.)
1707 633 1833 690 Haec
1875 641 1959 690 est

377 724 530 779 vallis
558 723 888 787 Benennom,
936 731 1066 790 etc.,
1099 741 1259 797 usque
1287 726 1356 780 ad
1399 741 1588 784 omnes
1630 729 1776 784 enim
1805 727 1959 784 adul-

379 827 637 884 terantes,
666 818 820 889 quasi
845 817 1110 884 clibanus,
1137 820 1299 875 corda
1328 837 1535 877 eorum.

938 908 1163 966 CAPUT
1205 911 1393 966 XXIX.
1911 967 1916 976 .

445 999 609 1056 Vsus.
641 1001 693 1056 '5.
723 1031 795 1042 —-
821 999 888 1056 In
923 1003 1033 1071 ipso
1077 1019 1236 1068 anno,
1287 1013 1393 1059 etc.
1428 1003 1607 1076 (ΗΑΒ.)
1659 1005 1774 1060 Νοη
1802 1005 1957 1060 aliter

375 1093 681 1147 imitaretur
707 1094 874 1148 David
905 1103 1110 1163 patrem
1140 1109 1319 1160 suum,
1365 1096 1455 1165 qui
1484 1097 1552 1152 ab
1581 1095 1801 1152 infantia
1845 1099 1955 1154 Deo

373 1184 585 1239 deditus
609 1184 661 1238 in
678 1185 939 1256 principio
963 1186 1108 1256 regni
1134 1187 1215 1241 sui
1244 1187 1443 1242 cultum
1462 1187 1556 1242 Dei
1571 1189 1949 1259 magniﬁcavit.

443 1275 716 1332 Moraliter
762 1286 940 1332 autem
994 1279 1246 1333 admonet
1293 1287 1531 1335 rectores
1561 1281 1834 1348 Ecclesiie,
1884 1299 1953 1339 ne

371 1368 480 1423 sint
509 1368 767 1424 desidiosi
821 1370 872 1424 in
923 1367 1098 1425 cilicio
1129 1370 1229 1425 sibi
1278 1372 1595 1439 commisso,
1647 1373 1742 1429 sed
1770 1374 1951 1430 omnia

369 1460 652 1532 diligenter
679 1469 858 1533 agant.

441 1549 662 1621 Mystice
690 1551 968 1617 Ezechias,
1023 1553 1112 1624 qui
1141 1569 1246 1609 non
1280 1562 1487 1610 tantum
1513 1571 1611 1625 per
1638 1571 1697 1611 se
1724 1555 1809 1611 vel
1853 1569 1951 1628 per

365 1656 495 1696 suos
523 1656 659 1711 opus
692 1642 789 1698 Dei
841 1653 1060 1700 strenue
1106 1645 1293 1716 gessit,
1347 1646 1456 1700 imo
1492 1661 1589 1716 per
1623 1648 1841 1703 nuntios
1881 1649 1950 1705 ad

365 1734 542 1789 simile
571 1737 806 1791 studium
837 1737 972 1793 alios
993 1739 1324 1808 provocavit,
1352 1738 1624 1794 Christum
1655 1740 1944 1809 signiﬁcat,

365 1827 505 1894 quod
533 1827 696 1881 etiam
724 1829 958 1883 nominis
983 1830 1357 1900 interpretatio
1385 1839 1630 1886 testatur.
1684 1833 1947 1889 Ezechias

363 1919 506 1973 enim
537 1920 946 1990 apprehendens
969 1896 1280 1987 Dominum,
1310 1923 1396 1978 vel
1425 1922 1684 1980 fortitudo
1710 1924 1942 1980 Domini.
1972 1896 2022 1956 Β

365 2012 612 2068 Christus
639 2027 816 2069 autem
850 2015 943 2070 Dei
973 2016 1144 2072 virtus
1167 2025 1221 2070 et
1252 2017 1344 2071 Dei
1377 2018 1662 2087 sapientia,
1715 2019 1805 2088 qui
1828 2035 1947 2074 om-

364 2123 460 2161 nes
481 2116 690 2177 patrum
720 2109 1189 2176 praevaricationes
1216 2150 1232 2174 ,
1285 2126 1404 2181 qua:
1439 2111 1540 2164 sub
1567 2111 1684 2181 lege
1709 2109 1945 2176 fuerant,

363 2200 622 2270 sanguine
649 2215 746 2255 suo
769 2201 947 2266 diluit,
1001 2210 1056 2256 et
1082 2201 1285 2258 cultum
1339 2202 1558 2272 pietatis
1605 2203 1658 2258 in
1705 2203 1946 2259 Ecclesia

361 2293 520 2362 plane
549 2293 890 2348 instauravit.
927 2295 1044 2365 Ipse
1070 2294 1275 2366 legatos
1300 2295 1367 2350 ad
1396 2297 1772 2351 convocandas
1819 2313 1948 2366 gen—

361 2393 444 2439 tes
471 2385 537 2439 ad
569 2386 726 2440 ﬁdem
778 2387 942 2442 misit.
973 2386 1215 2442 Primum
1245 2387 1555 2456 prophetas,
1598 2387 1790 2443 deinde
1819 2403 1948 2457 apo-

363 2479 560 2543 stolos,
615 2489 880 2534 eteorum
926 2496 1307 2537 successores:
1341 2481 1428 2537 hic
1477 2481 1714 2536 secundo
1763 2495 1946 2537 mense

360 2571 560 2640 pascha
613 2571 889 2625 celebrare
934 2572 1201 2638 instituit;
1257 2572 1380 2642 quia
1434 2572 1624 2626 umbra
1652 2570 1784 2642 legis
1828 2587 1946 2628 ces-

361 2673 534 2722 sante,
560 2678 746 2717 verum
774 2663 970 2732 pascha
1000 2679 1216 2718 servare
1255 2664 1471 2725 docuit,
1523 2664 1590 2717 de
1613 2678 1720 2733 quo
1741 2662 1944 2719 Paulus

361 2755 438 2806 ait
466 2771 478 2806 :
513 2752 720 2808 Etenim
756 2755 949 2824 pascha
975 2764 1209 2809 nostrum
1256 2753 1555 2808 immolatus
1587 2762 1662 2807 est
1703 2751 1943 2810 Christus

357 2840 414 2917 (1
443 2841 566 2898 Cor.
601 2843 678 2916 v).

429 2931 593 2989 Vens.
666 2934 718 2989 6.
778 2967 850 2976 -
909 2935 1263 2992 Peccauerunt
1328 2945 1504 3007 patres
1561 2938 1768 3003 nostri,
1832 2947 1938 2995 etc.

358 3025 630 3096 (Ηιειιοκη
659 3037 844 3098 quaest.
873 3029 926 3083 in
957 3029 1160 3096 Paral.,
1191 3039 1324 3084 tom.
1347 3029 1458 3100 III.)
1491 3028 1602 3084 Hoc
1628 3029 1782 3098 plene
1803 3029 1941 3085 scri-

359 3118 521 3184 bitur,
554 3125 688 3184 etc.,
719 3136 880 3190 usque
905 3121 975 3174 ad
996 3132 1051 3175 et
1073 3121 1370 3176 adorabant
1393 3122 1460 3176 ad
1483 3127 1662 3175 ortum
1691 3119 1839 3176 solis.

931 3211 1158 3268 CAPUT
1203 3210 1372 3266 XXX.

431 3301 592 3356 Vens.
650 3303 699 3356 I.
745 3333 814 3342 —
845 3301 990 3357 Misit
1039 3319 1261 3369 quoque,
1310 3310 1416 3358 etc.
1473 3301 1748 3374 (HIERON.)
1803 3301 1940 3359 Cum

355 3393 499 3447 omni
531 3391 692 3448 Israel
739 3395 953 3463 publice
1004 3395 1240 3450 misisset
1283 3395 1500 3450 nuntios
1528 3437 1542 3461 ,
1601 3395 1848 3452 Manasse
1887 3404 1942 3452 et

356 3482 610 3553 prraim
641 3485 873 3540 latenter
897 3486 1042 3540 misit
1076 3487 1142 3540 ad
1171 3503 1265 3542 eos
1313 3503 1449 3558 quos
1478 3489 1683 3542 sciebat
1717 3503 1941 3543 conver-

356 3590 472 3629 sum
526 3576 592 3630 iri
621 3592 779 3646 posse
817 3593 915 3647 per
958 3578 1231 3648 epistolas.
1279 3579 1361 3632 llli
1401 3579 1544 3634 enim
1593 3581 1940 3648 superbiores

353 3678 509 3722 erant
532 3679 752 3741 prepter
775 3673 980 3742 regiam
1008 3672 1322 3744 dignitatem
1371 3687 1492 3742 quae
1522 3681 1638 3726 erat
1683 3673 1735 3727 in
1779 3675 1938 3730 domo

355 3758 631 3829 Ephraim.

899 3851 1128 3910 CAPUT
1165 3854 1358 3910 XXXI.

426 3959 589 4016 Vens.
626 3963 680 4017 I.
711 3995 782 4004 —
810 3962 1104 4036 Fregerunt
1131 3967 1418 4022 simulacra
1442 4009 1455 4032 ,
1501 3977 1608 4024 etc.
1659 3967 1790 4024 Post
1837 3971 1934 4025 ad-

355 4063 572 4109 ventum
606 4054 902 4112 Salvatoris
931 4099 946 4121 ,
998 4073 1104 4112 non
1158 4058 1330 4112 solum
1363 4059 1415 4113 in
1446 4057 1745 4115 Jerusalem
1789 4070 1844 4116 et
1879 4063 1933 4116 in

353 4143 512 4212 Iuda,
565 4149 656 4203 sed
688 4149 740 4202 in
771 4150 980 4203 cunctis
1008 4150 1322 4205 nationibus
1349 4151 1498 4206 orbis
1537 4151 1808 4207 destructa
1853 4163 1938 4208 est

353 4237 682 4306 idololatria,
709 4251 762 4295 et
791 4241 987 4296 diaboli
1017 4244 1222 4296 corruit
1259 4243 1533 4313 superbia.
1566 4243 1632 4299 Et
1658 4255 1936 4301 crescente

351 4345 579 4386 numero
637 4331 894 4397 ﬁdelium,
932 4334 1198 4388 decrescit
1247 4334 1459 4389 cultura
1505 4336 1890 4392 daemoniorum
1917 4379 1931 4403 ,

354 4421 525 4478 donec
557 4423 609 4477 in
639 4423 746 4479 ﬁne
773 4425 956 4479 mundi
1006 4427 1267 4481 obruatur
1316 4441 1462 4484 mors
1509 4428 1803 4484 novissima
1827 4471 1840 4495 ,
1881 4439 1936 4486 et

354 4516 604 4587 regnabit
634 4517 893 4573 Dominus
921 4519 1068 4573 solus
1095 4519 1146 4572 in
1179 4519 1266 4575 die
1289 4519 1400 4574 illa.

883 4609 1112 4666 CAPUT
1153 4610 1370 4666 XXXII.

423 4701 589 4756 Vens.
621 4701 674 4756 4.
718 4732 789 4742 -
816 4702 1203 4757 Obturaverunt
1245 4712 1478 4758 cunctos.
1529 4703 1729 4760 Contra
1765 4721 1931 4777 paga-

353 4807 452 4847 nos
475 4802 529 4847 et
558 4794 840 4850 haereticos
870 4801 1206 4864 pugnantes,
1246 4795 1474 4864 diligens
1518 4796 1727 4851 cautela
1785 4797 1936 4852 adhi-

354 4884 526 4939 benda
555 4893 639 4939 est
661 4925 676 4950 ,
710 4893 765 4940 et
792 4884 1015 4939 velanda
1068 4886 1351 4956 mysteria,
1385 4887 1527 4942 unde
1559 4905 1571 4940 :
1607 4886 1787 4943 Nolite
1815 4906 1939 4944 san-

355 4987 494 5030 ctum
539 4977 665 5032 dare
703 4977 952 5044 canibus,
997 4993 1156 5047 neque
1193 4977 1408 5032 mittatis
1454 4979 1773 5048 margaritas
1819 4992 1940 5036 ante

351 5086 588 5216 possit.
621 5159 676 5216 5.
709 5155 1132 5230 -Εάὶροαυὶι,
1165 5159 1321 5232 (ΕΑΒ.
1354 5160 1413 5214 in
1441 5157 1656 5231 Paral.)
1683 5160 1934 5217 Christus

354 5251 640 5307 aediﬁcavit
670 5251 965 5307 Ecclesiam
992 5267 1113 5322 quae
1140 5260 1225 5307 est
1250 5252 1443 5307 civitas
1470 5251 1584 5316 Dei,
1616 5261 1748 5317 etc.,
1771 5269 1935 5324 usque

353 5343 422 5396 ad
451 5355 505 5398 et
533 5345 800 5416 disposuit
827 5345 1074 5401 doctores
1103 5343 1466 5414 spiritualium
1490 5342 1755 5400 bellorum
1780 5346 1932 5414 prin-

352 5435 400 5492 ci
405 5452 519 5508 pes.

884 5528 1112 5587 CAPUT
1151 5529 1386 5584 XXXIII.

422 5621 590 5678 Vens.
617 5622 705 5678 l2.
741 5653 812 5662 —
839 5621 908 5677 Et
939 5624 1041 5694 egit
1065 5622 1418 5693 paenitentiam
1444 5620 1595 5677 valde
1617 5637 1793 5677 coram
1820 5621 1928 5676 Deo

348 5725 559 5787 patrum
587 5731 825 5770 suorum.
855 5713 1036 5786 (ἢδη.)
1071 5715 1269 5768 Audita
1313 5714 1629 5784 paenitentia
1682 5713 1929 5770 Manasse

349 5821 513 5863 nemo
548 5807 709 5864 debet
735 5809 801 5864 de
830 5808 926 5864 Dei
957 5807 1328 5863 misericordia
1355 5808 1662 5877 desperare,
1693 5808 1788 5865 sed
1812 5823 1930 5863 ma-

352 5899 434 5970 gis
462 5912 562 5969 per
589 5899 960 5970 paenitentiam
994 5898 1058 5953 de
1086 5897 1244 5954 venia
1266 5912 1610 5968 prtesumere.

1336 419 1603 482 GLOSSA
1636 409 2132 482 onutuantsx—
2156 424 2283 481 LIB.
2327 424 2370 481 ιι
2405 423 2654 481 masc.

1981 541 2036 601 Α

1955 4623 2012 4684 1)

3533 432 3636 491 690

2594 537 2820 596 CAPUT
2859 535 3103 594 XXXIV.

2130 657 2292 712 Vens.
2324 657 2378 712 5.
2409 689 2478 700 —
2502 656 2636 714 Ossa
2657 667 2927 729 prteterca.
2961 658 3145 732 (ΗΑΒ.)
3171 659 3296 716 Ideo
3337 660 3634 718 combussit

2056 751 2365 807 sacerdotes
2415 753 2470 807 in
2522 752 2786 808 altaribus
2835 753 3097 808 idolorum
3123 796 3136 819 ,
3179 764 3242 810 ut
3284 737 3632 820 ostenderet,

2057 844 2180 912 quia
2224 842 2432 898 funesta
2469 853 2624 898 erant
2653 859 2838 899 eorum
2872 845 3134 899 sacriﬁcia
3186 846 3278 914 qui
3311 863 3415 900 non
3461 847 3634 901 solum
3670 905 3675 910 ,

2054 935 2317 1004 pecudum
2349 936 2555 990 hostias
2583 936 2862 991 dzemouiis
2891 934 3209 1000 oﬁ'erebant,
3261 939 3354 991 sed
3393 943 3445 992 et
3490 938 3636 1007 ipsos

2055 1026 2372 1082 idololatrize
2403 1027 2708 1082 tradebant.
2740 1013 2838 1082 llic
2873 1027 3146 1098 signiﬁcat
3175 1043 3363 1082 omnes
3396 1029 3485 1097 qui
3517 1029 3632 1082 dia-

2054 1115 2160 1170 boli
2187 1117 2407 1172 servitio
2426 1119 2718 1187 mancipati
2746 1119 2906 1172 vitam
2930 1118 3246 1190 sacrilegam
3267 1119 3636 1190 temporaliter

2055 1205 2304 1262 ﬁnierant
2332 1207 2550 1264 aeternis
2583 1207 2914 1263 cruciatibus
2960 1211 3358 1265 consumendos
3402 1226 3500 1280 pro
3543 1226 3637 1265 cu-

2045 1297 2242 1368 jusque
2276 1299 2490 1354 merito.

2123 1393 2285 1446 Vens.
2310 1393 2475 1447 22.-
2497 1393 2577 1446 Ad
2601 1392 2794 1448 Oldam
2828 1395 3207 1465 prophetidem,
3225 1403 3330 1449 etc.
3357 1393 3636 1465 (HIERON.)

2051 1480 2241 1537 Oldam
2270 1499 2410 1538 uxor
2437 1483 2538 1538 fuit
2563 1483 2768 1539 Sellum
2794 1484 3042 1540 avunculi
3089 1485 3260 1555 patris
3289 1483 3556 1548 Jeremias,
3583 1491 3640 1538 et

2049 1574 2223 1644 patris
2249 1574 2509 1630 Ananeel.
2559 1575 2852 1631 Habitabat
2885 1577 2940 1630 in
2992 1576 3251 1632 secunda.
3303 1575 3477 1630 Locus
3520 1582 3641 1629 erat

2049 1662 2531 1736 Jerosolymitanus
2561 1675 2716 1721 extra
2754 1683 2967 1722 murum
2999 1667 3256 1723 civitatis
3285 1677 3339 1722 et
3387 1676 3634 1722 antemu-

2049 1755 2183 1820 rale,
2223 1755 2313 1825 qui
2359 1757 2657 1813 vocabatur
2687 1760 2923 1814 secunda
2961 1778 2971 1812 :
3025 1758 3179 1829 cujus
3228 1760 3434 1814 mentio
3483 1758 3544 1812 ﬁt
3583 1758 3635 1814 in

2051 1846 2322 1920 Sophonia
2361 1851 2642 1921 propheta.

2589 1983 2817 2041 CAPUT
2850 1983 3069 2041 XXXV.

2121 2097 2284 2154 Vens.
2323 2099 2375 2152 I.
2403 2130 2474 2140 —
2508 2097 2659 2154 Fecit
2681 2110 2857 2155 autem
2878 2101 3056 2156 Josias
3085 2101 3140 2156 in
3171 2101 3500 2167 Jerusalem,
3525 2111 3631 2158 etc.

2050 2191 2230 2260 (Ihm)
2263 2191 2654 2256 Admonemur,
2713 2200 2771 2246 ut
2817 2207 3112 2262 purgemus
3141 2193 3374 2263 primum
3431 2203 3632 2247 terram

2048 2279 2228 2336 cordis
2273 2282 2443 2337 nostri
2473 2283 2541 2336 ab
2571 2283 2823 2338 omnibus
2851 2283 2996 2337 vitiis
3018 2323 3032 2348 ,
3065 2284 3250 2354 sicque
3298 2286 3498 2354 pascha
3528 2285 3633 2338 Do-

2048 2373 2194 2428 mino
2225 2373 2580 2439 celebremus,
2614 2392 2717 2428 non
2750 2375 2803 2428 in
2836 2375 3088 2444 fermento
3118 2375 3276 2428 veteri
3301 2415 3316 2440 ,
3369 2393 3530 2446 neque
3579 2377 3634 2430 in

2047 2465 2301 2535 fermento
2343 2466 2562 2520 malitiae
2591 2477 2638 2520 et
2675 2467 2918 2538 nequititr
2949 2467 3080 2520 :sed
3103 2467 3157 2520 in
3185 2469 3384 2538 azymis
3414 2468 3634 2521 sinceri-
3685 2469 3693 2478 ’

2047 2559 2170 2612 tatis
2209 2567 2258 2612 et
2291 2559 2520 2613 veritatis
2551 2558 2602 2629 (I
2630 2559 2752 2614 Cor.
2791 2559 2864 2629 v).
2916 2558 3140 2630 Mystice
3187 2569 3364 2614 autem
3408 2559 3586 2615 Josias
3615 2601 3630 2625 ,

2047 2650 2100 2704 id
2129 2659 2210 2705 est
2237 2649 2496 2705 fortitudo
2523 2651 2757 2715 Domini,
2799 2648 3076 2705 Christum
3115 2651 3402 2722 signiﬁcat,
3429 2650 3496 2705 de
3525 2665 3632 2720 quo

2046 2738 2242 2811 legitur
2274 2758 2286 2794 :
2319 2739 2578 2794 Dominus
2628 2740 2779 2809 fortis
2809 2751 2856 2794 et
2884 2749 3064 2810 potens
3098 2755 3116 2792 :
3147 2740 3405 2795 Dominus
3451 2752 3632 2811 potens

2044 2832 2100 2885 in
2126 2831 2308 2901 prwlio
2347 2829 2520 2903 (Psal.
2569 2831 2751 2904 χχιιι).
2802 2832 3198 2902 Interpretatur
3235 2833 3398 2887 etiam
3454 2831 3632 2888 Josias

2045 2925 2191 2980 salus
2219 2925 2452 2997 Domini,
2479 2932 2535 2979 et
2555 2922 2791 2978 Christus
2817 2923 3018 2978 salvum
3046 2923 3169 2994 facit
3205 2924 3454 2995 populum
3478 2941 3633 2978 suum

2045 3033 2076 3068 a
2104 3017 2327 3085 peccatis
2356 3031 2534 3068 eorum
2563 3013 2778 3086 (Matth.
2813 3017 2874 3084 ι).
2933 3017 3050 3085 Ipse
3105 3014 3220 3069 zelo
3265 3014 3360 3069 Dei
3411 3015 3636 3070 mundat

2047 3113 2248 3160 terram
2287 3103 2422 3158 Juda
2455 3115 2512 3159 ct
2549 3104 2851 3159 Jerusialem
2878 3107 2946 3160 ab
2973 3105 3226 3160 omnibus
3250 3104 3626 3167 immunditiis,

2048 3197 2138 3265 qui
2162 3211 2259 3266 per
2283 3195 2604 3266 prOphctam
2630 3194 2804 3250 dixit:
2837 3193 2994 3248 Zelus
3037 3195 3224 3248 domus
3270 3204 3374 3248 tum
3411 3194 3635 3248 comedit

2047 3306 2129 3344 me
2160 3287 2332 3362 (Psal.
2365 3288 2577 3359 vanl).
2611 3289 2688 3343 De
2717 3303 2825 3358 quo
2851 3287 2976 3342 alibi
3021 3306 3033 3341 :
3081 3286 3248 3358 Cujus
3289 3287 3632 3342 rentilabrum

2047 3383 2102 3436 in
2144 3397 2307 3436 manu
2356 3397 2474 3446 sua,
2521 3389 2569 3434 et
2625 3378 2987 3450 permundabit
3019 3394 3196 3432 aream
3230 3394 3380 3432 suam
3415 3375 3631 3447 (Matth.

2046 3469 2152 3542 ιιι).
2201 3471 2302 3526 Hic
2341 3469 2579 3525 celebrat
2618 3485 2806 3525 verum
2837 3469 3002 3539 phase
3029 3477 3224 3523 octavo
3251 3467 3461 3522 decimo
3489 3481 3634 3521 anno

2047 3565 2199 3634 regni
2233 3564 2315 3618 sui
2347 3581 2359 3617 :
2394 3563 2520 3633 quia
2548 3571 2738 3616 octava
2770 3569 2929 3616 aetate
2967 3561 3203 3632 generali
3237 3560 3636 3623 rwurrectione

2045 3653 2268 3719 donata,
2299 3663 2519 3709 sanctos
2549 3668 2675 3708 suos
2709 3669 2830 3708 cum
2859 3653 3192 3725 perfectione
3221 3654 3485 3708 bonorum
3511 3667 3635 3722 ope-

2044 3760 2166 3798 rum
2213 3744 2463 3814 perducit
2519 3744 2585 3798 ad
2635 3751 2853 3798 aeternae
2900 3744 3252 3799 beatitudinis
3306 3744 3586 3798 denarium
3615 3782 3631 3807 ,

2042 3839 2231 3910 ejectis
2259 3840 2410 3910 prius
2437 3839 2687 3895 omnibus
2711 3837 2980 3894 scandulis
3009 3839 3076 3894 de
3107 3855 3275 3910 regno
3307 3837 3441 3907 ejus.

2113 3933 2281 3987 Vens.
2323 3933 2376 3986 5.
2405 3963 2475 3972 —
2502 3929 2692 3986 Ponite
2732 3949 2909 3986 arcam
2957 3932 3011 3985 in
3059 3933 3365 3986 sanctuario
3405 3930 3582 4003 templi
3613 3971 3630 3997 ,

2040 4032 2180 4103 quod
2203 4031 2480 4098 a’diﬁcavit
2507 4029 2760 4085 Salomon
2803 4029 2946 4098 ﬁlius
2969 4029 3139 4083 David
3166 4045 3258 4084 rex
3279 4027 3470 4082 Israel.
3499 4027 3632 4082 Tra-

2043 4127 2176 4182 dunt
2204 4124 2412 4180 Hebraei
2439 4139 2621 4178 arcam
2667 4133 2908 4192 tempore
2934 4121 3117 4176 Achaz
3149 4122 3214 4176 de
3242 4121 3440 4191 templo
3463 4120 3632 4175 fuisse

2041 4219 2238 4273 elatam
2257 4257 2272 4281 ,
2303 4215 2609 4272 simulacris
2635 4215 2702 4269 ab
2729 4230 2794 4268 eo
2825 4214 2877 4267 in
2907 4213 3108 4282 templo
3134 4213 3333 4277 missis,
3365 4220 3420 4265 et
3445 4211 3496 4264 in
3527 4213 3625 4265 do-

2040 4326 2188 4366 mum
2221 4309 2421 4364 Sellum
2450 4309 2549 4363 viri
2575 4307 2723 4362 Oldze
2749 4305 2997 4360 avunculi
3038 4303 3286 4359 Ieremia:
3328 4303 3498 4357 fuisse
3519 4311 3630 4356 tra-

2041 4404 2276 4460 ductam.
2319 4401 2438 4456 Non
2485 4401 2628 4456 enim
2675 4407 2889 4468 poterat
2915 4411 3035 4452 esse
3071 4395 3230 4451 simul
3263 4411 3386 4450 cum
3409 4394 3630 4450 simula-

2039 4496 2168 4551 eris.

2113 4586 2275 4640 Vsus.
2307 4586 2392 4640 I8.
2421 4616 2492 4625 —
2521 4584 2646 4640 Non
2677 4585 2778 4655 fuit
2802 4583 2978 4640 Phase
2998 4584 3167 4640 simile
3188 4586 3330 4651 huic,
3352 4594 3459 4642 etc.
3490 4585 3626 4654 Quia

2035 4677 2230 4732 ablatis
2273 4677 2456 4748 ﬁguris
2496 4677 2550 4731 in
2597 4677 2683 4731 die
2719 4677 2909 4748 judicii
2935 4719 2949 4742 ,
2985 4677 3290 4732 transibunt
3329 4679 3502 4734 sancti
3553 4680 3622 4734 de

2037 4776 2211 4823 morte
2244 4768 2311 4822 ad
2345 4768 2512 4821 vitam
2539 4807 2554 4832 ,
2587 4767 2652 4823 de
2697 4769 3044 4839 corruptione
3069 4770 3134 4824 ad
3160 4769 3411 4840 gloriam,
3469 4779 3524 4826 et
3569 4772 3624 4826 in

2039 4869 2330 4932 conspectu
2377 4861 2673 4916 conditoris
2718 4862 2802 4916 sui
2849 4863 2903 4916 in
2950 4862 3159 4918 caelesti
3208 4861 3528 4928 Jerusalem,
3569 4864 3626 4918 in

2041 4968 2302 5012 aeternum
2348 4955 2697 5023 gaudebunt:
2727 4955 2853 5024 quia
2899 4955 3168 5011 videbitur
3217 4956 3358 5010 Deus
3399 4954 3622 5009 deorum

2043 5051 2098 5106 in
2149 5049 2276 5104 Sion
2304 5090 2318 5114 ,
2371 5047 2498 5118 quia
2545 5045 2854 5102 miriﬁcavit
2904 5047 3332 5104 misericordiam
3372 5062 3526 5101 suam
3568 5047 3622 5102 in

2041 5145 2260 5201 civitate
2289 5142 2516 5198 munita.

2111 5256 2276 5313 Vens.
2308 5257 2397 5312 21.
2429 5288 2498 5299 —
2528 5258 2610 5312 Ad
2639 5275 2797 5330 quam
2833 5258 2995 5314 Deus.
3030 5255 3165 5323 Quia
3206 5268 3272 5310 ex
3301 5255 3482 5311 verbis
3528 5255 3620 5312 Je-

2042 5351 2246 5416 remiae,
2279 5360 2335 5406 et
2363 5351 2592 5407 aliorum
2637 5353 3023 5422 prophetarum
3069 5349 3243 5420 potuit
3286 5350 3620 5404 voluntatem

2039 5443 2253 5498 Domini
2281 5459 2625 5516 cognoscere,
2672 5459 2777 5514 qua
2808 5441 3159 5512 judicandum
3199 5450 3316 5495 erat
3344 5440 3396 5494 in
3423 5439 3621 5510 populo

2037 5542 2338 5606 peccatore.
2374 5533 2527 5590 Unde
2554 5541 2607 5589 et
2649 5534 2922 5589 Rabsaces
2961 5531 3093 5586 dixit
3138 5531 3204 5585 de
3250 5529 3622 5584 Sennacberib

2037 5641 2163 5696 rege
2189 5625 2537 5696 Assyriorum
2573 5643 2586 5678 :
2618 5623 2874 5678 Dominus
2917 5622 3074 5692 jussit
3117 5638 3198 5675 me
3239 5620 3516 5675 ascendere
3549 5620 3618 5673 ad

2041 5726 2230 5771 terram
2275 5715 2446 5788 (Psal.
2497 5714 2749 5783 Lxxxtn),
2783 5714 2908 5785 quia
2939 5713 3212 5784 propheta:
3257 5711 3618 5784 praedixerant

2036 5823 2159 5864 eum
2189 5822 2310 5862 esse
2333 5820 2703 5870 ascensurum,
2731 5805 2874 5874 quod
2902 5820 3026 5860 eum
3049 5804 3269 5857 minime
3298 5802 3455 5856 latuit

2106 5897 2270 5954 Vens.
2301 5897 2392 5952 22.
2419 5928 2489 5939 -
2513 5895 2582 5950 In
2604 5912 2786 5968 campo
2808 5895 3090 5968 Mageddo.
3113 5894 3419 5952 Inlerl'eclio
3453 5894 3617 5952 Josim

4096 3327 4097 3360 ι

4095 3367 4097 3434 l

4095 3541 4097 3612 1
