4122 6350
512 467 611 526 091
1008 461 1399 519 WALAFRIDI
1439 412 1684 518 STBABI
1719 459 1925 519 FULD.
1964 458 2131 519 MON.
2174 458 2326 518 OPP.
2366 458 2545 518 PARS
2584 460 2625 516 I.
2664 490 2737 501 —
2766 456 3227 516 THEOLOGICA.

501 584 597 660 qni
626 600 659 660 a
686 582 973 643 Pharaone
1006 581 1226 637 Nechao
1268 574 1591 635 interfectus
1618 585 1704 635 est
1737 578 1791 633 in
1836 576 2095 648 Mageddo
2121 582 2173 642 Α
2199 577 2413 647 redigit,
2445 586 2499 633 et
2523 576 2741 647 plenum
2768 574 3049 631 servitium
3079 574 3267 646 exigit,
3301 574 3655 648 persuasione
3679 581 3797 637 sci-

468 677 775 754 «significat
831 675 1041 761 antiqui
1086 674 1262 731 hostis
1306 674 1743 747 persecutionem
1802 672 2090 729 adversum
2200 668 2347 735 licet,
2372 668 3055 735 delectationemonsensm
3079 668 3410 741 cogitatione
3433 684 3670 763 quoque,
3707 671 3799 731 lo-

498 772 917 846 praadicatores,
950 782 1086 840 quos
1114 768 1235 825 neci
1277 767 1493 823 tradere
1536 776 1593 823 et
1632 770 1699 824 de
1724 766 1966 823 Ecclesia
1996 782 2094 822 au-

496 863 645 919 ferre
669 871 921 926 conatur,
953 869 1013 914 ut
1039 859 1248 915 facilius
1273 867 1441 915 totam
1475 860 1686 931 plebem
1734 859 1992 914 invadere
2038 864 2094 914 et

498 960 764 1030 dissipare
807 955 996 1029 possit.
1042 952 1439 1024 Interpretatur
1481 955 1627 1009 enim
1665 953 1879 1009 Pharao
1931 951 2093 1006 dissi-

494 1069 653 1126 pans.
697 1051 916 1107 Nechao
949 1048 1261 1121 percutiens
1287 1089 1301 1111 ,
1353 1047 1613 1120 Mageddo
1661 1048 1726 1103 de
1766 1046 2085 1101 tentatione.

2198 759 2438 825 cutione,
2476 770 2530 815 et
2559 759 2892 831 operatione.

2268 852 2546 924 (Illsuox.,
2580 864 2767 926 quiest.
2810 855 2863 909 in
2904 850 3115 927 ραταιτ,
3166 862 3298 910 tom.
3330 854 3453 929 IlI.)
3492 854 3795 917 Sciendum

2196 949 2340 1019 quod
2372 965 2567 1004 nomen
2597 949 2752 1004 istius
2775 948 3000 1005 Joachin
3023 990 3038 1015 ,
3087 958 3221 1012 etc.,
3260 968 3420 1025 usgue
3456 952 3531 1007 ad
3572 969 3792 1027 praepo-

2195 1040 2421 1094 sitorum
2448 1040 2724 1111 depravati
2748 1040 3009 1112 exemplis
3032 1041 3230 1097 cedunt
3255 1058 3378 1115 cum
3409 1043 3541 1119 ipsis
3568 1044 3622 1099 in
3646 1059 3795 1116 prae—

494 1142 839 1200 Permittitur
885 1142 1083 1213 quippe
1133 1139 1381 1196 diabolus
1425 1154 1756 1211 consurgere
1801 1139 2088 1194 adversum
2194 1132 2316 1185 dam
2358 1130 2578 1185 diaboli.

495 1242 714 1290 sanctos
759 1250 773 1287 :
812 1240 868 1288 et
915 1231 1017 1286 hoc
1064 1230 1194 1286 totis
1238 1229 1445 1285 viribus
1483 1239 1693 1297 certat,
1732 1238 1792 1285 ut
1829 1228 2088 1285 tentando

496 1342 714 1400 gregem
740 1326 836 1383 Dei
870 1324 1184 1396 percutiens
1204 1338 1299 1380 eos
1326 1324 1476 1395 prius
1514 1323 1824 1393 dissipando
1855 1320 2085 1387 auferat,

492 1431 725 1488 quorum
757 1416 949 1489 solatio
977 1414 1069 1491 alii
1110 1422 1300 1477 contra
1334 1414 1548 1470 hostem
1585 1413 1867 1470 dimicant.

1020 1547 1252 1611 CAPUT
1290 1546 1535 1613 XXXVI.

562 1685 728 1743 Vens.
760 1685 817 1742 4.
848 1717 916 1727 -
943 1684 1348 1758 Constituitque.
1384 1684 1605 1742 Nechao
1653 1700 1832 1758 regem
1870 1685 2083 1742 Joakim

492 1778 802 1845 constituit,
830 1778 1089 1848 imposuit
1142 1777 1404 1834 mulctam
1432 1786 1593 1834 terra:
1617 1788 1832 1835 centum
1867 1780 2083 1837 talentis

489 1870 702 1941 argenti
729 1885 745 1924 :
780 1868 907 1939 quia
929 1868 1176 1925 diabolus
1200 1884 1430 1940 pensum
1453 1868 1659 1925 servitii
1686 1886 1717 1926 a
1744 1872 1941 1943 populo
1962 1889 2080 1944 per-

2260 1221 2425 1279 Vsns.
2460 1224 2546 1279 10,
2569 1255 2639 1264 -
2662 1223 2854 1295 Regem
2885 1241 3025 1281 vero.
3058 1223 3314 1283 Sedecias
3369 1226 3639 1299 signiﬁcat
3689 1245 3793 1298 eos

2189 1315 2280 1386 qui
2314 1317 2556 1386 regimen
2595 1318 2648 1373 in
2678 1318 2877 1389 popqu
2905 1319 2997 1374 Dei
3022 1321 3323 1397 suscipiunt
3352 1336 3367 1376 :
3392 1323 3793 1395 interpretatur

2189 1408 2332 1462 enim
2365 1406 2826 1478 Sedeciasjustus
2849 1411 3082 1466 Domini.
3112 1412 3190 1467 Illi
3225 1414 3370 1469 enim
3399 1415 3672 1487 accipiunt
3701 1433 3791 1473 se-

2186 1498 2310 1555 dem
2350 1497 2575 1571 justitiae
2614 1501 2682 1555 ad
2728 1502 3031 1557 exercenda
3071 1518 3232 1574 opera
3267 1494 3529 1576 justitim,'
3554 1507 3785 1567 honoris

2185 1600 2241 1646 et
2288 1588 2450 1647 olIicii
2500 1592 2776 1664 accipiunt
2816 1594 3175 1669 dignitatem,
3228 1596 3465 1654 maxime
3510 1599 3639 1669 quia
3686 1599 3785 1657 filii

2182 1681 2366 1749 Josiae,
2398 1684 2450 1739 id
2483 1694 2566 1740 est
2595 1685 2784 1743 salutis
2826 1687 3063 1753 Domini,
3120 1703 3218 1758 per
3264 1689 3495 1765 gratiam
3526 1674 3789 1763 baptismi

2181 1783 2238 1832 et
2266 1776 2573 1832 unctionem
2606 1779 2921 1836 chrismatis
2968 1783 3269 1853 nuncupari
3311 1792 3592 1839 merentur
3632 1802 3647 1839 :
3684 1785 3789 1843 sed

2184 1867 2580 1940 degenerantes
2610 1871 2931 1943 relabuntur
2962 1871 3015 1927 in
3044 1873 3303 1941 vitiorum
3331 1864 3600 1942 fmdita‘te,
3631 1886 3687 1933 et
3724 1889 3789 1934 se

487 1963 725 2019 ditorum
749 1964 998 2034 expetiit,
1028 1971 1091 2019 ut
1116 1970 1227 2021 tam
1262 1978 1427 2023 sensu
1468 1979 1633 2035 quam
1659 1965 1874 2037 eloquio
1899 1966 2081 2038 parati
2108 1958 2157 2019 B
2185 1956 2428 2014 subditos
2467 1969 2791 2016 convertunt
2819 1963 2887 2017 ad
2910 1962 3267 2034 impietatem,
3297 1980 3401 2021 nec
3430 1965 3590 2022 fidem
3616 1982 3785 2037 quam

485 2054 597 2111 sint
623 2053 742 2125 ejus
769 2054 1056 2129 obsequio.

484 2150 497 2157 ‘
558 2145 629 2200 Et
654 2147 825 2213 vertit.
851 2146 1159 2217 Notandum
1192 2147 1336 2231 quod
1370 2146 1438 2219 de
1483 2147 1675 2209 eodem
1713 2145 1925 2207 Joakim
1969 2148 2081 2207 lilio

482 2235 644 2297 Josia
669 2237 727 2294 in
754 2237 962 2310 Regum
1013 2237 1087 2297 ita
1133 2239 1395 2316 scriptum
1422 2247 1506 2296 est
1533 2258 1546 2294 :
1578 2239 1833 2297 Dormivit
1867 2240 2078 2299 Joakim

483 2346 603 2387 cum
625 2330 865 2399 patribus
891 2329 1024 2397 suis,
1052 2330 1387 2407 regnavitque
1425 2330 1651 2399 Joachin
1680 2331 1826 2401 ﬁlius
1845 2333 1961 2402 ejus
1981 2350 2078 2405 pro

482 2439 542 2477 eo
572 2419 681 2494 (ιγ
704 2420 836 2495 Reg.
861 2421 1032 2491 xxiv).
1062 2419 1334 2494 Iosephus
1378 2430 1557 2483 tamen
1590 2424 1720 2483 dicit
1748 2443 1761 2478 :
1793 2423 1933 2483 Dum
1980 2441 2077 2483 rex

484 2512 771 2587 Babylonis
793 2515 1054 2575 intrasset
1075 2515 1375 2585 civitatem,
1402 2514 1564 2589 fidem
1592 2532 1932 2589 nequaquam
1961 2533 2077 2575 ser-

482 2604 651 2672 vavit,
682 2606 775 2663 sed
795 2602 1028 2675 juvenes
1059 2603 1390 2669 fortissimos
1440 2615 1496 2661 ct
1540 2606 1942 2683 pulchritudine
1985 2609 2077 2667 de-

481 2711 642 2763 coros
679 2695 882 2755 occidit
933 2712 1041 2755 una
1089 2712 1214 2755 cum
1261 2712 1390 2769 rege
1442 2695 1676 2771 Joahim,
1726 2716 1889 2773 quem
1949 2710 2078 2769 ante

483 2802 699 2857 murum
742 2787 1071 2858 insepultum
1101 2786 1290 2863 projici
1322 2788 1507 2865 jussit.
1562 2789 1759 2865 Filium
1800 2806 1929 2874 vero
1959 2793 2077 2864 cjus

480 2877 709 2949 .logcbin
734 2879 1020 2939 conetituit
1066 2894 1250 2955 regem
1298 2880 1565 2945 universa!
1614 2882 1929 2955 provinciae.
1968 2885 2075 2942 Eos

480 2980 664 3029 autem
704 2971 799 3041 qui
847 2978 1004 3039 erant
1042 2972 1096 3031 in
1132 2972 1489 3045 dignitatibus
1527 2974 1807 3033 constituti
1847 2993 2073 3045 numero

481 3063 587 3129 tria
622 3062 791 3123 millia
816 3104 833 3132 ,
885 3064 1040 3131 duxit
1067 3065 1123 3127 in
1151 3064 1487 3138 Babylonem
1518 3108 1534 3137 ,
1589 3068 1734 3125 inter
1767 3084 1905 3143 quos
1953 3078 2074 3141 erat

480 3156 733 3219 Ezechiel
778 3157 957 3223 adhuc
994 3174 1153 3230 puer.
1195 3158 1295 3217 llic
1316 3175 1447 3233 ergo
1488 3162 1612 3223 finis
1640 3164 1832 3229 habuit
1857 3164 2071 3229 Joakim

480 3265 664 3323 regem
707 3251 801 3321 qui
846 3251 984 3311 vixit
1020 3267 1192 3309 annos
1220 3252 1408 3309 decem
1436 3264 1492 3311 et
1527 3255 1769 3329 triginta,
1824 3260 2071 3331 regnavit

2184 2052 2294 2107 Deo
2341 2053 2728 2123 promiserant,
2785 2056 3114 2125 custodiunt,
3161 2071 3263 2113 nec
3303 2072 3427 2113 cum
3466 2058 3783 2114 hominibus

2180 2144 2328 2215 pacis
2349 2144 2556 2213 foedera
2578 2155 2817 2202 servant.
2850 2145 3010 2202 Tales
3036 2147 3279 2218 quotidie
3302 2146 3392 2205 lex
3422 2147 3627 2213 divina,
3650 2164 3785 2218 pro-

2180 2237 2494 2306 phetarum,
2531 2245 2585 2292 et
2622 2237 2991 2308 apostolorum
3031 2239 3293 2295 miracula
3332 2254 3364 2295 e
3402 2240 3647 2312 peccatis
3687 2255 3782 2297 n-

2181 2327 2404 2399 cedere,
2457 2338 2514 2386 et
2552 2330 2620 2385 ad
2650 2329 2938 2386 Dominum
2993 2346 3092 2401 per
3148 2330 3525 2423 pmuitentiam
3572 2330 3783 2388 reverti

2182 2428 2442 2475 monent:
2476 2420 2569 2477 sed
2600 2421 2769 2478 semel
2821 2421 3102 2486 indurati,
3154 2419 3319 2477 verba
3360 2419 3554 2478 salutis
3598 2420 3783 2492 despi-

2182 2510 2352 2577 ciunt,
2392 2510 2536 2566 unde
2583 2512 2728 2569 Deus
2771 2511 2944 2567 iratus
2998 2510 3166 2569 mittit
3209 2520 3398 2569 contra
3451 2528 3547 2568 eos
3592 2526 3784 2584 regem

2180 2601 2584 2669 Chaldaeorum,
2614 2604 2667 2659 id
2692 2612 2796 2669 est,
2831 2602 3103 2660 diabolum
3130 2620 3252 2661 cum
3276 2604 3599 2662 satellitibus
3626 2605 3778 2673 suis,

2180 2695 2232 2751 id
2262 2704 2343 2751 est
2368 2738 2382 2769 ,
2428 2695 2802 2765 spiritualibus
2832 2696 3091 2767 nequitiis
3116 2738 3132 2763 ,
3159 2698 3252 2767 qui
3302 2696 3432 2752 nulli
3485 2706 3780 2768 parcentes

2175 2788 2342 2853 aetati,
2369 2788 2502 2843 nulli
2525 2787 2831 2845 deferentes
2853 2788 3127 2862 dignitati,
3150 2794 3505 2861 quoscunque
3525 2791 3772 2862 capiunt,

2175 2879 2229 2934 in
2260 2878 2616 2951 Babylonem,
2652 2880 2707 2935 id
2737 2887 2823 2936 est
2845 2920 2860 2946 ,
2894 2880 2949 2935 in
2978 2880 3351 2936 confusionem
3396 2879 3776 2947 transferunt;

2173 2984 2230 3030 et
2251 2975 2470 3043 domum
2502 2972 2716 3047 Domini
2747 2973 3079 3047 incendunt,
3101 2975 3228 3044 quia
3259 2973 3446 3029 fideles
3468 3015 3484 3039 ,
3513 2973 3605 3043 qui
3645 2979 3779 3028 sunt

2130 3068 2137 3075 '
2174 3066 2432 3138 templum
2464 3065 2580 3145 Dei,
2609 3065 2987 3137 hlasphemare
3013 3066 3365 3139 compellunt.
3397 3065 3580 3122 Muros
3612 3063 3779 3121 Jeru-

2175 3157 2344 3213 salem
2375 3158 2681 3225 destruunt,
2705 3173 2827 3231 cum
2855 3158 3126 3213 custodias
3154 3166 3430 3230 pastorum
3458 3155 3775 3226 decjiciunt,

2175 3260 2350 3311 turres
2376 3252 2720 3315 comburunt,
2735 3266 2859 3325 cum
2880 3251 3134 3322 praelatos
3160 3266 3257 3324 per
3287 3251 3474 3306 illicita
3497 3249 3776 3306 desideria

480 3351 663 3399 autem
695 3343 949 3403 undecim
976 3343 1154 3407 annis.
1196 3342 1496 3405 Successor
1527 3362 1656 3405 vero
1682 3349 1837 3421 regni
1857 3346 2069 3417 Joakim
2096 3337 2142 3401 C
2174 3354 2409 3401 exurunt
2435 3365 2447 3401 :
2482 3362 2644 3411 omne
2665 3347 2964 3419 pretiosum
2992 3345 3381 3415 demoliuntur,
3405 3361 3529 3401 cum
3556 3360 3652 3401 eos
3675 3344 3776 3416 qui

477 3450 574 3493 rex
599 3434 821 3495 nomine
845 3433 1149 3493 Ononimus
1182 3437 1435 3508 regnavit
1465 3439 1739 3503 mensibus
1790 3441 1964 3509 tribus
2013 3450 2069 3498 et

474 3528 668 3585 diebus
714 3529 924 3589 decem.
974 3528 1270 3595 Sciendum
1298 3539 1518 3599 autem,
1548 3532 1691 3603 quod
1733 3548 1857 3587 cum
1895 3533 2067 3589 semel

473 3622 598 3692 quis
636 3621 864 3683 cuilibet
909 3622 1042 3685 vitio
1070 3639 1132 3685 se
1154 3624 1577 3695 mancipaverit,
1622 3624 1807 3695 multis
1831 3625 2067 3687 dominis

474 3715 746 3772 obnoxius
769 3717 896 3772 erit.
936 3714 1093 3777 Unde
1124 3715 1337 3781 Joakim
1367 3733 1527 3790 quem
1551 3718 1764 3785 Pharao
1782 3729 1909 3787 ante
1934 3736 2063 3785 cen-

474 3821 594 3861 sum
618 3806 722 3865 sibi
746 3807 961 3871 solvere
997 3809 1218 3879 coegit,
1246 3809 1393 3875 hunc
1433 3810 1930 3873 Nabuchodonosor
1968 3827 2064 3867 rex

472 3894 768 3966 Babylonis
814 3898 990 3956 tribus
1029 3899 1189 3957 annis
1219 3900 1427 3963 servire
1451 3902 1741 3971 compellit.
1777 3902 2064 3963 Nabucho-

473 3985 711 4049 donosor
760 3989 1011 4053 eumdem
1058 3989 1329 4060 signiﬁcat
1355 4007 1516 4064 quem
1544 4001 1600 4051 et
1638 3992 1882 4063 Pharao;
1912 3995 2061 4067 prin-

471 4078 648 4148 cipem
688 4079 897 4145 scilicet
930 4080 1268 4153 confusionis
1310 4093 1365 4151 et
1408 4095 1677 4159 rectorem
1711 4088 2060 4163 tenebrarum

468 4168 688 4229 harum.
720 4171 860 4241 Cum
903 4182 1084 4243 autem
1129 4175 1376 4235 diabolus
1410 4177 1644 4249 aliquem
1690 4181 1793 4237 sibi
1837 4197 2060 4245 censum

469 4264 685 4334 peccati
730 4265 941 4325 solvere
973 4269 1191 4341 coegit,
1242 4277 1413 4329 totum
1459 4271 1513 4329 iu
1561 4271 1861 4333 dominium
1908 4290 2065 4330 suum

481 4416 2716 4453 mw

1532 4514 1877 4599 ESDRIE
1936 4519 2237 4615 LIBER
2297 4454 2714 4604 ramus.
2752 4458 2779 4471 ﬂ

2174 3437 2239 3492 de
2275 3437 2493 3493 virtutis
2516 3447 2570 3494 et
2595 3440 2837 3495 scientia:
2862 3447 3218 3519 praerogativa
3255 3437 3356 3496 sibi
3390 3437 3725 3517 applaudunt
3755 3478 3777 3511 ,

2173 3532 2240 3587 ad
2284 3532 2511 3589 nihilum
2550 3534 2819 3605 redigunt.

2242 3624 2392 3682 Finis
2435 3625 2561 3697 libri
2609 3624 3061 3698 Paralipomenon
3103 3624 3298 3682 similis
3326 3622 3597 3696 principio
3642 3622 3775 3679 libri

2173 3718 2470 3774 sacerdotis
2506 3718 2691 3775 Esdra:
2719 3734 2735 3773 :
2769 3720 2909 3775 unde
2939 3719 3082 3790 quod
3133 3718 3205 3773 ibi
3256 3704 3610 3789 exposuimus
3632 3757 3648 3781 ,
3678 3716 3775 3772 hic

2175 3808 2442 3879 replicare
2495 3824 2603 3865 non
2647 3818 2732 3865 est
2777 3825 2932 3881 Opus.
2986 3809 3058 3865 De
3084 3807 3228 3881 Cyro
3255 3823 3469 3878 quoque
3496 3806 3773 3874 quomodo

2171 3905 2450 3960 Christum
2499 3907 2769 3979 signiticet
2797 3948 2811 3974 ,
2844 3916 2899 3962 et
2929 3923 3049 3987 quae
3076 3907 3142 3961 de
3168 3922 3233 3961 eo
3261 3905 3535 3969 dicantur,
3561 3914 3620 3960 et
3643 3918 3789 3979 quae-

2171 3999 2237 4054 ad
2263 4000 2436 4085 ipsum
2464 3998 2794 4067 referantur,
2821 4002 2874 4057 in
2902 4001 3037 4057 Isaia
3074 4000 3440 4072 exposuimus.

2240 4094 2396 4165 (Rau.
2429 4109 2498 4149 ex
2526 4093 2719 4165 Beda.)
2753 4094 3008 4151 Salomon
3037 4095 3296 4166 templum
3320 4092 3534 4149 Domini
3556 4100 3767 4164 septem

2169 4188 2326 4243 annis
2361 4189 2670 4244 construxit
2689 4190 2744 4244 in
2769 4188 3092 4253 Jerusalem,
3116 4200 3248 4255 etc.,
3274 4205 3436 4260 usque
3458 4188 3529 4242 ad
3554 4186 3771 4244 scilicet

2167 4287 2222 4333 et
2249 4279 2487 4336 civitatis
2518 4280 2613 4335 Dei
2646 4280 2712 4335 de
2740 4296 2847 4353 qua
2876 4279 3033 4351 ejecti
3060 4278 3306 4347 fuerant,
3337 4279 3626 4353 recipiunt.

1020 4670 1091 4733 Β.
1136 4671 1599 4739 HIERONYMI
1643 4676 1727 4740 IN
1768 4675 2072 4738 ESDRAN

2172 4678 2241 4745 ΞΤ
2285 4680 2723 4757 ΝΕΗΕΜΙΑΜ
2765 4678 3207 4759 PROLOGUS.

1688 4815 1708 4860 Ι
1720 4815 1849 4875 Vide
1884 4828 2024 4873 tomo
2070 4815 2219 4873 VIII
2262 4821 2527 4893 operum.)

982 5024 1211 5086 CAPUT
1246 5029 1540 5088 PRIMUM.

535 5121 705 5196 (Dus
731 5124 791 5180 in
816 5122 1068 5191 Etdram,
1097 5132 1231 5182 tom.
1261 5126 1349 5199 ll.)
1397 5128 1549 5185 Sicut
1574 5128 1748 5202 Cyrus
1779 5130 2059 5188 destructo

464 5213 841 5277 Chaldaeorum
875 5217 1105 5289 imperio
1128 5219 1384 5293 populum
1432 5222 1528 5293 Dei
1584 5222 1876 5291 liberavit,
1919 5233 2053 5291 etc.,

465 5323 630 5379 usque
652 5306 722 5365 ad
746 5308 944 5379 quibus
988 5308 1150 5367 fidem
1180 5310 1264 5375 sui
1299 5311 1535 5371 nominis
1574 5322 1630 5373 et
1669 5329 1820 5385 spem
1868 5313 2057 5371 salutis

465 5398 677 5461 cunctis
697 5398 791 5470 qui
809 5398 880 5455 ad
900 5414 1124 5471 regnum
1147 5416 1303 5459 suum
1330 5402 1623 5473 pertinent,
1649 5403 1703 5461 id
1724 5412 1828 5471 est,
1845 5404 2055 5467 electis,

464 5490 742 5560 praedicat.

536 5579 703 5647 Vsus.
734 5579 792 5637 2.
826 5611 897 5622 -
920 5580 992 5639 Et
1020 5583 1129 5654 ipse
1172 5583 1417 5655 prerupit
1465 5584 1596 5639 mihi
1632 5594 1690 5639 ut
1735 5584 2052 5655 wdiﬁcarem

464 5671 514 5726 ei
537 5671 773 5741 domum,
797 5683 906 5731 etc.
932 5674 1101 5745 (BIDA
1125 5675 1213 5731 ubi
1235 5675 1443 5749 supra.)
1466 5676 1667 5737 Domus
1685 5678 1767 5735 vel
1797 5681 2055 5755 templum

464 5761 560 5818 Dei
593 5765 647 5819 in
693 5766 989 5837 Scripturis
1019 5769 1243 5835 sanctis,
1273 5780 1381 5829 etc.
1406 5812 1422 5837 ,
1452 5788 1615 5842 usque
1647 5773 1717 5829 ad
1747 5780 1803 5829 et
1850 5775 2055 5846 pariter

464 5853 522 5941 in
550 5854 734 5913 futuro
755 5858 1111 5921 dedicationis
1134 5860 1277 5921 illius
1295 5861 1555 5923 solemnia
1586 5872 1923 5935 exspectent.

540 5941 702 6000 Vm.
733 5946 788 6000 ὅ.
813 5975 884 5987 -
911 5946 1044 6013 Quia
1075 5958 1150 6003 est
1178 5952 1233 6005 in
1254 5952 1415 6007 vobis.
1445 5954 1569 6025 (ln.,
1597 5955 1746 6029 ibid.)
1780 5956 1969 6028 Magna
1994 5960 2051 6015 in

2083 5038 2138 5100 D
2163 5036 2248 5093 his
2273 5038 2454 5094 verbis
2482 5038 2616 5096 fides
2640 5041 2804 5112 regis,
2838 5050 2968 5108 etc.,
2996 5059 3159 5115 usque
3188 5045 3259 5099 ad
3293 5058 3596 5117 eorumque
3636 5044 3760 5115 ani—

2160 5144 2277 5187 mos
2316 5140 2373 5187 et
2406 5148 2598 5199 manus
2622 5132 2690 5207 qd
2716 5133 2971 5195 salutaria
2997 5135 3261 5211 dirigeret
3286 5152 3472 5212 opera.

2229 5222 2489 5280 Ascendet
2532 5223 2924 5285 inlertualem.
2957 5225 3078 5298 (lo,,
3098 5228 3248 5303 ibid.)
3276 5228 3377 5309 Qui
3408 5232 3637 5303 peccant
3671 5229 3761 5288 vel

2158 5316 2441 5373 saecularia
2468 5325 2661 5387 curant
2699 5318 2753 5383 in
2794 5320 2902 5377 imo
2927 5330 3052 5393 sunt
3080 5339 3092 5389 ;
3122 5323 3213 5401 qui
3258 5322 3366 5389 Dec
3393 5321 3612 5398 placere
3660 5324 3762 5379 de-

2159 5406 2440 5473 siderant,
2489 5409 2556 5463 ad
2604 5409 2849 5465 coelestia
2902 5413 3216 5483 suspirent,
3274 5430 3468 5471 omnes
3522 5432 3758 5488 pompas

2161 5498 2345 5553 mundi
2366 5507 2421 5554 et
2448 5499 2735 5557 illecebras
2759 5510 3087 5563 aeternorum
3118 5520 3302 5565 amore
3334 5509 3755 5577 transcendant,

2160 5599 2215 5647 et
2244 5591 2511 5649 aedificent
2542 5593 2761 5663 domum
2804 5595 2916 5653 Deo
2956 5598 3009 5653 in
3045 5596 3258 5667 .Iudzra,
3296 5599 3351 5656 in
3405 5601 3759 5665 confessione

2161 5683 2367 5741 scilicet
2404 5701 2515 5741 sum
2540 5685 2845 5758 iniquitatis
2869 5696 2924 5744 et
2952 5687 3152 5745 divinae
3197 5692 3589 5759 miserationis,
3613 5709 3756 5777 pm

2159 5786 2349 5848 parent
2397 5778 2560 5837 corda
2611 5795 2706 5837 sua
2759 5794 2880 5851 qua:
2919 5780 3063 5839 Deus
3093 5783 3341 5855 habitare
3381 5795 3437 5845 et
3478 5785 3756 5849 illustrare

2159 5869 2430 5939 dignetur,
2479 5880 2536 5926 et
2582 5872 2860 5949 proximos
2905 5874 2972 5932 ad
3016 5875 3161 5933 idem
3208 5879 3439 5951 invitare
3483 5879 3665 5949 verbis
3691 5888 3755 5949 et

2157 5961 2420 6032 exetnplis
2446 5962 2711 6019 nitantur.
