  <div class='ocr_page' id='page_1' title='image "/cluster/home/n/w/nwhite01/storage/ocr_20150623/113/hvd.32044018909572/352.png"; bbox 0 0 4122 6350; ppageno 0'>
   <div class='ocr_carea' id='block_1_1' title="bbox 0 1526 15 2305">
    <p class='ocr_par' dir='ltr' id='par_1_1' title="bbox 0 1526 15 2305">
     <span class='ocr_line' id='line_1_1' title="bbox 0 1526 9 1563; baseline 0 -8"><span class='ocrx_word' id='word_1_1' title='bbox 0 1526 9 1563; x_wconf 73' lang='lat' dir='ltr'><strong>t</strong></span> 
     </span>
     <span class='ocr_line' id='line_1_2' title="bbox 0 1606 9 1654; baseline 0 0"><span class='ocrx_word' id='word_1_2' title='bbox 0 1606 9 1654; x_wconf 70' lang='grc' dir='ltr'><strong>ι</strong></span> 
     </span>
     <span class='ocr_line' id='line_1_3' title="bbox 0 1698 11 1751; baseline 0 0"><span class='ocrx_word' id='word_1_3' title='bbox 0 1698 11 1751; x_wconf 66' lang='grc' dir='ltr'><strong>Ε</strong></span> 
     </span>
     <span class='ocr_line' id='line_1_4' title="bbox 0 1792 11 1844; baseline 0 0"><span class='ocrx_word' id='word_1_4' title='bbox 0 1792 11 1844; x_wconf 74' lang='grc' dir='ltr'><em>ἐ</em></span> 
     </span>
     <span class='ocr_line' id='line_1_5' title="bbox 0 1897 11 1935; baseline 0 0"><span class='ocrx_word' id='word_1_5' title='bbox 0 1897 11 1935; x_wconf 82' lang='lat' dir='ltr'><strong>i</strong></span> 
     </span>
     <span class='ocr_line' id='line_1_6' title="bbox 0 1990 12 2028; baseline 0 0"><span class='ocrx_word' id='word_1_6' title='bbox 0 1990 12 2028; x_wconf 89' lang='grc' dir='ltr'><strong>Ι</strong></span> 
     </span>
     <span class='ocr_line' id='line_1_7' title="bbox 0 2084 12 2121; baseline 0 0"><span class='ocrx_word' id='word_1_7' title='bbox 0 2084 12 2121; x_wconf 80' lang='lat'><strong>5</strong></span> 
     </span>
     <span class='ocr_line' id='line_1_8' title="bbox 0 2178 15 2213; baseline 0 -10"><span class='ocrx_word' id='word_1_8' title='bbox 0 2178 15 2213; x_wconf 62' lang='grc' dir='ltr'><strong>ι,</strong></span> 
     </span>
     <span class='ocr_line' id='line_1_9' title="bbox 0 2270 15 2305; baseline 0 0"><span class='ocrx_word' id='word_1_9' title='bbox 0 2270 15 2305; x_wconf 51' lang='grc' dir='ltr'><em>ἓ</em></span> 
     </span>
    </p>
   </div>
   <div class='ocr_carea' id='block_1_2' title="bbox 0 2360 16 2965">
    <p class='ocr_par' dir='ltr' id='par_1_2' title="bbox 0 2360 16 2965">
     <span class='ocr_line' id='line_1_10' title="bbox 0 2360 13 2399; baseline 0 0"><span class='ocrx_word' id='word_1_10' title='bbox 0 2360 13 2399; x_wconf 69' lang='grc' dir='ltr'>ε</span> 
     </span>
     <span class='ocr_line' id='line_1_11' title="bbox 0 2438 15 2490; baseline 0 0"><span class='ocrx_word' id='word_1_11' title='bbox 0 2438 15 2490; x_wconf 63' lang='lat' dir='ltr'><strong>i</strong></span> 
     </span>
     <span class='ocr_line' id='line_1_12' title="bbox 0 2546 16 2585; baseline 0 0"><span class='ocrx_word' id='word_1_12' title='bbox 0 2546 16 2585; x_wconf 94' lang='lat' dir='ltr'><strong>I</strong></span> 
     </span>
     <span class='ocr_line' id='line_1_13' title="bbox 0 2640 14 2678; baseline 0 0"><span class='ocrx_word' id='word_1_13' title='bbox 0 2640 14 2678; x_wconf 54' lang='grc' dir='ltr'><strong>ιτ</strong></span> 
     </span>
     <span class='ocr_line' id='line_1_14' title="bbox 0 2734 16 2769; baseline 0 0"><span class='ocrx_word' id='word_1_14' title='bbox 0 2734 16 2769; x_wconf 65' lang='lat'><strong>5</strong></span> 
     </span>
     <span class='ocr_line' id='line_1_15' title="bbox 0 2824 15 2863; baseline 0 0"><span class='ocrx_word' id='word_1_15' title='bbox 0 2824 15 2863; x_wconf 76' lang='grc' dir='ltr'>ι</span> 
     </span>
     <span class='ocr_line' id='line_1_16' title="bbox 0 2919 15 2965; baseline 0 0"><span class='ocrx_word' id='word_1_16' title='bbox 0 2919 15 2965; x_wconf 68' lang='lat'><strong>1;</strong></span> 
     </span>
    </p>
   </div>
   <div class='ocr_carea' id='block_1_3' title="bbox 0 3010 17 3529">
    <p class='ocr_par' dir='ltr' id='par_1_3' title="bbox 0 3010 17 3429">
     <span class='ocr_line' id='line_1_17' title="bbox 0 3010 17 3053; baseline 0 0"><span class='ocrx_word' id='word_1_17' title='bbox 0 3010 17 3053; x_wconf 71' lang='grc' dir='ltr'><strong>Ι</strong></span> 
     </span>
     <span class='ocr_line' id='line_1_18' title="bbox 0 3110 17 3145; baseline 0 0"><span class='ocrx_word' id='word_1_18' title='bbox 0 3110 17 3145; x_wconf 86' lang='lat' dir='ltr'><strong>l-</strong></span> 
     </span>
     <span class='ocr_line' id='line_1_19' title="bbox 0 3198 17 3241; baseline 0 -3"><span class='ocrx_word' id='word_1_19' title='bbox 0 3198 17 3241; x_wconf 77' lang='grc' dir='ltr'>Ι.</span> 
     </span>
     <span class='ocr_line' id='line_1_20' title="bbox 0 3284 17 3333; baseline 0 0"><span class='ocrx_word' id='word_1_20' title='bbox 0 3284 17 3333; x_wconf 62' lang='lat' dir='ltr'><strong>‘t</strong></span> 
     </span>
     <span class='ocr_line' id='line_1_21' title="bbox 0 3376 17 3429; baseline 0 0"><span class='ocrx_word' id='word_1_21' title='bbox 0 3376 17 3429; x_wconf 66' lang='grc' dir='ltr'>ι</span> 
     </span>
    </p>
   </div>
   <div class='ocr_carea' id='block_1_4' title="bbox 353 422 3608 495">
    <p class='ocr_par' dir='ltr' id='par_1_4' title="bbox 353 422 3608 495">
     <span class='ocr_line' id='line_1_22' title="bbox 353 422 3608 495; baseline 0.006 -21"><span class='ocrx_word' id='word_1_22' title='bbox 353 426 456 487; x_wconf 73' lang='lat'><strong><em>093</em></strong></span> <span class='ocrx_word' id='word_1_23' title='bbox 1289 422 1554 482; x_wconf 79' lang='lat' dir='ltr'><strong>GLOSSA</strong></span> <span class='ocrx_word' id='word_1_24' title='bbox 1592 423 1987 483; x_wconf 70' lang='lat' dir='ltr'><strong>ORDTNARIA.</strong></span> <span class='ocrx_word' id='word_1_25' title='bbox 2027 458 2098 469; x_wconf 89' lang='lat'><strong>-</strong></span> <span class='ocrx_word' id='word_1_26' title='bbox 2130 427 2259 485; x_wconf 79' lang='lat' dir='ltr'><strong>LIB.</strong></span> <span class='ocrx_word' id='word_1_27' title='bbox 2296 430 2317 486; x_wconf 86' lang='lat' dir='ltr'><strong>l</strong></span> <span class='ocrx_word' id='word_1_28' title='bbox 2355 430 2605 488; x_wconf 72' lang='lat' dir='ltr'><strong>ESDR/E</strong></span> <span class='ocrx_word' id='word_1_29' title='bbox 3504 438 3608 495; x_wconf 55' lang='lat' dir='ltr'><strong>69b</strong></span> 
     </span>
    </p>
   </div>
   <div class='ocr_carea' id='block_1_5' title="bbox 420 536 3607 618">
    <p class='ocr_par' dir='ltr' id='par_1_5' title="bbox 420 536 3607 618">
     <span class='ocr_line' id='line_1_23' title="bbox 420 536 3607 618; baseline 0.003 -19"><span class='ocrx_word' id='word_1_30' title='bbox 420 539 589 599; x_wconf 71' lang='lat' dir='ltr'><strong>Vns.</strong></span> <span class='ocrx_word' id='word_1_31' title='bbox 612 540 667 597; x_wconf 76' lang='grc'><strong>4.</strong></span> <span class='ocrx_word' id='word_1_32' title='bbox 684 537 834 595; x_wconf 76' lang='grc' dir='ltr'><strong>-Ει</strong></span> <span class='ocrx_word' id='word_1_33' title='bbox 855 556 1050 598; x_wconf 84' lang='lat' dir='ltr'><strong>omnes.</strong></span> <span class='ocrx_word' id='word_1_34' title='bbox 1069 538 1446 613; x_wconf 68' lang='lat' dir='ltr'><strong>(BsoA.,ibid.)</strong></span> <span class='ocrx_word' id='word_1_35' title='bbox 1468 536 1711 596; x_wconf 85' lang='lat' dir='ltr'><strong>Notanda</strong></span> <span class='ocrx_word' id='word_1_36' title='bbox 1734 541 1925 596; x_wconf 86' lang='lat' dir='ltr'><strong>distin-</strong></span> <span class='ocrx_word' id='word_1_37' title='bbox 1955 545 2005 607; x_wconf 79' lang='grc' dir='ltr'><strong>Α</strong></span> <span class='ocrx_word' id='word_1_38' title='bbox 2032 558 2192 613; x_wconf 83' lang='lat' dir='ltr'><strong>usque</strong></span> <span class='ocrx_word' id='word_1_39' title='bbox 2235 544 2303 598; x_wconf 89' lang='lat' dir='ltr'><strong>ad</strong></span> <span class='ocrx_word' id='word_1_40' title='bbox 2336 545 2473 600; x_wconf 82' lang='lat' dir='ltr'><strong>visio</strong></span> <span class='ocrx_word' id='word_1_41' title='bbox 2501 553 2680 601; x_wconf 87' lang='lat' dir='ltr'><strong>autem</strong></span> <span class='ocrx_word' id='word_1_42' title='bbox 2712 545 2863 617; x_wconf 85' lang='lat' dir='ltr'><strong>pacis</strong></span> <span class='ocrx_word' id='word_1_43' title='bbox 2889 552 2945 601; x_wconf 91' lang='lat' dir='ltr'><strong>et</strong></span> <span class='ocrx_word' id='word_1_44' title='bbox 2981 543 3251 603; x_wconf 82' lang='lat' dir='ltr'><strong>confessio</strong></span> <span class='ocrx_word' id='word_1_45' title='bbox 3278 545 3329 602; x_wconf 91' lang='lat' dir='ltr'><strong>in</strong></span> <span class='ocrx_word' id='word_1_46' title='bbox 3355 551 3607 618; x_wconf 76' lang='lat' dir='ltr'><strong>praesenti</strong></span> 
     </span>
    </p>
   </div>
   <div class='ocr_carea' id='block_1_6' title="bbox 351 630 1927 705">
    <p class='ocr_par' dir='ltr' id='par_1_6' title="bbox 351 630 1927 705">
     <span class='ocr_line' id='line_1_24' title="bbox 351 630 1927 705; baseline -0.001 -14"><span class='ocrx_word' id='word_1_47' title='bbox 351 635 463 699; x_wconf 84' lang='lat' dir='ltr'><strong>ctio</strong></span> <span class='ocrx_word' id='word_1_48' title='bbox 505 633 818 699; x_wconf 76' lang='lat' dir='ltr'><strong>verborum,</strong></span> <span class='ocrx_word' id='word_1_49' title='bbox 875 641 1008 699; x_wconf 90' lang='lat' dir='ltr'><strong>etc.,</strong></span> <span class='ocrx_word' id='word_1_50' title='bbox 1034 649 1195 705; x_wconf 81' lang='lat' dir='ltr'><strong>usque</strong></span> <span class='ocrx_word' id='word_1_51' title='bbox 1223 632 1291 685; x_wconf 84' lang='lat' dir='ltr'><strong>ad</strong></span> <span class='ocrx_word' id='word_1_52' title='bbox 1329 632 1471 687; x_wconf 85' lang='lat' dir='ltr'><strong>unde</strong></span> <span class='ocrx_word' id='word_1_53' title='bbox 1498 630 1777 689; x_wconf 79' lang='lat' dir='ltr'><strong>Joannes:</strong></span> <span class='ocrx_word' id='word_1_54' title='bbox 1814 632 1927 689; x_wconf 82' lang='lat' dir='ltr'><strong>Nos</strong></span> 
     </span>
    </p>
   </div>
   <div class='ocr_carea' id='block_1_7' title="bbox 349 724 1929 800">
    <p class='ocr_par' dir='ltr' id='par_1_7' title="bbox 349 724 1929 800">
     <span class='ocr_line' id='line_1_25' title="bbox 349 724 1929 800; baseline -0.003 -16"><span class='ocrx_word' id='word_1_55' title='bbox 349 743 476 800; x_wconf 80' lang='lat' dir='ltr'><strong>ergo</strong></span> <span class='ocrx_word' id='word_1_56' title='bbox 512 726 755 781; x_wconf 79' lang='lat' dir='ltr'><strong>debemus</strong></span> <span class='ocrx_word' id='word_1_57' title='bbox 802 724 1102 797; x_wconf 81' lang='lat' dir='ltr'><strong>hujusmodi</strong></span> <span class='ocrx_word' id='word_1_58' title='bbox 1151 724 1430 795; x_wconf 77' lang='lat' dir='ltr'><strong>suscipere,</strong></span> <span class='ocrx_word' id='word_1_59' title='bbox 1471 733 1529 779; x_wconf 87' lang='lat' dir='ltr'><strong>ut</strong></span> <span class='ocrx_word' id='word_1_60' title='bbox 1566 734 1929 797; x_wconf 76' lang='lat' dir='ltr'><strong>cooperatores</strong></span> 
     </span>
    </p>
   </div>
   <div class='ocr_carea' id='block_1_8' title="bbox 352 813 1437 888">
    <p class='ocr_par' dir='ltr' id='par_1_8' title="bbox 352 813 1437 888">
     <span class='ocr_line' id='line_1_26' title="bbox 352 813 1437 888; baseline -0.005 -14"><span class='ocrx_word' id='word_1_61' title='bbox 352 819 513 874; x_wconf 86' lang='lat' dir='ltr'><strong>simus</strong></span> <span class='ocrx_word' id='word_1_62' title='bbox 538 818 789 883; x_wconf 73' lang='lat' dir='ltr'><strong><em>veritatis,</em></strong></span> <span class='ocrx_word' id='word_1_63' title='bbox 819 824 925 872; x_wconf 90' lang='lat' dir='ltr'><strong>etc.</strong></span> <span class='ocrx_word' id='word_1_64' title='bbox 954 813 1075 888; x_wconf 82' lang='lat' dir='ltr'><strong>(III</strong></span> <span class='ocrx_word' id='word_1_65' title='bbox 1102 814 1264 871; x_wconf 81' lang='lat' dir='ltr'><strong>Joan.</strong></span> <span class='ocrx_word' id='word_1_66' title='bbox 1293 818 1437 888; x_wconf 77' lang='lat' dir='ltr'><strong>vui.)</strong></span> 
     </span>
    </p>
   </div>
   <div class='ocr_carea' id='block_1_9' title="bbox 424 898 1930 979">
    <p class='ocr_par' dir='ltr' id='par_1_9' title="bbox 424 898 1930 979">
     <span class='ocr_line' id='line_1_27' title="bbox 424 898 1930 979; baseline -0.001 -18"><span class='ocrx_word' id='word_1_67' title='bbox 424 908 704 979; x_wconf 79' lang='lat' dir='ltr'><strong>Adjuvent,</strong></span> <span class='ocrx_word' id='word_1_68' title='bbox 741 916 848 962; x_wconf 85' lang='lat' dir='ltr'><strong>etc.</strong></span> <span class='ocrx_word' id='word_1_69' title='bbox 889 898 992 973; x_wconf 80' lang='lat' dir='ltr'><strong>Qui</strong></span> <span class='ocrx_word' id='word_1_70' title='bbox 1037 904 1423 977; x_wconf 79' lang='lat' dir='ltr'><strong>temporalibus</strong></span> <span class='ocrx_word' id='word_1_71' title='bbox 1472 905 1769 972; x_wconf 87' lang='lat' dir='ltr'><strong>abundant,</strong></span> <span class='ocrx_word' id='word_1_72' title='bbox 1822 920 1930 961; x_wconf 89' lang='lat' dir='ltr'><strong>non</strong></span> 
     </span>
    </p>
   </div>
   <div class='ocr_carea' id='block_1_10' title="bbox 354 997 1931 1071">
    <p class='ocr_par' dir='ltr' id='par_1_10' title="bbox 354 997 1931 1071">
     <span class='ocr_line' id='line_1_28' title="bbox 354 997 1931 1071; baseline -0.003 -16"><span class='ocrx_word' id='word_1_73' title='bbox 354 999 525 1056; x_wconf 89' lang='lat' dir='ltr'><strong>solum</strong></span> <span class='ocrx_word' id='word_1_74' title='bbox 560 999 888 1071; x_wconf 83' lang='lat' dir='ltr'><strong>pauperibus</strong></span> <span class='ocrx_word' id='word_1_75' title='bbox 935 997 1138 1053; x_wconf 84' lang='lat' dir='ltr'><strong>Christi</strong></span> <span class='ocrx_word' id='word_1_76' title='bbox 1176 998 1483 1054; x_wconf 88' lang='lat' dir='ltr'><strong>necessaria</strong></span> <span class='ocrx_word' id='word_1_77' title='bbox 1524 998 1722 1053; x_wconf 86' lang='lat' dir='ltr'><strong>debent</strong></span> <span class='ocrx_word' id='word_1_78' title='bbox 1766 997 1931 1052; x_wconf 87' lang='lat' dir='ltr'><strong>mini-</strong></span> 
     </span>
    </p>
   </div>
   <div class='ocr_carea' id='block_1_11' title="bbox 354 1090 1931 1163">
    <p class='ocr_par' dir='ltr' id='par_1_11' title="bbox 354 1090 1931 1163">
     <span class='ocr_line' id='line_1_29' title="bbox 354 1090 1931 1163; baseline -0.003 -13"><span class='ocrx_word' id='word_1_79' title='bbox 354 1102 548 1159; x_wconf 89' lang='lat' dir='ltr'><strong>strare,</strong></span> <span class='ocrx_word' id='word_1_80' title='bbox 574 1093 670 1149; x_wconf 91' lang='lat' dir='ltr'><strong>sed</strong></span> <span class='ocrx_word' id='word_1_81' title='bbox 698 1104 753 1148; x_wconf 91' lang='lat' dir='ltr'><strong>et</strong></span> <span class='ocrx_word' id='word_1_82' title='bbox 780 1093 923 1147; x_wconf 91' lang='lat' dir='ltr'><strong>bona</strong></span> <span class='ocrx_word' id='word_1_83' title='bbox 945 1106 1065 1161; x_wconf 72' lang='lat' dir='ltr'><strong>qua:</strong></span> <span class='ocrx_word' id='word_1_84' title='bbox 1089 1101 1313 1162; x_wconf 90' lang='lat' dir='ltr'><strong>possunt</strong></span> <span class='ocrx_word' id='word_1_85' title='bbox 1332 1107 1431 1161; x_wconf 89' lang='lat' dir='ltr'><strong>pro</strong></span> <span class='ocrx_word' id='word_1_86' title='bbox 1460 1106 1521 1147; x_wconf 92' lang='lat' dir='ltr'><strong>se</strong></span> <span class='ocrx_word' id='word_1_87' title='bbox 1544 1090 1775 1146; x_wconf 84' lang='lat' dir='ltr'><strong>libenter</strong></span> <span class='ocrx_word' id='word_1_88' title='bbox 1800 1104 1931 1163; x_wconf 90' lang='lat' dir='ltr'><strong>ope-</strong></span> 
     </span>
    </p>
   </div>
   <div class='ocr_carea' id='block_1_12' title="bbox 355 1180 1933 1255">
    <p class='ocr_par' dir='ltr' id='par_1_12' title="bbox 355 1180 1933 1255">
     <span class='ocr_line' id='line_1_30' title="bbox 355 1180 1933 1255; baseline -0.002 -15"><span class='ocrx_word' id='word_1_89' title='bbox 355 1186 485 1250; x_wconf 87' lang='lat' dir='ltr'><strong>rari,</strong></span> <span class='ocrx_word' id='word_1_90' title='bbox 516 1192 575 1239; x_wconf 91' lang='lat' dir='ltr'><strong>ut</strong></span> <span class='ocrx_word' id='word_1_91' title='bbox 598 1195 829 1255; x_wconf 90' lang='lat' dir='ltr'><strong>utroque</strong></span> <span class='ocrx_word' id='word_1_92' title='bbox 872 1183 1156 1238; x_wconf 90' lang='lat' dir='ltr'><strong>commodo</strong></span> <span class='ocrx_word' id='word_1_93' title='bbox 1196 1182 1251 1237; x_wconf 89' lang='lat' dir='ltr'><strong>in</strong></span> <span class='ocrx_word' id='word_1_94' title='bbox 1297 1182 1497 1253; x_wconf 89' lang='lat' dir='ltr'><strong>templo</strong></span> <span class='ocrx_word' id='word_1_95' title='bbox 1539 1181 1634 1236; x_wconf 86' lang='lat' dir='ltr'><strong>Dei</strong></span> <span class='ocrx_word' id='word_1_96' title='bbox 1659 1180 1804 1254; x_wconf 90' lang='lat' dir='ltr'><strong>quod</strong></span> <span class='ocrx_word' id='word_1_97' title='bbox 1848 1189 1933 1237; x_wconf 90' lang='lat' dir='ltr'><strong>est</strong></span> 
     </span>
    </p>
   </div>
   <div class='ocr_carea' id='block_1_13' title="bbox 354 1275 1438 1347">
    <p class='ocr_par' dir='ltr' id='par_1_13' title="bbox 354 1275 1438 1347">
     <span class='ocr_line' id='line_1_31' title="bbox 354 1275 1438 1347; baseline -0.004 -14"><span class='ocrx_word' id='word_1_98' title='bbox 354 1276 615 1341; x_wconf 78' lang='lat' dir='ltr'><strong>Ecclesia,</strong></span> <span class='ocrx_word' id='word_1_99' title='bbox 643 1284 852 1347; x_wconf 90' lang='lat' dir='ltr'><strong>partem</strong></span> <span class='ocrx_word' id='word_1_100' title='bbox 879 1283 1191 1332; x_wconf 87' lang='lat' dir='ltr'><strong>mereantur</strong></span> <span class='ocrx_word' id='word_1_101' title='bbox 1214 1275 1438 1329; x_wconf 86' lang='lat' dir='ltr'><strong>habere.</strong></span> 
     </span>
    </p>
   </div>
   <div class='ocr_carea' id='block_1_14' title="bbox 425 1366 1932 1439">
    <p class='ocr_par' dir='ltr' id='par_1_14' title="bbox 425 1366 1932 1439">
     <span class='ocr_line' id='line_1_32' title="bbox 425 1366 1932 1439; baseline 0.001 -18"><span class='ocrx_word' id='word_1_102' title='bbox 425 1370 592 1427; x_wconf 75' lang='lat' dir='ltr'><strong>Vens.</strong></span> <span class='ocrx_word' id='word_1_103' title='bbox 620 1370 672 1425; x_wconf 82' lang='lat'><strong>5.</strong></span> <span class='ocrx_word' id='word_1_104' title='bbox 700 1400 770 1410; x_wconf 92' lang='lat'><strong><em>—</em></strong></span> <span class='ocrx_word' id='word_1_105' title='bbox 812 1368 881 1423; x_wconf 85' lang='lat' dir='ltr'><strong>Et</strong></span> <span class='ocrx_word' id='word_1_106' title='bbox 932 1378 1287 1424; x_wconf 73' lang='lat' dir='ltr'><strong>surrexerunt.</strong></span> <span class='ocrx_word' id='word_1_107' title='bbox 1315 1367 1503 1439; x_wconf 76' lang='lat' dir='ltr'><strong>(BEDA,</strong></span> <span class='ocrx_word' id='word_1_108' title='bbox 1557 1366 1707 1439; x_wconf 93' lang='lat' dir='ltr'><strong>ibid.)</strong></span> <span class='ocrx_word' id='word_1_109' title='bbox 1757 1366 1932 1439; x_wconf 80' lang='lat' dir='ltr'><strong>Cyrus</strong></span> 
     </span>
    </p>
   </div>
   <div class='ocr_carea' id='block_1_15' title="bbox 353 1458 1934 1539">
    <p class='ocr_par' dir='ltr' id='par_1_15' title="bbox 353 1458 1934 1539">
     <span class='ocr_line' id='line_1_33' title="bbox 353 1458 1934 1539; baseline -0.004 -20"><span class='ocrx_word' id='word_1_110' title='bbox 353 1463 534 1519; x_wconf 80' lang='lat' dir='ltr'><strong>omnia</strong></span> <span class='ocrx_word' id='word_1_111' title='bbox 560 1461 846 1539; x_wconf 67' lang='lat' dir='ltr'><strong>praecepit,</strong></span> <span class='ocrx_word' id='word_1_112' title='bbox 872 1461 980 1516; x_wconf 93' lang='lat' dir='ltr'><strong>imo</strong></span> <span class='ocrx_word' id='word_1_113' title='bbox 1011 1460 1262 1533; x_wconf 89' lang='lat' dir='ltr'><strong>permisit</strong></span> <span class='ocrx_word' id='word_1_114' title='bbox 1304 1460 1357 1515; x_wconf 91' lang='lat' dir='ltr'><strong>in</strong></span> <span class='ocrx_word' id='word_1_115' title='bbox 1402 1458 1702 1515; x_wconf 81' lang='lat' dir='ltr'><strong>Jerusalem</strong></span> <span class='ocrx_word' id='word_1_116' title='bbox 1744 1473 1934 1514; x_wconf 88' lang='lat' dir='ltr'><strong>ascen-</strong></span> 
     </span>
    </p>
   </div>
   <div class='ocr_carea' id='block_1_16' title="bbox 352 1553 1933 1626">
    <p class='ocr_par' dir='ltr' id='par_1_16' title="bbox 352 1553 1933 1626">
     <span class='ocr_line' id='line_1_34' title="bbox 352 1553 1933 1626; baseline -0.004 -15"><span class='ocrx_word' id='word_1_117' title='bbox 352 1557 483 1611; x_wconf 88' lang='lat' dir='ltr'><strong>dere</strong></span> <span class='ocrx_word' id='word_1_118' title='bbox 501 1565 557 1611; x_wconf 90' lang='lat' dir='ltr'><strong>et</strong></span> <span class='ocrx_word' id='word_1_119' title='bbox 582 1555 850 1611; x_wconf 74' lang='lat' dir='ltr'><strong>aedificare</strong></span> <span class='ocrx_word' id='word_1_120' title='bbox 870 1554 1085 1610; x_wconf 91' lang='lat' dir='ltr'><strong>domum</strong></span> <span class='ocrx_word' id='word_1_121' title='bbox 1113 1554 1340 1616; x_wconf 84' lang='lat' dir='ltr'><strong>Domini,</strong></span> <span class='ocrx_word' id='word_1_122' title='bbox 1385 1562 1491 1609; x_wconf 92' lang='lat' dir='ltr'><strong>etc.</strong></span> <span class='ocrx_word' id='word_1_123' title='bbox 1514 1595 1531 1620; x_wconf 81' lang='lat'><strong>,</strong></span> <span class='ocrx_word' id='word_1_124' title='bbox 1559 1569 1721 1626; x_wconf 86' lang='lat' dir='ltr'><strong>usque</strong></span> <span class='ocrx_word' id='word_1_125' title='bbox 1770 1553 1837 1607; x_wconf 87' lang='lat' dir='ltr'><strong>ad</strong></span> <span class='ocrx_word' id='word_1_126' title='bbox 1877 1558 1933 1607; x_wconf 92' lang='lat' dir='ltr'><strong>et</strong></span> 
     </span>
    </p>
   </div>
   <div class='ocr_carea' id='block_1_17' title="bbox 353 1644 1821 1719">
    <p class='ocr_par' dir='ltr' id='par_1_17' title="bbox 353 1644 1821 1719">
     <span class='ocr_line' id='line_1_35' title="bbox 353 1644 1821 1719; baseline -0.004 -16"><span class='ocrx_word' id='word_1_127' title='bbox 353 1648 474 1704; x_wconf 88' lang='lat' dir='ltr'><strong>ideo</strong></span> <span class='ocrx_word' id='word_1_128' title='bbox 511 1647 720 1705; x_wconf 71' lang='lat' dir='ltr'><strong>collatae</strong></span> <span class='ocrx_word' id='word_1_129' title='bbox 744 1646 1131 1703; x_wconf 72' lang='lat' dir='ltr'><strong>misericordia:</strong></span> <span class='ocrx_word' id='word_1_130' title='bbox 1156 1644 1425 1719; x_wconf 73' lang='lat' dir='ltr'><strong>particeps</strong></span> <span class='ocrx_word' id='word_1_131' title='bbox 1452 1659 1573 1700; x_wconf 90' lang='lat' dir='ltr'><strong>esse</strong></span> <span class='ocrx_word' id='word_1_132' title='bbox 1602 1644 1821 1698; x_wconf 88' lang='lat' dir='ltr'><strong>meruit.</strong></span> 
     </span>
    </p>
   </div>
   <div class='ocr_carea' id='block_1_18' title="bbox 424 1731 1933 1811">
    <p class='ocr_par' dir='ltr' id='par_1_18' title="bbox 424 1731 1933 1811">
     <span class='ocr_line' id='line_1_36' title="bbox 424 1731 1933 1811; baseline -0.003 -19"><span class='ocrx_word' id='word_1_133' title='bbox 424 1737 718 1809; x_wconf 75' lang='lat' dir='ltr'><strong>Principes.</strong></span> <span class='ocrx_word' id='word_1_134' title='bbox 748 1738 869 1809; x_wconf 73' lang='lat'><strong>(10.,</strong></span> <span class='ocrx_word' id='word_1_135' title='bbox 894 1737 1047 1811; x_wconf 79' lang='lat' dir='ltr'><strong>ibid.)</strong></span> <span class='ocrx_word' id='word_1_136' title='bbox 1076 1736 1384 1807; x_wconf 83' lang='lat' dir='ltr'><strong>Principum</strong></span> <span class='ocrx_word' id='word_1_137' title='bbox 1413 1732 1558 1790; x_wconf 91' lang='lat' dir='ltr'><strong>enim</strong></span> <span class='ocrx_word' id='word_1_138' title='bbox 1594 1743 1808 1807; x_wconf 89' lang='lat' dir='ltr'><strong>patrum</strong></span> <span class='ocrx_word' id='word_1_139' title='bbox 1835 1775 1849 1799; x_wconf 91' lang='lat'><strong>,</strong></span> <span class='ocrx_word' id='word_1_140' title='bbox 1877 1731 1933 1789; x_wconf 97' lang='lat' dir='ltr'><strong>id</strong></span> 
     </span>
    </p>
   </div>
   <div class='ocr_carea' id='block_1_19' title="bbox 351 1826 1930 1903">
    <p class='ocr_par' dir='ltr' id='par_1_19' title="bbox 351 1826 1930 1903">
     <span class='ocr_line' id='line_1_37' title="bbox 351 1826 1930 1903; baseline -0.005 -15"><span class='ocrx_word' id='word_1_141' title='bbox 351 1840 435 1888; x_wconf 88' lang='lat' dir='ltr'><strong>est</strong></span> <span class='ocrx_word' id='word_1_142' title='bbox 480 1831 885 1903; x_wconf 85' lang='lat' dir='ltr'><strong>magistrorum,</strong></span> <span class='ocrx_word' id='word_1_143' title='bbox 924 1838 1007 1884; x_wconf 91' lang='lat' dir='ltr'><strong>est</strong></span> <span class='ocrx_word' id='word_1_144' title='bbox 1056 1843 1219 1900; x_wconf 79' lang='lat' dir='ltr'><strong>Opere</strong></span> <span class='ocrx_word' id='word_1_145' title='bbox 1262 1834 1319 1883; x_wconf 87' lang='lat' dir='ltr'><strong>et</strong></span> <span class='ocrx_word' id='word_1_146' title='bbox 1360 1827 1609 1883; x_wconf 80' lang='lat' dir='ltr'><strong>doctrina</strong></span> <span class='ocrx_word' id='word_1_147' title='bbox 1630 1826 1930 1881; x_wconf 85' lang='lat' dir='ltr'><strong>errantium</strong></span> 
     </span>
    </p>
   </div>
   <div class='ocr_carea' id='block_1_20' title="bbox 350 1902 2006 1992">
    <p class='ocr_par' dir='ltr' id='par_1_20' title="bbox 350 1902 2006 1992">
     <span class='ocr_line' id='line_1_38' title="bbox 350 1902 2006 1992; baseline -0.004 -13"><span class='ocrx_word' id='word_1_148' title='bbox 350 1902 594 1989; x_wconf 82' lang='lat' dir='ltr'><strong>mentes,</strong></span> <span class='ocrx_word' id='word_1_149' title='bbox 651 1922 704 1985; x_wconf 88' lang='lat' dir='ltr'><strong>in</strong></span> <span class='ocrx_word' id='word_1_150' title='bbox 760 1922 939 1979; x_wconf 88' lang='lat' dir='ltr'><strong>studio</strong></span> <span class='ocrx_word' id='word_1_151' title='bbox 968 1921 1094 1977; x_wconf 91' lang='lat' dir='ltr'><strong>boni</strong></span> <span class='ocrx_word' id='word_1_152' title='bbox 1150 1919 1331 1992; x_wconf 88' lang='lat' dir='ltr'><strong>operis</strong></span> <span class='ocrx_word' id='word_1_153' title='bbox 1383 1920 1672 1976; x_wconf 67' lang='lat' dir='ltr'><strong>aedificare.</strong></span> <span class='ocrx_word' id='word_1_154' title='bbox 1723 1902 2006 1974; x_wconf 69' lang='lat' dir='ltr'><strong>ScribzeB</strong></span> 
     </span>
    </p>
   </div>
   <div class='ocr_carea' id='block_1_21' title="bbox 351 2010 1927 2087">
    <p class='ocr_par' dir='ltr' id='par_1_21' title="bbox 351 2010 1927 2087">
     <span class='ocr_line' id='line_1_39' title="bbox 351 2010 1927 2087; baseline -0.003 -18"><span class='ocrx_word' id='word_1_155' title='bbox 351 2012 493 2069; x_wconf 90' lang='lat' dir='ltr'><strong>docti</strong></span> <span class='ocrx_word' id='word_1_156' title='bbox 524 2014 578 2068; x_wconf 93' lang='lat' dir='ltr'><strong>in</strong></span> <span class='ocrx_word' id='word_1_157' title='bbox 606 2028 771 2087; x_wconf 86' lang='lat' dir='ltr'><strong>regno</strong></span> <span class='ocrx_word' id='word_1_158' title='bbox 801 2012 1083 2077; x_wconf 63' lang='lat' dir='ltr'><strong>caelorum,</strong></span> <span class='ocrx_word' id='word_1_159' title='bbox 1115 2011 1206 2082; x_wconf 92' lang='lat' dir='ltr'><strong>qui</strong></span> <span class='ocrx_word' id='word_1_160' title='bbox 1245 2010 1438 2065; x_wconf 88' lang='lat' dir='ltr'><strong>merita</strong></span> <span class='ocrx_word' id='word_1_161' title='bbox 1491 2024 1791 2081; x_wconf 81' lang='lat' dir='ltr'><strong>sensusque</strong></span> <span class='ocrx_word' id='word_1_162' title='bbox 1832 2025 1927 2065; x_wconf 91' lang='lat' dir='ltr'><strong>au-</strong></span> 
     </span>
    </p>
   </div>
   <div class='ocr_carea' id='block_1_22' title="bbox 352 2101 1929 2172">
    <p class='ocr_par' dir='ltr' id='par_1_22' title="bbox 352 2101 1929 2172">
     <span class='ocr_line' id='line_1_40' title="bbox 352 2101 1929 2172; baseline -0.004 -9"><span class='ocrx_word' id='word_1_163' title='bbox 352 2106 586 2165; x_wconf 86' lang='lat' dir='ltr'><strong>ditorum</strong></span> <span class='ocrx_word' id='word_1_164' title='bbox 639 2104 869 2163; x_wconf 86' lang='lat' dir='ltr'><strong>solerter</strong></span> <span class='ocrx_word' id='word_1_165' title='bbox 926 2105 1338 2170; x_wconf 80' lang='lat' dir='ltr'><strong>examinantes,</strong></span> <span class='ocrx_word' id='word_1_166' title='bbox 1385 2101 1679 2172; x_wconf 83' lang='lat' dir='ltr'><strong>dijudicare</strong></span> <span class='ocrx_word' id='word_1_167' title='bbox 1732 2112 1929 2159; x_wconf 88' lang='lat' dir='ltr'><strong>norunt</strong></span> 
     </span>
    </p>
   </div>
   <div class='ocr_carea' id='block_1_23' title="bbox 350 2193 1926 2273">
    <p class='ocr_par' dir='ltr' id='par_1_23' title="bbox 350 2193 1926 2273">
     <span class='ocr_line' id='line_1_41' title="bbox 350 2193 1926 2273; baseline -0.002 -20"><span class='ocrx_word' id='word_1_168' title='bbox 350 2212 512 2268; x_wconf 87' lang='lat' dir='ltr'><strong>quem</strong></span> <span class='ocrx_word' id='word_1_169' title='bbox 551 2196 606 2261; x_wconf 86' lang='lat' dir='ltr'><strong>in</strong></span> <span class='ocrx_word' id='word_1_170' title='bbox 649 2211 757 2273; x_wconf 89' lang='lat' dir='ltr'><strong>quo</strong></span> <span class='ocrx_word' id='word_1_171' title='bbox 796 2195 965 2268; x_wconf 88' lang='lat' dir='ltr'><strong>grado</strong></span> <span class='ocrx_word' id='word_1_172' title='bbox 996 2193 1283 2259; x_wconf 80' lang='lat' dir='ltr'><strong>ministerii</strong></span> <span class='ocrx_word' id='word_1_173' title='bbox 1318 2193 1676 2250; x_wconf 80' lang='lat' dir='ltr'><strong>ecclesiastici</strong></span> <span class='ocrx_word' id='word_1_174' title='bbox 1705 2210 1926 2265; x_wconf 85' lang='lat' dir='ltr'><strong>promo-</strong></span> 
     </span>
    </p>
   </div>
   <div class='ocr_carea' id='block_1_24' title="bbox 352 2296 535 2344">
    <p class='ocr_par' dir='ltr' id='par_1_24' title="bbox 352 2296 535 2344">
     <span class='ocr_line' id='line_1_42' title="bbox 352 2296 535 2344; baseline 0 -1"><span class='ocrx_word' id='word_1_175' title='bbox 352 2296 535 2344; x_wconf 87' lang='lat' dir='ltr'><strong>veant.</strong></span> 
     </span>
    </p>
   </div>
   <div class='ocr_carea' id='block_1_25' title="bbox 422 2376 1929 2455">
    <p class='ocr_par' dir='ltr' id='par_1_25' title="bbox 422 2376 1929 2455">
     <span class='ocr_line' id='line_1_43' title="bbox 422 2376 1929 2455; baseline -0.001 -19"><span class='ocrx_word' id='word_1_176' title='bbox 422 2379 491 2436; x_wconf 85' lang='lat' dir='ltr'><strong>Ut</strong></span> <span class='ocrx_word' id='word_1_177' title='bbox 522 2380 874 2437; x_wconf 78' lang='lat' dir='ltr'><strong>ascenderem.</strong></span> <span class='ocrx_word' id='word_1_178' title='bbox 908 2377 1031 2455; x_wconf 84' lang='lat' dir='ltr'><strong>(ln.,</strong></span> <span class='ocrx_word' id='word_1_179' title='bbox 1053 2378 1204 2451; x_wconf 85' lang='lat' dir='ltr'><strong>ibid.)</strong></span> <span class='ocrx_word' id='word_1_180' title='bbox 1238 2376 1576 2446; x_wconf 87' lang='lat' dir='ltr'><strong>Quotidianis</strong></span> <span class='ocrx_word' id='word_1_181' title='bbox 1597 2376 1929 2448; x_wconf 76' lang='lat' dir='ltr'><strong>profectibus</strong></span> 
     </span>
    </p>
   </div>
   <div class='ocr_carea' id='block_1_26' title="bbox 350 2470 1929 2547">
    <p class='ocr_par' dir='ltr' id='par_1_26' title="bbox 350 2470 1929 2547">
     <span class='ocr_line' id='line_1_44' title="bbox 350 2470 1929 2547; baseline -0.002 -18"><span class='ocrx_word' id='word_1_182' title='bbox 350 2472 501 2530; x_wconf 89' lang='lat' dir='ltr'><strong>velut</strong></span> <span class='ocrx_word' id='word_1_183' title='bbox 526 2473 843 2547; x_wconf 87' lang='lat' dir='ltr'><strong>quibusdam</strong></span> <span class='ocrx_word' id='word_1_184' title='bbox 876 2471 1131 2547; x_wconf 74' lang='lat' dir='ltr'><strong>gradibus</strong></span> <span class='ocrx_word' id='word_1_185' title='bbox 1151 2470 1397 2533; x_wconf 85' lang='lat' dir='ltr'><strong>ascendit</strong></span> <span class='ocrx_word' id='word_1_186' title='bbox 1418 2472 1485 2527; x_wconf 88' lang='lat' dir='ltr'><strong>ad</strong></span> <span class='ocrx_word' id='word_1_187' title='bbox 1508 2487 1776 2529; x_wconf 87' lang='lat' dir='ltr'><strong>summam</strong></span> <span class='ocrx_word' id='word_1_188' title='bbox 1820 2472 1929 2526; x_wconf 84' lang='lat' dir='ltr'><strong>vir-</strong></span> 
     </span>
    </p>
   </div>
   <div class='ocr_carea' id='block_1_27' title="bbox 353 2564 1929 2639">
    <p class='ocr_par' dir='ltr' id='par_1_27' title="bbox 353 2564 1929 2639">
     <span class='ocr_line' id='line_1_45' title="bbox 353 2564 1929 2639; baseline 0.001 -20"><span class='ocrx_word' id='word_1_189' title='bbox 353 2573 528 2620; x_wconf 87' lang='lat' dir='ltr'><strong>tutum</strong></span> <span class='ocrx_word' id='word_1_190' title='bbox 562 2580 684 2635; x_wconf 73' lang='lat' dir='ltr'><strong>quae</strong></span> <span class='ocrx_word' id='word_1_191' title='bbox 731 2573 858 2618; x_wconf 90' lang='lat' dir='ltr'><strong>sunt</strong></span> <span class='ocrx_word' id='word_1_192' title='bbox 894 2564 949 2619; x_wconf 91' lang='lat' dir='ltr'><strong>in</strong></span> <span class='ocrx_word' id='word_1_193' title='bbox 1007 2573 1224 2619; x_wconf 67' lang='lat' dir='ltr'><strong>aeterna:</strong></span> <span class='ocrx_word' id='word_1_194' title='bbox 1276 2564 1427 2639; x_wconf 89' lang='lat' dir='ltr'><strong>pacis</strong></span> <span class='ocrx_word' id='word_1_195' title='bbox 1481 2564 1706 2619; x_wconf 87' lang='lat' dir='ltr'><strong>visione.</strong></span> <span class='ocrx_word' id='word_1_196' title='bbox 1763 2565 1929 2621; x_wconf 87' lang='lat' dir='ltr'><strong>Primi</strong></span> 
     </span>
    </p>
   </div>
   <div class='ocr_carea' id='block_1_28' title="bbox 350 2655 1930 2730">
    <p class='ocr_par' dir='ltr' id='par_1_28' title="bbox 350 2655 1930 2730">
     <span class='ocr_line' id='line_1_46' title="bbox 350 2655 1930 2730; baseline 0 -17"><span class='ocrx_word' id='word_1_197' title='bbox 350 2657 550 2730; x_wconf 86' lang='lat' dir='ltr'><strong>gradus</strong></span> <span class='ocrx_word' id='word_1_198' title='bbox 588 2665 714 2713; x_wconf 91' lang='lat' dir='ltr'><strong>sunt</strong></span> <span class='ocrx_word' id='word_1_199' title='bbox 738 2658 1010 2728; x_wconf 82' lang='lat' dir='ltr'><strong>propriam</strong></span> <span class='ocrx_word' id='word_1_200' title='bbox 1054 2657 1221 2711; x_wconf 87' lang='lat' dir='ltr'><strong>vitam</strong></span> <span class='ocrx_word' id='word_1_201' title='bbox 1250 2657 1544 2728; x_wconf 80' lang='lat' dir='ltr'><strong>corrigere.</strong></span> <span class='ocrx_word' id='word_1_202' title='bbox 1588 2655 1822 2713; x_wconf 88' lang='lat' dir='ltr'><strong>Secundi</strong></span> <span class='ocrx_word' id='word_1_203' title='bbox 1861 2658 1930 2713; x_wconf 90' lang='lat' dir='ltr'><strong>de</strong></span> 
     </span>
    </p>
   </div>
   <div class='ocr_carea' id='block_1_29' title="bbox 350 2748 1930 2822">
    <p class='ocr_par' dir='ltr' id='par_1_29' title="bbox 350 2748 1930 2822">
     <span class='ocr_line' id='line_1_47' title="bbox 350 2748 1930 2822; baseline 0.002 -18"><span class='ocrx_word' id='word_1_204' title='bbox 350 2750 722 2821; x_wconf 65' lang='lat' dir='ltr'><strong>proximorum</strong></span> <span class='ocrx_word' id='word_1_205' title='bbox 747 2750 1021 2805; x_wconf 85' lang='lat' dir='ltr'><strong>erratibus</strong></span> <span class='ocrx_word' id='word_1_206' title='bbox 1037 2748 1311 2806; x_wconf 82' lang='lat' dir='ltr'><strong>laborare.</strong></span> <span class='ocrx_word' id='word_1_207' title='bbox 1336 2749 1587 2821; x_wconf 87' lang='lat' dir='ltr'><strong>Supremi</strong></span> <span class='ocrx_word' id='word_1_208' title='bbox 1614 2760 1737 2821; x_wconf 90' lang='lat' dir='ltr'><strong>post</strong></span> <span class='ocrx_word' id='word_1_209' title='bbox 1763 2767 1930 2822; x_wconf 85' lang='lat' dir='ltr'><strong>opera</strong></span> 
     </span>
    </p>
   </div>
   <div class='ocr_carea' id='block_1_30' title="bbox 350 2842 1931 2921">
    <p class='ocr_par' dir='ltr' id='par_1_30' title="bbox 350 2842 1931 2921">
     <span class='ocr_line' id='line_1_48' title="bbox 350 2842 1931 2921; baseline 0 -22"><span class='ocrx_word' id='word_1_210' title='bbox 350 2843 494 2899; x_wconf 91' lang='lat' dir='ltr'><strong>bona</strong></span> <span class='ocrx_word' id='word_1_211' title='bbox 523 2850 579 2903; x_wconf 89' lang='lat' dir='ltr'><strong>et</strong></span> <span class='ocrx_word' id='word_1_212' title='bbox 605 2842 907 2911; x_wconf 77' lang='lat' dir='ltr'><strong>doctrinam</strong></span> <span class='ocrx_word' id='word_1_213' title='bbox 937 2843 1133 2921; x_wconf 82' lang='lat' dir='ltr'><strong>gaudia</strong></span> <span class='ocrx_word' id='word_1_214' title='bbox 1170 2850 1445 2919; x_wconf 71' lang='lat' dir='ltr'><strong>perpetuae</strong></span> <span class='ocrx_word' id='word_1_215' title='bbox 1478 2844 1931 2909; x_wconf 86' lang='lat' dir='ltr'><strong>remunerationis</strong></span> 
     </span>
    </p>
   </div>
   <div class='ocr_carea' id='block_1_31' title="bbox 349 2942 686 3006">
    <p class='ocr_par' dir='ltr' id='par_1_31' title="bbox 349 2942 686 3006">
     <span class='ocr_line' id='line_1_49' title="bbox 349 2942 686 3006; baseline 0 -14"><span class='ocrx_word' id='word_1_216' title='bbox 349 2942 686 3006; x_wconf 78' lang='lat' dir='ltr'><strong>exspectare.</strong></span> 
     </span>
    </p>
   </div>
   <div class='ocr_carea' id='block_1_32' title="bbox 420 3024 1929 3097">
    <p class='ocr_par' dir='ltr' id='par_1_32' title="bbox 420 3024 1929 3097">
     <span class='ocr_line' id='line_1_50' title="bbox 420 3024 1929 3097; baseline -0.001 -12"><span class='ocrx_word' id='word_1_217' title='bbox 420 3028 583 3087; x_wconf 70' lang='lat' dir='ltr'><strong>Vens.</strong></span> <span class='ocrx_word' id='word_1_218' title='bbox 634 3025 688 3082; x_wconf 89' lang='lat'><strong>6.</strong></span> <span class='ocrx_word' id='word_1_219' title='bbox 718 3056 790 3071; x_wconf 91' lang='lat'><strong>—-</strong></span> <span class='ocrx_word' id='word_1_220' title='bbox 830 3024 1155 3097; x_wconf 82' lang='lat' dir='ltr'><strong>Adjuverunt</strong></span> <span class='ocrx_word' id='word_1_221' title='bbox 1212 3042 1404 3083; x_wconf 84' lang='lat' dir='ltr'><strong>manus</strong></span> <span class='ocrx_word' id='word_1_222' title='bbox 1453 3042 1633 3081; x_wconf 85' lang='lat' dir='ltr'><strong>eorum</strong></span> <span class='ocrx_word' id='word_1_223' title='bbox 1671 3027 1726 3083; x_wconf 83' lang='lat' dir='ltr'><strong>in</strong></span> <span class='ocrx_word' id='word_1_224' title='bbox 1769 3028 1929 3083; x_wconf 83' lang='lat' dir='ltr'><strong>vasis.</strong></span> 
     </span>
    </p>
   </div>
   <div class='ocr_carea' id='block_1_33' title="bbox 336 3116 1934 3187">
    <p class='ocr_par' dir='ltr' id='par_1_33' title="bbox 336 3116 1934 3187">
     <span class='ocr_line' id='line_1_51' title="bbox 336 3116 1934 3187; baseline 0 -14"><span class='ocrx_word' id='word_1_225' title='bbox 336 3117 540 3175; x_wconf 18' lang='lat' dir='ltr'><strong>altanus</strong></span> <span class='ocrx_word' id='word_1_226' title='bbox 588 3116 973 3183; x_wconf 76' lang='lat' dir='ltr'><strong>aediﬁcandum</strong></span> <span class='ocrx_word' id='word_1_227' title='bbox 1023 3116 1177 3184; x_wconf 92' lang='lat' dir='ltr'><strong>socii,</strong></span> <span class='ocrx_word' id='word_1_228' title='bbox 1224 3117 1316 3187; x_wconf 85' lang='lat' dir='ltr'><strong>qui</strong></span> <span class='ocrx_word' id='word_1_229' title='bbox 1358 3116 1629 3179; x_wconf 82' lang='lat' dir='ltr'><strong>aediﬁcare</strong></span> <span class='ocrx_word' id='word_1_230' title='bbox 1659 3128 1934 3187; x_wconf 88' lang='lat' dir='ltr'><strong>nequeunt</strong></span> 
     </span>
    </p>
   </div>
   <div class='ocr_carea' id='block_1_34' title="bbox 2031 622 3060 707">
    <p class='ocr_par' dir='ltr' id='par_1_34' title="bbox 2031 622 3060 707">
     <span class='ocr_line' id='line_1_52' title="bbox 2031 622 3060 707; baseline 0.004 -21"><span class='ocrx_word' id='word_1_231' title='bbox 2031 622 2346 700; x_wconf 72' lang='lat' dir='ltr'><strong>inchoatur&#39;,</strong></span> <span class='ocrx_word' id='word_1_232' title='bbox 2375 643 2431 690; x_wconf 89' lang='lat' dir='ltr'><strong>et</strong></span> <span class='ocrx_word' id='word_1_233' title='bbox 2469 634 2523 689; x_wconf 88' lang='lat' dir='ltr'><strong>in</strong></span> <span class='ocrx_word' id='word_1_234' title='bbox 2555 634 2737 691; x_wconf 81' lang='lat' dir='ltr'><strong>futuro</strong></span> <span class='ocrx_word' id='word_1_235' title='bbox 2760 634 3060 707; x_wconf 84' lang='lat' dir='ltr'><strong>perﬁcitur.</strong></span> 
     </span>
    </p>
   </div>
   <div class='ocr_carea' id='block_1_35' title="bbox 2101 722 3613 802">
    <p class='ocr_par' dir='ltr' id='par_1_35' title="bbox 2101 722 3613 802">
     <span class='ocr_line' id='line_1_53' title="bbox 2101 722 3613 802; baseline 0.007 -24"><span class='ocrx_word' id='word_1_236' title='bbox 2101 722 2464 798; x_wconf 79' lang='lat' dir='ltr'><strong>Unusquisque</strong></span> <span class='ocrx_word' id='word_1_237' title='bbox 2491 727 2543 781; x_wconf 86' lang='lat' dir='ltr'><strong>in</strong></span> <span class='ocrx_word' id='word_1_238' title='bbox 2558 728 2836 783; x_wconf 83' lang='lat' dir='ltr'><strong>civitatem.</strong></span> <span class='ocrx_word' id='word_1_239' title='bbox 2860 726 2983 802; x_wconf 67' lang='lat'><strong>(11).,</strong></span> <span class='ocrx_word' id='word_1_240' title='bbox 2998 725 3151 799; x_wconf 90' lang='lat' dir='ltr'><strong>ibid.)</strong></span> <span class='ocrx_word' id='word_1_241' title='bbox 3180 726 3304 785; x_wconf 85' lang='lat' dir='ltr'><strong>Ideo</strong></span> <span class='ocrx_word' id='word_1_242' title='bbox 3321 729 3613 801; x_wconf 82' lang='lat' dir='ltr'><strong>vigilanter</strong></span> 
     </span>
    </p>
   </div>
   <div class='ocr_carea' id='block_1_36' title="bbox 2033 813 3609 890">
    <p class='ocr_par' dir='ltr' id='par_1_36' title="bbox 2033 813 3609 890">
     <span class='ocr_line' id='line_1_54' title="bbox 2033 813 3609 890; baseline 0.006 -20"><span class='ocrx_word' id='word_1_243' title='bbox 2033 813 2310 885; x_wconf 86' lang='lat' dir='ltr'><strong>Scriptura</strong></span> <span class='ocrx_word' id='word_1_244' title='bbox 2353 818 2599 873; x_wconf 81' lang='lat' dir='ltr'><strong>distinxit</strong></span> <span class='ocrx_word' id='word_1_245' title='bbox 2631 819 2697 873; x_wconf 92' lang='lat' dir='ltr'><strong>de</strong></span> <span class='ocrx_word' id='word_1_246' title='bbox 2734 834 2839 889; x_wconf 89' lang='lat' dir='ltr'><strong>qua</strong></span> <span class='ocrx_word' id='word_1_247' title='bbox 2880 818 3229 890; x_wconf 78' lang='lat' dir='ltr'><strong>generatione</strong></span> <span class='ocrx_word' id='word_1_248' title='bbox 3270 820 3609 890; x_wconf 89' lang='lat' dir='ltr'><strong>captivorum</strong></span> 
     </span>
    </p>
   </div>
   <div class='ocr_carea' id='block_1_37' title="bbox 2031 905 3612 985">
    <p class='ocr_par' dir='ltr' id='par_1_37' title="bbox 2031 905 3612 985">
     <span class='ocr_line' id='line_1_55' title="bbox 2031 905 3612 985; baseline 0.005 -23"><span class='ocrx_word' id='word_1_249' title='bbox 2031 905 2191 962; x_wconf 90' lang='lat' dir='ltr'><strong>soluti</strong></span> <span class='ocrx_word' id='word_1_250' title='bbox 2217 906 2270 961; x_wconf 91' lang='lat' dir='ltr'><strong>in</strong></span> <span class='ocrx_word' id='word_1_251' title='bbox 2287 909 2522 977; x_wconf 90' lang='lat' dir='ltr'><strong>patriam</strong></span> <span class='ocrx_word' id='word_1_252' title='bbox 2545 908 2825 972; x_wconf 87' lang='lat' dir='ltr'><strong>redierint,</strong></span> <span class='ocrx_word' id='word_1_253' title='bbox 2852 918 2981 976; x_wconf 91' lang='lat' dir='ltr'><strong>etc.,</strong></span> <span class='ocrx_word' id='word_1_254' title='bbox 3010 927 3173 982; x_wconf 85' lang='lat' dir='ltr'><strong>usque</strong></span> <span class='ocrx_word' id='word_1_255' title='bbox 3200 910 3267 965; x_wconf 90' lang='lat' dir='ltr'><strong>ad</strong></span> <span class='ocrx_word' id='word_1_256' title='bbox 3294 927 3395 983; x_wconf 90' lang='lat' dir='ltr'><strong>pro</strong></span> <span class='ocrx_word' id='word_1_257' title='bbox 3415 914 3612 985; x_wconf 84' lang='lat' dir='ltr'><strong>quibus</strong></span> 
     </span>
    </p>
   </div>
   <div class='ocr_carea' id='block_1_38' title="bbox 2033 1000 2812 1056">
    <p class='ocr_par' dir='ltr' id='par_1_38' title="bbox 2033 1000 2812 1056">
     <span class='ocr_line' id='line_1_56' title="bbox 2033 1000 2812 1056; baseline 0.003 -2"><span class='ocrx_word' id='word_1_258' title='bbox 2033 1006 2179 1054; x_wconf 89' lang='lat' dir='ltr'><strong>certa</strong></span> <span class='ocrx_word' id='word_1_259' title='bbox 2210 1000 2457 1055; x_wconf 87' lang='lat' dir='ltr'><strong>mercede</strong></span> <span class='ocrx_word' id='word_1_260' title='bbox 2484 1009 2812 1056; x_wconf 79' lang='lat' dir='ltr'><strong>remaneret.</strong></span> 
     </span>
    </p>
   </div>
   <div class='ocr_carea' id='block_1_39' title="bbox 2103 1088 3613 1166">
    <p class='ocr_par' dir='ltr' id='par_1_39' title="bbox 2103 1088 3613 1166">
     <span class='ocr_line' id='line_1_57' title="bbox 2103 1088 3613 1166; baseline 0.005 -22"><span class='ocrx_word' id='word_1_261' title='bbox 2103 1088 2270 1145; x_wconf 79' lang='lat' dir='ltr'><strong>Vens.</strong></span> <span class='ocrx_word' id='word_1_262' title='bbox 2298 1090 2428 1145; x_wconf 76' lang='grc'><strong>2.-</strong></span> <span class='ocrx_word' id='word_1_263' title='bbox 2460 1091 2748 1159; x_wconf 86' lang='lat' dir='ltr'><strong>Numerus,</strong></span> <span class='ocrx_word' id='word_1_264' title='bbox 2791 1100 2896 1149; x_wconf 85' lang='lat' dir='ltr'><strong>etc.</strong></span> <span class='ocrx_word' id='word_1_265' title='bbox 2929 1091 3051 1165; x_wconf 84' lang='lat' dir='ltr'><strong>(ln.,</strong></span> <span class='ocrx_word' id='word_1_266' title='bbox 3073 1092 3228 1166; x_wconf 84' lang='lat' dir='ltr'><strong>ibid.)</strong></span> <span class='ocrx_word' id='word_1_267' title='bbox 3253 1092 3514 1163; x_wconf 78' lang='lat' dir='ltr'><strong>Populum</strong></span> <span class='ocrx_word' id='word_1_268' title='bbox 3537 1095 3613 1152; x_wconf 85' lang='lat' dir='ltr'><strong>ls-</strong></span> 
     </span>
    </p>
   </div>
   <div class='ocr_carea' id='block_1_40' title="bbox 2033 1182 3612 1257">
    <p class='ocr_par' dir='ltr' id='par_1_40' title="bbox 2033 1182 3612 1257">
     <span class='ocr_line' id='line_1_58' title="bbox 2033 1182 3612 1257; baseline 0.003 -19"><span class='ocrx_word' id='word_1_269' title='bbox 2033 1183 2144 1238; x_wconf 88' lang='lat' dir='ltr'><strong>rael</strong></span> <span class='ocrx_word' id='word_1_270' title='bbox 2159 1184 2357 1239; x_wconf 88' lang='lat' dir='ltr'><strong>tribum</strong></span> <span class='ocrx_word' id='word_1_271' title='bbox 2379 1182 2510 1239; x_wconf 85' lang='lat' dir='ltr'><strong>Juda</strong></span> <span class='ocrx_word' id='word_1_272' title='bbox 2540 1193 2592 1239; x_wconf 91' lang='lat' dir='ltr'><strong>et</strong></span> <span class='ocrx_word' id='word_1_273' title='bbox 2609 1184 2889 1255; x_wconf 83' lang='lat' dir='ltr'><strong>Benjamin</strong></span> <span class='ocrx_word' id='word_1_274' title='bbox 2913 1185 3066 1251; x_wconf 85' lang='lat' dir='ltr'><strong>dicit,</strong></span> <span class='ocrx_word' id='word_1_275' title='bbox 3088 1195 3219 1251; x_wconf 89' lang='lat' dir='ltr'><strong>etc.,</strong></span> <span class='ocrx_word' id='word_1_276' title='bbox 3236 1203 3397 1257; x_wconf 83' lang='lat' dir='ltr'><strong>usque</strong></span> <span class='ocrx_word' id='word_1_277' title='bbox 3416 1187 3486 1241; x_wconf 82' lang='lat' dir='ltr'><strong>ad</strong></span> <span class='ocrx_word' id='word_1_278' title='bbox 3509 1203 3612 1242; x_wconf 88' lang='lat' dir='ltr'><strong>una</strong></span> 
     </span>
    </p>
   </div>
   <div class='ocr_carea' id='block_1_41' title="bbox 2032 1274 3615 1346">
    <p class='ocr_par' dir='ltr' id='par_1_41' title="bbox 2032 1274 3615 1346">
     <span class='ocr_line' id='line_1_59' title="bbox 2032 1274 3615 1346; baseline 0.003 -16"><span class='ocrx_word' id='word_1_279' title='bbox 2032 1288 2155 1330; x_wconf 89' lang='lat' dir='ltr'><strong>cum</strong></span> <span class='ocrx_word' id='word_1_280' title='bbox 2186 1274 2551 1330; x_wconf 86' lang='lat' dir='ltr'><strong>sacerdotibus</strong></span> <span class='ocrx_word' id='word_1_281' title='bbox 2577 1284 2632 1330; x_wconf 89' lang='lat' dir='ltr'><strong>et</strong></span> <span class='ocrx_word' id='word_1_282' title='bbox 2652 1275 2854 1331; x_wconf 76' lang='lat' dir='ltr'><strong>Levitis</strong></span> <span class='ocrx_word' id='word_1_283' title='bbox 2882 1276 2975 1346; x_wconf 90' lang='lat' dir='ltr'><strong>qui</strong></span> <span class='ocrx_word' id='word_1_284' title='bbox 3000 1277 3143 1331; x_wconf 90' lang='lat' dir='ltr'><strong>inter</strong></span> <span class='ocrx_word' id='word_1_285' title='bbox 3163 1292 3255 1333; x_wconf 92' lang='lat' dir='ltr'><strong>eos</strong></span> <span class='ocrx_word' id='word_1_286' title='bbox 3280 1284 3482 1333; x_wconf 86' lang='lat' dir='ltr'><strong>sortem</strong></span> <span class='ocrx_word' id='word_1_287' title='bbox 3514 1279 3615 1334; x_wconf 87' lang='lat' dir='ltr'><strong>ba-</strong></span> 
     </span>
    </p>
   </div>
   <div class='ocr_carea' id='block_1_42' title="bbox 2031 1364 2797 1437">
    <p class='ocr_par' dir='ltr' id='par_1_42' title="bbox 2031 1364 2797 1437">
     <span class='ocr_line' id='line_1_60' title="bbox 2031 1364 2797 1437; baseline 0.001 -18"><span class='ocrx_word' id='word_1_288' title='bbox 2031 1364 2292 1437; x_wconf 50' lang='lat' dir='ltr'><strong>buerant,</strong></span> <span class='ocrx_word' id='word_1_289' title='bbox 2322 1365 2519 1421; x_wconf 85' lang='lat' dir='ltr'><strong>debere</strong></span> <span class='ocrx_word' id='word_1_290' title='bbox 2552 1366 2797 1437; x_wconf 79' lang='lat' dir='ltr'><strong>intelligi.</strong></span> 
     </span>
    </p>
   </div>
   <div class='ocr_carea' id='block_1_43' title="bbox 2103 1454 3616 1535">
    <p class='ocr_par' dir='ltr' id='par_1_43' title="bbox 2103 1454 3616 1535">
     <span class='ocr_line' id='line_1_61' title="bbox 2103 1454 3616 1535; baseline 0.009 -32"><span class='ocrx_word' id='word_1_291' title='bbox 2103 1454 2267 1510; x_wconf 75' lang='lat' dir='ltr'><strong>Vens.</strong></span> <span class='ocrx_word' id='word_1_292' title='bbox 2298 1456 2387 1511; x_wconf 80' lang='lat'><strong>58.</strong></span> <span class='ocrx_word' id='word_1_293' title='bbox 2416 1487 2485 1496; x_wconf 92' lang='lat'><strong>-—</strong></span> <span class='ocrx_word' id='word_1_294' title='bbox 2515 1456 2786 1513; x_wconf 72' lang='lat' dir='ltr'><strong>Nathinaei</strong></span> <span class='ocrx_word' id='word_1_295' title='bbox 2796 1458 2919 1531; x_wconf 84' lang='lat' dir='ltr'><strong>ﬁlii,</strong></span> <span class='ocrx_word' id='word_1_296' title='bbox 2949 1468 3053 1515; x_wconf 89' lang='lat' dir='ltr'><strong>etc.</strong></span> <span class='ocrx_word' id='word_1_297' title='bbox 3087 1457 3210 1531; x_wconf 86' lang='lat' dir='ltr'><strong>(lo.,</strong></span> <span class='ocrx_word' id='word_1_298' title='bbox 3241 1460 3394 1535; x_wconf 86' lang='lat' dir='ltr'><strong>ibid.)</strong></span> <span class='ocrx_word' id='word_1_299' title='bbox 3422 1460 3616 1516; x_wconf 81' lang='lat' dir='ltr'><strong>Nathi-</strong></span> 
     </span>
    </p>
   </div>
   <div class='ocr_carea' id='block_1_44' title="bbox 2034 1546 3617 1631">
    <p class='ocr_par' dir='ltr' id='par_1_44' title="bbox 2034 1546 3617 1631">
     <span class='ocr_line' id='line_1_62' title="bbox 2034 1546 3617 1631; baseline 0.003 -30"><span class='ocrx_word' id='word_1_300' title='bbox 2034 1547 2137 1602; x_wconf 86' lang='lat' dir='ltr'><strong>naei</strong></span> <span class='ocrx_word' id='word_1_301' title='bbox 2165 1546 2255 1617; x_wconf 89' lang='lat' dir='ltr'><strong>qui</strong></span> <span class='ocrx_word' id='word_1_302' title='bbox 2292 1554 2414 1618; x_wconf 88' lang='lat' dir='ltr'><strong>post</strong></span> <span class='ocrx_word' id='word_1_303' title='bbox 2429 1548 2772 1631; x_wconf 71' lang='lat' dir='ltr'><strong>sacerdotes,</strong></span> <span class='ocrx_word' id='word_1_304' title='bbox 2805 1548 3055 1615; x_wconf 79' lang='lat' dir='ltr'><strong>Levitas,</strong></span> <span class='ocrx_word' id='word_1_305' title='bbox 3087 1560 3362 1618; x_wconf 89' lang='lat' dir='ltr'><strong>cantores,</strong></span> <span class='ocrx_word' id='word_1_306' title='bbox 3395 1561 3451 1607; x_wconf 91' lang='lat' dir='ltr'><strong>et</strong></span> <span class='ocrx_word' id='word_1_307' title='bbox 3471 1550 3617 1621; x_wconf 88' lang='lat' dir='ltr'><strong>jani-</strong></span> 
     </span>
    </p>
   </div>
   <div class='ocr_carea' id='block_1_45' title="bbox 2033 1642 3615 1717">
    <p class='ocr_par' dir='ltr' id='par_1_45' title="bbox 2033 1642 3615 1717">
     <span class='ocr_line' id='line_1_63' title="bbox 2033 1642 3615 1717; baseline 0.002 -19"><span class='ocrx_word' id='word_1_308' title='bbox 2033 1650 2178 1699; x_wconf 89' lang='lat' dir='ltr'><strong>tores</strong></span> <span class='ocrx_word' id='word_1_309' title='bbox 2221 1642 2274 1696; x_wconf 90' lang='lat' dir='ltr'><strong>in</strong></span> <span class='ocrx_word' id='word_1_310' title='bbox 2316 1643 2508 1698; x_wconf 87' lang='lat' dir='ltr'><strong>ordine</strong></span> <span class='ocrx_word' id='word_1_311' title='bbox 2558 1644 2961 1711; x_wconf 90' lang='lat' dir='ltr'><strong>describuntur,</strong></span> <span class='ocrx_word' id='word_1_312' title='bbox 3014 1644 3115 1715; x_wconf 90' lang='lat' dir='ltr'><strong>ipsi</strong></span> <span class='ocrx_word' id='word_1_313' title='bbox 3166 1653 3297 1700; x_wconf 89' lang='lat' dir='ltr'><strong>tunc</strong></span> <span class='ocrx_word' id='word_1_314' title='bbox 3342 1644 3494 1701; x_wconf 79' lang='lat' dir='ltr'><strong>fuere</strong></span> <span class='ocrx_word' id='word_1_315' title='bbox 3523 1646 3615 1717; x_wconf 89' lang='lat' dir='ltr'><strong>qui</strong></span> 
     </span>
    </p>
   </div>
   <div class='ocr_carea' id='block_1_46' title="bbox 2031 1732 3619 1803">
    <p class='ocr_par' dir='ltr' id='par_1_46' title="bbox 2031 1732 3619 1803">
     <span class='ocr_line' id='line_1_64' title="bbox 2031 1732 3619 1803; baseline 0.004 -17"><span class='ocrx_word' id='word_1_316' title='bbox 2031 1748 2174 1787; x_wconf 89' lang='lat' dir='ltr'><strong>nunc</strong></span> <span class='ocrx_word' id='word_1_317' title='bbox 2229 1732 2283 1787; x_wconf 90' lang='lat' dir='ltr'><strong>in</strong></span> <span class='ocrx_word' id='word_1_318' title='bbox 2320 1733 2562 1788; x_wconf 85' lang='lat' dir='ltr'><strong>Ecclesia</strong></span> <span class='ocrx_word' id='word_1_319' title='bbox 2608 1733 2921 1789; x_wconf 89' lang='lat' dir='ltr'><strong>subdiaconi</strong></span> <span class='ocrx_word' id='word_1_320' title='bbox 2968 1742 3256 1803; x_wconf 85' lang='lat' dir='ltr'><strong>vocantur,</strong></span> <span class='ocrx_word' id='word_1_321' title='bbox 3304 1736 3619 1792; x_wconf 88' lang='lat' dir='ltr'><strong>obedientes</strong></span> 
     </span>
    </p>
   </div>
   <div class='ocr_carea' id='block_1_47' title="bbox 2032 1822 3615 1896">
    <p class='ocr_par' dir='ltr' id='par_1_47' title="bbox 2032 1822 3615 1896">
     <span class='ocr_line' id='line_1_65' title="bbox 2032 1822 3615 1896; baseline 0.002 -18"><span class='ocrx_word' id='word_1_322' title='bbox 2032 1822 2219 1879; x_wconf 80' lang='lat' dir='ltr'><strong>oliiciis</strong></span> <span class='ocrx_word' id='word_1_323' title='bbox 2260 1823 2568 1880; x_wconf 87' lang='lat' dir='ltr'><strong>Levitarum</strong></span> <span class='ocrx_word' id='word_1_324' title='bbox 2593 1865 2608 1892; x_wconf 91' lang='lat'><strong>,</strong></span> <span class='ocrx_word' id='word_1_325' title='bbox 2657 1832 2713 1880; x_wconf 89' lang='lat' dir='ltr'><strong>et</strong></span> <span class='ocrx_word' id='word_1_326' title='bbox 2759 1825 3060 1882; x_wconf 85' lang='lat' dir='ltr'><strong>oblationes</strong></span> <span class='ocrx_word' id='word_1_327' title='bbox 3106 1825 3161 1880; x_wconf 89' lang='lat' dir='ltr'><strong>in</strong></span> <span class='ocrx_word' id='word_1_328' title='bbox 3197 1826 3396 1896; x_wconf 90' lang='lat' dir='ltr'><strong>templo</strong></span> <span class='ocrx_word' id='word_1_329' title='bbox 3439 1827 3615 1882; x_wconf 87' lang='lat' dir='ltr'><strong>susci-</strong></span> 
     </span>
    </p>
   </div>
   <div class='ocr_carea' id='block_1_48' title="bbox 2033 1920 2544 1991">
    <p class='ocr_par' dir='ltr' id='par_1_48' title="bbox 2033 1920 2544 1991">
     <span class='ocr_line' id='line_1_66' title="bbox 2033 1920 2544 1991; baseline 0.002 -18"><span class='ocrx_word' id='word_1_330' title='bbox 2033 1920 2242 1991; x_wconf 86' lang='lat' dir='ltr'><strong>pientes</strong></span> <span class='ocrx_word' id='word_1_331' title='bbox 2272 1935 2301 1973; x_wconf 89' lang='lat' dir='ltr'><strong>a</strong></span> <span class='ocrx_word' id='word_1_332' title='bbox 2328 1921 2544 1991; x_wconf 92' lang='lat' dir='ltr'><strong>populo.</strong></span> 
     </span>
    </p>
   </div>
   <div class='ocr_carea' id='block_1_49' title="bbox 2104 2010 3620 2089">
    <p class='ocr_par' dir='ltr' id='par_1_49' title="bbox 2104 2010 3620 2089">
     <span class='ocr_line' id='line_1_67' title="bbox 2104 2010 3620 2089; baseline 0.004 -23"><span class='ocrx_word' id='word_1_333' title='bbox 2104 2010 2293 2066; x_wconf 84' lang='lat' dir='ltr'><strong>Omnes</strong></span> <span class='ocrx_word' id='word_1_334' title='bbox 2328 2011 2617 2068; x_wconf 80' lang='lat' dir='ltr'><strong>Nathimri.</strong></span> <span class='ocrx_word' id='word_1_335' title='bbox 2644 2012 2931 2089; x_wconf 82' lang='lat' dir='ltr'><strong>(ln.,ibid.)</strong></span> <span class='ocrx_word' id='word_1_336' title='bbox 2963 2016 3077 2071; x_wconf 80' lang='lat' dir='ltr'><strong>Hoc</strong></span> <span class='ocrx_word' id='word_1_337' title='bbox 3096 2016 3214 2074; x_wconf 92' lang='lat' dir='ltr'><strong>loco</strong></span> <span class='ocrx_word' id='word_1_338' title='bbox 3239 2016 3403 2073; x_wconf 92' lang='lat' dir='ltr'><strong>etiam</strong></span> <span class='ocrx_word' id='word_1_339' title='bbox 3426 2032 3620 2073; x_wconf 90' lang='lat' dir='ltr'><strong>secun-</strong></span> 
     </span>
    </p>
   </div>
   <div class='ocr_carea' id='block_1_50' title="bbox 2032 2102 3617 2182">
    <p class='ocr_par' dir='ltr' id='par_1_50' title="bbox 2032 2102 3617 2182">
     <span class='ocr_line' id='line_1_68' title="bbox 2032 2102 3617 2182; baseline 0.005 -23"><span class='ocrx_word' id='word_1_340' title='bbox 2032 2105 2155 2159; x_wconf 91' lang='lat' dir='ltr'><strong>dum</strong></span> <span class='ocrx_word' id='word_1_341' title='bbox 2202 2102 2436 2158; x_wconf 89' lang='lat' dir='ltr'><strong>litteram</strong></span> <span class='ocrx_word' id='word_1_342' title='bbox 2481 2106 2652 2177; x_wconf 87' lang='lat' dir='ltr'><strong>gratia</strong></span> <span class='ocrx_word' id='word_1_343' title='bbox 2702 2107 2797 2162; x_wconf 90' lang='lat' dir='ltr'><strong>Dei</strong></span> <span class='ocrx_word' id='word_1_344' title='bbox 2836 2110 3139 2165; x_wconf 87' lang='lat' dir='ltr'><strong>ostenditur</strong></span> <span class='ocrx_word' id='word_1_345' title='bbox 3163 2151 3178 2177; x_wconf 94' lang='lat'><strong>,</strong></span> <span class='ocrx_word' id='word_1_346' title='bbox 3221 2127 3327 2182; x_wconf 90' lang='lat' dir='ltr'><strong>qua</strong></span> <span class='ocrx_word' id='word_1_347' title='bbox 3367 2110 3617 2166; x_wconf 88' lang='lat' dir='ltr'><strong>etiamin</strong></span> 
     </span>
    </p>
   </div>
   <div class='ocr_carea' id='block_1_51' title="bbox 2032 2192 3619 2273">
    <p class='ocr_par' dir='ltr' id='par_1_51' title="bbox 2032 2192 3619 2273">
     <span class='ocr_line' id='line_1_69' title="bbox 2032 2192 3619 2273; baseline 0.006 -25"><span class='ocrx_word' id='word_1_348' title='bbox 2032 2192 2211 2249; x_wconf 86' lang='lat' dir='ltr'><strong>Veteri</strong></span> <span class='ocrx_word' id='word_1_349' title='bbox 2252 2192 2596 2251; x_wconf 85' lang='lat' dir='ltr'><strong>Testamento</strong></span> <span class='ocrx_word' id='word_1_350' title='bbox 2637 2198 2864 2269; x_wconf 83' lang='lat' dir='ltr'><strong>gentiles</strong></span> <span class='ocrx_word' id='word_1_351' title='bbox 2906 2200 2971 2254; x_wconf 89' lang='lat' dir='ltr'><strong>ad</strong></span> <span class='ocrx_word' id='word_1_352' title='bbox 3012 2200 3238 2256; x_wconf 86' lang='lat' dir='ltr'><strong>salutem</strong></span> <span class='ocrx_word' id='word_1_353' title='bbox 3283 2202 3619 2273; x_wconf 85' lang='lat' dir='ltr'><strong>recipieban-</strong></span> 
     </span>
    </p>
   </div>
   <div class='ocr_carea' id='block_1_52' title="bbox 2032 2287 3620 2367">
    <p class='ocr_par' dir='ltr' id='par_1_52' title="bbox 2032 2287 3620 2367">
     <span class='ocr_line' id='line_1_70' title="bbox 2032 2287 3620 2367; baseline 0.004 -26"><span class='ocrx_word' id='word_1_354' title='bbox 2032 2296 2140 2347; x_wconf 89' lang='lat' dir='ltr'><strong>tur,</strong></span> <span class='ocrx_word' id='word_1_355' title='bbox 2171 2287 2295 2341; x_wconf 90' lang='lat' dir='ltr'><strong>dum</strong></span> <span class='ocrx_word' id='word_1_356' title='bbox 2326 2288 2572 2359; x_wconf 83' lang='lat' dir='ltr'><strong>exposito</strong></span> <span class='ocrx_word' id='word_1_357' title='bbox 2598 2290 2842 2361; x_wconf 84' lang='lat' dir='ltr'><strong>catalogo</strong></span> <span class='ocrx_word' id='word_1_358' title='bbox 2868 2305 3053 2346; x_wconf 88' lang='lat' dir='ltr'><strong>eorum</strong></span> <span class='ocrx_word' id='word_1_359' title='bbox 3084 2307 3220 2367; x_wconf 88' lang='lat' dir='ltr'><strong>quos</strong></span> <span class='ocrx_word' id='word_1_360' title='bbox 3254 2293 3526 2347; x_wconf 85' lang='lat' dir='ltr'><strong>veraciter</strong></span> <span class='ocrx_word' id='word_1_361' title='bbox 3551 2291 3620 2347; x_wconf 88' lang='lat' dir='ltr'><strong>ad</strong></span> 
     </span>
    </p>
   </div>
   <div class='ocr_carea' id='block_1_53' title="bbox 2029 2375 3617 2454">
    <p class='ocr_par' dir='ltr' id='par_1_53' title="bbox 2029 2375 3617 2454">
     <span class='ocr_line' id='line_1_71' title="bbox 2029 2375 3617 2454; baseline 0.004 -23"><span class='ocrx_word' id='word_1_362' title='bbox 2029 2376 2284 2447; x_wconf 88' lang='lat' dir='ltr'><strong>populum</strong></span> <span class='ocrx_word' id='word_1_363' title='bbox 2312 2375 2407 2431; x_wconf 87' lang='lat' dir='ltr'><strong>Dei</strong></span> <span class='ocrx_word' id='word_1_364' title='bbox 2449 2378 2721 2447; x_wconf 85' lang='lat' dir='ltr'><strong>pertinere</strong></span> <span class='ocrx_word' id='word_1_365' title='bbox 2748 2381 3034 2436; x_wconf 86' lang='lat' dir='ltr'><strong>constabat</strong></span> <span class='ocrx_word' id='word_1_366' title='bbox 3058 2381 3296 2454; x_wconf 85' lang='lat' dir='ltr'><strong>adjuncti</strong></span> <span class='ocrx_word' id='word_1_367' title='bbox 3329 2392 3493 2449; x_wconf 86' lang='lat' dir='ltr'><strong>sunt,</strong></span> <span class='ocrx_word' id='word_1_368' title='bbox 3525 2383 3617 2454; x_wconf 88' lang='lat' dir='ltr'><strong>qui</strong></span> 
     </span>
    </p>
   </div>
   <div class='ocr_carea' id='block_1_54' title="bbox 2030 2466 3619 2547">
    <p class='ocr_par' dir='ltr' id='par_1_54' title="bbox 2030 2466 3619 2547">
     <span class='ocr_line' id='line_1_72' title="bbox 2030 2466 3619 2547; baseline 0.004 -26"><span class='ocrx_word' id='word_1_369' title='bbox 2030 2476 2213 2522; x_wconf 87' lang='lat' dir='ltr'><strong>utrum</strong></span> <span class='ocrx_word' id='word_1_370' title='bbox 2244 2483 2311 2521; x_wconf 76' lang='lat' dir='ltr'><strong>ex</strong></span> <span class='ocrx_word' id='word_1_371' title='bbox 2338 2466 2501 2523; x_wconf 86' lang='lat' dir='ltr'><strong>lsrael</strong></span> <span class='ocrx_word' id='word_1_372' title='bbox 2525 2509 2539 2533; x_wconf 95' lang='lat'><strong>,</strong></span> <span class='ocrx_word' id='word_1_373' title='bbox 2571 2484 2636 2523; x_wconf 91' lang='lat' dir='ltr'><strong>an</strong></span> <span class='ocrx_word' id='word_1_374' title='bbox 2665 2485 2731 2525; x_wconf 78' lang='lat' dir='ltr'><strong>ex</strong></span> <span class='ocrx_word' id='word_1_375' title='bbox 2759 2471 3047 2543; x_wconf 85' lang='lat' dir='ltr'><strong>proselytis</strong></span> <span class='ocrx_word' id='word_1_376' title='bbox 3085 2483 3287 2540; x_wconf 89' lang='lat' dir='ltr'><strong>essent,</strong></span> <span class='ocrx_word' id='word_1_377' title='bbox 3332 2472 3619 2547; x_wconf 89' lang='lat' dir='ltr'><strong>ignoraba-</strong></span> 
     </span>
    </p>
   </div>
   <div class='ocr_carea' id='block_1_55' title="bbox 2033 2563 3619 2632">
    <p class='ocr_par' dir='ltr' id='par_1_55' title="bbox 2033 2563 3619 2632">
     <span class='ocr_line' id='line_1_73' title="bbox 2033 2563 3619 2632; baseline 0.006 -17"><span class='ocrx_word' id='word_1_378' title='bbox 2033 2569 2120 2615; x_wconf 89' lang='lat' dir='ltr'><strong>tur</strong></span> <span class='ocrx_word' id='word_1_379' title='bbox 2163 2580 2174 2614; x_wconf 90' lang='lat'><strong>:</strong></span> <span class='ocrx_word' id='word_1_380' title='bbox 2220 2577 2516 2632; x_wconf 88' lang='lat' dir='ltr'><strong>eorumque</strong></span> <span class='ocrx_word' id='word_1_381' title='bbox 2564 2563 2722 2617; x_wconf 90' lang='lat' dir='ltr'><strong>simul</strong></span> <span class='ocrx_word' id='word_1_382' title='bbox 2768 2564 2913 2620; x_wconf 89' lang='lat' dir='ltr'><strong>inter</strong></span> <span class='ocrx_word' id='word_1_383' title='bbox 2964 2565 3103 2622; x_wconf 82' lang='lat' dir='ltr'><strong>ﬁlios</strong></span> <span class='ocrx_word' id='word_1_384' title='bbox 3143 2566 3311 2624; x_wconf 89' lang='lat' dir='ltr'><strong>lsrael</strong></span> <span class='ocrx_word' id='word_1_385' title='bbox 3361 2584 3619 2625; x_wconf 86' lang='lat' dir='ltr'><strong>numerus</strong></span> 
     </span>
    </p>
   </div>
   <div class='ocr_carea' id='block_1_56' title="bbox 2031 2654 3623 2733">
    <p class='ocr_par' dir='ltr' id='par_1_56' title="bbox 2031 2654 3623 2733">
     <span class='ocr_line' id='line_1_74' title="bbox 2031 2654 3623 2733; baseline 0.005 -25"><span class='ocrx_word' id='word_1_386' title='bbox 2031 2654 2319 2726; x_wconf 83' lang='lat' dir='ltr'><strong>exponitur</strong></span> <span class='ocrx_word' id='word_1_387' title='bbox 2349 2672 2362 2707; x_wconf 89' lang='lat'><strong>:</strong></span> <span class='ocrx_word' id='word_1_388' title='bbox 2410 2654 2513 2708; x_wconf 83' lang='lat' dir='ltr'><strong>etsi</strong></span> <span class='ocrx_word' id='word_1_389' title='bbox 2539 2656 2682 2710; x_wconf 88' lang='lat' dir='ltr'><strong>enim</strong></span> <span class='ocrx_word' id='word_1_390' title='bbox 2709 2655 2865 2728; x_wconf 89' lang='lat' dir='ltr'><strong>longa</strong></span> <span class='ocrx_word' id='word_1_391' title='bbox 2893 2659 3234 2728; x_wconf 88' lang='lat' dir='ltr'><strong>separatione</strong></span> <span class='ocrx_word' id='word_1_392' title='bbox 3255 2667 3469 2733; x_wconf 88' lang='lat' dir='ltr'><strong>patrum</strong></span> <span class='ocrx_word' id='word_1_393' title='bbox 3498 2675 3623 2716; x_wconf 91' lang='lat' dir='ltr'><strong>suo-</strong></span> 
     </span>
    </p>
   </div>
   <div class='ocr_carea' id='block_1_57' title="bbox 2031 2736 3621 2825">
    <p class='ocr_par' dir='ltr' id='par_1_57' title="bbox 2031 2736 3621 2825">
     <span class='ocr_line' id='line_1_75' title="bbox 2031 2736 3621 2825; baseline 0.004 -25"><span class='ocrx_word' id='word_1_394' title='bbox 2031 2761 2151 2800; x_wconf 87' lang='lat' dir='ltr'><strong>rum</strong></span> <span class='ocrx_word' id='word_1_395' title='bbox 2181 2760 2211 2799; x_wconf 90' lang='lat' dir='ltr'><strong>a</strong></span> <span class='ocrx_word' id='word_1_396' title='bbox 2240 2744 2440 2825; x_wconf 90' lang='lat' dir='ltr'><strong>templo</strong></span> <span class='ocrx_word' id='word_1_397' title='bbox 2470 2736 2552 2800; x_wconf 84' lang='lat' dir='ltr'><strong>vel</strong></span> <span class='ocrx_word' id='word_1_398' title='bbox 2594 2747 2790 2819; x_wconf 92' lang='lat' dir='ltr'><strong>populo</strong></span> <span class='ocrx_word' id='word_1_399' title='bbox 2820 2748 2915 2803; x_wconf 91' lang='lat' dir='ltr'><strong>Dei</strong></span> <span class='ocrx_word' id='word_1_400' title='bbox 2945 2749 3215 2818; x_wconf 91' lang='lat' dir='ltr'><strong>quomodo</strong></span> <span class='ocrx_word' id='word_1_401' title='bbox 3244 2751 3312 2809; x_wconf 86' lang='lat' dir='ltr'><strong>ad</strong></span> <span class='ocrx_word' id='word_1_402' title='bbox 3340 2766 3465 2806; x_wconf 86' lang='lat' dir='ltr'><strong>eum</strong></span> <span class='ocrx_word' id='word_1_403' title='bbox 3495 2767 3621 2824; x_wconf 91' lang='lat' dir='ltr'><strong>per-</strong></span> 
     </span>
    </p>
   </div>
   <div class='ocr_carea' id='block_1_58' title="bbox 2030 2837 3623 2913">
    <p class='ocr_par' dir='ltr' id='par_1_58' title="bbox 2030 2837 3623 2913">
     <span class='ocr_line' id='line_1_76' title="bbox 2030 2837 3623 2913; baseline 0.004 -21"><span class='ocrx_word' id='word_1_404' title='bbox 2030 2837 2269 2895; x_wconf 89' lang='lat' dir='ltr'><strong>tinerent</strong></span> <span class='ocrx_word' id='word_1_405' title='bbox 2300 2837 2542 2893; x_wconf 88' lang='lat' dir='ltr'><strong>indicare</strong></span> <span class='ocrx_word' id='word_1_406' title='bbox 2573 2840 2893 2909; x_wconf 85' lang='lat' dir='ltr'><strong>nequierant</strong></span> <span class='ocrx_word' id='word_1_407' title='bbox 2936 2857 2948 2893; x_wconf 90' lang='lat'>:</span> <span class='ocrx_word' id='word_1_408' title='bbox 2977 2838 3070 2909; x_wconf 92' lang='lat' dir='ltr'><strong>qui</strong></span> <span class='ocrx_word' id='word_1_409' title='bbox 3102 2848 3283 2896; x_wconf 87' lang='lat' dir='ltr'><strong>tamen</strong></span> <span class='ocrx_word' id='word_1_410' title='bbox 3309 2841 3431 2897; x_wconf 90' lang='lat' dir='ltr'><strong>data</strong></span> <span class='ocrx_word' id='word_1_411' title='bbox 3461 2855 3623 2913; x_wconf 88' lang='lat' dir='ltr'><strong>gene-</strong></span> 
     </span>
    </p>
   </div>
   <div class='ocr_carea' id='block_1_59' title="bbox 2032 2930 3621 3005">
    <p class='ocr_par' dir='ltr' id='par_1_59' title="bbox 2032 2930 3621 3005">
     <span class='ocr_line' id='line_1_77' title="bbox 2032 2930 3621 3005; baseline 0.004 -20"><span class='ocrx_word' id='word_1_412' title='bbox 2032 2930 2134 2985; x_wconf 89' lang='lat' dir='ltr'><strong>rali</strong></span> <span class='ocrx_word' id='word_1_413' title='bbox 2184 2930 2402 2986; x_wconf 89' lang='lat' dir='ltr'><strong>licentia</strong></span> <span class='ocrx_word' id='word_1_414' title='bbox 2458 2932 2523 2991; x_wconf 89' lang='lat' dir='ltr'><strong>de</strong></span> <span class='ocrx_word' id='word_1_415' title='bbox 2570 2933 2886 3005; x_wconf 89' lang='lat' dir='ltr'><strong>captivitate</strong></span> <span class='ocrx_word' id='word_1_416' title='bbox 2942 2936 3322 3001; x_wconf 89' lang='lat' dir='ltr'><strong>ascenderant,</strong></span> <span class='ocrx_word' id='word_1_417' title='bbox 3377 2944 3439 2993; x_wconf 92' lang='lat' dir='ltr'><strong>ut</strong></span> <span class='ocrx_word' id='word_1_418' title='bbox 3486 2937 3621 2993; x_wconf 90' lang='lat' dir='ltr'><strong>socii</strong></span> 
     </span>
    </p>
   </div>
   <div class='ocr_carea' id='block_1_60' title="bbox 2031 3021 3621 3094">
    <p class='ocr_par' dir='ltr' id='par_1_60' title="bbox 2031 3021 3621 3094">
     <span class='ocr_line' id='line_1_78' title="bbox 2031 3021 3621 3094; baseline 0.005 -19"><span class='ocrx_word' id='word_1_419' title='bbox 2031 3021 2479 3092; x_wconf 89' lang='lat' dir='ltr'><strong>recipiebantur;</strong></span> <span class='ocrx_word' id='word_1_420' title='bbox 2536 3023 2842 3094; x_wconf 82' lang='lat' dir='ltr'><strong>gaudebant</strong></span> <span class='ocrx_word' id='word_1_421' title='bbox 2888 3025 3091 3081; x_wconf 87' lang='lat' dir='ltr'><strong>etenim</strong></span> <span class='ocrx_word' id='word_1_422' title='bbox 3139 3027 3319 3082; x_wconf 88' lang='lat' dir='ltr'><strong>caeteri</strong></span> <span class='ocrx_word' id='word_1_423' title='bbox 3362 3026 3621 3084; x_wconf 69' lang='lat' dir='ltr'><strong>Israelita:</strong></span> 
     </span>
    </p>
   </div>
   <div class='ocr_carea' id='block_1_61' title="bbox 2032 3112 3623 3191">
    <p class='ocr_par' dir='ltr' id='par_1_61' title="bbox 2032 3112 3623 3191">
     <span class='ocr_line' id='line_1_79' title="bbox 2032 3112 3623 3191; baseline 0.004 -23"><span class='ocrx_word' id='word_1_424' title='bbox 2032 3127 2128 3168; x_wconf 91' lang='lat' dir='ltr'><strong>eos</strong></span> <span class='ocrx_word' id='word_1_425' title='bbox 2155 3112 2226 3168; x_wconf 91' lang='lat' dir='ltr'><strong>ob</strong></span> <span class='ocrx_word' id='word_1_426' title='bbox 2268 3129 2507 3171; x_wconf 89' lang='lat' dir='ltr'><strong>amorem</strong></span> <span class='ocrx_word' id='word_1_427' title='bbox 2540 3117 2845 3175; x_wconf 90' lang='lat' dir='ltr'><strong>communis</strong></span> <span class='ocrx_word' id='word_1_428' title='bbox 2880 3117 3001 3173; x_wconf 83' lang='lat' dir='ltr'><strong>ﬁdei</strong></span> <span class='ocrx_word' id='word_1_429' title='bbox 3032 3127 3087 3172; x_wconf 90' lang='lat' dir='ltr'><strong>et</strong></span> <span class='ocrx_word' id='word_1_430' title='bbox 3115 3118 3396 3191; x_wconf 80' lang='lat' dir='ltr'><strong>religionis</strong></span> <span class='ocrx_word' id='word_1_431' title='bbox 3421 3120 3623 3175; x_wconf 84' lang='lat' dir='ltr'><strong>habere</strong></span> 
     </span>
    </p>
   </div>
   <div class='ocr_carea' id='block_1_62' title="bbox 350 3204 3623 3282">
    <p class='ocr_par' dir='ltr' id='par_1_62' title="bbox 350 3204 3623 3282">
     <span class='ocr_line' id='line_1_80' title="bbox 350 3204 3623 3282; baseline 0 -17"><span class='ocrx_word' id='word_1_432' title='bbox 350 3209 490 3265; x_wconf 91' lang='lat' dir='ltr'><strong>datis</strong></span> <span class='ocrx_word' id='word_1_433' title='bbox 522 3207 768 3280; x_wconf 85' lang='lat' dir='ltr'><strong>pecuniis</strong></span> <span class='ocrx_word' id='word_1_434' title='bbox 805 3206 1066 3280; x_wconf 87' lang='lat' dir='ltr'><strong>adjuvant</strong></span> <span class='ocrx_word' id='word_1_435' title='bbox 1107 3223 1230 3264; x_wconf 93' lang='lat' dir='ltr'><strong>cum</strong></span> <span class='ocrx_word' id='word_1_436' title='bbox 1277 3207 1565 3265; x_wconf 69' lang='lat' dir='ltr'><strong>saeculares</strong></span> <span class='ocrx_word' id='word_1_437' title='bbox 1614 3208 1934 3279; x_wconf 71' lang='lat' dir='ltr'><strong>prmdicato—</strong></span> <span class='ocrx_word' id='word_1_438' title='bbox 1968 3215 2006 3282; x_wconf 85' lang='lat'><strong>&#39;_</strong></span> <span class='ocrx_word' id='word_1_439' title='bbox 2035 3205 2190 3276; x_wconf 79' lang='lat' dir='ltr'><strong>quasi</strong></span> <span class='ocrx_word' id='word_1_440' title='bbox 2218 3204 2412 3261; x_wconf 82' lang='lat' dir='ltr'><strong>fratres</strong></span> <span class='ocrx_word' id='word_1_441' title='bbox 2440 3214 2494 3262; x_wconf 91' lang='lat' dir='ltr'><strong>et</strong></span> <span class='ocrx_word' id='word_1_442' title='bbox 2519 3214 2712 3275; x_wconf 90' lang='lat' dir='ltr'><strong>notos,</strong></span> <span class='ocrx_word' id='word_1_443' title='bbox 2753 3207 2853 3263; x_wconf 88' lang='lat' dir='ltr'><strong>etsi</strong></span> <span class='ocrx_word' id='word_1_444' title='bbox 2888 3208 2943 3264; x_wconf 91' lang='lat' dir='ltr'><strong>in</strong></span> <span class='ocrx_word' id='word_1_445' title='bbox 2972 3209 3182 3282; x_wconf 82' lang='lat' dir='ltr'><strong>origine</strong></span> <span class='ocrx_word' id='word_1_446' title='bbox 3232 3210 3415 3267; x_wconf 88' lang='lat' dir='ltr'><strong>carnis</strong></span> <span class='ocrx_word' id='word_1_447' title='bbox 3441 3211 3623 3267; x_wconf 89' lang='lat' dir='ltr'><strong>minus</strong></span> 
     </span>
    </p>
   </div>
   <div class='ocr_carea' id='block_1_63' title="bbox 349 3271 2574 3366">
    <p class='ocr_par' dir='ltr' id='par_1_63' title="bbox 349 3271 2574 3366">
     <span class='ocr_line' id='line_1_81' title="bbox 349 3271 2574 3366; baseline -0.002 -9"><span class='ocrx_word' id='word_1_448' title='bbox 349 3302 500 3359; x_wconf 87' lang='lat' dir='ltr'><strong>ribus</strong></span> <span class='ocrx_word' id='word_1_449' title='bbox 522 3271 732 3359; x_wconf 78' lang='lat' dir='ltr'><strong>liberos</strong></span> <span class='ocrx_word' id='word_1_450' title='bbox 758 3271 889 3357; x_wconf 73' lang='lat' dir='ltr'><strong>suos</strong></span> <span class='ocrx_word' id='word_1_451' title='bbox 910 3300 995 3359; x_wconf 86' lang='lat' dir='ltr'><strong>vel</strong></span> <span class='ocrx_word' id='word_1_452' title='bbox 1027 3298 1285 3361; x_wconf 80' lang='lat' dir='ltr'><strong>familiam</strong></span> <span class='ocrx_word' id='word_1_453' title='bbox 1326 3298 1556 3355; x_wconf 89' lang='lat' dir='ltr'><strong>Domino</strong></span> <span class='ocrx_word' id='word_1_454' title='bbox 1598 3271 1933 3365; x_wconf 79' lang='lat' dir='ltr'><strong>educandam</strong></span> <span class='ocrx_word' id='word_1_455' title='bbox 1960 3271 2007 3335; x_wconf 70' lang='grc' dir='ltr'>Ο</span> <span class='ocrx_word' id='word_1_456' title='bbox 2038 3271 2438 3366; x_wconf 72' lang='lat' dir='ltr'><strong>cognoscebant</strong></span> <span class='ocrx_word' id='word_1_457' title='bbox 2460 3312 2574 3353; x_wconf 92' lang='lat' dir='ltr'><strong>eos.</strong></span> 
     </span>
    </p>
   </div>
   <div class='ocr_carea' id='block_1_64' title="bbox 349 3374 1933 3465">
    <p class='ocr_par' dir='ltr' id='par_1_64' title="bbox 349 3374 1933 3465">
     <span class='ocr_line' id='line_1_82' title="bbox 349 3374 1933 3465; baseline 0 -17"><span class='ocrx_word' id='word_1_458' title='bbox 349 3374 717 3461; x_wconf 57' lang='lat' dir='ltr'><strong>commit&#39;tunt,</strong></span> <span class='ocrx_word' id='word_1_459' title='bbox 743 3400 800 3457; x_wconf 83' lang='lat' dir='ltr'><strong>ut</strong></span> <span class='ocrx_word' id='word_1_460' title='bbox 823 3390 966 3465; x_wconf 88' lang='lat' dir='ltr'><strong>quod</strong></span> <span class='ocrx_word' id='word_1_461' title='bbox 995 3404 1093 3465; x_wconf 85' lang='lat' dir='ltr'><strong>per</strong></span> <span class='ocrx_word' id='word_1_462' title='bbox 1121 3405 1180 3446; x_wconf 91' lang='lat' dir='ltr'><strong>se</strong></span> <span class='ocrx_word' id='word_1_463' title='bbox 1216 3388 1525 3462; x_wconf 76' lang='lat' dir='ltr'><strong>nequeunt,</strong></span> <span class='ocrx_word' id='word_1_464' title='bbox 1565 3405 1664 3461; x_wconf 89' lang='lat' dir='ltr'><strong>per</strong></span> <span class='ocrx_word' id='word_1_465' title='bbox 1702 3406 1796 3446; x_wconf 91' lang='lat' dir='ltr'><strong>eos</strong></span> <span class='ocrx_word' id='word_1_466' title='bbox 1839 3391 1933 3463; x_wconf 88' lang='lat' dir='ltr'><strong>qui</strong></span> 
     </span>
    </p>
   </div>
   <div class='ocr_carea' id='block_1_65' title="bbox 349 3482 1834 3557">
    <p class='ocr_par' dir='ltr' id='par_1_65' title="bbox 349 3482 1834 3557">
     <span class='ocr_line' id='line_1_83' title="bbox 349 3482 1834 3557; baseline -0.004 -14"><span class='ocrx_word' id='word_1_467' title='bbox 349 3494 612 3557; x_wconf 88' lang='lat' dir='ltr'><strong>possunt,</strong></span> <span class='ocrx_word' id='word_1_468' title='bbox 645 3484 873 3547; x_wconf 87' lang='lat' dir='ltr'><strong>Domino</strong></span> <span class='ocrx_word' id='word_1_469' title='bbox 896 3498 1007 3543; x_wconf 75' lang='lat' dir='ltr'><strong>suae</strong></span> <span class='ocrx_word' id='word_1_470' title='bbox 1033 3482 1337 3540; x_wconf 88' lang='lat' dir='ltr'><strong>devotionis</strong></span> <span class='ocrx_word' id='word_1_471' title='bbox 1361 3498 1558 3539; x_wconf 86' lang='lat' dir='ltr'><strong>munus</strong></span> <span class='ocrx_word' id='word_1_472' title='bbox 1582 3482 1834 3545; x_wconf 84' lang='lat' dir='ltr'><strong>oﬂ&#39;erant.</strong></span> 
     </span>
    </p>
   </div>
   <div class='ocr_carea' id='block_1_66' title="bbox 422 3573 1931 3647">
    <p class='ocr_par' dir='ltr' id='par_1_66' title="bbox 422 3573 1931 3647">
     <span class='ocr_line' id='line_1_84' title="bbox 422 3573 1931 3647; baseline -0.001 -16"><span class='ocrx_word' id='word_1_473' title='bbox 422 3576 493 3631; x_wconf 88' lang='lat' dir='ltr'><strong>Et</strong></span> <span class='ocrx_word' id='word_1_474' title='bbox 518 3576 792 3647; x_wconf 84' lang='lat' dir='ltr'><strong>jumenlis.</strong></span> <span class='ocrx_word' id='word_1_475' title='bbox 826 3575 1007 3646; x_wconf 63' lang='lat'><strong>(8519.,</strong></span> <span class='ocrx_word' id='word_1_476' title='bbox 1026 3574 1180 3647; x_wconf 84' lang='lat' dir='ltr'><strong>ibid.)</strong></span> <span class='ocrx_word' id='word_1_477' title='bbox 1206 3573 1264 3631; x_wconf 85' lang='lat' dir='ltr'><strong>Id</strong></span> <span class='ocrx_word' id='word_1_478' title='bbox 1285 3581 1388 3640; x_wconf 88' lang='lat' dir='ltr'><strong>est,</strong></span> <span class='ocrx_word' id='word_1_479' title='bbox 1412 3573 1771 3639; x_wconf 87' lang='lat' dir='ltr'><strong>tardioribus,</strong></span> <span class='ocrx_word' id='word_1_480' title='bbox 1800 3581 1931 3641; x_wconf 83' lang='lat' dir='ltr'><strong>etc.,</strong></span> 
     </span>
    </p>
   </div>
   <div class='ocr_carea' id='block_1_67' title="bbox 351 3667 1933 3741">
    <p class='ocr_par' dir='ltr' id='par_1_67' title="bbox 351 3667 1933 3741">
     <span class='ocr_line' id='line_1_85' title="bbox 351 3667 1933 3741; baseline -0.001 -16"><span class='ocrx_word' id='word_1_481' title='bbox 351 3686 512 3740; x_wconf 81' lang='lat' dir='ltr'><strong>usque</strong></span> <span class='ocrx_word' id='word_1_482' title='bbox 548 3669 617 3723; x_wconf 90' lang='lat' dir='ltr'><strong>ad</strong></span> <span class='ocrx_word' id='word_1_483' title='bbox 642 3670 704 3725; x_wconf 81' lang='lat' dir='ltr'><strong>et</strong></span> <span class='ocrx_word' id='word_1_484' title='bbox 742 3669 898 3741; x_wconf 87' lang='lat' dir='ltr'><strong>quasi</strong></span> <span class='ocrx_word' id='word_1_485' title='bbox 941 3667 1218 3740; x_wconf 78' lang='lat' dir='ltr'><strong>suppellex</strong></span> <span class='ocrx_word' id='word_1_486' title='bbox 1260 3667 1408 3722; x_wconf 87' lang='lat' dir='ltr'><strong>varia</strong></span> <span class='ocrx_word' id='word_1_487' title='bbox 1454 3668 1523 3723; x_wconf 89' lang='lat' dir='ltr'><strong>ad</strong></span> <span class='ocrx_word' id='word_1_488' title='bbox 1564 3667 1933 3725; x_wconf 77' lang='lat' dir='ltr'><strong>aediﬁcandam</strong></span> 
     </span>
    </p>
   </div>
   <div class='ocr_carea' id='block_1_68' title="bbox 352 3758 1822 3832">
    <p class='ocr_par' dir='ltr' id='par_1_68' title="bbox 352 3758 1822 3832">
     <span class='ocr_line' id='line_1_86' title="bbox 352 3758 1822 3832; baseline -0.003 -14"><span class='ocrx_word' id='word_1_489' title='bbox 352 3763 571 3819; x_wconf 91' lang='lat' dir='ltr'><strong>domum</strong></span> <span class='ocrx_word' id='word_1_490' title='bbox 611 3761 824 3831; x_wconf 81' lang='lat' dir='ltr'><strong>Domini</strong></span> <span class='ocrx_word' id='word_1_491' title='bbox 862 3760 1200 3832; x_wconf 89' lang='lat' dir='ltr'><strong>principibus</strong></span> <span class='ocrx_word' id='word_1_492' title='bbox 1239 3767 1455 3829; x_wconf 89' lang='lat' dir='ltr'><strong>patrum</strong></span> <span class='ocrx_word' id='word_1_493' title='bbox 1491 3758 1822 3827; x_wconf 80' lang='lat' dir='ltr'><strong>tribuantur.</strong></span> 
     </span>
    </p>
   </div>
   <div class='ocr_carea' id='block_1_69' title="bbox 424 3850 1931 3925">
    <p class='ocr_par' dir='ltr' id='par_1_69' title="bbox 424 3850 1931 3925">
     <span class='ocr_line' id='line_1_87' title="bbox 424 3850 1931 3925; baseline 0 -20"><span class='ocrx_word' id='word_1_494' title='bbox 424 3850 653 3911; x_wconf 85' lang='lat' dir='ltr'><strong>Protulit</strong></span> <span class='ocrx_word' id='word_1_495' title='bbox 670 3862 863 3907; x_wconf 85' lang='lat' dir='ltr'><strong>autem.</strong></span> <span class='ocrx_word' id='word_1_496' title='bbox 881 3851 980 3925; x_wconf 83' lang='lat' dir='ltr'><strong>(in.</strong></span> <span class='ocrx_word' id='word_1_497' title='bbox 993 3893 1007 3918; x_wconf 94' lang='lat'><strong>,</strong></span> <span class='ocrx_word' id='word_1_498' title='bbox 1022 3850 1173 3922; x_wconf 80' lang='lat' dir='ltr'><strong>ibid.)</strong></span> <span class='ocrx_word' id='word_1_499' title='bbox 1190 3850 1408 3905; x_wconf 87' lang='lat' dir='ltr'><strong>Diversa</strong></span> <span class='ocrx_word' id='word_1_500' title='bbox 1426 3864 1679 3907; x_wconf 89' lang='lat' dir='ltr'><strong>vasorum</strong></span> <span class='ocrx_word' id='word_1_501' title='bbox 1702 3850 1931 3923; x_wconf 89' lang='lat' dir='ltr'><strong>species,</strong></span> 
     </span>
    </p>
   </div>
   <div class='ocr_carea' id='block_1_70' title="bbox 350 3943 1933 4025">
    <p class='ocr_par' dir='ltr' id='par_1_70' title="bbox 350 3943 1933 4025">
     <span class='ocr_line' id='line_1_88' title="bbox 350 3943 1933 4025; baseline -0.003 -23"><span class='ocrx_word' id='word_1_502' title='bbox 350 3952 485 4013; x_wconf 89' lang='lat' dir='ltr'><strong>etc.,</strong></span> <span class='ocrx_word' id='word_1_503' title='bbox 513 3961 672 4018; x_wconf 86' lang='lat' dir='ltr'><strong>usque</strong></span> <span class='ocrx_word' id='word_1_504' title='bbox 708 3944 779 3999; x_wconf 89' lang='lat' dir='ltr'><strong>ad</strong></span> <span class='ocrx_word' id='word_1_505' title='bbox 821 3946 877 4000; x_wconf 91' lang='lat' dir='ltr'><strong>in</strong></span> <span class='ocrx_word' id='word_1_506' title='bbox 927 3944 1068 4000; x_wconf 88' lang='lat' dir='ltr'><strong>libro</strong></span> <span class='ocrx_word' id='word_1_507' title='bbox 1104 3952 1323 4001; x_wconf 71' lang='lat' dir='ltr'><strong>aeternae</strong></span> <span class='ocrx_word' id='word_1_508' title='bbox 1358 3943 1635 3999; x_wconf 66' lang='lat' dir='ltr'><strong>memoriae</strong></span> <span class='ocrx_word' id='word_1_509' title='bbox 1675 3944 1933 4025; x_wconf 87' lang='lat' dir='ltr'><strong>scriptam</strong></span> 
     </span>
    </p>
   </div>
   <div class='ocr_carea' id='block_1_71' title="bbox 351 4034 1929 4117">
    <p class='ocr_par' dir='ltr' id='par_1_71' title="bbox 351 4034 1929 4117">
     <span class='ocr_line' id='line_1_89' title="bbox 351 4034 1929 4117; baseline -0.003 -23"><span class='ocrx_word' id='word_1_510' title='bbox 351 4036 593 4094; x_wconf 89' lang='lat' dir='ltr'><strong>continet</strong></span> <span class='ocrx_word' id='word_1_511' title='bbox 636 4036 692 4091; x_wconf 92' lang='lat' dir='ltr'><strong>in</strong></span> <span class='ocrx_word' id='word_1_512' title='bbox 720 4052 951 4111; x_wconf 88' lang='lat' dir='ltr'><strong>quorum</strong></span> <span class='ocrx_word' id='word_1_513' title='bbox 981 4034 1151 4109; x_wconf 82' lang='lat' dir='ltr'><strong>ﬁgura</strong></span> <span class='ocrx_word' id='word_1_514' title='bbox 1197 4044 1323 4117; x_wconf 87' lang='lat' dir='ltr'><strong>apte</strong></span> <span class='ocrx_word' id='word_1_515' title='bbox 1350 4034 1635 4093; x_wconf 88' lang='lat' dir='ltr'><strong>subditur:</strong></span> <span class='ocrx_word' id='word_1_516' title='bbox 1663 4034 1732 4091; x_wconf 89' lang='lat' dir='ltr'><strong>Et</strong></span> <span class='ocrx_word' id='word_1_517' title='bbox 1757 4053 1929 4091; x_wconf 84' lang='lat' dir='ltr'><strong>annu-</strong></span> 
     </span>
    </p>
   </div>
   <div class='ocr_carea' id='block_1_72' title="bbox 352 4126 734 4193">
    <p class='ocr_par' dir='ltr' id='par_1_72' title="bbox 352 4126 734 4193">
     <span class='ocr_line' id='line_1_90' title="bbox 352 4126 734 4193; baseline -0.005 -11"><span class='ocrx_word' id='word_1_518' title='bbox 352 4126 593 4193; x_wconf 86' lang='lat' dir='ltr'><strong>meravit,</strong></span> <span class='ocrx_word' id='word_1_519' title='bbox 627 4134 734 4181; x_wconf 88' lang='lat' dir='ltr'><strong>etc.</strong></span> 
     </span>
    </p>
   </div>
   <div class='ocr_carea' id='block_1_73' title="bbox 420 4217 1932 4293">
    <p class='ocr_par' dir='ltr' id='par_1_73' title="bbox 420 4217 1932 4293">
     <span class='ocr_line' id='line_1_91' title="bbox 420 4217 1932 4293; baseline 0.001 -18"><span class='ocrx_word' id='word_1_520' title='bbox 420 4217 588 4275; x_wconf 74' lang='lat' dir='ltr'><strong>Vens.</strong></span> <span class='ocrx_word' id='word_1_521' title='bbox 619 4220 672 4276; x_wconf 92' lang='lat'><strong>9.</strong></span> <span class='ocrx_word' id='word_1_522' title='bbox 701 4249 770 4260; x_wconf 91' lang='lat'><strong>—</strong></span> <span class='ocrx_word' id='word_1_523' title='bbox 799 4217 870 4273; x_wconf 86' lang='lat' dir='ltr'><strong>Et</strong></span> <span class='ocrx_word' id='word_1_524' title='bbox 897 4220 980 4274; x_wconf 81' lang='lat' dir='ltr'><strong>hic</strong></span> <span class='ocrx_word' id='word_1_525' title='bbox 1004 4228 1102 4275; x_wconf 87' lang='lat' dir='ltr'><strong>est.</strong></span> <span class='ocrx_word' id='word_1_526' title='bbox 1135 4217 1262 4293; x_wconf 86' lang='lat' dir='ltr'><strong>(ln.,</strong></span> <span class='ocrx_word' id='word_1_527' title='bbox 1283 4218 1439 4292; x_wconf 85' lang='lat' dir='ltr'><strong>ibid.)</strong></span> <span class='ocrx_word' id='word_1_528' title='bbox 1461 4218 1599 4289; x_wconf 85' lang='lat' dir='ltr'><strong>Quia</strong></span> <span class='ocrx_word' id='word_1_529' title='bbox 1640 4220 1791 4275; x_wconf 91' lang='lat' dir='ltr'><strong>novit</strong></span> <span class='ocrx_word' id='word_1_530' title='bbox 1828 4219 1932 4276; x_wconf 91' lang='lat' dir='ltr'><strong>Do-</strong></span> 
     </span>
    </p>
   </div>
   <div class='ocr_carea' id='block_1_74' title="bbox 352 4312 1934 4385">
    <p class='ocr_par' dir='ltr' id='par_1_74' title="bbox 352 4312 1934 4385">
     <span class='ocr_line' id='line_1_92' title="bbox 352 4312 1934 4385; baseline 0 -16"><span class='ocrx_word' id='word_1_531' title='bbox 352 4313 534 4369; x_wconf 87' lang='lat' dir='ltr'><strong>minus</strong></span> <span class='ocrx_word' id='word_1_532' title='bbox 561 4327 847 4367; x_wconf 89' lang='lat' dir='ltr'><strong>numerum</strong></span> <span class='ocrx_word' id='word_1_533' title='bbox 870 4312 1189 4379; x_wconf 89' lang='lat' dir='ltr'><strong>electorum,</strong></span> <span class='ocrx_word' id='word_1_534' title='bbox 1227 4321 1360 4379; x_wconf 91' lang='lat' dir='ltr'><strong>etc.,</strong></span> <span class='ocrx_word' id='word_1_535' title='bbox 1394 4329 1555 4385; x_wconf 85' lang='lat' dir='ltr'><strong>usque</strong></span> <span class='ocrx_word' id='word_1_536' title='bbox 1577 4312 1646 4368; x_wconf 86' lang='lat' dir='ltr'><strong>ad</strong></span> <span class='ocrx_word' id='word_1_537' title='bbox 1672 4321 1731 4369; x_wconf 90' lang='lat' dir='ltr'><strong>ut</strong></span> <span class='ocrx_word' id='word_1_538' title='bbox 1756 4312 1934 4385; x_wconf 80' lang='lat' dir='ltr'><strong>prius-</strong></span> 
     </span>
    </p>
   </div>
   <div class='ocr_carea' id='block_1_75' title="bbox 353 4404 1859 4477">
    <p class='ocr_par' dir='ltr' id='par_1_75' title="bbox 353 4404 1859 4477">
     <span class='ocr_line' id='line_1_93' title="bbox 353 4404 1859 4477; baseline -0.001 -18"><span class='ocrx_word' id='word_1_539' title='bbox 353 4419 515 4477; x_wconf 86' lang='lat' dir='ltr'><strong>quam</strong></span> <span class='ocrx_word' id='word_1_540' title='bbox 534 4405 857 4475; x_wconf 77' lang='lat' dir='ltr'><strong>pceniteant,</strong></span> <span class='ocrx_word' id='word_1_541' title='bbox 889 4419 1179 4477; x_wconf 89' lang='lat' dir='ltr'><strong>perennem</strong></span> <span class='ocrx_word' id='word_1_542' title='bbox 1221 4404 1503 4476; x_wconf 90' lang='lat' dir='ltr'><strong>rapiantur</strong></span> <span class='ocrx_word' id='word_1_543' title='bbox 1527 4404 1595 4460; x_wconf 88' lang='lat' dir='ltr'><strong>ad</strong></span> <span class='ocrx_word' id='word_1_544' title='bbox 1622 4418 1859 4475; x_wconf 75' lang='lat' dir='ltr'><strong>poenam.</strong></span> 
     </span>
    </p>
   </div>
   <div class='ocr_carea' id='block_1_76' title="bbox 973 4536 1300 4597">
    <p class='ocr_par' dir='ltr' id='par_1_76' title="bbox 973 4536 1300 4597">
     <span class='ocr_line' id='line_1_94' title="bbox 973 4536 1300 4597; baseline -0.012 -2"><span class='ocrx_word' id='word_1_545' title='bbox 973 4536 1199 4597; x_wconf 80' lang='lat' dir='ltr'><strong>CAPUT</strong></span> <span class='ocrx_word' id='word_1_546' title='bbox 1237 4536 1300 4595; x_wconf 89' lang='lat' dir='ltr'><strong>ll.</strong></span> 
     </span>
    </p>
   </div>
   <div class='ocr_carea' id='block_1_77' title="bbox 423 4668 1935 4747">
    <p class='ocr_par' dir='ltr' id='par_1_77' title="bbox 423 4668 1935 4747">
     <span class='ocr_line' id='line_1_95' title="bbox 423 4668 1935 4747; baseline 0.003 -22"><span class='ocrx_word' id='word_1_547' title='bbox 423 4669 590 4727; x_wconf 71' lang='lat' dir='ltr'><strong>Vsus.</strong></span> <span class='ocrx_word' id='word_1_548' title='bbox 612 4669 665 4727; x_wconf 76' lang='lat' dir='ltr'><strong>l.</strong></span> <span class='ocrx_word' id='word_1_549' title='bbox 688 4699 757 4710; x_wconf 95' lang='lat'>—</span> <span class='ocrx_word' id='word_1_550' title='bbox 777 4668 851 4725; x_wconf 89' lang='lat' dir='ltr'><strong>Hi</strong></span> <span class='ocrx_word' id='word_1_551' title='bbox 878 4680 1022 4737; x_wconf 82' lang='lat' dir='ltr'><strong>sunt,</strong></span> <span class='ocrx_word' id='word_1_552' title='bbox 1042 4680 1148 4726; x_wconf 90' lang='lat' dir='ltr'><strong>etc.</strong></span> <span class='ocrx_word' id='word_1_553' title='bbox 1175 4670 1371 4727; x_wconf 69' lang='lat' dir='ltr'><strong>Judaeae</strong></span> <span class='ocrx_word' id='word_1_554' title='bbox 1397 4670 1602 4727; x_wconf 90' lang='lat' dir='ltr'><strong>scilicet</strong></span> <span class='ocrx_word' id='word_1_555' title='bbox 1631 4687 1738 4728; x_wconf 89' lang='lat' dir='ltr'><strong>non</strong></span> <span class='ocrx_word' id='word_1_556' title='bbox 1758 4672 1935 4747; x_wconf 86' lang='lat' dir='ltr'><strong>Baby-</strong></span> 
     </span>
    </p>
   </div>
   <div class='ocr_carea' id='block_1_78' title="bbox 350 4756 1935 4835">
    <p class='ocr_par' dir='ltr' id='par_1_78' title="bbox 350 4756 1935 4835">
     <span class='ocr_line' id='line_1_96' title="bbox 350 4756 1935 4835; baseline 0.001 -18"><span class='ocrx_word' id='word_1_557' title='bbox 350 4760 530 4817; x_wconf 87' lang='lat' dir='ltr'><strong>loniae.</strong></span> <span class='ocrx_word' id='word_1_558' title='bbox 555 4756 637 4815; x_wconf 88' lang='lat' dir='ltr'><strong>Ad</strong></span> <span class='ocrx_word' id='word_1_559' title='bbox 672 4762 813 4833; x_wconf 80' lang='lat' dir='ltr'><strong>banc</strong></span> <span class='ocrx_word' id='word_1_560' title='bbox 853 4763 994 4817; x_wconf 87' lang='lat' dir='ltr'><strong>enim</strong></span> <span class='ocrx_word' id='word_1_561' title='bbox 1028 4762 1370 4832; x_wconf 90' lang='lat' dir='ltr'><strong>pertinebant</strong></span> <span class='ocrx_word' id='word_1_562' title='bbox 1406 4761 1573 4817; x_wconf 90' lang='lat' dir='ltr'><strong>etiam</strong></span> <span class='ocrx_word' id='word_1_563' title='bbox 1603 4762 1669 4819; x_wconf 89' lang='lat' dir='ltr'><strong>de</strong></span> <span class='ocrx_word' id='word_1_564' title='bbox 1695 4764 1935 4835; x_wconf 82' lang='lat' dir='ltr'><strong>captivo-</strong></span> 
     </span>
    </p>
   </div>
   <div class='ocr_carea' id='block_1_79' title="bbox 351 4854 1935 4931">
    <p class='ocr_par' dir='ltr' id='par_1_79' title="bbox 351 4854 1935 4931">
     <span class='ocr_line' id='line_1_97' title="bbox 351 4854 1935 4931; baseline 0.002 -22"><span class='ocrx_word' id='word_1_565' title='bbox 351 4870 475 4909; x_wconf 83' lang='lat' dir='ltr'><strong>rum</strong></span> <span class='ocrx_word' id='word_1_566' title='bbox 512 4855 680 4931; x_wconf 79' lang='lat' dir='ltr'><strong>stirpe</strong></span> <span class='ocrx_word' id='word_1_567' title='bbox 714 4856 767 4910; x_wconf 93' lang='lat' dir='ltr'><strong>in</strong></span> <span class='ocrx_word' id='word_1_568' title='bbox 789 4854 1081 4927; x_wconf 85' lang='lat' dir='ltr'><strong>Babylonia</strong></span> <span class='ocrx_word' id='word_1_569' title='bbox 1111 4855 1225 4910; x_wconf 89' lang='lat' dir='ltr'><strong>lati.</strong></span> <span class='ocrx_word' id='word_1_570' title='bbox 1256 4854 1394 4910; x_wconf 90' lang='lat' dir='ltr'><strong>Toto</strong></span> <span class='ocrx_word' id='word_1_571' title='bbox 1429 4855 1574 4910; x_wconf 90' lang='lat' dir='ltr'><strong>enim</strong></span> <span class='ocrx_word' id='word_1_572' title='bbox 1622 4857 1803 4911; x_wconf 87' lang='lat' dir='ltr'><strong>animo</strong></span> <span class='ocrx_word' id='word_1_573' title='bbox 1841 4854 1935 4913; x_wconf 82' lang='lat' dir='ltr'><strong>Ju-</strong></span> 
     </span>
    </p>
   </div>
   <div class='ocr_carea' id='block_1_80' title="bbox 355 4945 1932 5017">
    <p class='ocr_par' dir='ltr' id='par_1_80' title="bbox 355 4945 1932 5017">
     <span class='ocr_line' id='line_1_98' title="bbox 355 4945 1932 5017; baseline -0.001 -14"><span class='ocrx_word' id='word_1_574' title='bbox 355 4947 527 5003; x_wconf 68' lang='lat' dir='ltr'><strong>daaam</strong></span> <span class='ocrx_word' id='word_1_575' title='bbox 565 4956 622 5002; x_wconf 91' lang='lat' dir='ltr'><strong>et</strong></span> <span class='ocrx_word' id='word_1_576' title='bbox 660 4946 956 5003; x_wconf 80' lang='lat' dir='ltr'><strong>Jerusalem</strong></span> <span class='ocrx_word' id='word_1_577' title='bbox 999 4945 1383 5017; x_wconf 84' lang='lat' dir='ltr'><strong>suspirabant,</strong></span> <span class='ocrx_word' id='word_1_578' title='bbox 1424 4959 1656 5016; x_wconf 88' lang='lat' dir='ltr'><strong>quorum</strong></span> <span class='ocrx_word' id='word_1_579' title='bbox 1704 4946 1932 5017; x_wconf 78' lang='lat' dir='ltr'><strong>figuram</strong></span> 
     </span>
    </p>
   </div>
   <div class='ocr_carea' id='block_1_81' title="bbox 352 5035 1934 5108">
    <p class='ocr_par' dir='ltr' id='par_1_81' title="bbox 352 5035 1934 5108">
     <span class='ocr_line' id='line_1_99' title="bbox 352 5035 1934 5108; baseline 0.003 -18"><span class='ocrx_word' id='word_1_580' title='bbox 352 5036 501 5108; x_wconf 86' lang='lat' dir='ltr'><strong>gerit</strong></span> <span class='ocrx_word' id='word_1_581' title='bbox 538 5037 645 5093; x_wconf 82' lang='lat' dir='ltr'><strong>dux</strong></span> <span class='ocrx_word' id='word_1_582' title='bbox 683 5053 870 5093; x_wconf 86' lang='lat' dir='ltr'><strong>eorum</strong></span> <span class='ocrx_word' id='word_1_583' title='bbox 912 5036 1211 5093; x_wconf 84' lang='lat' dir='ltr'><strong>Zorobabel</strong></span> <span class='ocrx_word' id='word_1_584' title='bbox 1235 5076 1250 5102; x_wconf 95' lang='lat'><strong>,</strong></span> <span class='ocrx_word' id='word_1_585' title='bbox 1306 5035 1397 5106; x_wconf 90' lang='lat' dir='ltr'><strong>qui</strong></span> <span class='ocrx_word' id='word_1_586' title='bbox 1449 5036 1667 5092; x_wconf 91' lang='lat' dir='ltr'><strong>nomine</strong></span> <span class='ocrx_word' id='word_1_587' title='bbox 1706 5036 1824 5108; x_wconf 92' lang='lat' dir='ltr'><strong>ipso</strong></span> <span class='ocrx_word' id='word_1_588' title='bbox 1875 5053 1934 5094; x_wconf 89' lang='lat' dir='ltr'><strong>se</strong></span> 
     </span>
    </p>
   </div>
   <div class='ocr_carea' id='block_1_82' title="bbox 354 5128 1933 5204">
    <p class='ocr_par' dir='ltr' id='par_1_82' title="bbox 354 5128 1933 5204">
     <span class='ocr_line' id='line_1_100' title="bbox 354 5128 1933 5204; baseline -0.001 -21"><span class='ocrx_word' id='word_1_589' title='bbox 354 5137 534 5184; x_wconf 89' lang='lat' dir='ltr'><strong>ortum</strong></span> <span class='ocrx_word' id='word_1_590' title='bbox 574 5130 631 5185; x_wconf 90' lang='lat' dir='ltr'><strong>in</strong></span> <span class='ocrx_word' id='word_1_591' title='bbox 679 5130 950 5204; x_wconf 86' lang='lat' dir='ltr'><strong>Babylone</strong></span> <span class='ocrx_word' id='word_1_592' title='bbox 1009 5130 1367 5194; x_wconf 88' lang='lat' dir='ltr'><strong>demonstrat,</strong></span> <span class='ocrx_word' id='word_1_593' title='bbox 1427 5128 1523 5183; x_wconf 91' lang='lat' dir='ltr'><strong>sed</strong></span> <span class='ocrx_word' id='word_1_594' title='bbox 1554 5128 1851 5185; x_wconf 88' lang='lat' dir='ltr'><strong>intentione</strong></span> <span class='ocrx_word' id='word_1_595' title='bbox 1877 5136 1933 5185; x_wconf 88' lang='lat' dir='ltr'><strong>et</strong></span> 
     </span>
    </p>
   </div>
   <div class='ocr_carea' id='block_1_83' title="bbox 354 5218 1931 5290">
    <p class='ocr_par' dir='ltr' id='par_1_83' title="bbox 354 5218 1931 5290">
     <span class='ocr_line' id='line_1_101' title="bbox 354 5218 1931 5290; baseline -0.002 -13"><span class='ocrx_word' id='word_1_596' title='bbox 354 5234 519 5290; x_wconf 84' lang='lat' dir='ltr'><strong>opere</strong></span> <span class='ocrx_word' id='word_1_597' title='bbox 552 5222 727 5278; x_wconf 88' lang='lat' dir='ltr'><strong>civem</strong></span> <span class='ocrx_word' id='word_1_598' title='bbox 772 5220 1091 5277; x_wconf 88' lang='lat' dir='ltr'><strong>Jerusalem.</strong></span> <span class='ocrx_word' id='word_1_599' title='bbox 1130 5218 1321 5275; x_wconf 88' lang='lat' dir='ltr'><strong>Altiori</strong></span> <span class='ocrx_word' id='word_1_600' title='bbox 1350 5234 1509 5275; x_wconf 86' lang='lat' dir='ltr'><strong>sensu</strong></span> <span class='ocrx_word' id='word_1_601' title='bbox 1534 5218 1627 5274; x_wconf 83' lang='lat' dir='ltr'><strong>ﬁlii</strong></span> <span class='ocrx_word' id='word_1_602' title='bbox 1655 5220 1931 5287; x_wconf 80' lang='lat' dir='ltr'><strong>Ecclesiae,</strong></span> 
     </span>
    </p>
   </div>
   <div class='ocr_carea' id='block_1_84' title="bbox 357 5312 1934 5387">
    <p class='ocr_par' dir='ltr' id='par_1_84' title="bbox 357 5312 1934 5387">
     <span class='ocr_line' id='line_1_102' title="bbox 357 5312 1934 5387; baseline 0.001 -20"><span class='ocrx_word' id='word_1_603' title='bbox 357 5313 454 5369; x_wconf 84' lang='lat' dir='ltr'><strong>ﬁlii</strong></span> <span class='ocrx_word' id='word_1_604' title='bbox 490 5324 617 5370; x_wconf 92' lang='lat' dir='ltr'><strong>sunt</strong></span> <span class='ocrx_word' id='word_1_605' title='bbox 646 5316 839 5387; x_wconf 81' lang='lat' dir='ltr'><strong>patriae</strong></span> <span class='ocrx_word' id='word_1_606' title='bbox 876 5314 1153 5379; x_wconf 82' lang='lat' dir='ltr'><strong>caelestis,</strong></span> <span class='ocrx_word' id='word_1_607' title='bbox 1201 5328 1308 5369; x_wconf 91' lang='lat' dir='ltr'><strong>non</strong></span> <span class='ocrx_word' id='word_1_608' title='bbox 1347 5313 1522 5369; x_wconf 89' lang='lat' dir='ltr'><strong>solum</strong></span> <span class='ocrx_word' id='word_1_609' title='bbox 1563 5313 1655 5383; x_wconf 89' lang='lat' dir='ltr'><strong>qui</strong></span> <span class='ocrx_word' id='word_1_610' title='bbox 1677 5312 1934 5369; x_wconf 63' lang='lat' dir='ltr'><strong>Ecclesiae</strong></span> 
     </span>
    </p>
   </div>
   <div class='ocr_carea' id='block_1_85' title="bbox 354 5404 1931 5479">
    <p class='ocr_par' dir='ltr' id='par_1_85' title="bbox 354 5404 1931 5479">
     <span class='ocr_line' id='line_1_103' title="bbox 354 5404 1931 5479; baseline -0.001 -16"><span class='ocrx_word' id='word_1_611' title='bbox 354 5408 718 5464; x_wconf 88' lang='lat' dir='ltr'><strong>sacramentis</strong></span> <span class='ocrx_word' id='word_1_612' title='bbox 751 5407 864 5479; x_wconf 86' lang='lat' dir='ltr'><strong>jam</strong></span> <span class='ocrx_word' id='word_1_613' title='bbox 891 5415 1016 5462; x_wconf 90' lang='lat' dir='ltr'><strong>sunt</strong></span> <span class='ocrx_word' id='word_1_614' title='bbox 1060 5405 1273 5473; x_wconf 88' lang='lat' dir='ltr'><strong>imbuti,</strong></span> <span class='ocrx_word' id='word_1_615' title='bbox 1301 5404 1397 5460; x_wconf 90' lang='lat' dir='ltr'><strong>sed</strong></span> <span class='ocrx_word' id='word_1_616' title='bbox 1427 5406 1589 5459; x_wconf 91' lang='lat' dir='ltr'><strong>etiam</strong></span> <span class='ocrx_word' id='word_1_617' title='bbox 1619 5405 1711 5475; x_wconf 90' lang='lat' dir='ltr'><strong>qui</strong></span> <span class='ocrx_word' id='word_1_618' title='bbox 1760 5404 1892 5461; x_wconf 80' lang='lat' dir='ltr'><strong>foris</strong></span> <span class='ocrx_word' id='word_1_619' title='bbox 1917 5448 1931 5471; x_wconf 97' lang='lat'><strong>,</strong></span> 
     </span>
    </p>
   </div>
   <div class='ocr_carea' id='block_1_86' title="bbox 354 5496 1938 5573">
    <p class='ocr_par' dir='ltr' id='par_1_86' title="bbox 354 5496 1938 5573">
     <span class='ocr_line' id='line_1_104' title="bbox 354 5496 1938 5573; baseline -0.003 -17"><span class='ocrx_word' id='word_1_620' title='bbox 354 5499 412 5556; x_wconf 91' lang='lat' dir='ltr'><strong>id</strong></span> <span class='ocrx_word' id='word_1_621' title='bbox 439 5509 522 5556; x_wconf 89' lang='lat' dir='ltr'><strong>est</strong></span> <span class='ocrx_word' id='word_1_622' title='bbox 550 5500 692 5557; x_wconf 84' lang='lat' dir='ltr'><strong>inter</strong></span> <span class='ocrx_word' id='word_1_623' title='bbox 714 5501 908 5573; x_wconf 90' lang='lat' dir='ltr'><strong>impios</strong></span> <span class='ocrx_word' id='word_1_624' title='bbox 945 5501 1234 5573; x_wconf 88' lang='lat' dir='ltr'><strong>aliquando</strong></span> <span class='ocrx_word' id='word_1_625' title='bbox 1264 5498 1581 5554; x_wconf 88' lang='lat' dir='ltr'><strong>aberrantes</strong></span> <span class='ocrx_word' id='word_1_626' title='bbox 1610 5498 1789 5553; x_wconf 89' lang='lat' dir='ltr'><strong>divina</strong></span> <span class='ocrx_word' id='word_1_627' title='bbox 1832 5496 1938 5552; x_wconf 86' lang='lat' dir='ltr'><strong>ele-</strong></span> 
     </span>
    </p>
   </div>
   <div class='ocr_carea' id='block_1_87' title="bbox 353 5588 1929 5663">
    <p class='ocr_par' dir='ltr' id='par_1_87' title="bbox 353 5588 1929 5663">
     <span class='ocr_line' id='line_1_105' title="bbox 353 5588 1929 5663; baseline -0.003 -17"><span class='ocrx_word' id='word_1_628' title='bbox 353 5591 535 5647; x_wconf 88' lang='lat' dir='ltr'><strong>ctione</strong></span> <span class='ocrx_word' id='word_1_629' title='bbox 558 5601 685 5647; x_wconf 88' lang='lat' dir='ltr'><strong>ante</strong></span> <span class='ocrx_word' id='word_1_630' title='bbox 709 5591 904 5648; x_wconf 73' lang='lat' dir='ltr'><strong>saecula</strong></span> <span class='ocrx_word' id='word_1_631' title='bbox 932 5591 1277 5663; x_wconf 78' lang='lat' dir='ltr'><strong>praeordinati</strong></span> <span class='ocrx_word' id='word_1_632' title='bbox 1303 5592 1370 5646; x_wconf 88' lang='lat' dir='ltr'><strong>ad</strong></span> <span class='ocrx_word' id='word_1_633' title='bbox 1394 5590 1560 5645; x_wconf 90' lang='lat' dir='ltr'><strong>vitam</strong></span> <span class='ocrx_word' id='word_1_634' title='bbox 1583 5588 1779 5644; x_wconf 85' lang='lat' dir='ltr'><strong>divinae</strong></span> <span class='ocrx_word' id='word_1_635' title='bbox 1813 5604 1929 5660; x_wconf 82' lang='lat' dir='ltr'><strong>gra-</strong></span> 
     </span>
    </p>
   </div>
   <div class='ocr_carea' id='block_1_88' title="bbox 354 5682 1330 5741">
    <p class='ocr_par' dir='ltr' id='par_1_88' title="bbox 354 5682 1330 5741">
     <span class='ocr_line' id='line_1_106' title="bbox 354 5682 1330 5741; baseline -0.001 -4"><span class='ocrx_word' id='word_1_636' title='bbox 354 5682 446 5738; x_wconf 74' lang='lat' dir='ltr'><strong>tia:</strong></span> <span class='ocrx_word' id='word_1_637' title='bbox 473 5684 789 5741; x_wconf 87' lang='lat' dir='ltr'><strong>ministeriis</strong></span> <span class='ocrx_word' id='word_1_638' title='bbox 812 5692 936 5739; x_wconf 90' lang='lat' dir='ltr'><strong>sunt</strong></span> <span class='ocrx_word' id='word_1_639' title='bbox 958 5683 1330 5740; x_wconf 88' lang='lat' dir='ltr'><strong>consecrandi.</strong></span> 
     </span>
    </p>
   </div>
   <div class='ocr_carea' id='block_1_89' title="bbox 430 5772 1929 5846">
    <p class='ocr_par' dir='ltr' id='par_1_89' title="bbox 430 5772 1929 5846">
     <span class='ocr_line' id='line_1_107' title="bbox 430 5772 1929 5846; baseline -0.004 -13"><span class='ocrx_word' id='word_1_640' title='bbox 430 5775 498 5833; x_wconf 82' lang='lat' dir='ltr'><strong>Et</strong></span> <span class='ocrx_word' id='word_1_641' title='bbox 529 5776 723 5831; x_wconf 79' lang='lat' dir='ltr'><strong>reversi</strong></span> <span class='ocrx_word' id='word_1_642' title='bbox 768 5786 891 5831; x_wconf 84' lang='lat' dir='ltr'><strong>sunt</strong></span> <span class='ocrx_word' id='word_1_643' title='bbox 938 5776 993 5829; x_wconf 71' lang='lat' dir='ltr'><strong>in</strong></span> <span class='ocrx_word' id='word_1_644' title='bbox 1026 5774 1345 5830; x_wconf 78' lang='lat' dir='ltr'><strong>Jerusalem.</strong></span> <span class='ocrx_word' id='word_1_645' title='bbox 1370 5773 1537 5846; x_wconf 76' lang='lat' dir='ltr'><strong>(‘BEDA</strong></span> <span class='ocrx_word' id='word_1_646' title='bbox 1580 5774 1636 5827; x_wconf 86' lang='lat' dir='ltr'><strong>in</strong></span> <span class='ocrx_word' id='word_1_647' title='bbox 1664 5772 1890 5828; x_wconf 85' lang='lat' dir='ltr'><strong>Esdram</strong></span> <span class='ocrx_word' id='word_1_648' title='bbox 1916 5814 1929 5833; x_wconf 86' lang='lat'><strong>,</strong></span> 
     </span>
    </p>
   </div>
   <div class='ocr_carea' id='block_1_90' title="bbox 354 5865 1932 5945">
    <p class='ocr_par' dir='ltr' id='par_1_90' title="bbox 354 5865 1932 5945">
     <span class='ocr_line' id='line_1_108' title="bbox 354 5865 1932 5945; baseline -0.004 -18"><span class='ocrx_word' id='word_1_649' title='bbox 354 5868 597 5945; x_wconf 82' lang='lat' dir='ltr'><strong>tom.&#39;ll.)</strong></span> <span class='ocrx_word' id='word_1_650' title='bbox 615 5870 752 5927; x_wconf 80' lang='lat' dir='ltr'><strong>Cum</strong></span> <span class='ocrx_word' id='word_1_651' title='bbox 779 5870 923 5929; x_wconf 88' lang='lat' dir='ltr'><strong>enim</strong></span> <span class='ocrx_word' id='word_1_652' title='bbox 942 5869 1153 5925; x_wconf 86' lang='lat' dir='ltr'><strong>liberati</strong></span> <span class='ocrx_word' id='word_1_653' title='bbox 1176 5868 1244 5923; x_wconf 88' lang='lat' dir='ltr'><strong>de</strong></span> <span class='ocrx_word' id='word_1_654' title='bbox 1264 5876 1530 5941; x_wconf 88' lang='lat' dir='ltr'><strong>potestate</strong></span> <span class='ocrx_word' id='word_1_655' title='bbox 1550 5865 1782 5933; x_wconf 84' lang='lat' dir='ltr'><strong>Satanae,</strong></span> <span class='ocrx_word' id='word_1_656' title='bbox 1800 5875 1932 5931; x_wconf 89' lang='lat' dir='ltr'><strong>etc.,</strong></span> 
     </span>
    </p>
   </div>
   <div class='ocr_carea' id='block_1_91' title="bbox 1959 4629 2015 4691">
    <p class='ocr_par' dir='ltr' id='par_1_91' title="bbox 1959 4629 2015 4691">
     <span class='ocr_line' id='line_1_109' title="bbox 1959 4629 2015 4691; baseline 0 0"><span class='ocrx_word' id='word_1_657' title='bbox 1959 4629 2015 4691; x_wconf 88' lang='lat' dir='ltr'><strong>D</strong></span> 
     </span>
    </p>
   </div>
   <div class='ocr_carea' id='block_1_92' title="bbox 2107 3387 3622 3461">
    <p class='ocr_par' dir='ltr' id='par_1_92' title="bbox 2107 3387 3622 3461">
     <span class='ocr_line' id='line_1_110' title="bbox 2107 3387 3622 3461; baseline 0.003 -20"><span class='ocrx_word' id='word_1_658' title='bbox 2107 3387 2409 3457; x_wconf 83' lang='lat' dir='ltr'><strong>Allegorice</strong></span> <span class='ocrx_word' id='word_1_659' title='bbox 2451 3396 2628 3443; x_wconf 86' lang='lat' dir='ltr'><strong>autem</strong></span> <span class='ocrx_word' id='word_1_660' title='bbox 2674 3388 2816 3444; x_wconf 90' lang='lat' dir='ltr'><strong>inter</strong></span> <span class='ocrx_word' id='word_1_661' title='bbox 2851 3387 3180 3458; x_wconf 87' lang='lat' dir='ltr'><strong>poenitentes</strong></span> <span class='ocrx_word' id='word_1_662' title='bbox 3212 3390 3307 3461; x_wconf 90' lang='lat' dir='ltr'><strong>qui</strong></span> <span class='ocrx_word' id='word_1_663' title='bbox 3334 3388 3551 3446; x_wconf 89' lang='lat' dir='ltr'><strong>liberati</strong></span> <span class='ocrx_word' id='word_1_664' title='bbox 3590 3406 3622 3446; x_wconf 90' lang='lat' dir='ltr'><strong>a</strong></span> 
     </span>
    </p>
   </div>
   <div class='ocr_carea' id='block_1_93' title="bbox 2037 3478 3622 3549">
    <p class='ocr_par' dir='ltr' id='par_1_93' title="bbox 2037 3478 3622 3549">
     <span class='ocr_line' id='line_1_111' title="bbox 2037 3478 3622 3549; baseline 0.001 -15"><span class='ocrx_word' id='word_1_665' title='bbox 2037 3478 2346 3549; x_wconf 89' lang='lat' dir='ltr'><strong>captivitate</strong></span> <span class='ocrx_word' id='word_1_666' title='bbox 2368 3478 2621 3534; x_wconf 88' lang='lat' dir='ltr'><strong>vitiorum</strong></span> <span class='ocrx_word' id='word_1_667' title='bbox 2652 3478 2719 3533; x_wconf 88' lang='lat' dir='ltr'><strong>ad</strong></span> <span class='ocrx_word' id='word_1_668' title='bbox 2745 3479 3115 3534; x_wconf 77' lang='lat' dir='ltr'><strong>aedificandam</strong></span> <span class='ocrx_word' id='word_1_669' title='bbox 3148 3480 3233 3535; x_wconf 91' lang='lat' dir='ltr'><strong>vel</strong></span> <span class='ocrx_word' id='word_1_670' title='bbox 3265 3481 3318 3536; x_wconf 92' lang='lat' dir='ltr'><strong>in</strong></span> <span class='ocrx_word' id='word_1_671' title='bbox 3346 3497 3425 3547; x_wconf 89' lang='lat' dir='ltr'><strong>se,</strong></span> <span class='ocrx_word' id='word_1_672' title='bbox 3453 3480 3622 3536; x_wconf 84' lang='lat' dir='ltr'><strong>vel-in</strong></span> 
     </span>
    </p>
   </div>
   <div class='ocr_carea' id='block_1_94' title="bbox 2037 3568 3620 3643">
    <p class='ocr_par' dir='ltr' id='par_1_94' title="bbox 2037 3568 3620 3643">
     <span class='ocr_line' id='line_1_112' title="bbox 2037 3568 3620 3643; baseline 0.003 -19"><span class='ocrx_word' id='word_1_673' title='bbox 2037 3568 2160 3624; x_wconf 86' lang='lat' dir='ltr'><strong>aliis</strong></span> <span class='ocrx_word' id='word_1_674' title='bbox 2190 3569 2405 3625; x_wconf 87' lang='lat' dir='ltr'><strong>domum</strong></span> <span class='ocrx_word' id='word_1_675' title='bbox 2453 3568 2664 3625; x_wconf 89' lang='lat' dir='ltr'><strong>Domini</strong></span> <span class='ocrx_word' id='word_1_676' title='bbox 2707 3571 3025 3637; x_wconf 88' lang='lat' dir='ltr'><strong>ascendunt,</strong></span> <span class='ocrx_word' id='word_1_677' title='bbox 3073 3579 3201 3627; x_wconf 90' lang='lat' dir='ltr'><strong>sunt</strong></span> <span class='ocrx_word' id='word_1_678' title='bbox 3240 3571 3483 3628; x_wconf 85' lang='lat' dir='ltr'><strong>nonnulli</strong></span> <span class='ocrx_word' id='word_1_679' title='bbox 3525 3572 3620 3643; x_wconf 91' lang='lat' dir='ltr'><strong>qui</strong></span> 
     </span>
    </p>
   </div>
   <div class='ocr_carea' id='block_1_95' title="bbox 2036 3660 3620 3735">
    <p class='ocr_par' dir='ltr' id='par_1_95' title="bbox 2036 3660 3620 3735">
     <span class='ocr_line' id='line_1_113' title="bbox 2036 3660 3620 3735; baseline 0.003 -20"><span class='ocrx_word' id='word_1_680' title='bbox 2036 3661 2282 3734; x_wconf 90' lang='lat' dir='ltr'><strong>plurimis</strong></span> <span class='ocrx_word' id='word_1_681' title='bbox 2308 3660 2646 3732; x_wconf 84' lang='lat' dir='ltr'><strong>gravioribus</strong></span> <span class='ocrx_word' id='word_1_682' title='bbox 2674 3662 2911 3731; x_wconf 89' lang='lat' dir='ltr'><strong>peccatis</strong></span> <span class='ocrx_word' id='word_1_683' title='bbox 2945 3663 3176 3731; x_wconf 89' lang='lat' dir='ltr'><strong>astricti,</strong></span> <span class='ocrx_word' id='word_1_684' title='bbox 3212 3663 3360 3735; x_wconf 88' lang='lat' dir='ltr'><strong>quia</strong></span> <span class='ocrx_word' id='word_1_685' title='bbox 3403 3663 3513 3719; x_wconf 92' lang='lat' dir='ltr'><strong>Deo</strong></span> <span class='ocrx_word' id='word_1_686' title='bbox 3551 3663 3620 3720; x_wconf 88' lang='lat' dir='ltr'><strong>ab</strong></span> 
     </span>
    </p>
   </div>
   <div class='ocr_carea' id='block_1_96' title="bbox 1960 3752 3617 3822">
    <p class='ocr_par' dir='ltr' id='par_1_96' title="bbox 1960 3752 3617 3822">
     <span class='ocr_line' id='line_1_114' title="bbox 1960 3752 3617 3822; baseline -0.002 -12"><span class='ocrx_word' id='word_1_687' title='bbox 1960 3808 1969 3815; x_wconf 79' lang='grc'><em>,</em></span> <span class='ocrx_word' id='word_1_688' title='bbox 2034 3752 2180 3810; x_wconf 91' lang='lat' dir='ltr'><strong>omni</strong></span> <span class='ocrx_word' id='word_1_689' title='bbox 2206 3759 2327 3807; x_wconf 90' lang='lat' dir='ltr'><strong>actu</strong></span> <span class='ocrx_word' id='word_1_690' title='bbox 2355 3752 2569 3822; x_wconf 88' lang='lat' dir='ltr'><strong>pietatis</strong></span> <span class='ocrx_word' id='word_1_691' title='bbox 2607 3752 2960 3809; x_wconf 62' lang='lat' dir='ltr'><strong>et‘castitatis</strong></span> <span class='ocrx_word' id='word_1_692' title='bbox 2998 3754 3250 3809; x_wconf 88' lang='lat' dir='ltr'><strong>videntur</strong></span> <span class='ocrx_word' id='word_1_693' title='bbox 3287 3752 3532 3821; x_wconf 85' lang='lat' dir='ltr'><strong>alienati,</strong></span> <span class='ocrx_word' id='word_1_694' title='bbox 3557 3764 3617 3808; x_wconf 88' lang='lat' dir='ltr'><strong>ut</strong></span> 
     </span>
    </p>
   </div>
   <div class='ocr_carea' id='block_1_97' title="bbox 2037 3842 3623 3916">
    <p class='ocr_par' dir='ltr' id='par_1_97' title="bbox 2037 3842 3623 3916">
     <span class='ocr_line' id='line_1_115' title="bbox 2037 3842 3623 3916; baseline 0.001 -17"><span class='ocrx_word' id='word_1_695' title='bbox 2037 3842 2192 3899; x_wconf 89' lang='lat' dir='ltr'><strong>nibili</strong></span> <span class='ocrx_word' id='word_1_696' title='bbox 2220 3856 2442 3915; x_wconf 89' lang='lat' dir='ltr'><strong>prorsus</strong></span> <span class='ocrx_word' id='word_1_697' title='bbox 2478 3842 2739 3899; x_wconf 86' lang='lat' dir='ltr'><strong>bonitatis</strong></span> <span class='ocrx_word' id='word_1_698' title='bbox 2776 3852 2831 3898; x_wconf 90' lang='lat' dir='ltr'><strong>et</strong></span> <span class='ocrx_word' id='word_1_699' title='bbox 2872 3843 3147 3916; x_wconf 86' lang='lat' dir='ltr'><strong>religionis</strong></span> <span class='ocrx_word' id='word_1_700' title='bbox 3175 3857 3337 3914; x_wconf 90' lang='lat' dir='ltr'><strong>quam</strong></span> <span class='ocrx_word' id='word_1_701' title='bbox 3367 3858 3397 3898; x_wconf 91' lang='lat' dir='ltr'><strong>a</strong></span> <span class='ocrx_word' id='word_1_702' title='bbox 3434 3843 3623 3900; x_wconf 87' lang='lat' dir='ltr'><strong>docto-</strong></span> 
     </span>
    </p>
   </div>
   <div class='ocr_carea' id='block_1_98' title="bbox 2038 3936 3622 4008">
    <p class='ocr_par' dir='ltr' id='par_1_98' title="bbox 2038 3936 3622 4008">
     <span class='ocr_line' id='line_1_116' title="bbox 2038 3936 3622 4008; baseline 0.002 -17"><span class='ocrx_word' id='word_1_703' title='bbox 2038 3937 2188 3992; x_wconf 89' lang='lat' dir='ltr'><strong>ribus</strong></span> <span class='ocrx_word' id='word_1_704' title='bbox 2224 3946 2569 4008; x_wconf 89' lang='lat' dir='ltr'><strong>acceperant,</strong></span> <span class='ocrx_word' id='word_1_705' title='bbox 2606 3937 2660 3991; x_wconf 90' lang='lat' dir='ltr'><strong>in</strong></span> <span class='ocrx_word' id='word_1_706' title='bbox 2702 3937 2782 3993; x_wconf 90' lang='lat' dir='ltr'><strong>eis</strong></span> <span class='ocrx_word' id='word_1_707' title='bbox 2823 3936 3152 3993; x_wconf 84' lang='lat' dir='ltr'><strong>remansisse</strong></span> <span class='ocrx_word' id='word_1_708' title='bbox 3192 3937 3442 3993; x_wconf 91' lang='lat' dir='ltr'><strong>videatur</strong></span> <span class='ocrx_word' id='word_1_709' title='bbox 3467 3977 3482 4003; x_wconf 93' lang='lat'><strong>,</strong></span> <span class='ocrx_word' id='word_1_710' title='bbox 3518 3952 3622 3995; x_wconf 89' lang='lat' dir='ltr'><strong>nec</strong></span> 
     </span>
    </p>
   </div>
   <div class='ocr_carea' id='block_1_99' title="bbox 2035 4028 3622 4101">
    <p class='ocr_par' dir='ltr' id='par_1_99' title="bbox 2035 4028 3622 4101">
     <span class='ocr_line' id='line_1_117' title="bbox 2035 4028 3622 4101; baseline 0.001 -17"><span class='ocrx_word' id='word_1_711' title='bbox 2035 4035 2261 4101; x_wconf 91' lang='lat' dir='ltr'><strong>possunt</strong></span> <span class='ocrx_word' id='word_1_712' title='bbox 2291 4029 2532 4084; x_wconf 84' lang='lat' dir='ltr'><strong>indicare</strong></span> <span class='ocrx_word' id='word_1_713' title='bbox 2564 4030 2746 4084; x_wconf 83' lang='lat' dir='ltr'><strong>utrum</strong></span> <span class='ocrx_word' id='word_1_714' title='bbox 2774 4045 2842 4084; x_wconf 83' lang='lat' dir='ltr'><strong>ex</strong></span> <span class='ocrx_word' id='word_1_715' title='bbox 2879 4028 3045 4086; x_wconf 85' lang='lat' dir='ltr'><strong>Israel</strong></span> <span class='ocrx_word' id='word_1_716' title='bbox 3077 4071 3090 4095; x_wconf 96' lang='lat'><strong>,</strong></span> <span class='ocrx_word' id='word_1_717' title='bbox 3138 4029 3192 4084; x_wconf 89' lang='lat' dir='ltr'><strong>id</strong></span> <span class='ocrx_word' id='word_1_718' title='bbox 3219 4040 3302 4085; x_wconf 88' lang='lat' dir='ltr'><strong>est</strong></span> <span class='ocrx_word' id='word_1_719' title='bbox 3328 4042 3399 4085; x_wconf 78' lang='lat' dir='ltr'><strong>ex</strong></span> <span class='ocrx_word' id='word_1_720' title='bbox 3436 4036 3622 4085; x_wconf 83' lang='lat' dir='ltr'><strong>sancta</strong></span> 
     </span>
    </p>
   </div>
   <div class='ocr_carea' id='block_1_100' title="bbox 2036 4119 3621 4193">
    <p class='ocr_par' dir='ltr' id='par_1_100' title="bbox 2036 4119 3621 4193">
     <span class='ocr_line' id='line_1_118' title="bbox 2036 4119 3621 4193; baseline -0.001 -17"><span class='ocrx_word' id='word_1_721' title='bbox 2036 4120 2277 4176; x_wconf 90' lang='lat' dir='ltr'><strong>Ecclesia</strong></span> <span class='ocrx_word' id='word_1_722' title='bbox 2305 4119 2507 4175; x_wconf 82' lang='lat' dir='ltr'><strong>fuerint</strong></span> <span class='ocrx_word' id='word_1_723' title='bbox 2532 4121 2805 4192; x_wconf 84' lang='lat' dir='ltr'><strong>generati,</strong></span> <span class='ocrx_word' id='word_1_724' title='bbox 2835 4121 2962 4193; x_wconf 86' lang='lat' dir='ltr'><strong>quia</strong></span> <span class='ocrx_word' id='word_1_725' title='bbox 3006 4121 3142 4177; x_wconf 90' lang='lat' dir='ltr'><strong>tales</strong></span> <span class='ocrx_word' id='word_1_726' title='bbox 3176 4121 3449 4193; x_wconf 89' lang='lat' dir='ltr'><strong>peccando</strong></span> <span class='ocrx_word' id='word_1_727' title='bbox 3491 4120 3621 4175; x_wconf 79' lang='lat' dir='ltr'><strong>facti</strong></span> 
     </span>
    </p>
   </div>
   <div class='ocr_carea' id='block_1_101' title="bbox 2037 4214 3622 4285">
    <p class='ocr_par' dir='ltr' id='par_1_101' title="bbox 2037 4214 3622 4285">
     <span class='ocr_line' id='line_1_119' title="bbox 2037 4214 3622 4285; baseline -0.002 -14"><span class='ocrx_word' id='word_1_728' title='bbox 2037 4222 2182 4282; x_wconf 89' lang='lat' dir='ltr'><strong>sunt,</strong></span> <span class='ocrx_word' id='word_1_729' title='bbox 2212 4214 2365 4285; x_wconf 90' lang='lat' dir='ltr'><strong>quasi</strong></span> <span class='ocrx_word' id='word_1_730' title='bbox 2401 4229 2674 4284; x_wconf 84' lang='lat' dir='ltr'><strong>nunquam</strong></span> <span class='ocrx_word' id='word_1_731' title='bbox 2701 4215 3064 4284; x_wconf 83' lang='lat' dir='ltr'><strong>pertinuerint</strong></span> <span class='ocrx_word' id='word_1_732' title='bbox 3093 4215 3161 4269; x_wconf 92' lang='lat' dir='ltr'><strong>ad</strong></span> <span class='ocrx_word' id='word_1_733' title='bbox 3192 4214 3455 4285; x_wconf 88' lang='lat' dir='ltr'><strong>Spiritum</strong></span> <span class='ocrx_word' id='word_1_734' title='bbox 3490 4228 3622 4270; x_wconf 87' lang='lat' dir='ltr'><strong>san-</strong></span> 
     </span>
    </p>
   </div>
   <div class='ocr_carea' id='block_1_102' title="bbox 2038 4305 3614 4377">
    <p class='ocr_par' dir='ltr' id='par_1_102' title="bbox 2038 4305 3614 4377">
     <span class='ocr_line' id='line_1_120' title="bbox 2038 4305 3614 4377; baseline -0.004 -15"><span class='ocrx_word' id='word_1_735' title='bbox 2038 4314 2205 4372; x_wconf 90' lang='lat' dir='ltr'><strong>ctum,</strong></span> <span class='ocrx_word' id='word_1_736' title='bbox 2224 4305 2535 4377; x_wconf 78' lang='lat' dir='ltr'><strong>paenitendo</strong></span> <span class='ocrx_word' id='word_1_737' title='bbox 2557 4313 2735 4360; x_wconf 85' lang='lat' dir='ltr'><strong>tamen</strong></span> <span class='ocrx_word' id='word_1_738' title='bbox 2760 4306 3107 4375; x_wconf 88' lang='lat' dir='ltr'><strong>corriguntur</strong></span> <span class='ocrx_word' id='word_1_739' title='bbox 3127 4310 3183 4358; x_wconf 91' lang='lat' dir='ltr'><strong>et</strong></span> <span class='ocrx_word' id='word_1_740' title='bbox 3204 4310 3614 4369; x_wconf 90' lang='lat' dir='ltr'><strong>convertuntur,</strong></span> 
     </span>
    </p>
   </div>
   <div class='ocr_carea' id='block_1_103' title="bbox 2038 4393 3624 4466">
    <p class='ocr_par' dir='ltr' id='par_1_103' title="bbox 2038 4393 3624 4466">
     <span class='ocr_line' id='line_1_121' title="bbox 2038 4393 3624 4466; baseline -0.003 -12"><span class='ocrx_word' id='word_1_741' title='bbox 2038 4408 2097 4455; x_wconf 91' lang='lat' dir='ltr'><strong>ut</strong></span> <span class='ocrx_word' id='word_1_742' title='bbox 2124 4412 2381 4453; x_wconf 88' lang='lat' dir='ltr'><strong>numerus</strong></span> <span class='ocrx_word' id='word_1_743' title='bbox 2405 4412 2593 4452; x_wconf 91' lang='lat' dir='ltr'><strong>eorum</strong></span> <span class='ocrx_word' id='word_1_744' title='bbox 2638 4397 2782 4451; x_wconf 91' lang='lat' dir='ltr'><strong>inter</strong></span> <span class='ocrx_word' id='word_1_745' title='bbox 2807 4411 2965 4452; x_wconf 87' lang='lat' dir='ltr'><strong>veros</strong></span> <span class='ocrx_word' id='word_1_746' title='bbox 3005 4393 3276 4450; x_wconf 89' lang='lat' dir='ltr'><strong>lsraelitas</strong></span> <span class='ocrx_word' id='word_1_747' title='bbox 3320 4395 3375 4450; x_wconf 92' lang='lat' dir='ltr'><strong>in</strong></span> <span class='ocrx_word' id='word_1_748' title='bbox 3424 4394 3624 4466; x_wconf 88' lang='lat' dir='ltr'><strong>quibus</strong></span> 
     </span>
    </p>
   </div>
   <div class='ocr_carea' id='block_1_104' title="bbox 2039 4484 3154 4551">
    <p class='ocr_par' dir='ltr' id='par_1_104' title="bbox 2039 4484 3154 4551">
     <span class='ocr_line' id='line_1_122' title="bbox 2039 4484 3154 4551; baseline -0.005 -8"><span class='ocrx_word' id='word_1_749' title='bbox 2039 4487 2195 4543; x_wconf 90' lang='lat' dir='ltr'><strong>dolus</strong></span> <span class='ocrx_word' id='word_1_750' title='bbox 2227 4501 2337 4542; x_wconf 92' lang='lat' dir='ltr'><strong>non</strong></span> <span class='ocrx_word' id='word_1_751' title='bbox 2362 4494 2466 4551; x_wconf 92' lang='lat' dir='ltr'><strong>est,</strong></span> <span class='ocrx_word' id='word_1_752' title='bbox 2497 4484 2873 4541; x_wconf 90' lang='lat' dir='ltr'><strong>conscribatur</strong></span> <span class='ocrx_word' id='word_1_753' title='bbox 2898 4485 2953 4538; x_wconf 91' lang='lat' dir='ltr'><strong>in</strong></span> <span class='ocrx_word' id='word_1_754' title='bbox 2981 4484 3154 4539; x_wconf 79' lang='lat' dir='ltr'><strong>caelis.</strong></span> 
     </span>
    </p>
   </div>
   <div class='ocr_carea' id='block_1_105' title="bbox 2110 4573 3621 4648">
    <p class='ocr_par' dir='ltr' id='par_1_105' title="bbox 2110 4573 3621 4648">
     <span class='ocr_line' id='line_1_123' title="bbox 2110 4573 3621 4648; baseline -0.001 -15"><span class='ocrx_word' id='word_1_755' title='bbox 2110 4578 2275 4634; x_wconf 76' lang='lat' dir='ltr'><strong>Vens.</strong></span> <span class='ocrx_word' id='word_1_756' title='bbox 2309 4576 2396 4630; x_wconf 78' lang='lat' dir='ltr'><strong>6L</strong></span> <span class='ocrx_word' id='word_1_757' title='bbox 2440 4605 2503 4615; x_wconf 90' lang='lat'><strong>—</strong></span> <span class='ocrx_word' id='word_1_758' title='bbox 2529 4574 2598 4629; x_wconf 83' lang='lat' dir='ltr'><strong>Et</strong></span> <span class='ocrx_word' id='word_1_759' title='bbox 2624 4574 2690 4628; x_wconf 87' lang='lat' dir='ltr'><strong>de</strong></span> <span class='ocrx_word' id='word_1_760' title='bbox 2726 4573 2852 4643; x_wconf 82' lang='lat' dir='ltr'><strong>ﬁliis</strong></span> <span class='ocrx_word' id='word_1_761' title='bbox 2874 4574 3226 4629; x_wconf 85' lang='lat' dir='ltr'><strong>sacerdotum.</strong></span> <span class='ocrx_word' id='word_1_762' title='bbox 3259 4573 3436 4648; x_wconf 68' lang='lat'><strong>(831).,</strong></span> <span class='ocrx_word' id='word_1_763' title='bbox 3466 4575 3621 4647; x_wconf 88' lang='lat' dir='ltr'><strong>ibid.)</strong></span> 
     </span>
    </p>
   </div>
   <div class='ocr_carea' id='block_1_106' title="bbox 2040 4659 3625 4743">
    <p class='ocr_par' dir='ltr' id='par_1_106' title="bbox 2040 4659 3625 4743">
     <span class='ocr_line' id='line_1_124' title="bbox 2040 4659 3625 4743; baseline -0.001 -15"><span class='ocrx_word' id='word_1_764' title='bbox 2040 4673 2240 4728; x_wconf 88' lang='lat' dir='ltr'><strong>Eadem</strong></span> <span class='ocrx_word' id='word_1_765' title='bbox 2277 4671 2487 4727; x_wconf 88' lang='lat' dir='ltr'><strong>cautela</strong></span> <span class='ocrx_word' id='word_1_766' title='bbox 2516 4670 2610 4727; x_wconf 85' lang='lat' dir='ltr'><strong>ﬁlii</strong></span> <span class='ocrx_word' id='word_1_767' title='bbox 2643 4670 3133 4743; x_wconf 83' lang='lat' dir='ltr'><strong>transmigrationis</strong></span> <span class='ocrx_word' id='word_1_768' title='bbox 3151 4659 3289 4743; x_wconf 83' lang='lat' dir='ltr'><strong>erga</strong></span> <span class='ocrx_word' id='word_1_769' title='bbox 3312 4672 3625 4727; x_wconf 79' lang='lat' dir='ltr'><strong>sacerdotes</strong></span> 
     </span>
    </p>
   </div>
   <div class='ocr_carea' id='block_1_107' title="bbox 2038 4760 3625 4835">
    <p class='ocr_par' dir='ltr' id='par_1_107' title="bbox 2038 4760 3625 4835">
     <span class='ocr_line' id='line_1_125' title="bbox 2038 4760 3625 4835; baseline -0.001 -17"><span class='ocrx_word' id='word_1_770' title='bbox 2038 4771 2226 4835; x_wconf 85' lang='lat' dir='ltr'><strong>agunt,</strong></span> <span class='ocrx_word' id='word_1_771' title='bbox 2272 4777 2378 4835; x_wconf 91' lang='lat' dir='ltr'><strong>qua</strong></span> <span class='ocrx_word' id='word_1_772' title='bbox 2422 4776 2549 4834; x_wconf 86' lang='lat' dir='ltr'><strong>erga</strong></span> <span class='ocrx_word' id='word_1_773' title='bbox 2592 4760 2867 4832; x_wconf 89' lang='lat' dir='ltr'><strong>populum.</strong></span> <span class='ocrx_word' id='word_1_774' title='bbox 2900 4760 3173 4816; x_wconf 90' lang='lat' dir='ltr'><strong>Curabant</strong></span> <span class='ocrx_word' id='word_1_775' title='bbox 3210 4762 3389 4827; x_wconf 91' lang='lat' dir='ltr'><strong>enim,</strong></span> <span class='ocrx_word' id='word_1_776' title='bbox 3440 4771 3501 4816; x_wconf 91' lang='lat' dir='ltr'><strong>ut</strong></span> <span class='ocrx_word' id='word_1_777' title='bbox 3543 4764 3625 4817; x_wconf 90' lang='lat' dir='ltr'><strong>di-</strong></span> 
     </span>
    </p>
   </div>
   <div class='ocr_carea' id='block_1_108' title="bbox 2038 4855 3623 4930">
    <p class='ocr_par' dir='ltr' id='par_1_108' title="bbox 2038 4855 3623 4930">
     <span class='ocr_line' id='line_1_126' title="bbox 2038 4855 3623 4930; baseline -0.003 -14"><span class='ocrx_word' id='word_1_778' title='bbox 2038 4860 2233 4916; x_wconf 89' lang='lat' dir='ltr'><strong>stincte</strong></span> <span class='ocrx_word' id='word_1_779' title='bbox 2260 4866 2560 4930; x_wconf 82' lang='lat' dir='ltr'><strong>patesceret</strong></span> <span class='ocrx_word' id='word_1_780' title='bbox 2591 4856 2683 4929; x_wconf 88' lang='lat' dir='ltr'><strong>qui</strong></span> <span class='ocrx_word' id='word_1_781' title='bbox 2709 4871 2837 4911; x_wconf 87' lang='lat' dir='ltr'><strong>vere</strong></span> <span class='ocrx_word' id='word_1_782' title='bbox 2875 4856 2942 4912; x_wconf 89' lang='lat' dir='ltr'><strong>ad</strong></span> <span class='ocrx_word' id='word_1_783' title='bbox 2970 4856 3225 4928; x_wconf 90' lang='lat' dir='ltr'><strong>populum</strong></span> <span class='ocrx_word' id='word_1_784' title='bbox 3255 4856 3421 4913; x_wconf 88' lang='lat' dir='ltr'><strong>lsrael</strong></span> <span class='ocrx_word' id='word_1_785' title='bbox 3443 4856 3528 4912; x_wconf 87' lang='lat' dir='ltr'><strong>vel</strong></span> <span class='ocrx_word' id='word_1_786' title='bbox 3554 4855 3623 4912; x_wconf 90' lang='lat' dir='ltr'><strong>ad</strong></span> 
     </span>
    </p>
   </div>
   <div class='ocr_carea' id='block_1_109' title="bbox 2037 4947 3623 5021">
    <p class='ocr_par' dir='ltr' id='par_1_109' title="bbox 2037 4947 3623 5021">
     <span class='ocr_line' id='line_1_127' title="bbox 2037 4947 3623 5021; baseline -0.001 -15"><span class='ocrx_word' id='word_1_787' title='bbox 2037 4965 2206 5021; x_wconf 86' lang='lat' dir='ltr'><strong>genus</strong></span> <span class='ocrx_word' id='word_1_788' title='bbox 2234 4948 2563 5006; x_wconf 86' lang='lat' dir='ltr'><strong>sacerdotale</strong></span> <span class='ocrx_word' id='word_1_789' title='bbox 2585 4947 2958 5021; x_wconf 88' lang='lat' dir='ltr'><strong>pertinerent,</strong></span> <span class='ocrx_word' id='word_1_790' title='bbox 3003 4948 3095 5018; x_wconf 92' lang='lat' dir='ltr'><strong>qui</strong></span> <span class='ocrx_word' id='word_1_791' title='bbox 3138 4958 3229 5005; x_wconf 87' lang='lat' dir='ltr'><strong>aut</strong></span> <span class='ocrx_word' id='word_1_792' title='bbox 3262 4948 3501 5020; x_wconf 87' lang='lat' dir='ltr'><strong>suspecti</strong></span> <span class='ocrx_word' id='word_1_793' title='bbox 3528 4958 3623 5004; x_wconf 86' lang='lat' dir='ltr'><strong>aut</strong></span> 
     </span>
    </p>
   </div>
   <div class='ocr_carea' id='block_1_110' title="bbox 2036 5038 3621 5112">
    <p class='ocr_par' dir='ltr' id='par_1_110' title="bbox 2036 5038 3621 5112">
     <span class='ocr_line' id='line_1_128' title="bbox 2036 5038 3621 5112; baseline -0.001 -15"><span class='ocrx_word' id='word_1_794' title='bbox 2036 5052 2185 5097; x_wconf 90' lang='lat' dir='ltr'><strong>certa</strong></span> <span class='ocrx_word' id='word_1_795' title='bbox 2214 5040 2629 5112; x_wconf 87' lang='lat' dir='ltr'><strong>prosclytorum,</strong></span> <span class='ocrx_word' id='word_1_796' title='bbox 2660 5038 2713 5094; x_wconf 90' lang='lat' dir='ltr'><strong>id</strong></span> <span class='ocrx_word' id='word_1_797' title='bbox 2744 5046 2845 5104; x_wconf 89' lang='lat' dir='ltr'><strong>est,</strong></span> <span class='ocrx_word' id='word_1_798' title='bbox 2884 5040 3209 5095; x_wconf 87' lang='lat' dir='ltr'><strong>advenarum</strong></span> <span class='ocrx_word' id='word_1_799' title='bbox 3243 5046 3427 5095; x_wconf 89' lang='lat' dir='ltr'><strong>essent</strong></span> <span class='ocrx_word' id='word_1_800' title='bbox 3449 5038 3621 5111; x_wconf 85' lang='lat' dir='ltr'><strong>stirpe</strong></span> 
     </span>
    </p>
   </div>
   <div class='ocr_carea' id='block_1_111' title="bbox 2034 5129 3620 5206">
    <p class='ocr_par' dir='ltr' id='par_1_111' title="bbox 2034 5129 3620 5206">
     <span class='ocr_line' id='line_1_129' title="bbox 2034 5129 3620 5206; baseline -0.002 -16"><span class='ocrx_word' id='word_1_801' title='bbox 2034 5132 2324 5206; x_wconf 88' lang='lat' dir='ltr'><strong>procreati.</strong></span> <span class='ocrx_word' id='word_1_802' title='bbox 2368 5129 2692 5187; x_wconf 88' lang='lat' dir='ltr'><strong>Sacerdotes</strong></span> <span class='ocrx_word' id='word_1_803' title='bbox 2720 5146 2848 5203; x_wconf 88' lang='lat' dir='ltr'><strong>ergo</strong></span> <span class='ocrx_word' id='word_1_804' title='bbox 2886 5140 3167 5203; x_wconf 89' lang='lat' dir='ltr'><strong>suspectos</strong></span> <span class='ocrx_word' id='word_1_805' title='bbox 3196 5132 3264 5185; x_wconf 90' lang='lat' dir='ltr'><strong>ab</strong></span> <span class='ocrx_word' id='word_1_806' title='bbox 3290 5130 3479 5186; x_wconf 87' lang='lat' dir='ltr'><strong>altaris</strong></span> <span class='ocrx_word' id='word_1_807' title='bbox 3503 5147 3620 5187; x_wconf 87' lang='lat' dir='ltr'><strong>mo-</strong></span> 
     </span>
    </p>
   </div>
   <div class='ocr_carea' id='block_1_112' title="bbox 2036 5220 3617 5294">
    <p class='ocr_par' dir='ltr' id='par_1_112' title="bbox 2036 5220 3617 5294">
     <span class='ocr_line' id='line_1_130' title="bbox 2036 5220 3617 5294; baseline 0.001 -16"><span class='ocrx_word' id='word_1_808' title='bbox 2036 5220 2436 5287; x_wconf 81' lang='lat' dir='ltr'><strong>vcruntoﬂicio,</strong></span> <span class='ocrx_word' id='word_1_809' title='bbox 2465 5238 2634 5294; x_wconf 89' lang='lat' dir='ltr'><strong>usque</strong></span> <span class='ocrx_word' id='word_1_810' title='bbox 2655 5223 2780 5279; x_wconf 91' lang='lat' dir='ltr'><strong>dum</strong></span> <span class='ocrx_word' id='word_1_811' title='bbox 2804 5224 3004 5280; x_wconf 90' lang='lat' dir='ltr'><strong>certius</strong></span> <span class='ocrx_word' id='word_1_812' title='bbox 3044 5239 3231 5278; x_wconf 88' lang='lat' dir='ltr'><strong>eorum</strong></span> <span class='ocrx_word' id='word_1_813' title='bbox 3254 5221 3409 5294; x_wconf 89' lang='lat' dir='ltr'><strong>origo</strong></span> <span class='ocrx_word' id='word_1_814' title='bbox 3438 5223 3617 5280; x_wconf 88' lang='lat' dir='ltr'><strong>clare-</strong></span> 
     </span>
    </p>
   </div>
   <div class='ocr_carea' id='block_1_113' title="bbox 2037 5316 3620 5388">
    <p class='ocr_par' dir='ltr' id='par_1_113' title="bbox 2037 5316 3620 5388">
     <span class='ocr_line' id='line_1_131' title="bbox 2037 5316 3620 5388; baseline -0.003 -12"><span class='ocrx_word' id='word_1_815' title='bbox 2037 5327 2233 5385; x_wconf 89' lang='lat' dir='ltr'><strong>sceret,</strong></span> <span class='ocrx_word' id='word_1_816' title='bbox 2280 5319 2371 5373; x_wconf 87' lang='lat' dir='ltr'><strong>sed</strong></span> <span class='ocrx_word' id='word_1_817' title='bbox 2424 5316 2776 5373; x_wconf 89' lang='lat' dir='ltr'><strong>nihilominus</strong></span> <span class='ocrx_word' id='word_1_818' title='bbox 2832 5318 2886 5372; x_wconf 92' lang='lat' dir='ltr'><strong>in</strong></span> <span class='ocrx_word' id='word_1_819' title='bbox 2918 5319 3178 5374; x_wconf 87' lang='lat' dir='ltr'><strong>societate</strong></span> <span class='ocrx_word' id='word_1_820' title='bbox 3221 5317 3620 5388; x_wconf 80' lang='lat' dir='ltr'><strong>transmigran—</strong></span> 
     </span>
    </p>
   </div>
   <div class='ocr_carea' id='block_1_114' title="bbox 2036 5409 3230 5481">
    <p class='ocr_par' dir='ltr' id='par_1_114' title="bbox 2036 5409 3230 5481">
     <span class='ocr_line' id='line_1_132' title="bbox 2036 5409 3230 5481; baseline -0.004 -14"><span class='ocrx_word' id='word_1_821' title='bbox 2036 5413 2194 5475; x_wconf 89' lang='lat' dir='ltr'><strong>tium,</strong></span> <span class='ocrx_word' id='word_1_822' title='bbox 2218 5409 2457 5466; x_wconf 89' lang='lat' dir='ltr'><strong>unanimi</strong></span> <span class='ocrx_word' id='word_1_823' title='bbox 2486 5425 2669 5467; x_wconf 89' lang='lat' dir='ltr'><strong>secum</strong></span> <span class='ocrx_word' id='word_1_824' title='bbox 2702 5426 2833 5481; x_wconf 87' lang='lat' dir='ltr'><strong>pace</strong></span> <span class='ocrx_word' id='word_1_825' title='bbox 2862 5420 3230 5465; x_wconf 87' lang='lat' dir='ltr'><strong>servaverunt.</strong></span> 
     </span>
    </p>
   </div>
   <div class='ocr_carea' id='block_1_115' title="bbox 2112 5496 3622 5573">
    <p class='ocr_par' dir='ltr' id='par_1_115' title="bbox 2112 5496 3622 5573">
     <span class='ocr_line' id='line_1_133' title="bbox 2112 5496 3622 5573; baseline -0.003 -18"><span class='ocrx_word' id='word_1_826' title='bbox 2112 5501 2334 5573; x_wconf 86' lang='lat' dir='ltr'><strong>Mystice</strong></span> <span class='ocrx_word' id='word_1_827' title='bbox 2359 5507 2820 5573; x_wconf 78' lang='lat' dir='ltr'><strong>autem_qu:erunt</strong></span> <span class='ocrx_word' id='word_1_828' title='bbox 2853 5499 2947 5553; x_wconf 87' lang='lat' dir='ltr'><strong>lilii</strong></span> <span class='ocrx_word' id='word_1_829' title='bbox 2973 5498 3313 5556; x_wconf 88' lang='lat' dir='ltr'><strong>sacerdotum</strong></span> <span class='ocrx_word' id='word_1_830' title='bbox 3357 5499 3423 5553; x_wconf 91' lang='lat' dir='ltr'><strong>de</strong></span> <span class='ocrx_word' id='word_1_831' title='bbox 3448 5496 3622 5569; x_wconf 88' lang='lat' dir='ltr'><strong>capti-</strong></span> 
     </span>
    </p>
   </div>
   <div class='ocr_carea' id='block_1_116' title="bbox 2041 5587 3622 5660">
    <p class='ocr_par' dir='ltr' id='par_1_116' title="bbox 2041 5587 3622 5660">
     <span class='ocr_line' id='line_1_134' title="bbox 2041 5587 3622 5660; baseline -0.001 -14"><span class='ocrx_word' id='word_1_832' title='bbox 2041 5591 2206 5646; x_wconf 87' lang='lat' dir='ltr'><strong>vitate</strong></span> <span class='ocrx_word' id='word_1_833' title='bbox 2246 5589 2565 5660; x_wconf 86' lang='lat' dir='ltr'><strong>Babylonica</strong></span> <span class='ocrx_word' id='word_1_834' title='bbox 2608 5591 2962 5645; x_wconf 89' lang='lat' dir='ltr'><strong>ascendentes</strong></span> <span class='ocrx_word' id='word_1_835' title='bbox 3008 5588 3332 5660; x_wconf 88' lang='lat' dir='ltr'><strong>scripturam</strong></span> <span class='ocrx_word' id='word_1_836' title='bbox 3373 5587 3622 5660; x_wconf 82' lang='lat' dir='ltr'><strong>genealo-</strong></span> 
     </span>
    </p>
   </div>
   <div class='ocr_carea' id='block_1_117' title="bbox 2041 5678 3623 5753">
    <p class='ocr_par' dir='ltr' id='par_1_117' title="bbox 2041 5678 3623 5753">
     <span class='ocr_line' id='line_1_135' title="bbox 2041 5678 3623 5753; baseline 0 -17"><span class='ocrx_word' id='word_1_837' title='bbox 2041 5682 2142 5753; x_wconf 85' lang='lat' dir='ltr'><strong>giae</strong></span> <span class='ocrx_word' id='word_1_838' title='bbox 2169 5696 2296 5745; x_wconf 66' lang='lat' dir='ltr'><strong>suae,</strong></span> <span class='ocrx_word' id='word_1_839' title='bbox 2344 5697 2446 5737; x_wconf 91' lang='lat' dir='ltr'><strong>nec</strong></span> <span class='ocrx_word' id='word_1_840' title='bbox 2493 5681 2847 5741; x_wconf 88' lang='lat' dir='ltr'><strong>invenientes,</strong></span> <span class='ocrx_word' id='word_1_841' title='bbox 2882 5680 2947 5734; x_wconf 90' lang='lat' dir='ltr'><strong>de</strong></span> <span class='ocrx_word' id='word_1_842' title='bbox 2984 5680 3288 5736; x_wconf 84' lang='lat' dir='ltr'><strong>sacerdotio</strong></span> <span class='ocrx_word' id='word_1_843' title='bbox 3332 5678 3623 5749; x_wconf 83' lang='lat' dir='ltr'><strong>ejiciuntur</strong></span> 
     </span>
    </p>
   </div>
   <div class='ocr_carea' id='block_1_118' title="bbox 2040 5769 3617 5842">
    <p class='ocr_par' dir='ltr' id='par_1_118' title="bbox 2040 5769 3617 5842">
     <span class='ocr_line' id='line_1_136' title="bbox 2040 5769 3617 5842; baseline -0.001 -14"><span class='ocrx_word' id='word_1_844' title='bbox 2040 5789 2163 5828; x_wconf 89' lang='lat' dir='ltr'><strong>cum</strong></span> <span class='ocrx_word' id='word_1_845' title='bbox 2206 5772 2438 5828; x_wconf 90' lang='lat' dir='ltr'><strong>ministri</strong></span> <span class='ocrx_word' id='word_1_846' title='bbox 2488 5772 2676 5827; x_wconf 91' lang='lat' dir='ltr'><strong>altaris</strong></span> <span class='ocrx_word' id='word_1_847' title='bbox 2718 5771 2773 5825; x_wconf 90' lang='lat' dir='ltr'><strong>in</strong></span> <span class='ocrx_word' id='word_1_848' title='bbox 2824 5779 2972 5825; x_wconf 90' lang='lat' dir='ltr'><strong>tanta</strong></span> <span class='ocrx_word' id='word_1_849' title='bbox 3014 5769 3215 5842; x_wconf 82' lang='lat' dir='ltr'><strong>ﬂagitia</strong></span> <span class='ocrx_word' id='word_1_850' title='bbox 3262 5770 3345 5827; x_wconf 89' lang='lat' dir='ltr'><strong>vel</strong></span> <span class='ocrx_word' id='word_1_851' title='bbox 3388 5769 3617 5826; x_wconf 77' lang='lat' dir='ltr'><strong>nefanda</strong></span> 
     </span>
    </p>
   </div>
   <div class='ocr_carea' id='block_1_119' title="bbox 2043 5862 3621 5935">
    <p class='ocr_par' dir='ltr' id='par_1_119' title="bbox 2043 5862 3621 5935">
     <span class='ocr_line' id='line_1_137' title="bbox 2043 5862 3621 5935; baseline -0.003 -14"><span class='ocrx_word' id='word_1_852' title='bbox 2043 5866 2290 5935; x_wconf 85' lang='lat' dir='ltr'><strong>dogmata</strong></span> <span class='ocrx_word' id='word_1_853' title='bbox 2331 5863 2625 5929; x_wconf 90' lang='lat' dir='ltr'><strong>decidunt,</strong></span> <span class='ocrx_word' id='word_1_854' title='bbox 2688 5870 2749 5917; x_wconf 91' lang='lat' dir='ltr'><strong>ut</strong></span> <span class='ocrx_word' id='word_1_855' title='bbox 2789 5863 2888 5917; x_wconf 89' lang='lat' dir='ltr'><strong>etsi</strong></span> <span class='ocrx_word' id='word_1_856' title='bbox 2930 5863 3240 5933; x_wconf 75' lang='lat' dir='ltr'><strong>paenitendo</strong></span> <span class='ocrx_word' id='word_1_857' title='bbox 3282 5862 3353 5919; x_wconf 88' lang='lat' dir='ltr'><strong>ad</strong></span> <span class='ocrx_word' id='word_1_858' title='bbox 3389 5862 3621 5919; x_wconf 83' lang='lat' dir='ltr'><strong>salutem</strong></span> 
     </span>
    </p>
   </div>
  </div>
