4122 6350
573 390 676 450 695

1064 390 1454 446 WALAFR‘IDI
1497 389 1742 446 STRABI
1780 391 1979 448 FULD.
2023 392 2188 449 MON.
2229 391 2377 449 OPP.
2419 393 2598 450 PARS
2636 393 2676 449 l.
2716 423 2786 434 —
2821 393 3280 451 THEOLOGICA.

2223 292 2382 310 αισι--

3707 394 3818 454 696

568 509 760 564 animze
785 508 1028 570 redeant,
1054 522 1158 560 non
1185 517 1360 562 tamen
1389 508 1532 578 digni
1562 508 1798 578 suntqui
1824 509 1890 563 ad
1919 525 2133 564 sacrum
2161 521 2208 580 Α
2237 512 2566 566 vocabantur
2611 511 2771 576 Juda,
2833 521 2962 592 etc.,
3020 529 3181 584 usque
3229 514 3296 567 ad
3350 514 3416 569 de
3459 513 3659 584 quibus
3713 514 3820 570 sibi

558 603 782 671 gradum
835 598 1209 652 restituantur.
1252 599 1362 652 Etsi
1403 599 1546 652 enim
1589 599 1726 654 inter
1759 600 1942 654 ﬁdeles
1967 601 2129 653 vitam

552 701 867 763 exspectent
904 701 1180 756 aeternam,
1222 708 1324 745 non
1372 700 1545 746 tamen
1583 693 1901 761 scripturarum
1932 693 2128 764 gradus

553 786 660 849 sui,
693 798 851 854 quem
888 792 1132 852 repetere
1174 791 1448 852 nequeunt
1483 783 1624 837 inter
1652 783 1920 852 perfectos
1945 798 2128 837 sacer-

556 877 712 933 dotes
751 863 1048 932 inveniunt.
1225 945 1228 948 ἠ

627 972 808 1026 Omnis
838 970 1112 1024 multitudo
1142 967 1293 1037 quasi
1319 970 1398 1023 vir
1433 986 1592 1034 unus,
1640 978 1743 1024 etc.
1770 970 1944 1039 (Bem,
1973 971 2127 1039 ibid.)

552 1063 618 1119 lli
642 1077 736 1119 eos
758 1062 1060 1134 signiﬁcant
1084 1063 1172 1131 qui
1198 1061 1442 1132 profectu
1455 1061 1836 1116 emendatioris
1858 1063 1979 1116 vitae
1999 1063 2129 1118 vitia

550 1170 827 1225 superare,
872 1161 926 1209 et
966 1153 1220 1206 virtutum
1265 1153 1474 1207 culmen
1528 1155 1817 1209 ascendere
1859 1160 2127 1224 satagunt,

550 1244 784 1301 nondum
817 1256 993 1299 tamen
1024 1244 1123 1298 sibi
1147 1243 1212 1297 ad
1247 1244 1631 1313 providendam
1676 1244 1815 1296 viam
1868 1242 2129 1313 regularis

552 1339 672 1393 vita:
697 1337 986 1400 sufﬁciunt,
1039 1339 1132 1392 sed
1177 1351 1365 1391 eorum
1401 1337 1492 1406 qui
1545 1337 1598 1391 in
1639 1336 1856 1391 ChriSIo
1904 1351 2131 1406 praeces-

547 1440 740 1489 serunt
770 1431 1034 1484 industria
1063 1437 1386 1483 coercentur
1407 1437 1462 1482 et
1499 1429 1824 1498 diriguntur.

618 1521 684 1576 Et
714 1523 767 1574 in
795 1522 939 1591 ipsis.
963 1521 1140 1592 (Βει).,
1165 1520 1318 1590 ibid.)
1349 1519 1589 1592 Mystice,
1620 1520 1670 1574 in
1698 1518 2010 1589 templo°vel
2035 1535 2130 1585 po-

546 1613 670 1682 pulo
697 1613 787 1668 Dei
817 1621 1231 1676 suntcantores,
1269 1622 1397 1675 etc.,
1429 1629 1590 1682 usque
1628 1611 1697 1663 ad
1723 1619 1777 1665 et
1814 1611 1966 1680 quasi
2000 1625 2124 1664 sua-

544 1707 712 1759 vitate
743 1720 853 1758 suae
886 1703 1032 1757 vocis
1060 1703 1315 1771 adjuvant
1337 1702 1668 1756 aediﬁcantes
1702 1700 1982 1769 templum.

615 1794 783 1848 Vens.
817 1793 904 1848 66.
949 1793 1180 1846 —Muli
1231 1809 1432 1846 eorum.
1487 1791 1787 1861 (ln.,ibid.)
1841 1791 2012 1846 Mulus
2057 1807 2124 1846 ex

2229 604 2545 671 promittunt
2575 603 2776 670 Judrei,
2811 606 2952 676 quod
2985 615 3241 673 regnante
3275 605 3491 663 Christo
3527 622 3650 672 suo,
3688 624 3820 663 cum

2229 696 2440 749 caeteris
2482 710 2592 749 sua:
2633 697 2807 765 gentis
2854 697 3160 751 hominibus
3202 697 3310 751 sint
3353 697 3405 752 in
3453 697 3694 754 Judatatn
3727 715 3817 754 reo

2229 785 2463 850 versuri,
2493 795 2545 840 et
2578 787 2629 841 in
2654 796 2765 842 toto
2791 789 2923 843 orbe
2956 789 3248 859 regnaturi.

2299 876 2600 948 Allcgorice
2622 880 2947 944 sacerdotes,
2979 881 3200 946 Levitae,
3222 892 3496 948 cantores,
3517 883 3818 952 ianitores,

2229 979 2285 1026 et
2313 969 2598 1037 Nalbinzei,
2627 973 2910 1041 omnisque
2947 972 3112 1027 lsrael
3145 974 3198 1027 in
3227 974 3540 1029 civitatibus
3569 977 3683 1030 suis
3709 975 3821 1029 ha-

2229 1060 2423 1126 bitant,
2465 1077 2590 1116 cum
2631 1061 2863 1115 ministri
2910 1061 3095 1116 altaris
3151 1072 3205 1116 et
3258 1063 3508 1118 doctores
3565 1073 3619 1118 et
3661 1065 3824 1134 plebs

2229 1151 2534 1208 Christiana
2580 1152 2632 1206 in
2670 1151 2781 1206 suis
2818 1151 3072 1221 gradibus
3124 1153 3232 1207 Deo
3270 1152 3500 1207 ﬁdeliter
3539 1154 3819 1217 serviunt,

2230 1242 2343 1297 sive
2372 1242 2464 1311 qui
2500 1242 2685 1296 eodem
2716 1241 2884 1311 gradu
2913 1242 3205 1312 aliquando
3234 1243 3381 1298 vitiis
3416 1243 3695 1299 sordidato
3726 1245 3822 1312 vel

2228 1332 2460 1401 perdito,
2489 1346 2584 1401 per
2607 1332 2983 1402 pmnitentiam
3016 1333 3250 1401 correpti
3275 1341 3421 1396 sunt,
3460 1334 3576 1388 sive
3601 1334 3691 1404 qui
3717 1352 3822 1388 nu-

2228 1438 2324 1492 per
2360 1423 2426 1477 de
2459 1437 2622 1494 regno
2653 1422 2846 1477 diaboli
2887 1422 2949 1477 ad
2981 1422 3277 1479 Ecclesium
3305 1425 3584 1480 venientes
3609 1425 3820 1480 bonum

2229 1514 2330 1568 sibi
2369 1514 2609 1584 gradum.
2640 1513 3048 1583 acquisierunt.‘
3074 1512 3213 1569 Suas
3255 1514 3398 1569 enim
3448 1516 3696 1570 civitates
3735 1517 3824 1569 in-

2231 1606 2495 1661 troierunt
2535 1605 2735 1660 Levita:
2773 1605 2854 1658 vel
2897 1605 2986 1658 ﬁlii
3019 1605 3180 1660 lsracl
3201 1647 3216 1670 ,
3246 1622 3352 1661 non
3395 1607 3565 1662 solum
3595 1608 3685 1676 qui
3717 1622 3820 1660 eas

2230 1696 2479 1764 captivati
2511 1696 2820 1756 amiserant,
2854 1694 2948 1749 sed
2976 1697 3139 1751 etiam
3173 1699 3264 1768 qui
3289 1698 3356 1753 de
3384 1699 3613 1768 captivis
3640 1699 3820 1769 geniti

2229 1789 2295 1843 ad
2327 1790 2472 1858 ipsas
2500 1803 2558 1842 se
2584 1796 2806 1858 paterna
2830 1788 3168 1844 successione
3195 1790 3466 1858 pertinere
3487 1789 3814 1844 didicerant.

545 1885 696 1939 asino
720 1894 775 1938 et
806 1900 942 1953 equa
974 1885 1230 1955 gignitur,
1257 1886 1393 1939 mala
1433 1900 1497 1938 ex
1520 1900 1657 1954 equo
1685 1893 1737 1938 et
1779 1885 1949 1940 asina.
1976 1884 2122 1940 luter
2150 1883 2195 1942 B
2223 1882 2537 1954 Quicunque
2566 1899 2691 1938 vero
2727 1883 2798 1938 ita
2829 1884 3086 1952 captivati
3124 1892 3273 1949 Sunt,
3316 1894 3376 1938 ut
3420 1900 3696 1954 nunquam
3726 1899 3821 1938 re

546 1977 795 2030 homines
822 1975 911 2044 qui
947 1976 1011 2030 de
1058 1975 1370 2044 captivitate
1408 1976 1764 2029 ascenderant
1801 1975 1962 2028 etiam
2008 1975 2123 2028 ani-

544 2067 705 2122 malia
727 2068 924 2137 quibus
955 2065 1365 2134 adjuvabantur,
1404 2066 1799 2120 describuntur.
1834 2065 1901 2118 Et
1935 2080 2120 2119 eorum

543 2163 682 2234 sicut
709 2160 988 2215 homimun
1021 2175 1276 2214 numerus
1303 2159 1634 2230 designatur,
1659 2157 1784 2226 quia
1815 2167 1939 2211 sunt
1968 2155 2119 2213 mulli

542 2251 596 2305 in
629 2251 867 2305 Ecclesia
905 2252 989 2306 vel
1034 2266 1197 2306 sensu
1229 2252 1511 2314 tardiores,
1541 2249 1626 2304 vel
1666 2251 1832 2302 etiam
1853 2247 2116 2312 carnales,

541 2345 631 2414 qui
661 2352 838 2398 tamen
891 2344 1162 2414 magistris
1210 2342 1579 2412 spiritualibns
1608 2341 1799 2396 devote
1838 2341 2118 2408 obtempe-

540 2444 684 2499 rant,
729 2443 784 2490 et
823 2435 888 2489 ad
940 2435 1200 2505 portanda
1252 2449 1416 2488 onera
1459 2432 1712 2487 fraterna:
1757 2431 2117 2494 necessitatis,

541 2529 758 2582 dorsum
806 2527 1003 2580 mentis
1035 2526 1317 2588 inclinant,
1363 2533 1418 2579 ct
1446 2541 1568 2578 cum
1597 2525 1810 2578 ueteris
1835 2523 2022 2577 electis
2051 2521 2119 2576 de

540 2618 854 2674 confusione
882 2617 1161 2671 diabolica:
1189 2616 1518 2685 captivitatis
1544 2616 1746 2684 erepti,
1780 2615 1845 2668 ad
1877 2629 2120 2682 superna:

538 2710 774 2765 civitatis
821 2710 1020 2762 mcenia
1074 2708 1340 2771 tendunt,
1385 2721 1617 2775 quorum
1655 2707 1818 2760 etiam
1863 2720 2118 2758 numerus

539 2799 801 2854 memoria
847 2799 939 2876 Dei
972 2799 1178 2868 integer
1216 2805 1601 2862 conservatur;
1645 2797 1786 2850 unde
1817 2815 1830 2850 :
1865 2795 2119 2866 Imperfe-

539 2905 680 2948 ctum
726 2911 896 2948 meum
940 2895 1174 2948 viderunt
1219 2891 1357 2947 oculi
1392 2892 1468 2945 tui
1519 2888 1689 2962 (Psal.
1727 2889 2010 2961 cxxxvm).
2051 2889 2118 2943 Et

537 2987 708 3041 alibi:
749 2985 1000 3040 Homines
1044 2996 1090 3039 et
1130 2986 1369 3056 jumenta
1413 2983 1638 3038 salvebis
1685 2981 1909 3038 Domino
1949 2981 2112 3052 (Ibid.

538 3079 724 3150 xxxv)

608 3170 772 3224 Vsus.
803 3169 891 3225 68.
921 3198 988 3208 —
1019 3167 1210 3238 Sponte
1231 3165 1527 3221 obtulerunt
1552 3166 1606 3220 in
1643 3166 1854 3219 domum
1885 3163 1984 3218 Dei
2019 3163 2110 3228 ad,

2223 1977 2364 2031 versi
2423 1975 2544 2030 aliis
2597 1975 2790 2029 fundos
2840 1991 2968 2030 suos
3021 1977 3378 2044 possidendos
3427 1976 3814 2044 reliquerunt,

2223 2068 2344 2123 illos
2365 2067 2691 2137 signiﬁcant,
2724 2067 2814 2134 qui
2855 2066 2932 2120 sic
2963 2066 3234 2136 peccando
3261 2067 3328 2120 ab
3359 2066 3596 2120 Ecclesia
3626 2066 3815 2120 disce-

2223 2163 2377 2224 dunt,
2407 2169 2468 2214 ut
2495 2174 2769 2229 nunquam
2797 2159 3135 2229 resipiscant,
3164 2168 3219 2213 et
3257 2158 3378 2213 aliis
3405 2160 3670 2229 promissa
3705 2159 3817 2213 sibi

2221 2252 2439 2322 praemia
2480 2251 2824 2319 relinquant;
2863 2251 3050 2304 unde:
3083 2248 3284 2303 Memor
3332 2261 3442 2303 esto
3483 2249 3620 2303 unde
3665 2249 3814 2302 exci-

2221 2345 2380 2408 deris,
2405 2353 2452 2396 et
2477 2359 2571 2412 age
2597 2342 2970 2413 paenitentiam,
3012 2351 3059 2394 et
3079 2342 3248 2411 prima
3273 2358 3428 2411 opera
3453 2341 3538 2410 [ac
3561 2357 3579 2395 :
3603 2341 3684 2395 sin
3710 2358 3815 2394 au-

2220 2443 2318 2487 tem
2365 2434 2513 2486 venio
2559 2433 2670 2495 tibi,
2714 2441 2763 2486 et
2817 2430 3023 2485 movebo
3067 2429 3439 2484 candelabrum
3483 2441 3650 2493 tuum,
3695 2438 3806 2483 etc.

2221 2525 2403 2595 (Apoc.
2431 2525 2514 2594 n);
2543 2533 2597 2577 et
2622 2522 2746 2577 alibi
2776 2541 2788 2575 :
2816 2521 2951 2576 Tene
2974 2523 3113 2592 quod
3134 2520 3310 2587 habes,
3334 2532 3390 2576 ut
3412 2537 3559 2575 nemo
3579 2522 3811 2591 accipiat

2220 2631 2467 2669 coronam
2492 2624 2636 2667 tuam
2673 2611 2836 2684 (Ibid.
2863 2612 2969 2683 ιιι).

2837 2745 3065 2802 CAPUT
3102 2745 3187 2801 ΙΙΙ.

2286 2880 2513 2952 Jamque
2533 2889 2740 2935 venerat
2767 2882 2958 2935 mensis
2983 2881 3251 2950 septimus.
3277 2881 3446 2953 (Beas
3468 2882 3520 2935 in
3550 2881 3803 2946 Esdram,

2215 2980 2348 3039 tom.
2389 2971 2478 3041 ll.)
2525 2970 2625 3038 Qui
2666 2972 2808 3042 apud
2839 2987 2936 3027 nos
2976 2970 3211 3028 October
3248 2988 3360 3043 pne
3385 2975 3599 3028 caeteris
3644 2975 3804 3044 legali

2213 3061 2594 3118 observatione
2635 3063 2909 3126 solemnis,
2959 3063 3011 3116 in
3053 3079 3160 3135 quo
3187 3064 3352 3120 etiam
3391 3065 3663 3120 celebrata
3719 3075 3806 3121 est

2214 3155 2483 3211 dedicatio
2515 3156 2720 3226 templi.
2764 3154 3010 3226 Cougrue
3047 3171 3176 3227 ergo
3203 3173 3323 3212 cum
3355 3157 3531 3228 primo
3554 3159 3805 3214 civitates

534 3274 639 3319 etc.
672 3263 792 3334 (lo.,
824 3262 978 3332 ibid.)
1007 3234 1209 3331 Magnae
1234 3260 1534 3315 devotionis
1572 3259 1827 3314 indicium
1847 3266 1950 3322 est,
1977 3265 2110 3320 etc.,
2140 3234 2186 3296 (ἶ
2217 3262 2344 3303 suas
2377 3248 2670 3302 intrassent
2699 3257 2756 3301 et
2788 3247 3096 3302 mansiones
3127 3248 3227 3304 sibi
3259 3249 3644 3318 providisSent,
3674 3264 3804 3304 mox

531 3372 697 3425 usque
717 3354 786 3408 ad
814 3363 1017 3425 quanto
1039 3369 1133 3407 eos
1160 3369 1256 3407 nec
1283 3352 1444 3407 licitis
1474 3353 1549 3405 uti
1574 3349 1940 3406 considerant.

607 3446 768 3500 Vens.
805 3428 892 3500 69'.
923 3445 1301 3500 ——Secuudum
1333 3445 1486 3499 vires.
1523 3443 1647 3498 Haac
1673 3451 1756 3498 est
1788 3443 1933 3497 enim
1962 3458 2113 3498 men-

532 3555 656 3595 sura
700 3538 1075 3609 perfectionis,
1121 3555 1218 3608 pro
1256 3553 1414 3606 posse
1446 3553 1543 3591 suo
1569 3550 1838 3606 quemque
1869 3551 1968 3605 pro
2001 3536 2110 3590 Do-

531 3631 680 3685 mino
725 3629 1006 3694 laborare,
1057 3637 1113 3683 et
1158 3636 1355 3683 statum
1403 3628 1655 3683 Ecclesia:
1702 3629 1877 3696 primo
1928 3627 1980 3680 in
2030 3643 2109 3692 se,

532 3723 725 3778 deinde
763 3723 816 3776 in
850 3723 1110 3790 proximis
1148 3722 1487 3776 conlirmarc.
1531 3719 1631 3786 Qui
1675 3719 1854 3774 taliter
1888 3733 2110 3772 conver-

531 3823 720 3870 santur
741 3855 754 3878 ,
790 3823 933 3869 recte
968 3814 1236 3883 principes
1270 3821 1482 3883 patrum
1508 3820 1791 3875 vocantur,
1825 3809 1949 3879 quia
1987 3824 2112 3878 per-

530 3903 819 3958 fectionem
865 3905 985 3958 vitae
1013 3912 1069 3959 et
1107 3905 1365 3959 doctrina:
1403 3903 1510 3957 illis
1534 3903 1624 3971 qui
1667 3903 1719 3957 in
1749 3901 1988 3957 Ecclesia
2015 3917 2110 3972 per

531 3994 906 4049 sollicitudinis
930 3995 1165 4048 studium
1195 4003 1376 4063 patres
1403 4000 1666 4048 vocantur
1696 3993 1858 4049 altius
1882 3993 2111 4049 vivendo

531 4087 928 4156 principantur.

602 4179 733 4233 Auri
753 4177 967 4232 solidos.
988 4178 1168 4248 (850.,
1183 4178 1335 4249 ibid.)
1351 4179 1554 4232 Aurum
1573 4187 1628 4234 et
1647 4185 1929 4249 argentum
1949 4185 2109 4232 etve-

527 4281 638 4330 stes
665 4272 1029 4329 sacerdotales
1053 4313 1067 4337 ,
1095 4282 1227 4338 etc.,
1269 4289 1429 4344 usque
1459 4272 1528 4325 ad
1563 4271 1681 4339 Quo
1723 4272 1866 4328 enim
1891 4272 2110 4343 gravius

528 4381 587 4422 se
611 4381 823 4420 errasse
854 4365 1238 4430 meminerunt,
1268 4379 1333 4419 eo
1357 4362 1638 4418 ardentius
1666 4362 1826 4419 bonis
1855 4363 2108 4433 operibus

528 4457 804 4510 insistunt.

605 4544 768 4599 Vens.
824 4545 913 4600 70.
969 4577 1037 4587 —
1093 4545 1474 4600 Habitauerunt
1530 4562 1651 4615 ergo
1712 4546 2009 4600 sacerdotes
2057 4557 2104 4600 et

525 4637 736 4692 Levitte.
780 4637 964 4691 Levita
1002 4654 1031 4690 a
1067 4636 1332 4692 Chaldaeis
1375 4636 1675 4706 captivatus
1715 4636 1989 4691 civitatem
2022 4650 2108 4690 re-

523 4729 678 4798 cipit,
730 4744 851 4782 cum
898 4728 1156 4782 diaconus
1201 4728 1452 4781 virtutem
1492 4726 1836 4796 perfectionis
1881 4742 2043 4796 quam
2073 4741 2104 4780 a

524 4818 738 4874 diabolo
782 4820 1032 4873 seductus
1066 4819 1374 4888 perdiderat
1417 4818 1642 4873 Domino
1685 4821 1918 4874 donante
1963 4819 2104 4874 rein-

524 4919 720 4980 tegmt.
753 4910 810 4963 ln
839 4909 1107 4978 Babylone
1136 4924 1265 4962 vero
1293 4918 1451 4962 natus
1479 4909 1752 4963 civitatem
1784 4909 1837 4963 in
1863 4909 2099 4964 Judmam

522 5003 748 5058 veniens
795 5001 1122 5071 ingreditur,
1153 5016 1275 5054 cum
1320 5011 1668 5070 regeneratus
1709 5000 1762 5054 in
1806 5000 2022 5057 Christo
2046 5011 2101 5056 et

521 5095 661 5150 bene
688 5093 966 5148 institutus
997 5091 1048 5145 in
1083 5091 1320 5145 Ecclesia
1348 5101 1628 5160 acceptum
1653 5092 1820 5148 semel
1846 5093 2100 5146 diacona-

525 5196 639 5239 tum
675 5185 995 5255 regulariter
1022 5183 1275 5238 custodit.
1311 5183 1461 5237 Sicut
1487 5183 1629 5238 enim
1672 5184 1760 5238 ille
1785 5199 1882 5253 per
1902 5183 2100 5239 Christi

524 5276 749 5350 gratiam
779 5277 928 5345 quasi
955 5274 1021 5329 de
1055 5275 1304 5330 Chaldtea
1331 5274 1589 5330 servitute
1615 5275 1872 5330 liberatus
1897 5284 1998 5340 est,
2027 5275 2099 5328 ita

526 5368 616 5422 hic
664 5382 761 5436 per
788 5365 1190 5421 exsecutionem
1238 5367 1537 5431 bonorum,
1588 5366 1639 5420 in
1669 5367 1864 5436 quibus
1903 5365 2103 5434 praede-

522 5473 768 5517 cessores
819 5458 1062 5526 ejusdem
1122 5459 1322 5529 gradus
1383 5461 1683 5513 conversati
1738 5468 1910 5524 sunt,
1956 5459 2099 5514 velut

524 5553 594 5607 ad
647 5552 846 5605 ma'nia
887 5550 1118 5620 propriae
1157 5550 1374 5604 virtutis
1401 5551 1483 5602 vel
1517 5549 1752 5604 civitatis
1780 5551 2096 5605 ascendunt.

536 5679 546 5696 .
597 5639 976 5708 Universusque
1021 5640 1212 5693 Israel.
1245 5641 1409 5712 (BEDA
1434 5640 1519 5692 ubi
1542 5640 1744 5712 supra.)
1781 5640 2098 5695 Universum

525 5733 693 5789 Israel
725 5773 738 5797 ,
781 5749 887 5786 non
930 5734 1115 5787 decem
1148 5735 1319 5787 tribus
1351 5743 1557 5786 tantum
1590 5733 1743 5794 dicit,
1775 5750 1891 5802 qua:
1923 5752 2096 5804 quim-

533 5823 654 5878 dam
679 5824 1008 5879 vocabantur
1033 5824 1194 5880 Israel
1221 5826 1288 5879 ad
1311 5825 1709 5881 distinctionem
1730 5825 1958 5883 duarum
1980 5845 2099 5898 qua:

2132 4595 2185 4655 D

2217 3339 2269 3394 in
2297 3337 2594 3394 Jerusalem
2625 3336 2996 3392 conﬂuxerunt
3016 3379 3030 3402 ,
3063 3349 3118 3394 et
3153 3337 3322 3395 altare
3352 3350 3799 3408 construxerunt,

2213 3437 2268 3482 et
2297 3443 2362 3483 eo
2406 3438 2647 3496 tempore
2684 3444 2791 3498 quo
2828 3427 3084 3497 templum
3125 3446 3247 3484 cum
3275 3430 3430 3485 altari
3462 3441 3518 3487 et
3545 3432 3800 3487 omnibus

2213 3518 2356 3573 vasis
2383 3519 2511 3573 olim
2539 3528 2912 3574 consecratum
2945 3529 3060 3585 est,
3093 3528 3146 3575 et
3187 3537 3293 3590 quo
3320 3524 3388 3578 ad
3415 3523 3557 3578 diem
3597 3539 3798 3579 conse-

2214 3612 2473 3668 crationis
2505 3613 2784 3666 annuatim
2813 3613 2997 3667 venire
3019 3613 3286 3668 solebant.

2287 3706 2526 3777 Mystice.
2566 3705 2840 3775 Septimus
2868 3707 3070 3760 mensis
3105 3707 3333 3774 gratiam
3364 3707 3599 3778 Spiritus
3623 3710 3800 3763 sancti

2212 3798 2497 3868 signiﬁcat.
2529 3797 2584 3851 ln
2613 3797 2716 3854 hoc
2743 3812 2927 3853 mense
2958 3806 3079 3868 post
3112 3799 3476 3868 captivitatem
3503 3801 3570 3856 de
3602 3801 3800 3856 civita-

2213 3893 2356 3946 tibus
2383 3893 2584 3948 nostris
2614 3892 2665 3947 in
2699 3893 2998 3948 Jerusalem
3026 3893 3399 3957 convenimus,
3434 3911 3556 3950 cum
3592 3895 3802 3950 ablatas

2211 3985 2400 4040 sordes
2428 3985 2679 4039 vitiorum
2710 3996 2830 4056 post
2858 3986 3255 4042 inchoationem
3279 3988 3545 4043 bonorum
3569 4001 3796 4058 operum

2211 4078 2414 4148 majore
2455 4078 2693 4147 ejusdem
2727 4077 2960 4148 Spiritus
3001 4081 3175 4151 gratia
3212 4080 3603 4144 illuminamur,
3645 4090 3701 4136 et
3739 4083 3799 4136 in

2211 4183 2397 4224 amore
2422 4184 2666 4238 superna:
2703 4171 2882 4242 pacis,
2911 4187 3032 4243 qua:
3072 4172 3126 4226 in
3168 4188 3292 4227 vera
3317 4175 3525 4229 unitate
3549 4182 3670 4240 est,
3705 4189 3798 4227 ac—

2211 4263 2506 4317 cendimur.
2537 4261 2834 4319 Jerusalem
2862 4265 3005 4319 enim
3031 4266 3165 4322 visio
3187 4267 3334 4336 pacis
3362 4269 3577 4323 dicitur.

2281 4354 2443 4408 Vens.
2470 4354 2523 4406 2.
2549 4354 2700 4408 -Ει
2720 4356 2946 4410 surrexit
2969 4356 3150 4411 Iosue.
3177 4357 3253 4412 De
3276 4358 3419 4412 tribu
3449 4358 3793 4426 sacerdotali,

2209 4466 2328 4520 qua:
2365 4451 2630 4522 signiﬁcat
2656 4451 2929 4507 Christum
2959 4468 3143 4507 verum
3194 4454 3532 4510 sacerdotem
3559 4497 3574 4521 ,
3615 4458 3706 4526 qui
3737 4457 3794 4511 in

2211 4544 2470 4615 sanguine
2513 4559 2613 4600 suo
2641 4560 2742 4600 nos
2787 4562 2818 4600 a
2847 4547 3085 4615 peccatis
3121 4545 3274 4614 lavit,
3307 4555 3362 4602 et
3400 4550 3606 4605 assistit
3647 4568 3794 4607 nunc

2211 4635 2378 4690 vultui
2407 4636 2500 4692 Dei
2529 4651 2627 4705 pro
2652 4637 2824 4691 nobis.

2281 4727 2350 4782 Et
2378 4729 2569 4798 fratres
2593 4730 2708 4799 ejus
2729 4731 3047 4786 sacerdotes.
3074 4719 3149 4787 De
3177 4733 3375 4803 quibus
3411 4734 3610 4789 dicitur
3648 4753 3661 4789 :
3687 4735 3794 4802 Ite,

2210 4823 2443 4874 nuntiate
2487 4821 2740 4890 fratribus
2790 4823 2914 4874 meis
2957 4821 3172 4892 (Matth.
3209 4824 3422 4895 xxvm).
3468 4824 3534 4880 lli
3583 4828 3788 4898 suntin

2207 4910 2448 4965 Ecclesia
2473 4912 2692 4967 altiores
2715 4953 2730 4976 ,
2766 4920 2822 4966 et
2853 4913 3070 4968 Christo
3099 4914 3420 4970 familiarius
3443 4916 3792 4983 inhaerentes,

2204 5001 2499 5057 Ecclesiam
2539 5004 2827 5058 :editicant.
2876 5004 2997 5059 Τοιί
3046 5007 3210 5060 etiam
3263 5005 3462 5061 dicitur
3489 5006 3786 5064 Ecclesiae:

2209 5093 2309 5148 Vos
2323 5106 2494 5149 autem
2506 5112 2664 5166 genus
2677 5095 2916 5161 electum,
2933 5098 3102 5168 regale
3111 5098 3456 5152 sacerdotium
3472 5097 3525 5170 (I
3543 5096 3686 5154 Petr.
3702 5102 3785 5166 ιι).

2204 5184 2341 5238 Sunt
2361 5186 2504 5240 enim
2533 5185 2685 5241 electi
2710 5187 2950 5242 membra
2981 5189 3176 5243 summi
3205 5188 3533 5254 sacerdotis,
3555 5204 3786 5259 corpora

2204 5292 2298 5331 sua
2320 5276 2608 5332 offerentes
2635 5277 2870 5332 hostiam
2898 5279 3095 5332 vivant.

2272 5366 2342 5420 Et
2380 5369 2789 5435 a'di/iraverunl.
2821 5370 2997 5440 (850.,
3041 5369 3127 5422 ubi
3145 5369 3350 5440 supra.)
3384 5369 3572 5440 Magna
3603 5372 3789 5441 provi-

2203 5459 2353 5515 sione
2401 5460 2574 5528 primo
2627 5459 2796 5515 altare
2843 5459 3270 5524 :ediﬁcaverunl,
3320 5469 3462 5525 etc.,
3506 5477 3668 5533 usque
3714 5463 3787 5517 ad

2203 5550 2294 5605 sed
2323 5550 2597 5604 Christum
2642 5552 2782 5620 apud
2817 5551 3037 5606 Patrem
3081 5551 3398 5607 advocatum
3431 5568 3536 5607 non
3578 5553 3784 5610 babue~

2205 5652 2349 5696 runt.

2277 5731 2435 5787 Vens.
2473 5734 2524 5786 5.
2550 5765 2617 5773 -
2655 5733 2816 5788 Bases
2857 5752 3000 5788 suas.
3046 5735 3167 5806 (ln.,
3193 5733 3346 5810 ibid.)
3374 5733 3547 5791 Corda
3576 5737 3788 5791 scilicet

2201 5826 2494 5881 electorum
2521 5827 2586 5880 ad
2609 5825 2946 5896 suscipienda
2980 5825 3101 5880 ﬁdei
3137 5837 3476 5882 sacramenta
3498 5829 3786 5898 praeceptis
