4122 6350
368 401 472 460 ουτ

1291 395 1562 455 GLOSSA
1601 353 2002 456 animum.
2037 427 2109 438 -
2144 397 2273 454 un.
2313 398 2336 454 ι
2373 399 2646 459 esum.

3519 393 3622 452 698

368 516 722 590 magistorum
784 513 940 584 quasi
995 512 1336 568 ferramentis
1394 511 1673 569 fabrorum
1733 527 1940 584 prmpa-
1969 512 2022 573 Α
2047 511 2306 582 impleant
2331 514 2668 584 mandatum,
2693 521 2749 568 et
2772 512 3045 569 canticum
3080 525 3279 566 novum
3309 511 3364 566 in
3391 507 3622 566 aediﬁca-

371 619 508 673 rata,
545 616 678 671 etc.,
728 621 890 677 usque
947 604 1014 658 ad
1064 619 1185 659 cum
1217 602 1402 658 ﬁdeles
1435 605 1599 659 corda
1629 613 1685 660 et
1721 617 1950 674 corpora

370 705 437 760 ad
454 699 818 758 exercendum
845 697 1122 769 operando
1145 697 1288 765 quod
1303 696 1551 762 credunt,
1567 695 1755 750 humili
1775 696 1951 750 inten-

370 797 515 852 tione
543 791 884 848 submittunt.

439 903 506 958 Et
534 901 848 957 obtulerunt.
874 899 1086 971 (Beata,
1109 898 1260 971 ibid.)
1284 898 1440 956 Mane
1462 906 1518 955 et
1535 914 1760 970 vespere
1776 897 1951 954 offeri-

366 1013 490 1054 mus
541 995 915 1050 holocaustum
958 993 1184 1049 Domino
1227 1008 1390 1063 super
1430 993 1603 1047 altare
1632 991 1764 1060 ejus,
1813 1002 1944 1058 etc.,

367 1105 531 1161 usque
567 1089 636 1142 ad
666 1085 820 1156 juxta
854 1087 982 1141 illud
1017 1105 1032 1142 :
1065 1086 1342 1158 Dirigatur
1365 1088 1535 1141 oratio
1563 1103 1677 1140 mea
1706 1087 1840 1140 sicut
1867 1087 1949 1140 in-

367 1199 576 1239 censum
597 1182 652 1236 in
677 1189 952 1251 conspectu
975 1189 1085 1244 tuo,
1109 1179 1327 1234 elevatio
1349 1196 1598 1234 manuum
1626 1188 1838 1233 tuarum
1860 1195 1947 1234 sa-

369 1277 627 1347 criﬁcium
660 1277 1004 1346 vespertinum
1034 1273 1205 1347 (Psal.
1235 1277 1380 1345 CXL).

438 1390 602 1445 Vens.
624 1389 676 1443 4.
711 1419 783 1428 -
811 1386 1190 1458 Feceruntque.
1218 1385 1340 1459 (ln.,
1365 1385 1516 1458 ibid.)
1548 1385 1651 1454 Qui
1683 1385 1750 1441 de
1773 1384 1948 1457 Baby-

366 1481 490 1537 lone
529 1481 582 1534 in
630 1477 927 1535 Jerusalem
975 1479 1352 1543 ascenderant,
1399 1487 1533 1539 etc.,
1576 1494 1737 1549 usque
1778 1479 1848 1532 ad
1895 1487 1949 1533 et

367 1574 493 1628 alibi
523 1592 535 1626 :
571 1572 694 1627 Non
728 1571 976 1626 habemus
997 1571 1080 1625 hic
1108 1580 1402 1626 manentem
1437 1571 1716 1635 civitatem,
1745 1569 1836 1624 sed
1861 1569 1946 1640 fu-

367 1676 541 1720 turam
567 1663 879 1735 inquirimus
909 1661 1094 1732 (Hebr.
1126 1660 1271 1733 Xlll).

438 1780 833 1838 Solemnitatem
883 1775 1363 1834 tabernaculorum.
1409 1775 1539 1844 Quae
1583 1774 1770 1831 Grtece
1821 1787 1942 1830 sce-

2051 605 2198 661 tione
2225 607 2416 662 domus
2437 607 2532 664 Dei
2557 607 2804 663 reddant.
2871 664 2880 672 ,

2120 695 2426 752 Notandum
2455 708 2633 754 autem
2677 699 2818 769 quod
2848 712 3037 755 mense
3072 696 3302 768 septimo
3331 709 3625 767 congrega-

1955 841 1958 844 .
2049 795 2138 842 tus
2156 797 2238 843 est
2260 789 2488 858 populus
2514 790 2565 844 in
2591 788 2912 854 Jerusalem,
2939 798 2996 845 et
3019 787 3358 860 congregatis
3375 787 3626 842 omnibus

2048 877 2210 934 Iosue
2257 879 2554 934 Zorobabel
2605 897 2727 935 cum
2777 879 3038 935 fratribus
3083 879 3196 935 suis
3247 877 3419 932 altare
3460 875 3627 930 aedifi-

2049 986 2222 1033 casse,
2250 979 2304 1025 et
2332 987 2360 1025 a
2399 971 2575 1040 primo
2613 971 2700 1027 die
2743 971 2955 1040 septimi
3008 969 3209 1024 mensis
3251 967 3625 1023 holocaustum

2047 1062 2306 1120 obtulisse
2356 1060 2701 1117 referuntur:
2738 1063 2878 1118 unde
2906 1061 3176 1133 colligitur
3205 1057 3317 1115 hoc
3358 1058 3530 1114 altare
3561 1073 3630 1114 ex

2047 1151 2317 1224 lapidibus
2343 1151 2599 1223 impolitis
2627 1153 2891 1210 citissime
2919 1153 3309 1224 campositum:
3346 1168 3450 1208 non
3489 1152 3631 1208 sicut

2047 1246 2178 1302 olim’
2199 1248 2264 1303 de
2291 1247 2438 1317 ligno
2467 1245 2826 1303 fabrefactum
2846 1289 2860 1314 ,
2890 1256 2948 1302 et
2977 1247 3134 1304 aereis
3156 1245 3373 1302 laminis
3409 1259 3631 1313 cooper-

2051 1347 2184 1393 tum.
2235 1337 2351 1393 Non
2397 1339 2540 1394 enim
2581 1337 2740 1393 aliter
2779 1338 2942 1393 etiam
2978 1338 3208 1408 plurima
3250 1336 3631 1391 fabricantium

2049 1429 2203 1483 turba
2232 1429 2466 1484 instante
2493 1428 2666 1498 potuit
2692 1443 2797 1483 una
2824 1428 2911 1482 die
2944 1427 3102 1498 incipi
3133 1435 3188 1482 et
3213 1425 3424 1498 perlici,
3467 1433 3521 1478 et
3563 1425 3632 1479 ad

2047 1519 2379 1575 olferendum
2431 1520 2807 1576 holocaustum
2853 1519 3170 1590 przeparari.
3209 1517 3265 1572 ln
3309 1516 3448 1572 libro
3485 1516 3630 1570 enim

2047 1614 2473 1669 Machabaaorum
2504 1615 2570 1670 de
2593 1615 2863 1684 lapidibus
2894 1612 3096 1668 factum
3127 1611 3362 1668 dicitur:
3390 1609 3456 1663 Et
3481 1623 3631 1663 acce-

2044 1719 2230 1780 perunt
2251 1707 2452 1780 lapides
2482 1709 2711 1780 integros
2733 1709 3020 1764 secundum
3044 1707 3230 1779 legem,
3258 1715 3303 1760 et
3335 1703 3633 1774 aediﬁcave-

2046 1810 2168 1855 runt
2211 1799 2379 1854 altare
2424 1818 2612 1856 novum
2657 1801 2945 1856 secundum
2986 1799 3120 1854 illud
3165 1798 3306 1870 quod
3347 1798 3492 1868 prius
3533 1795 3634 1865 fuit

365 1872 659 1942 nopbegia,
717 1870 772 1924 id
826 1875 910 1924 est
965 1867 1093 1922 ﬁxio
1152 1865 1636 1966 tabernaculorum
1704 1864 1942 1966 dicitur}
1975 1871 2021 1930 Β
2053 1893 2102 1966 (ι
2133 1893 2312 1949 Much.
2346 1894 2443 1966 Πν).

365 1978 486 2034 qua:
547 1961 735 2031 incipit
795 1960 989 2031 quinto
1049 1958 1260 2014 decimo
1307 1957 1394 2012 die
1455 1956 1656 2010 mensis
1709 1955 1944 2026 septimi,

364 2065 422 2112 et
447 2055 608 2110 durat
636 2061 844 2124 septem
892 2051 1085 2106 diebus
1111 2069 1124 2104 :
1152 2051 1206 2104 in
1235 2049 1433 2120 quibus
1462 2047 1718 2118 praecepit
1763 2046 1946 2100 Domi-

364 2166 467 2206 nus
509 2147 764 2220 populum
795 2146 850 2201 in
893 2144 1261 2201 tabernaculis
1295 2143 1576 2207 habitare,
1613 2149 1670 2196 et
1708 2140 1948 2210 quotidie

363 2240 535 2312 legem
581 2247 887 2296 scrutantes
930 2237 1243 2293 holocausta
1276 2235 1508 2290 Domino
1549 2232 1747 2289 offerre
1778 2250 1790 2286 :
1823 2232 1948 2301 quia

365 2330 634 2402 quondam
668 2330 720 2384 in
754 2327 1115 2384 tabernaculis
1153 2326 1362 2382 scilicet
1394 2325 1748 2379 morabantur
1779 2323 1832 2376 in
1862 2337 1952 2377 so-

365 2421 592 2477 litudine
620 2420 953 2492 praedicante
981 2419 1154 2490 legem
1180 2418 1312 2472 Mosi
1335 2458 1350 2482 ,
1376 2425 1432 2470 et
1467 2417 1660 2472 crebro
1700 2415 1803 2470 sibi
1843 2415 1950 2468 Deo

367 2523 676 2584 apparente,
713 2511 805 2566 diu
835 2517 1212 2580 exspectantes
1240 2508 1560 2578 promissam
1587 2506 1850 2576 requiem,
1883 2519 1952 2558 ne

367 2621 602 2676 unquam
649 2603 860 2660 scilicet
894 2602 1031 2658 tanti
1058 2599 1310 2658 beneficii
1339 2601 1512 2672 gratia
1541 2600 1598 2654 in
1623 2598 1949 2655 oblivionem

367 2697 597 2751 veniret.

439 2808 548 2865 Per
586 2809 840 2864 ordinem.
883 2807 1019 2876 Quia
1061 2805 1324 2877 quidquid
1374 2804 1681 2860 inordinate
1724 2804 1947 2877 geritur,

370 2901 623 2958 meritum
648 2899 1001 2970 perfectionis
1036 2897 1238 2952 amittit
1263 2917 1276 2952 :
1305 2897 1432 2967 quia
1456 2897 1630 2952 honor
1649 2897 1792 2967 regis
1814 2895 1952 2964 judi-

365 2994 507 3050 cium
533 2991 730 3062 diligit.
747 2991 876 3059 Qua:
898 2990 1044 3045 enim
1072 2989 1124 3043 in
1148 2990 1411 3044 honorem
1444 2988 1639 3043 summi
1674 2987 1818 3060 regis
1841 2986 1954 3056 agi-

290 3127 305 3134 -
368 3100 487 3140 mus
525 3083 694 3146 certi,
729 3096 952 3137 necesse
992 3088 1076 3135 est
1115 3079 1440 3135 discretione
1481 3079 1706 3148 iudicii,
1735 3080 1953 3150 quando

369 3175 452 3230 vel
485 3183 747 3246 quantum
776 3174 886 3228 sint
913 3172 1140 3242 agenda,
1176 3171 1595 3242 distinguamus.

2124 1989 2427 2046 Notandum
2454 1991 2596 2062 quod
2641 1990 2856 2046 initium
2887 1989 3088 2060 quintae
3119 1987 3293 2043 aetatis
3336 1985 3476 2041 sicut
3503 1996 3636 2054 qua-

2057 2091 2178 2138 tuor
2203 2085 2622 2155 praecedentium
2653 2084 2850 2140 oblatis
2877 2083 3107 2138 Domino
3142 2079 3472 2137 holocaustis
3505 2091 3636 2132 con-

2052 2186 2319 2232 secratur.
2361 2177 2422 2233 ln
2461 2179 2634 2249 prima
2663 2178 2810 2234 enim
2857 2184 3223 2248 protomartyr
3249 2173 3406 2242 Abel
3428 2174 3638 2245 primus

2053 2270 2294 2324 omnium
2331 2269 2626 2325 electorum
2657 2271 2724 2325 de
2751 2269 3124 2341 primogenitis
3151 2267 3330 2323 ovium
3354 2265 3465 2321 Deo
3485 2264 3638 2319 holo-

2053 2373 2298 2418 caustum
2322 2363 2518 2418 obtulit
2539 2371 2595 2418 et
2623 2363 2929 2434 ingressum
2951 2361 3227 2418 nascentis
3251 2359 3431 2416 saeculi
3461 2359 3638 2430 primo

2053 2453 2248 2509 hostiis
2269 2468 2549 2524 pecorum,
2582 2456 2801 2509 tandem
2844 2454 3064 2524 proprio
3107 2467 3302 2508 cruore
3345 2449 3633 2504 dedicavit.

2058 2541 2320 2599 Secundae
2351 2545 2530 2600 aetatis
2558 2554 2735 2600 ortum
2768 2545 2881 2600 Noe
2919 2545 3118 2600 oblatis
3157 2543 3268 2599 Deo
3309 2541 3639 2597 holocaustis

2055 2636 2122 2691 de
2145 2636 2228 2690 bis
2249 2652 2368 2706 qua:
2393 2637 2604 2692 fuerant
2627 2638 2680 2692 in
2710 2653 2836 2704 arca
2862 2636 3220 2700 consecravit.
3246 2635 3482 2690 Tertiam
3509 2643 3640 2689 aeta-

2059 2739 2164 2785 tem
2190 2729 2583 2787 Melchisedech
2608 2740 2664 2787 et
2691 2731 2966 2786 Abraham
2999 2730 3090 2786 hic
3125 2730 3182 2786 in
3211 2744 3351 2798 pane
3393 2737 3449 2783 et
3480 2727 3636 2792 vino,

2059 2821 2148 2876 ille
2179 2823 2399 2892 proprio
2430 2822 2543 2878 filio
2571 2822 2754 2879 oblato
2793 2829 3099 2879 sacrarunt.
3133 2820 3392 2888 Quartam
3422 2827 3639 2874 aetatem

2056 2915 2226 2970 David
2257 2916 2488 2971 Domino
2513 2917 2887 2982 consecravit,
2916 2915 3182 2972 aediﬁcato
3218 2914 3378 2969 altari
3417 2915 3472 2968 in
3513 2929 3636 2968 area

2055 3004 2253 3062 Horme
2281 3005 2510 3062 Jebuszni
2530 3049 2544 3074 ,
2573 3017 2630 3062 et
2654 3008 2849 3064 oblatis
2893 3008 3005 3064 Deo
3049 3007 3409 3069 holocaustis,
3441 3006 3638 3077 quibus

2056 3113 2178 3154 eum
2204 3113 2364 3168 quem
2391 3099 2646 3169 populum
2673 3100 3009 3155 numerando
3037 3097 3342 3153 offenderat
3364 3097 3634 3168 placaret;

2058 3193 2150 3248 ubi
2194 3190 2468 3245 Abraham
2512 3191 2828 3259 perhibetur
2875 3189 3044 3244 filium
3093 3189 3374 3253 obtulisse,
3418 3197 3474 3244 et
3519 3197 3640 3260 post

439 3265 603 3320 Vens.
635 3264 688 3318 5.
712 3294 784 3304 —
803 3264 872 3343 In
902 3261 1158 3317 Kalendis
1177 3303 1192 3327 ,
1231 3279 1404 3334 quam.
1428 3264 1482 3316 in
1530 3263 1784 3318 universis
1805 3305 1819 3330 ,
1846 3272 1950 3318 etc.

2058 3282 2326 3342 adificato
2355 3297 2385 3336 a
2418 3281 2706 3337 Salomone
2744 3279 2944 3350 templo
2982 3279 3155 3334 altare
3194 3278 3636 3333 holocaustornm

367 3357 591 3413 Scilicet
621 3355 790 3410 initiis
819 3355 1085 3410 mensium
1118 3354 1172 3408 in
1203 3363 1328 3410 ortu
1357 3353 1517 3420 lunae,
1546 3371 1576 3409 a
1602 3371 1710 3424 quo
1736 3371 1952 3426 semper

370 3449 581 3504 Hebra'i
611 3463 826 3503 menses
854 3447 1217 3516 incipiebant,
1245 3446 1421 3502 nullos
1460 3462 1670 3502 menses
1711 3449 1952 3518 exceptis

371 3539 652 3595 lunaribus
676 3541 940 3595 habentes
964 3557 977 3593 :
1005 3539 1146 3594 unde
1167 3555 1264 3609 pro
1280 3534 1540 3594 Kalendis
1563 3539 1736 3595 (ἓνωεί
1760 3539 1952 3595 melius

369 3633 703 3698 neomenias,
736 3633 788 3688 id
812 3641 894 3687 est
921 3632 1194 3686 novilunia
1217 3641 1432 3688 vocant.
1452 3631 1511 3686 Si
1535 3645 1714 3688 autem
1738 3648 1952 3690 menses

367 3734 590 3797 propter
632 3725 748 3780 dies
792 3725 1010 3796 triginta
1059 3715 1255 3794 quibus
1303 3725 1616 3795 implentur,
1647 3727 1954 3798 significant

369 3815 762 3886 plenitudinem
806 3831 1032 3886 operum
1073 3815 1244 3880 lucis,
1271 3817 1489 3886 quando
1522 3818 1578 3872 in
1619 3817 1722 3873 fide
1751 3803 1974 3874 sanctas

367 3907 650 3965 Trinitatis
666 3909 913 3980 Decalogi
933 3916 1200 3979 prmeepta
1221 3908 1553 3979 perficimus,
1575 3910 1703 3981 quid
1727 3911 1952 3966 exordia

365 4001 655 4066 mensium,
687 4001 739 4054 in
769 4001 966 4071 quibus
994 3999 1121 4054 luna
1145 4042 1159 4065 ,
1190 4009 1251 4054 ut
1277 4001 1454 4056 denuo
1484 4000 1690 4067 luceat,
1724 4016 1895 4074 nuper
1919 4017 1951 4058 a

371 4094 485 4151 sole
514 4095 713 4150 dicitur
742 4093 963 4150 aecendi
985 4134 1000 4159 ,
1026 4093 1129 4148 nisi
1161 4093 1313 4148 initia
1339 4093 1628 4166 designant
1647 4097 1801 4151 bonae
1825 4109 1954 4166 ope-

367 4186 616 4250 rationis,
644 4200 766 4256 quae
795 4184 1039 4240 donante
1067 4186 1362 4241 conditoris
1404 4186 1579 4258 gratia
1597 4227 1611 4252 ,
1638 4187 1793 4257 quasi
1820 4186 1951 4242 solis

364 4275 592 4345 justitia:
615 4276 903 4346 praesentia
930 4277 1306 4346 percipimus?
1331 4276 1411 4334 0b
1451 4276 1605 4347 cujus
1638 4279 1950 4351 signiﬁcan-

372 4367 503 4422 tiam
518 4368 712 4422 divina:
733 4367 1108 4424 illustrationis
1126 4371 1241 4424 sine
1261 4385 1368 4440 qua
1391 4369 1526 4425 nihil
1552 4371 1676 4426 boni
1693 4371 1951 4428 inchoare

370 4459 454 4515 vel
483 4461 744 4530 perlicere
770 4461 1059 4517 valeamus.
1093 4463 1236 4518 Deus
1255 4478 1444 4520 omnes
1457 4463 1750 4532 Kalendas,
1779 4465 1835 4520 id
1865 4475 1950 4522 est

367 4553 588 4608 exordia
620 4554 886 4609 mensium
921 4555 1186 4610 celebrari
1226 4557 1512 4627 praecepit;
1544 4558 1687 4613 unde
1718 4577 1730 4611 :
1767 4557 1950 4612 Canite

2056 3383 2273 3433 constat
2305 3389 2426 3430 esse
2453 3373 2710 3430 locatum.
2737 3373 2949 3442 Quinta:
2977 3388 3118 3428 nunc
3152 3372 3329 3428 aetatis
3355 3371 3638 3427 exordium

2052 3468 2216 3525 Josue
2241 3478 2298 3523 et
2323 3466 2620 3522 Zorobabel
2650 3465 2918 3522 aediﬁcato
2943 3464 3143 3520 ibidem
3166 3463 3344 3528 altari,
3370 3471 3425 3518 et
3445 3461 3638 3516 oblatis

2053 3562 2166 3617 Deo
2196 3560 2546 3624 holocaustis,
2572 3575 2692 3614 mox
2725 3573 2956 3614 excusso
2983 3557 3312 3628 captivitatis
3331 3554 3460 3635 iugo
3485 3554 3640 3610 obtu-

2054 3652 2251 3713 lerunt,
2283 3663 2338 3706 et
2359 3660 2541 3722 postea
2568 3650 2684 3720 jugi
2713 3651 3031 3704 holocausto
3055 3647 3342 3703 Dominum
3383 3646 3485 3701 sibi
3520 3645 3638 3717 pla-

2055 3753 2333 3802 caverunt.
2380 3729 2504 3798 Haec
2543 3744 2724 3798 omnia
2775 3743 2827 3796 in
2879 3741 3049 3812 ﬁgura
3094 3747 3490 3812 praecesserunt
3525 3736 3641 3806 ejus

2056 3838 2149 3908 qui
2175 3838 2230 3892 in
2255 3845 2406 3892 sexta
2436 3843 2595 3890 aetate
2622 3834 2800 3890 hostia
2827 3849 2939 3889 suae
2966 3833 3148 3889 carnis
3171 3840 3342 3888 totum
3381 3829 3640 3885 mundum

2056 3929 2308 3987 redemit.

2126 4022 2288 4078 Vens.
2321 4020 2374 4074 7.
2407 4019 2756 4074 —Dederunt
2781 4027 2976 4073 autem.
3003 4016 3171 4090 (BEDA
3193 4015 3284 4070 ubi
3311 4012 3517 4086 supra.)
3539 4011 3640 4079 Qui

2053 4113 2120 4171 de
2161 4113 2474 4184 captivitate
2518 4110 2731 4165 liberati
2772 4108 3166 4180 Jerosolymam
3191 4113 3483 4169 venerant,
3508 4113 3638 4169 etc.,

2054 4222 2219 4274 usque
2249 4205 2317 4259 ad
2350 4203 2619 4259 Fundatio
2646 4201 2827 4272 templi
2858 4201 2978 4256 illos
3009 4199 3311 4271 significat,
3346 4196 3438 4266 qui
3469 4211 3641 4264 nuper

2052 4296 2302 4353 conversi
2353 4295 2530 4350 locum
2579 4301 2888 4366 prmparant
2928 4291 3158 4347 Domino
3205 4289 3258 4344 in
3313 4303 3400 4353 se;
3449 4285 3634 4342 unde:

2058 4386 2297 4443 Membra
2339 4396 2506 4441 vestra
2545 4383 2796 4456 templum
2838 4389 2960 4436 sunt
3011 4379 3243 4450 Spiritus
3287 4375 3490 4456 sancti,
3533 4383 3637 4432 etc.

2057 4479 2394 4627 (1:22:12?
2412 4568 2704 4641 (ln.,ibid.)
2730 4565 2943 4621 Latomi
2987 4573 3114 4621 sunt
3145 4566 3198 4620 in
3237 4565 3641 4623 constructione

370 4646 520 4700 initio
556 4648 746 4701 mensis
780 4649 905 4702 tuba
931 4649 985 4702 in
1023 4649 1215 4720 insigni
1255 4650 1340 4704 die
1387 4650 1730 4706 solemnitatis
1768 4659 1950 4705 vestra:
1976 4630 2030 4690 ἶ)
2060 4663 2250 4718 domus
2276 4660 2388 4719 Dei,
2418 4630 2697 4729 ξιαίόοι-ἀεί
2725 4656 3096 4725 proximorum
3138 4655 3378 4711 docendo
3423 4651 3508 4708 νει
3552 4653 3640 4707 in-

373 4734 544 4808 (I’sal.
574 4738 761 4809 Lux).
793 4737 938 4794 Bene
970 4748 1151 4794 autem
1191 4740 1412 4804 dicitur,
1446 4741 1572 4810 quia
1609 4749 1831 4810 peracta
1876 4741 1950 4796 fe-

371 4831 610 4887 stivitate
641 4833 1112 4888 tabernaculorum
1144 4833 1238 4888 lilii
1272 4834 1760 4904 transmigrationis
1782 4831 1948 4889 facie-

370 4922 502 4977 bant
532 4923 902 4981 holocaustum
925 4924 1084 4997 juge.
1115 4936 1222 4982 etc.
1248 4925 1384 4993 Quia
1415 4935 1704 4997 postquam
1738 4927 1950 4983 animus

371 5015 538 5068 semel
569 5016 695 5071 huic
725 5017 924 5072 mundo
953 5016 1193 5087 perfecte
1221 5017 1705 5082 abrenuntiaverit,
1737 5027 1950 5089 oportet

370 5117 431 5162 ut
462 5117 630 5166 totum
661 5127 720 5166 se
750 5111 1025 5182 impendat
1050 5113 1309 5183 obsequio
1335 5112 1529 5168 divina:
1550 5111 1863 5168 voluntatis.

443 5201 606 5258 Vens.
639 5202 692 5258 6.
717 5235 790 5245 —
819 5206 862 5258 Α
887 5204 1053 5275 primo
1074 5204 1177 5258 die.
1209 5205 1291 5260 Ab
1319 5205 1544 5260 exordio
1572 5204 1770 5260 divinat
1807 5203 1952 5260 scili-

372 5305 459 5352 cet
488 5296 887 5369 inspirationis,
921 5313 1026 5369 qua
1055 5297 1291 5354 humana
1329 5299 1662 5355 conscientia
1696 5299 1950 5354 immuta-

370 5395 482 5455 tur,
509 5397 566 5444 et
585 5388 947 5458 voluptatibus
969 5389 1249 5460 neglectis,
1281 5389 1334 5444 in
1355 5405 1421 5446 ea
1451 5390 1563 5446 sola
1593 5406 1714 5462 quae
1736 5390 1948 5446 Domini

372 5489 530 5547 sunt,
559 5481 883 5546 inardescit,
915 5482 1054 5537 sicut
1095 5481 1328 5552 apostoli
1375 5483 1466 5552 qui
1512 5483 1716 5552 Spiritu
1760 5493 1949 5540 sancto

371 5571 726 5640 inﬂammati,
765 5575 919 5644 quasi
957 5574 1328 5631 holocaustum
1362 5576 1522 5644 facti,
1564 5576 1816 5632 omnibus
1852 5578 1950 5632 lin—

371 5665 492 5737 guis
512 5667 878 5736 praedicabant
911 5667 1177 5737 magnalia
1215 5667 1329 5722 Dei.
1355 5667 1493 5722 Hinc
1527 5667 1665 5738 apud
1693 5667 1952 5725 Hebraeos

373 5759 637 5830 septimus
659 5761 861 5816 mensis
879 5776 1055 5816 novus
1076 5777 1250 5818 annus
1273 5771 1531 5818 vocatur:
1557 5764 1680 5832 quia
1707 5778 1806 5833 per
1829 5762 1951 5833 Spi-

370 5851 539 5908 ritum
565 5862 812 5911 sanctum
849 5852 1094 5910 fidelibus
1123 5855 1303 5921 datur,
1333 5863 1395 5910 ut
1427 5870 1625 5911 novum
1664 5855 1951 5914 charitatis

2061 4754 2330 4826 crepando
2357 4753 2650 4816 instruunt,
2682 4759 2814 4816 etc.,
2845 4765 3008 4820 usque
3041 4749 3111 4803 ad
3137 4757 3194 4804 et
3230 4746 3638 4804 tabernaculum

2059 4849 2124 4904 de
2149 4846 2373 4905 cortinis
2393 4853 2448 4901 et
2469 4844 2667 4900 tabulis
2695 4843 3070 4914 compositum.
3460 4893 3464 4896 ,

2127 4940 2513 4998 Cwmentariis.
2533 4937 2657 5011 (ln.,
2678 4937 2834 5009 ibid.)
2865 4935 3214 4993 Catmentarii
3239 4943 3365 4992 sunt
3380 4934 3641 5006 praedica-

2057 5041 2234 5097 tores,
2277 5030 2369 5101 qui
2401 5030 2525 5085 dum
2557 5044 2651 5084 eos
2689 5043 2826 5100 quos
2854 5027 3011 5082 bonis
3037 5026 3290 5097 operibus
3313 5024 3638 5093 instituunt,

2053 5120 2244 5193 c0pula
2280 5119 2562 5176 charitatis
2592 5119 2659 5174 ad
2683 5119 2911 5174 invicem
2941 5125 3186 5182 nectunt,
3219 5115 3374 5186 quasi
3404 5115 3639 5186 quadra-

2054 5223 2137 5271 tos
2159 5213 2461 5284 politosque
2485 5211 2705 5282 lapides,
2737 5223 2806 5265 ne
2833 5209 3074 5266 ordinem
3104 5207 3510 5277 compositionis
3546 5221 3636 5263 re-

2051 5315 2234 5364 serant
2261 5306 2509 5362 caementi
2532 5304 2803 5361 infusitns
2823 5301 3176 5375 coniungunt,
3201 5301 3442 5357 dicentes
3468 5320 3480 5356 :
3506 5303 3636 5357 Ante

2051 5398 2227 5454 omnia
2252 5407 2427 5452 autent
2448 5407 2685 5452 mutuam
2712 5397 2769 5454 is
2791 5394 3163 5476 nobismetipsis
3185 5395 3488 5449 continuam
3513 5394 3638 5448 cha-

2050 5489 2256 5544 ritatem
2290 5489 2559 5555 habentes,
2583 5496 2696 5546 etc.
2718 5487 2770 5561 (Ι
2801 5485 2946 5542 Petr.
2977 5485 3074 5558 tv).
3098 5485 3228 5542 Inde
3261 5485 3494 5542 Paulus:
3528 5485 3634 5542 Su-

2050 5599 2144 5653 per
2167 5583 2344 5637 omnia
2369 5592 2540 5638 autem
2558 5582 2741 5637 habete
2761 5580 3091 5646 sltaritatem,
3109 5580 3249 5651 quod
3274 5589 3349 5634 est
3371 5579 3635 5636 vinculum

2051 5672 2384 5742 perfectionis
2409 5671 2546 5744 (Col.
2581 5671 2687 5744 ιιι).

2127 5762 2359 5818 Sidoniis
2406 5763 2698 5835 Tyriisque.
2749 5761 2873 5835 (ln.,
2915 5762 3069 5834 ibid.)
3094 5761 3300 5818 Sidonii
3331 5778 3547 5833 quoque
3584 5773 3638 5820 et

2053 5857 2201 5930 Tyrii
2241 5857 2626 5926 praedicatores
2665 5864 3098 5928 repraesentant,
3141 5856 3232 5926 qui
3281 5856 3530 5913 homines
3581 5857 3637 5913 in
