4122 6350
496 388 599 448 699

992 391 1385 448 murmur
1427 388 1675 448 STRABI
1710 388 1914 449 roso.
1958 390 2123 449 nos.
2162 358 2315 449 arri.
2356 391 2540 450 rans
2577 393 2619 449 ι.
2659 421 2731 441 -ς-
2767 393 3227 453 THEOLOGICA.

3663 401 3777 459 τοο

498 508 668 581 gloria
697 507 967 579 quondam
1009 508 1192 565 saeculi
1227 508 1487 565 sublimes
1510 517 1592 569 es
1604 509 1861 565 candidos
1899 507 2076 565 securi
2102 508 2156 570 Α
2181 516 2336 575 rant,
2378 509 2522 569 tubis
2548 517 2905 579 personantes
2927 520 2985 565 et
3004 524 3103 566 cor
3132 509 3313 581 populi
3338 511 3408 569 ad
3436 513 3771 573 suavitatem

497 602 766 660 sermonis
796 601 929 667 Dei,
964 602 1031 657 de
1060 609 1202 659 statu
1247 600 1437 671 primae
1473 600 1902 656 conversationis
1940 599 2077 669 deji-
2114 636 2120 645 .

497 695 666 759 ciunt,
694 700 754 748 ut
781 693 1077 749 salubriter
1120 700 1456 765 prostratos,
1486 700 1541 746 et
1564 692 1719 762 quasi
1746 691 1817 747 ab
1853 692 2080 747 humore

494 785 808 855 corruptivo
852 786 1076 857 ingeniti
1106 800 1299 840 sensus
1333 793 1618 846 excoctos,
1646 786 1716 840 ab
1743 785 1890 843 omni
1917 785 2080 840 vitio-

493 893 615 934 rum
647 874 963 934 fortitudine
989 878 1282 949 corrigam,
1310 885 1366 931 et
1396 877 1449 931 in
1480 885 1732 931 ornatum
1756 875 1843 929 vel
1878 875 1932 930 in
1962 891 2080 929 mu-

492 969 790 1025 nimentum
820 968 1077 1023 Ecclesia:
1104 969 1346 1039 exigunt.
1383 966 1535 1021 Unde
1558 968 1608 1021 in
1639 965 1843 1037 psalmo
1877 966 1968 1035 qui
1999 965 2079 1019 in.

490 1061 751 1117 scribitur
776 1064 829 1115 in
860 1064 1327 1117 consummatione
1350 1060 1714 1117 tabernaculi:
1739 1057 1853 1114 Vox
1866 1057 2079 1114 Domini

492 1152 869 1225 confringentis
898 1155 1079 1209 cedros
1111 1152 1284 1221 (Paul.
1321 1154 1404 1225 ιι).

560 1241 792 1300 Sidoniis
823 1244 1110 1327 Tyriisque.
1130 1247 1343 1317 (Bene,
1364 1244 1516 1309 ibid.)
1535 1245 1674 1300 Dant
1690 1245 1960 1316 principes
1980 1259 2078 1315 pa-

488 1344 650 1399 trum,
669 1346 796 1401 etc.,
820 1354 984 1409 usque
996 1338 1066 1392 ad
1078 1338 1205 1413 quia
1226 1353 1537 1409 pressuram
1557 1338 1611 1392 in
1628 1338 1829 1392 mundo
1844 1338 2061 1401 habent,

485 1430 735 1498 quamvis
761 1428 1095 1485 confidentes
1119 1471 1131 1493 .
1160 1431 1286 1501 quia
1323 1432 1580 1486 Dominus
1617 1430 1748 1486 vicit
1790 1431 2070 1485 mundum.

557 1518 624 1576 Ut
641 1522 903 1593 deferrent
927 1522 1089 1599 ligna.
1113 1524 1236 1597 (ln.,
1253 1524 1408 1597 ibid.)
1433 1524 1695 1581 Deferunt
1721 1525 1865 1595 ligna
1888 1525 2074 1580 excisa

484 1609 539 1666 in
567 1626 739 1677 mare,
771 1621 904 1679 etc.,
938 1631 1100 1685 usque
1130 1616 1200 1668 ad
1227 1624 1281 1669 et
1322 1631 1420 1686 per
1450 1615 1944 1671 reconciliationem
1982 1630 2074 1670 sa-

482 1702 763 1759 cerdotum
791 1705 1049 1760 Ecclesiae
1076 1721 1452 1778 aggregamur.

552 1793 740 1866 Joppe.
778 1795 931 1852 Unde
979 1797 1188 1852 scilicet
1232 1814 1329 1869 per
1372 1809 1576 1854 terram
1620 1799 1689 1855 ad
1716 1815 1852 1871 opus
1886 1801 2072 1872 templi

2183 614 2431 671 supernae
2473 600 2648 657 laudis
2705 602 3094 668 aecendentes;
3143 600 3349 659 Levita
3400 602 3456 658 in
3500 605 3771 677 cymbalis

2181 690 2319 746 bene
2346 691 2663 748 sonantibus
2690 692 2922 765 hymnos
2942 692 3172 751 Domino
3194 694 3571 761 concinentes;
3598 713 3770 769 popu-

2180 782 2265 839 lus
2285 785 2558 839 communi
2584 785 2820 841 clamore
2849 785 3021 840 Deum
3049 784 3320 842 laudando
3354 785 3612 845 allectum
3634 804 3771 847 eor-

2180 872 2265 937 dis
2290 874 2604 935 ostendens.

2253 967 2417 1022 Vens.
2446 968 2532 1027 ll.
2553 999 2624 1009 -—
2644 966 2713 1025 Et
2742 967 3081 1033 concinebant
3104 968 3160 1033 in
3186 968 3414 1041 hymnis.
3439 969 3499 1027 in
3520 971 3768 1045 organis,

2180 1059 2388 1117 scilicet
2420 1076 2541 1131 qua:
2566 1061 2680 1130 ipse
2707 1060 2857 1129 fecit,
2881 1060 2965 1117 vel
2995 1060 3216 1133 psalmis
3240 1076 3380 1133 quos
3400 1061 3653 1131 ini-uiuit,
3679 1065 3775 1125 vel

2179 1150 2306 1220 quia
2339 1150 2507 1213 David
2537 1152 2589 1207 in
2614 1151 2968 1211 collocatione
3009 1166 3151 1209 arca:
3192 1153 3491 1229 principem
3524 1152 3655 1213 fecit
3694 1155 3773 1213 ad

2179 1240 2544 1297 confitendum
2568 1244 2815 1310 Domino,
2841 1243 3025 1316 Asaph
3048 1252 3104 1301 et
3124 1243 3320 1303 fratres
3341 1241 3479 1317 ejus,
3503 1255 3562 1307 ut
3584 1244 3773 1305 Verba

2180 1333 2397 1405 Dici-um
2431 1342 2719 1403 testantur,
2750 1336 2818 1389 de
2839 1350 2948 1413 quo
2975 1350 3190 1390 rursum
3230 1336 3431 1391 dicitur
3456 1356 3469 1390 :
3498 1338 3623 1407 quia
3664 1336 3769 1391 lilii

2177 1424 2295 1494 ejus
2321 1427 2419 1481 sub
2448 1442 2607 1481 manu
2638 1426 2807 1503 ipsius
2848 1436 3006 1482 erant
3048 1428 3436 1501 prephetantes
3482 1426 3635 1507 juxta
3676 1447 3772 1484 re-

2177 1533 2297 1591 gem
2337 1516 2387 1589 (1
2420 1517 2606 1571 Paral.
2637 1535 2727 1582 xv,
2760 1516 2893 1588 1m).
2940 1517 3130 1573 Merito
3160 1518 3247 1573 hic
3279 1534 3400 1573 cum
3442 1518 3535 1573 filii
3576 1520 3769 1591 Asaph

2177 1609 2458 1665 laudarent
2479 1622 2533 1665 et
2553 1609 2941 1666 confiterentur
2964 1611 3190 1669 Domino
3213 1628 3245 1686 p
3282 1627 3309 1665 r
3328 1628 3544 1667 manum
3566 1613 3769 1679 David,

2169 1702 2323 1774 juxta
2346 1704 2752 1775 dispositionem
2778 1704 2895 1772 ejus
2916 1704 3018 1760 hoc
3045 1704 3236 1761 fecisse
3256 1706 3586 1777 intelligendi
3612 1716 3766 1761 sunt.

2246 1795 2410 1865 Vens.
2443 1796 2531 1852 12.
2570 1827 2642 1837 -
2669 1794 2893 1851 Flebant
2952 1796 3119 1869 (Bt-20A
3169 1799 3257 1852 ubi
3280 1800 3497 1869 supra),
3551 1799 3771 1854 scilicet

483 1884 850 1953 deferrentur,
876 1888 1017 1942 sicut
1043 1888 1098 1942 in
1131 1889 1305 1958 prima
1338 1890 1519 1959 templi
1565 1898 1838 1946 structura
1871 1890 2070 1947 factum
2102 1891 2146 1951 Β
2173 1896 2461 1944 cernentes
2506 1897 2763 1960 quantum
2804 1892 3090 1961 pauperies
3120 1872 3263 1946 illius
3290 1892 3552 1962 temporis
3581 1908 3611 1945 a
3646 1906 3773 1945 ma-

479 1988 584 2046 est,
614 1979 709 2036 sed
740 1979 996 2037 Salomon
1040 1983 1205 2054 regali
1234 1984 1475 2054 potentia
1512 2000 1541 2038 a
1575 1998 1701 2056 rege
1734 1985 1921 2041 Hiram
1950 2001 2072 2055 qua:

478 2070 671 2138 voluit,
700 2070 861 2128 facile
890 2072 1164 2129 obtinuit:
1198 2074 1251 2129 hi
1298 2084 1480 2130 autem
1518 2076 1585 2131 de
1636 2077 1953 2147 captivitate
1980 2091 2070 2132 re-

479 2165 708 2223 deuntes
748 2175 805 2223 et
849 2169 1001 2241 regni
1048 2170 1348 2241 potentiam
1401 2186 1506 2227 non
1558 2172 1821 2229 habentes
1875 2181 2071 2229 cuncta

478 2258 753 2314 emebant.

546 2355 701 2411 Anno
729 2364 925 2413 autem.
959 2357 1127 2429 (BIDA
1150 2359 1241 2413 ubi
1258 2359 1468 2432 supra.)
1499 2359 1635 2415 Cum
1663 2376 1824 2434 supra
1858 2361 2073 2418 dicatur

476 2448 619 2518 quod
657 2450 889 2520 septimo
918 2464 1109 2506 mense
1139 2461 1408 2507 venerunt
1459 2452 1512 2507 in
1553 2451 1890 2519 Jerusalem,
1935 2464 2067 2522 etc.,

477 2556 639 2612 usque
679 2540 748 2595 ad
792 2548 885 2596 aut
932 2543 1385 2598 resurrectionem
1424 2558 1712 2615 corporum
1744 2559 1908 2616 quam
1932 2546 2071 2601 bene

474 2642 770 2705 operantes
796 2649 1103 2706 speramus,
1133 2636 1437 2691 denuntiat.

546 2721 712 2779 Vsus.
739 2724 794 2781 8.
819 2754 890 2764 —-
914 2723 1335 2779 Iit-Jerusalem.
1378 2727 1582 2782 Locum
1628 2726 1837 2781 scilicet
1886 2727 2070 2798 templi

474 2827 584 2884 quo
612 2812 876 2883 templum
920 2813 1194 2869 aedificare
1236 2816 1547 2887 cupiebant.
1596 2815 1880 2877 Falluntttr
1922 2820 2068 2875 enim

475 2902 644 2960 Judmi
674 2904 766 2977 qui
797 2905 984 2961 dicunt
1011 2920 1284 2978 nunquam
1317 2909 1552 2979 parietes
1593 2910 1818 2979 templi,
1853 2910 1951 2965 sed
1980 2926 2069 2966 so-

476 2994 586 3050 lum
618 3003 819 3051 tectum
852 3011 884 3051 a
917 2996 1187 3053 Chaldmis
1226 2998 1396 3055 fuisse
1432 3001 1781 3066 subversum,
1810 3016 1935 3057 cum
1974 3018 2071 3073 pa-

477 3096 589 3145 teat
624 3088 852 3145 Esdram
883 3089 1052 3146 ﬁlium
1078 3093 1570 3167 transmigrationis
1593 3096 1848 3166 templum
1874 3095 2069 3154 fecisse

477 3197 509 3237 a
532 3181 923 3239 fundamentis.

2173 1981 2367 2052 gniiica
2398 1982 2669 2053 quondam
2693 1981 3003 2038 Salomonis
3030 1983 3292 2054 potentia,
3314 1999 3420 2054 qua
3447 1984 3596 2054 prius
3624 1992 3771 2039 tem-

2173 2071 2318 2142 plum
2358 2072 2639 2129 fundatum
2686 2084 2791 2140 est,
2833 2073 3092 2141 distaret,
3132 2086 3262 2143 etc.,
3299 2093 3463 2147 usque
3495 2076 3565 2131 ad
3590 2075 3646 2130 In
3677 2090 3774 2133 se-

2174 2168 2348 2221 cunda
2373 2166 2623 2223 Christus
2650 2176 2702 2223 et
2724 2169 2954 2239 apostoli
2984 2170 3215 2241 gratiam
3251 2169 3386 2227 Novi
3428 2168 3773 2227 Testamentl

2172 2264 2229 2311 et
2256 2259 2405 2330 regni
2437 2257 2674 2313 caelestis
2706 2258 2985 2314 introitum
3016 2260 3285 2314 nuntiant.

2243 2350 2364 2425 (ln.,
2389 2351 2543 2423 ibid.)
2569 2351 2795 2407 Flebant
2816 2352 2870 2407 in
2899 2353 3259 2410 aediﬁcatione
3291 2352 3476 2425 templi
3506 2353 3768 2425 spiritus.

2172 2440 2238 2496 lis
2259 2482 2273 2507 ,
2315 2450 2446 2503 etc.,
2476 2460 2637 2513 usque
2666 2442 2737 2497 ad
2766 2459 2865 2499 nec
2908 2444 3051 2500 inter
3080 2454 3367 2517 augmenta
3410 2446 3621 2518 piorum
3670 2447 3769 2503 de-

2171 2540 2297 2588 sunt
2346 2541 2679 2589 tentamenta
2733 2551 3048 2606 pravorum,
3090 2540 3182 2610 qui
3234 2540 3316 2594 vel
3382 2539 3582 2596 bonum
3634 2539 3769 2598 ficte

2170 2626 2507 2681 ostendendo
2532 2668 2545 2690 ,
2592 2627 2674 2683 vel
2717 2637 2904 2700 aperte
2941 2630 3141 2686 malum
3180 2632 3505 2704 ingerendo,
3539 2642 3764 2690 sanctos

2169 2715 2367 2772 laedere
2395 2726 2679 2774 conentur.

2785 2786 3014 2849 CAPUT
3053 2788 3142 2852 ιν.

2240 2902 2407 2959 Vsus.
2436 2903 2575 2957 1.-
2593 2903 2886 2959 Audierant
2909 2913 3083 2959 autem
3105 2904 3275 2959 hostes
3295 2903 3457 2961 Iuda;
3482 2916 3532 2961 et
3561 2904 3763 2978 Benja-

2170 2997 2299 3063 min,
2330 3007 2436 3052 etc.
2468 2997 2621 3067 (Ben.
2648 2998 2703 3052 in
2727 2996 2913 3067 Esdr.)
2944 2994 3145 3053 Hostes
3185 2996 3336 3054 Judm
3380 3005 3437 3054 et
3474 2997 3759 3068 Beniamin

2170 3089 2471 3146 Samaritae
2500 3091 2651 3155 dicit,
2690 3098 2822 3155 etc.,
2850 3090 3104 3162 usquead
3129 3091 3219 3161 qui
3255 3091 3323 3145 ad
3357 3092 3635 3146 dexteram
3667 3091 3763 3162 ju~

2170 3182 2306 3239 dicis
2332 3183 2766 3238 benedictionem
2795 3191 2852 3238 et
2883 3198 3107 3253 regnum
3146 3190 3408 3239 aeternum
3449 3183 3760 3255 percepturi

544 3273 617 3331 Et
642 3276 810 3332 omnis
833 3277 941 3348 qui.
967 3275 1159 3349 Magna
1186 3278 1406 3335 devotio
1424 3279 1591 3335 totius
1610 3279 1816 3350 populi.
1843 3279 2062 3338 Gaude-
2091 3258 2139 3323 ί)
2169 3284 2313 3331 sunt.
2347 3275 2543 3330 Dicunt
2569 3288 2730 3344 ergo:

475 3370 608 3427 bant
645 3369 790 3424 enim
834 3383 894 3426 se
933 3368 1000 3425 de
1039 3370 1357 3440 captivitate
1400 3369 1664 3437 rediisse,
1708 3378 1762 3425 et
1801 3381 2064 3442 quantum

474 3463 718 3533 superine
747 3462 984 3518 civitatis
1012 3461 1213 3535 ﬂagitia
1242 3462 1561 3527 horrebant,
1596 3473 1805 3520 tantum
1836 3464 2065 3522 Jerusa-

473 3552 578 3608 lem
612 3553 800 3609 videre
830 3554 1123 3625 cupiebant
1151 3554 1404 3611 decorem
1460 3572 1473 3610 :
1516 3565 1777 3626 quantum
1812 3556 1937 3612 fana
1969 3559 2064 3613 ab-

473 3644 878 3711 ominahantur,
913 3652 1121 3701 tantum
1166 3647 1425 3716 templum
1456 3647 1553 3704 Dei
1581 3651 1871 3705 restaurari
1901 3665 2066 3705 cona-

472 3735 689 3791 bantur.
719 3734 813 3792 Sic
834 3751 941 3792 non
973 3737 1146 3793 solum
1173 3739 1411 3810 episcopi
1438 3747 1495 3794 et
1516 3741 1817 3813 presbyteri
1850 3741 2063 3812 plebem

473 3825 744 3894 ﬁdelium,
786 3828 839 3882 id
881 3836 967 3883 est
1013 3827 1110 3883 Dei
1160 3830 1379 3884 domum
1406 3830 1606 3885 debent
1641 3832 1929 3897 aedificare,
1964 3833 2062 3895 sed

472 3919 636 3974 etiam
663 3919 893 3990 populus
932 3921 998 3975 de
1032 3922 1344 3993 captivitate
1387 3922 1643 3978 vitiorum
1686 3924 1753 3979 ad
1795 3926 2060 3982 visionem

471 4026 616 4067 verre
655 4011 808 4083 pacis
850 4022 1095 4079 vocatus,
1150 4016 1517 4071 ministerium
1546 4018 1698 4073 verbi
1747 4019 1815 4074 ab
1845 4021 1932 4074 his
1966 4020 2059 4089 qui

472 4102 668 4159 docere
693 4111 980 4171 noverunt,
1010 4101 1172 4159 debet
1198 4103 1400 4176 eligere
1418 4145 1432 4171 ,
1456 4105 1552 4177 qui
1583 4105 1791 4161 scilicet
1822 4108 2059 4164 ministri

472 4195 643 4264 verbi,
674 4195 727 4251 id
753 4204 838 4252 est
861 4192 1066 4252 Levita
1094 4210 1124 4250 a
1158 4196 1352 4267 viginti
1401 4197 1559 4252 annis
1580 4206 1638 4253 et
1663 4212 1826 4269 supra
1854 4201 2058 4255 consti-

472 4296 701 4343 tuuntur
729 4307 742 4342 :
772 4287 900 4358 quia
932 4287 1067 4344 tales
1093 4298 1219 4343 sunt
1247 4289 1317 4344 ad
1344 4289 1745 4359 praedicandum
1776 4292 2057 4349 constituti

469 4387 526 4436 et
569 4378 918 4452 praeferendi,
953 4381 1045 4452 qui
1078 4378 1403 4453 Decalogum
1438 4394 1546 4437 non
1589 4382 1763 4438 solum
1808 4381 2059 4441 faciendo

471 4466 810 4528 auditoribus
833 4473 1151 4537 ostendant,
1176 4474 1271 4529 sed
1301 4473 1467 4529 etiam
1506 4475 1800 4544 puritatem
1840 4484 1896 4531 et
1924 4477 2059 4533 inte-

469 4564 720 4636 gritatem
741 4565 923 4621 cordis
952 4566 1005 4621 in
1034 4576 1323 4639 conspectu
1350 4567 1445 4623 Dei
1468 4567 1847 4625 intemeratam
1875 4579 2056 4627 custo-

469 4654 642 4711 diant.

541 4749 584 4804 Α
611 4747 791 4819 viginti
816 4746 988 4803 annis.
1023 4748 1192 4821 (BEDA
1217 4750 1307 4804 ubi
1334 4748 1542 4822 supra.)
1564 4749 1680 4806 Non
1708 4760 1794 4807 est
1807 4752 2058 4809 dubitan-

469 4844 597 4900 dum
635 4842 708 4898 ibi
747 4849 948 4898 statum
991 4842 1249 4898 Ecclesiae
1274 4858 1372 4913 per
1394 4842 1643 4914 spiritum
1685 4857 1900 4899 sumere
1928 4860 2056 4915 pro-

462 4935 691 5009 jectum,
720 4943 849 5002 etc.,
882 4948 1045 5006 usque
1066 4935 1134 4989 ad
1161 4935 1461 4991 Zorebabel
1486 4950 1616 4992 vero
1644 4935 1711 4991 de
1734 4936 1877 4991 tribu
1906 4937 2054 5009 regia

467 5028 573 5084 orti
598 5035 745 5085 sunt.

2233 3367 2399 3422 Vens.
2422 3366 2476 3420 2.
2498 3365 2940 3436 —.Edi/icernus
2957 3366 3121 3420 vobis.
3151 3364 3270 3438 (Im,
3308 3365 3465 3438 ibid.)
3501 3366 3637 3422 Cum
3672 3365 3762 3422 af-

2164 3458 2368 3513 fectant
2392 3458 3058 3514 hmreticiauctoritatem
3099 3459 3203 3513 sibi
3244 3459 3572 3529 praedicandi
3614 3460 3761 3515 inter

2164 3553 2460 3609 catholicos
2503 3554 2701 3617 tribui,
2748 3560 2877 3612 etc.,
2906 3568 3066 3624 usque
3097 3552 3165 3606 ad
3205 3552 3259 3607 in
3303 3553 3477 3624 aperti
3522 3566 3759 3623 persona
3866 3562 3891 3583 '

2164 3644 2338 3701 beatis
2365 3645 2661 3701 accerrime
2690 3645 3046 3716 impugnavit.

2236 3736 2361 3793 Non
2385 3747 2462 3794 est
2489 3737 2656 3792 nobis.
2686 3734 2802 3792 Non
2824 3744 2907 3791 est
2932 3736 3314 3792 haereticorum
3347 3732 3621 3791 aediﬁcare
3656 3735 3757 3792 Eo-

2163 3828 2383 3886 cieslam
2426 3845 2457 3883 a
2502 3842 2607 3898 qua
2649 3835 2775 3885 sunt
2812 3827 3001 3889 alieni,
3049 3828 3142 3883 sed
3188 3835 3397 3883 tantum
3431 3842 3619 3881 eorum
3656 3827 3757 3897 qui

2162 3919 2380 3975 Christo
2407 3935 2536 3975 vero
2567 3921 2680 3992 regi
2707 3929 2762 3975 et
2789 3921 3057 3976 sacerdoti
3083 3921 3446 3985 adbmrentes,
3473 3921 3754 3992 principes

2161 4021 2377 4085 patrum
2399 4014 2581 4068 vocari
2614 4020 2952 4078 meruerunt,
2978 4023 3034 4068 et
3061 4028 3162 4084 pro
3188 4013 3277 4083 pia
3308 4028 3438 4068 cura
3468 4028 3632 4081 quam
3658 4012 3757 4067 ba-

2162 4103 2290 4159 bent
2320 4118 2445 4174 erga
2479 4117 2574 4157 eos
2602 4103 2695 4172 qui
2725 4101 3002 4158 Christum
3030 4104 3213 4158 videre
3237 4103 3567 4158 desiderant.

2236 4193 2395 4249 Vens.
2424 4194 2476 4249 ὃ.
2499 4224 2570 4235 ——
2590 4192 2815 4249 Factum
2853 4203 2928 4249 est
2948 4204 3141 4249 autem.
3176 4194 3298 4266 (ln.,
3340 4193 3498 4260 ibid.)
3523 4192 3754 4260 Quoties

2163 4289 2396 4345 haeretici
2435 4302 2538 4343 non
2564 4287 2738 4343 solum
2776 4287 2830 4343 in
2855 4288 3186 4352 civitatibus,
3214 4288 3305 4343 sed
3336 4288 3501 4344 etiam
3533 4288 3587 4343 in
3622 4302 3751 4359 pro-

2159 4380 2352 4436 vinciis
2379 4395 2637 4452 perverse
2655 4379 2899 4435 docendo
2924 4379 3007 4436 vel
3044 4380 3211 4435 etiam
3243 4379 3514 4435 saeviendo
3548 4380 3745 4450 dogma

2160 4469 2518 4528 confessionis
2561 4485 2706 4525 verae
2742 4470 3132 4542 impediebant,
3173 4480 3306 4537 etc.,
3354 4488 3515 4543 usque
3551 4472 3619 4525 ad
3658 4486 3746 4527 sa-

2158 4560 2431 4632 pientibus
2456 4560 2771 4617 architectis
2794 4561 3187 4617 remdillcandaa
3217 4570 3341 4634 post
3368 4563 3743 4632 captivitatem

2082 4623 2134 4684 θ
2158 4623 2400 4725 ejusdem
2432 4655 2624 4709 domus
2645 4655 2800 4723 copia
2822 4663 3151 4725 suppeteret.

2228 4742 2392 4798 Vsus.
2426 4743 2481 4798 4.
2507 4742 2791 4816 -Ρορυιί
2822 4745 3000 4799 ludis.
3043 4743 3309 4816 Populum
3352 4742 3520 4805 Iuda.
3563 4746 3617 4801 id
3661 4753 3748 4803 est

2158 4835 2519 4891 conﬁdentem
2544 4843 2600 4891 et
2624 4834 3039 4906 glorificantem,
3092 4836 3223 4890 dicit
3251 4850 3374 4890 eum
3406 4836 3497 4914 (ιιιί
3530 4836 3743 4907 integra

2160 4935 2341 4982 mente
2369 4926 2597 4982 Domino
2623 4927 2915 4993 aediﬁcare,
2951 4927 3003 4981 id
3044 4935 3129 4987 est
3161 4926 3229 4985 ad
3263 4926 3596 4981 voluntatem
3624 4925 3745 4994 ejus

2161 5018 2463 5076 faciendam
2486 5029 2541 5075 et
2570 5020 2800 5093 gloriam
2827 5019 3173 5090 quaerendam
3201 5019 3444 5074 omnium
3475 5034 3613 5090 quos
3645 5033 3745 5090 po-

538 5121 700 5176 Vsns.
746 5119 800 5177 9.
858 5117 1141 5192 Stetitque.
1181 5117 1300 5192 (ιιι,
1330 5119 1486 5192 ibid.)
1535 5119 1651 5175 Non
1706 5118 1847 5175 illius
1894 5118 2051 5178 Jose-
2153 5119 2261 5166 test
2288 5112 2500 5166 animos
2521 5119 2576 5165 et
2598 5126 2694 5165 ora
2717 5119 3036 5169 convertere
3057 5110 3271 5180 quierit.

468 5212 588 5277 dcc,
612 5219 741 5278 etc.,
769 5228 933 5283 usque
955 5212 1024 5267 ad
1058 5210 1304 5267 Laudant
1333 5212 1499 5269 etiam
1524 5228 1621 5283 per
1643 5228 1863 5268 manum
1878 5212 2051 5269 David

2223 5202 2389 5258 Vens.
2423 5201 2477 5256 5.
2502 5232 2575 5243 —
2593 5199 2990 5286 Conduxerunt.
3034 5200 3329 5273 (lo.,ibid.)
3360 5199 3606 5257 Notanda
3631 5200 3744 5256 dis-

469 5302 635 5376 regis,
656 5318 779 5358 cum
810 5320 975 5375 opera
1001 5302 1202 5360 Christi
1232 5319 1353 5376 qua:
1377 5320 1473 5377 per
1499 5321 1717 5360 carnem
1748 5306 1944 5374 gessit,
1970 5306 2053 5361 di-

2169 5295 2342 5350 ,inctio
2372 5294 2681 5359 verborum,
2706 5302 2840 5358 etc.,
2880 5309 3045 5363 usque
3063 5293 3132 5347 ad
3158 5307 3279 5351 cum
3302 5292 3604 5363 principum
3629 5301 3743 5349 te!»

466 5394 698 5466 ligentcr
725 5395 1007 5450 attendunt
1037 5405 1092 5457 et
1122 5397 1426 5464 imitantur,
1457 5404 1717 5468 quantum
1744 5406 1991 5468 possunt.

537 5487 868 5545 Vsus.l0.—
882 5485 1147 5544 Steterunt
1171 5489 1467 5545 sacerdotes
1495 5490 1553 5544 in
1573 5498 1762 5544 ornatu
1788 5505 1904 5543 suo.
1923 5489 2047 5562 (Im,

463 5579 618 5651 ibid.)
644 5578 833 5650 Magna
856 5581 1097 5634 omnium
1124 5594 1477 5650 personarum
1494 5578 1708 5637 devotio
1721 5579 2043 5645 oetenditur,

465 5685 590 5726 cum
608 5670 830 5725 fundato
844 5671 1044 5743 templo
1056 5670 1407 5740 omnesjuxta
1420 5670 1646 5743 gradum
1663 5686 1819 5726 suum
1835 5670 2051 5727 miseri-

2152 5406 2407 5447 renorum
2436 5400 2625 5446 contra
2650 5390 2947 5447 Ecclesiam
2974 5390 3223 5462 praesidia
3255 5391 3567 5463 acquirunt,
3589 5390 3741 5462 quod

2153 5492 2414 5557 quantum
2438 5492 2630 5539 noceat
2652 5482 2794 5546 fidei,
2824 5491 3067 5554 tempore
3088 5480 3306 5540 Ariana
3338 5482 3581 5553 perﬁdiae
3611 5482 3740 5540 Ideo

2153 5576 2356 5634 clarius
2377 5576 2630 5630 innotuit.

2224 5667 2293 5723 In
2314 5685 2470 5739 regno
2491 5678 2664 5727 autem
2693 5666 2930 5722 Assum“.
2955 5666 3245 5739 (ln.,ibid.)
3271 5667 3427 5725 Hunc
3467 5668 3735 5727 Arinen

466 5763 710 5818 cerdiam
735 5760 949 5818 Domini
979 5762 1220 5817 laudant.
1254 5762 1578 5818 Sacerdotes
1598 5762 1817 5834 quidem
1840 5763 2046 5820 sanctis
2152 5776 2293 5825 xem,
2322 5768 2448 5823 etc.,
2475 5775 2636 5829 usque
2662 5757 2731 5811 ad
2752 5758 2848 5813 sed
2874 5758 3030 5827 quasi
3062 5757 3289 5815 minoris
3305 5758 3559 5829 petentia
3578 5756 3737 5817 illis.

468 5853 705 5911 vestibus
728 5854 929 5923 ornati,
956 5855 1099 5911 sicut
1127 5852 1303 5911 adhuc
1330 5862 1508 5912 stante
1537 5855 1736 5927 templo
1755 5868 2048 5913 consueve-
2150 5854 2267 5910 haec
2291 5858 2527 5906 tractare
2543 5856 2600 5904 et
2618 5849 2914 5909 decernere
2936 5848 3211 5918 permisit.
