4122 6350
310 421 409 478 701

1302 382 1587 481 ’διοδελ
1616 423 2019 483 captatam.
2050 456 2119 471 --
2156 428 2281 487 LIB.
2322 429 2345 485 ι
2385 428 2656 487 usam.

3484 428 3591 493 70!

386 537 599 608 (Dum,
635 536 793 612 ibid.)
836 539 1171 603 Artaxerxes
1199 540 1287 597 cui
1322 540 1583 599 suadetur
1618 551 1677 598 et
1706 556 1902 600 suasus
1929 541 1981 604 Δ
2007 544 2102 610 cit,
2132 546 2227 616 qui
2247 554 2331 603 est
2352 544 2495 604 ﬁlius
2515 546 2765 613 losedec,
2796 544 2849 601 id
2870 552 2956 605 est
2980 544 3191 601 Domini
3207 543 3363 615 justi,
3385 548 3455 604 de
3478 562 3588 621 quo

313 631 572 706 prmcepit
592 647 661 688 ne
684 630 989 689 Jerusalem
1020 634 1339 701 tediﬁcetur,
1362 644 1496 704 etc.,
1517 653 1681 709 usque
1712 637 1783 693 ad
1807 637 1897 693 de-

208 712 217 719 ’
312 740 422 783 nuo
466 726 735 795 aspersus
759 725 1009 785 hostibus
1032 727 1127 799 qui
1154 728 1402 799 proxima
1430 729 1692 787 tenebant
1734 730 1890 800 loca,

310 822 691 894 possederunt.
1894 866 1899 873 .

381 916 549 972 Vens.
574 915 1043 985 ii.—-Lasionss.
1068 918 1208 988 Quia
1230 929 1507 993 nequeunt
1529 921 1776 991 sulerre,
1800 923 1894 995 qui

311 1020 538 1079 regnum
585 1007 787 1065 diaboli
831 1020 1097 1068 conantur
1131 1013 1482 1086 impugnare,
1514 1016 1709 1072 timent
1755 1014 1894 1071 bella

309 1100 574 1156 concitari
600 1101 658 1156 in
686 1101 928 1159 Ecclesia
945 1146 961 1172 ,
993 1120 1061 1161 ne
1086 1106 1324 1162 haereses
1352 1116 1410 1164 et
1448 1107 1676 1165 fallacia:
1702 1123 1894 1166 eorum

311 1207 436 1248 cum
469 1192 722 1264 dogmate
754 1196 1036 1267 gentilium
1081 1199 1435 1268 debellentur,
1480 1201 1616 1257 duce
1661 1201 1755 1257 illo
1798 1201 1892 1272 qui

308 1287 414 1342 ait:
432 1286 687 1344 Νικιαηί
703 1308 885 1362 pacem
906 1296 1129 1361 mittere,
1152 1297 1245 1351 sed
1264 1296 1501 1369 gladium
1523 1298 1736 1371 (Matth.
1752 1298 1886 1371 xvi).

276 1398 284 1413 ·
310 1380 377 1436 Et
391 1381 587 1438 iterum
602 1396 618 1437 ι
631 1381 816 1456 Igneus
832 1388 946 1443 veni
956 1389 1161 1445 mittere
1175 1391 1231 1445 in
1243 1400 1436 1447 terram
1452 1389 1603 1463 (Luc.
1620 1392 1740 1464 xtl),
1757 1400 1887 1460 etc.,

309 1471 573 1546 gladium,
612 1476 821 1534 scilicet
848 1479 1001 1535 verbi
1024 1479 1117 1535 Dei
1143 1497 1252 1552 quo
1280 1482 1620 1540 adversarios
1652 1491 1886 1551 sternet,

307 1563 491 1636 ignem
518 1567 799 1626 charitatis
821 1610 837 1637 ,
868 1586 977 1642 quo
1006 1588 1227 1629 suorum
1256 1577 1425 1631 corda
1449 1577 1754 1633 accendens
1778 1592 1893 1633 om-

308 1656 397 1712 nia
424 1660 711 1715 contrariae
734 1671 896 1719 sectae
916 1679 1067 1721 arma
1087 1676 1143 1720 et
1167 1675 1319 1722 scuta
1341 1669 1645 1723 comburat.

382 1748 648 1815 Quoniam
668 1754 813 1819 urbs.
828 1755 997 1828 (Beas
1020 1756 1109 1812 tibi
1133 1758 1340 1831 supra.)
1353 1758 1461 1829 Ipsi
1484 1760 1667 1816 hostes
1688 1760 1886 1817 iterum

308 1841 376 1897 de
394 1842 616 1900 civitate
641 1844 854 1904 Domini
880 1850 1233 1917 conﬁtentur,
1260 1860 1392 1917 etc.,
1418 1868 1583 1925 usque
1623 1852 1693 1907 ad
1722 1852 1776 1909 id
1803 1860 1886 1909 est

1995 635 2194 692 dicitur
2230 654 2243 692 :
2283 636 2540 694 Dominus
2574 638 2754 709 justus
2803 636 3041 693 concidet
3081 636 3301 693 rerum
3340 649 3586 710 peccatu

1996 747 2133 797 rum,
2172 738 2278 788 etc.
2306 729 2479 806 (Prol.
2510 733 2637 803 xu.)

2064 823 2228 889 Vens.
2255 825 2309 881 ὃ.
2332 854 2403 865 -
2422 824 2489 881 In
2516 826 2649 897 ipsa.
2673 824 2794 896 (Im,
2810 823 2967 897 ibid.)
2985 822 3142 880 Patet
3164 824 3347 882 littera
3380 834 3582 896 textus,

1994 915 2121 988 quia
2137 908 2428 972 confortati
2449 916 2627 972 verbis
2640 916 3051 988 prophetarum,
3068 916 3356 986 optimates
3371 914 3583 971 Judaao-

1994 1022 2114 1067 ενα]
2147 1023 2251 1065 non
2276 1014 2564 1077 potuerunt
2589 1008 2823 1065 hostium
2864 1006 3295 1075 infestationibus
3328 1021 3360 1061 a
3385 1012 3581 1063 sancto

1992 1114 2155 1171 opem
2180 1099 2487 1170 praepediri,
2504 1112 2531 1155 a
2551 1113 2659 1170 quo
2669 1099 3069 1170 quiescentibus
3080 1099 3261 1157 adhuc
3274 1098 3581 1171 prophetis,

1993 1195 2188 1259 timore
2228 1194 2465 1255 hostium
2511 1202 2879 1260 cessaverant,
2912 1194 3053 1251 sicut
3075 1207 3219 1249 nunc
3257 1193 3311 1250 in
3334 1191 3579 1251 Ecclesia

1991 1286 2218 1358 geritur,
2241 1285 2368 1343 dum
2409 1284 2465 1341 hi
2502 1285 2593 1355 qui
2626 1284 2989 1357 malignorum
3023 1283 3332 1355 spirituum,
3366 1282 3454 1339 vel
3484 1284 3583 1339 bo-

1992 1379 2197 1439 miuutn
2251 1377 2464 1435 insidiis
2512 1378 2771 1437 retardati
2794 1417 2811 1444 ,
2856 1377 3122 1434 tardiores
3166 1375 3458 1447 aliquando
3506 1373 3582 1433 ad

1990 1488 2125 1544 quis
2162 1474 2361 1529 bonum
2404 1471 2644 1539 fuerunt,
2692 1480 2915 1543 repente
2947 1473 3131 1529 verbis
3177 1471 3456 1528 doctorum
3488 1469 3576 1535 vel

1990 1565 2293 1625 diuinarum
2342 1563 2747 1635 Scripturarum
2794 1564 3063 1633 correpti,
3103 1563 3265 1623 nullis
3322 1562 3574 1619 tentatio-

1989 1673 2119 1713 num
2163 1656 2429 1713 machinis
2455 1664 2679 1726 possunt
2706 1655 2869 1723 vinci,
2895 1654 2979 1710 vel
3007 1669 3037 1709 a
3075 1654 3354 1727 proposito
3391 1654 3575 1710 inten-

1991 1749 2154 1811 tionis
2192 1747 2455 1805 revocari.

2058 1840 2223 1907 Vens.
2254 1839 2310 1894 4.
2350 1837 2522 1903 -Αά
2554 1837 2695 1909 quod
2721 1836 3103 1907 respondimus.
3143 1833 3269 1908 (19.,
3302 1833 3458 1906 ibid.)
3482 1830 3578 1889 Vi-

307 1933 710 1997 inchoationem
754 1948 810 1996 et
842 1942 1233 2012 perfectionem
1277 1945 1542 2002 honorum
1572 1945 1685 2002 Deo
1725 1963 1755 2002 a
1779 1962 1889 2018 quo

1996 1933 2148 1991 detur
2170 1932 2265 2002 qui
2287 1931 2391 1987 hoc
2414 1930 2631 2002 scripsit
2666 1943 2905 2000 prmus
2944 1925 3181 1993 aﬂ‘uisse,
3210 1941 3335 1985 cum
3374 1925 3577 2018 iisdras

307 2041 633 2101 acceperant
652 2032 791 2092 bene
809 2035 1040 2093 vivendo
1063 2046 1117 2094 et
1150 2039 1353 2109 gratias
1382 2039 1593 2113 agendo
1625 2040 1886 2097 referunt.

377 2120 542 2177 Vens.
576 2124 663 2180 16.
688 2156 759 2167 -
792 2125 960 2184 Trans
999 2131 1238 2201 ﬂuvium.
1281 2131 1610 2204 Euphratem
1658 2134 1888 2203 scilicet,

305 2212 450 2268 intra
478 2228 641 2285 quem
665 2215 825 2289 Syria
845 2229 955 2288 est,
980 2223 1072 2292 qui
1096 2223 1422 2295 baptismum
1447 2225 1735 2298 signiﬁcat,
1765 2227 1890 2299 quia

304 2320 449 2363 unus
473 2315 556 2363 est
586 2309 655 2365 de
677 2320 916 2381 quatuor
942 2312 1255 2372 ﬂuminibus
1284 2317 1556 2386 paradisi,
1590 2318 1683 2387 qui
1716 2326 1890 2374 totum

305 2398 493 2454 orbem
538 2400 797 2473 irrigant,
840 2406 983 2463 sicut
1029 2418 1265 2480 quatuor
1301 2412 1649 2484 evangelistte
1675 2412 1745 2469 ah
1782 2428 1890 2470 uno

305 2488 456 2546 fonte
482 2494 624 2560 vitae,
655 2494 709 2551 id
741 2506 829 2553 est
861 2499 1080 2558 Christo
1125 2504 1373 2575 inspirati
1396 2545 1411 2571 ,
1460 2521 1701 2561 consona
1758 2522 1891 2563 voce

304 2586 517 2641 cunctis
530 2588 780 2660 gentibus
798 2591 1076 2649 lavacrum
1102 2595 1293 2652 salutis
1312 2597 1632 2668 praedicant,
1655 2598 1740 2655 vel
1760 2599 1890 2675 quia

303 2677 612 2751 Euphrates
638 2683 863 2757 frugifer
888 2686 1279 2759 interpretatur
1307 2708 1322 2746 :
1363 2694 1507 2762 quod
1530 2693 1782 2765 congruit
1809 2708 1891 2749 sa-

304 2783 585 2833 cramento
607 2790 716 2847 quo
742 2779 892 2834 orbis
925 2780 1144 2837 ablutus
1170 2792 1226 2838 et
1252 2783 1623 2840 sanctiﬁcatus
1652 2783 1887 2840 fructum

304 2868 628 2937 animarum,
650 2871 1006 2943 tricesimum,
1031 2875 1427 2949 sexagesimum
1450 2884 1506 2934 et
1533 2878 1891 2935 centesimum

303 2960 417 3019 Deo
435 2962 625 3035 gignit.

375 3057 541 3113 Vens.
566 3058 652 3114 l7.
674 3088 746 3100 —
783 3057 1003 3116 Verbum
1026 3061 1168 3117 misit
1194 3079 1288 3119 rea:
1308 3065 1377 3118 ad
1414 3062 1580 3119 Reum
1610 3062 1887 3123 Beelteem.

306 3149 471 3223 (Deos
520 3151 610 3205 ubi
631 3150 837 3225 supra.)
863 3152 1070 3222 Quzcrit
1102 3170 1194 3211 rex
1217 3154 1529 3223 Persarum,
1560 3167 1691 3223 etc.,
1731 3172 1892 3228 usque

303 3244 373 3298 ad
409 3244 502 3316 qui
534 3243 835 3303 Ecclesiam
878 3256 1281 3319 persequuntur
1309 3258 1364 3304 et
1402 3249 1692 3321 prohibent
1726 3246 1891 3305 aediﬁ-

304 3350 440 3393 08".

378 3426 719 3488 Hobitatores
740 3430 1022 3488 Samaritr.
1040 3431 1301 3489 Habitant
1323 3434 1511 3490 hostes
1528 3430 1895 3507 Jerosolymo-

307 3534 427 3575 rum
463 3519 516 3575 in
545 3520 826 3590 Samaria,
869 3540 989 3594 qua:
1036 3525 1428 3596 interpretatur
1471 3526 1751 3595 custodia,
1782 3542 1892 3583 non

309 3616 451 3686 quod
484 3627 753 3688 praecepta
780 3617 902 3675 ﬁdei
934 3627 990 3675 et
1033 3621 1279 3677 veritatis
1308 3620 1637 3686 custodiant,
1685 3622 1777 3693 qui
1818 3622 1895 3676 vi-

306 3709 447 3765 sioni
467 3722 610 3765 vera:
633 3711 785 3782 pacis
805 3711 1076 3767 obstinate
1098 3724 1417 3786 repugnant,
1450 3715 1543 3770 scd
1566 3714 1693 3783 quia
1714 3721 1896 3769 custo-

307 3801 449 3857 diam
484 3802 743 3858 virtutum
766 3819 934 3875 penes
957 3819 1017 3859 se
1046 3820 1264 3860 manere
1284 3804 1516 3874 jactant,
1547 3822 1669 3861 cum
1703 3805 1897 3862 adver-

308 3908 404 3949 sus
429 3896 631 3950 mtenia
660 3894 808 3967 pacis
834 3911 933 3968 per
958 3896 1209 3952 haeresim
1244 3907 1504 3981 pugnant.

382 3984 545 4041 Vatis.
571 3986 663 4042 25.
685 3987 949 4059 -ltaque
987 3988 1301 4060 exemplum.
1334 3987 1524 4061 (Beas,
1552 3988 1707 4063 ibid.)
1740 3988 1899 4047 Patet

307 4078 443 4132 ordo
469 4079 734 4147 historiae,
778 4090 911 4146 etc.,
938 4097 1104 4152 usque
1142 4080 1213 4136 ad
1242 4091 1298 4138 et
1338 4096 1429 4137 rex
1466 4091 1674 4138 tantum
1711 4072 1905 4157 prohi-'

308 4172 515 4228 buissct
537 4174 783 4229 construi
814 4174 1112 4230 civitatem.

935 4312 1164 4381 CAPUT
1201 4316 1260 4373 ν.

380 4442 848 4512 Prophetaverunt.
887 4445 1076 4518 (BEDA,
1124 4446 1216 4503 lih.
1275 4464 1313 4504 tt
1363 4449 1418 4506 in
1461 4449 1713 4518 Esdram,
1760 4459 1894 4509 tom.

306 4539 397 4611 Ii.)
423 4540 480 4594 in
503 4539 660 4596 libris
681 4555 869 4596 eorum
895 4541 1108 4612 plenius
1144 4543 1403 4612 scriptum
1439 4553 1542 4612 est,
1575 4553 1702 4610 etc.,
1736 4562 1901 4621 usque

307 4633 378 4731 ad
418 4631 718 4688 Zorobahel
754 4649 994 4731 quoque
1015 4645 1070 4690 et
1101 4633 1282 4731 Jcsus,
1313 4644 1368 4691 et
1398 4635 1628 4707 populus
1654 4635 1746 4706 qui
1771 4651 1895 4691 cum
1930 4670 1977 4731 υ

307 4725 388 4779 cis
413 4733 550 4788 erat,
579 4740 687 4781 non
713 4726 937 4782 minoris
966 4724 1135 4783 fuisse
1158 4727 1281 4783 ﬁdei
1308 4729 1624 4799 probantur,
1655 4728 1746 4798 qui
1774 4743 1896 4800 pro-

308 4815 500 4885 phetas
533 4813 788 4885 iubentes
816 4819 990 4889 magis
1026 4819 1314 4874 audierunt
1352 4833 1515 4888 quam
1556 4819 1895 4891 prohibentis

309 4909 618 4977 imperium.

384 4996 544 5055 Vsus.
573 4999 627 5055 Β.
657 5028 731 5041 --
754 4998 1064 5055 Zorobabel.
1096 5000 1218 5073 (in.,
1250 5001 1408 5073 ibid.)
1441 5001 1606 5059 Ortus
1627 5003 1681 5058 in
1725 5002 1897 5076 Baby-

307 5090 451 5157 lone,
483 5100 615 5158 etc.,
641 5109 805 5164 usque
850 5094 921 5148 ad
951 5092 1333 5166 Unusquisque
1376 5096 1542 5151 etiam
1579 5111 1700 5152 cum
1727 5098 1896 5152 Deum

310 5187 570 5243 invocans
604 5204 712 5242 non
736 5188 878 5244 aliud
904 5190 1096 5260 quaerit
1123 5204 1287 5262 quam
1326 5190 1523 5261 ipsum,
1558 5200 1736 5263 potest
1772 5207 1896 5247 eum

310 5278 572 5336 Salathicl
601 5294 815 5338 vocare.

380 5372 447 5426 Et
472 5372 656 5428 Josue.
692 5374 813 5446 (ln.,
838 5374 993 5447 ibid.)
1015 5375 1181 5433 Iosue
1216 5376 1300 5431 vel
1324 5375 1482 5432 Jestts
1511 5376 1901 5448 interpretatur

309 5463 576 5521 Soli-utor.
599 5466 826 5524 Jesedcc
868 5470 1124 5526 Dominus
1147 5468 1346 5540 justus.
1391 5469 1489 5525 Hic
1519 5471 1759 5542 quidem,
1795 5472 1900 5526 sic-

310 5567 369 5612 ut
413 5558 556 5615 illius
600 5560 719 5615 Non
746 5602 761 5625 ,
809 5560 1085 5618 Christum
1131 5564 1707 5637 sigttiticat;.ttterque
1754 5565 1899 5620 enim

306 5653 565 5725 populum
598 5655 650 5709 in
683 5666 885 5709 terram
925 5656 1324 5726 promissionis,
1359 5656 1447 5711 ille
1477 5657 1542 5710 de
1573 5656 1730 5728 longo
1761 5656 1904 5711 inco-

311 5749 422 5804 latu
450 5750 644 5815 crcmi,
670 5750 757 5805 hic
779 5749 846 5803 de
868 5748 1109 5819 bmgiore
1139 5749 1467 5819 captivitatis
1492 5749 1635 5802 servi
1667 5749 1717 5803 io
1741 5748 1904 5803 intro-

311 5844 486 5903 duxit.
518 5846 611 5904 Sic
632 5863 792 5903 vertts
829 5843 987 5903 Jcsus
1016 5847 1218 5901 electus
1244 5860 1371 5901 suos
1399 5846 1466 5900 ab
1505 5846 1759 5901 omnibus
1786 5860 1903 5900 ma-

312 5939 382 5997 lis
410 5954 631 6007 erucas,
674 5939 743 5996 ad
770 5939 989 6012 superni
1029 5938 1180 6011 regni
1214 5939 1480 6010 promissa
1509 5938 1704 6010 gaudia
1743 5940 1904 5996 indu-

1990 2024 2202 2081 dieatur
2227 2022 2531 2093 scripsisse,
2564 2022 2656 2093 qui
2694 2036 2805 2077 non
2832 2029 2959 2076 utne
2996 2018 3349 2087 ierosoiymis
3386 2016 3576 2083 fuisse,

1990 2117 2086 2172 sed
2114 2115 2283 2171 multo
2324 2124 2468 2186 post,
2512 2122 2774 2188 regnante
2809 2114 3147 2180 Artaxerxe,
3194 2112 3324 2169 illuc
3360 2111 3579 2167 venisse

1989 2207 2280 2279 reperitur.
2312 2207 2421 2263 Aut
2448 2221 2579 2278 ergo
2610 2215 2736 2263 tttuc
2760 2221 2889 2261 vere
2916 2205 2991 2265 ibi
3024 2203 3145 2273 fuit,
3175 2213 3231 2261 et
3266 2202 3411 2259 facto
3442 2210 3580 2258 tem-

1989 2304 2081 2375 pin
2112 2301 2460 2374 Babyloniam
2502 2300 2687 2367 rediit,
2713 2308 2773 2355 ut
2812 2300 2996 2370 plures
3041 2299 3108 2361 de
3156 2297 3282 2357 ﬁliis
3319 2295 3484 2352 Israel
3520 2295 3578 2350 iu

1990 2396 2293 2454 Jerusalem
2338 2396 2652 2461 reduceret,
2698 2401 2793 2448 aut
2840 2406 2900 2449 se
2952 2389 3343 2449 aediﬁcantibus
3377 2386 3579 2459 jungit,

1991 2489 2147 2561 quasi
2188 2504 2343 2547 suum
2385 2490 2459 2544 sit
2483 2487 2627 2557 quod
2679 2500 2808 2557 erga
2853 2483 3051 2538 fratres
3086 2480 3286 2553 agitur,
3319 2477 3404 2535 vel
3435 2477 3580 2549 quod

1992 2584 2096 2654 ipsi
2123 2591 2309 2655 agunt,
2340 2583 2481 2639 sicut
2504 2580 2794 2652 Apostolus
2826 2579 2940 2632 ait:
2973 2576 3088 2633 Nos
3110 2575 3200 2648 qui
3221 2574 3463 2640 civitatis,
3489 2572 3582 2646 qui

1992 2676 2189 2736 residui
2214 2691 2397 2732 sunt”
2428 2675 2488 2730 in
2522 2672 2750 2733 adventu
2787 2669 3021 2736 Domini,
3051 2684 3157 2723 non
3183 2666 3581 2739 pris-veniemus,

1990 2779 2099 2828 etc.
2124 2769 2175 2844 (1
2209 2768 2364 2825 Thes.
2388 2767 2487 2839 tv).

2062 2863 2226 2919 liena.
2252 2861 2391 2917 6.-
2412 2856 2701 2931 Exemplar
2730 2854 2983 2929 epistolae.
3014 2853 3140 2925 (ιιι,
3172 2850 3328 2923 ibid.)
3358 2847 3585 2906 Multum

1993 2955 2270 3015 dissimilis
2298 2964 2385 3010 est
2409 2954 2526 3009 haec
2549 2948 2778 3023 epistola
2808 2948 2906 3015 illi,
2938 2956 3071 3013 etc.,
3106 2960 3268 3016 usque
3290 2941 3359 2997 ad
3386 2949 3439 2998 et
3466 2949 3591 2999 tan-

1992 3050 2115 3105 dem
2142 3054 2535 3119 cognoscentes
2572 3042 2719 3113 quod
2756 3040 2864 3097 hoc
2903 3056 2934 3095 a
2979 3039 3092 3097 Deo
3139 3033 3262 3095 caeli
3311 3040 3371 3093 et
3402 3042 3582 3097 ωηω,

1993 3141 2085 3212 qui
2120 3139 2269 3196 solus
2297 3152 2424 3194 vere
2451 3144 2535 3192 est
2578 3135 2742 3203 Deus,
2781 3130 3049 3202 originem
3086 3125 3343 3199 sumpsit,
3374 3121 3591 3183 sacriﬁ-

1994 3234 2096 3291 ciis
2144 3233 2263 3304 ejus
2313 3229 2761 3292 communicant,
2806 3231 2866 3282 et
2909 3220 3199 3279 aedilicium
3246 3215 3442 3287 iuvare
3489 3214 3587 3277 iet—

1917 3295 1964 3361 C
1996 3295 2199 3383 tantur:

2067 3419 2232 3476 Vsus.
2260 3417 2313 3473 8.
2332 3411 2803 3487 Lapideimpolito.
2833 3408 2958 3482 (in.,
2989 3404 3149 3474 ibid.)
3175 3402 3327 3461 Novo
3355 3399 3587 3466 scilicet.

1995 3527 2157 3585 quem
2197 3509 2497 3581 impolitum
2542 3511 2882 3575 repererunt,
2925 3499 3020 3556 sed
3066 3495 3317 3567 potiendo
3355 3490 3585 3552 tetliiicio

1997 3612 2334 3678 aptaverunt,
2357 3609 2493 3665 etc.,
2512 3613 2674 3669 usque
2697 3596 2767 3651 ad
2801 3595 2939 3651 alter
2963 3588 3280 3649 idololatria
3310 3585 3589 3678 παιδείης.

1998 3673 2086 3753 tus
2111 3695 2255 3751 nulla
2288 3689 2651 3765 spiritualium
2676 3685 3096 3743 architectorum
3124 3677 3408 3742 industria,
3440 3673 3591 3735 nullo

1995 3788 2214 3864 pietatis
2238 3786 2386 3842 cultu
2414 3781 2812 3840 deformitatem
2847 3774 3078 3847 agrestis
3101 3781 3159 3829 et
3180 3781 3408 3831 terrenae
3434 3782 3593 3827 taen-

2000 3884 2071 3939 tis
2092 3885 2340 3937 exuerat.

2072 3974 2141 4029 Et
2169 3973 2313 4043 ligna
2343 3974 2612 4040 ponantur
2634 3966 2690 4021 in
2724 3959 3033 4035 parietibus,
3063 3970 3314 4028 opusque,
3339 3961 3445 4015 etc.
3464 3949 3595 4022 (1m,

1998 4064 2155 4137 ibid.)
2196 4063 2363 4136 Ligna
2389 4074 2511 4132 qua:
2548 4056 2616 4113 ad
2659 4059 3039 4111 ornamentum
3074 4046 3161 4103 vel
3197 4044 3595 4137 munimentum

2002 4134 2186 4228 templi
2215 4134 2507 4224 ponuntur,
2548 4147 2792 4207 eamdem
2839 4150 3150 4203 sanctorum
3195 4139 3363 4199 vitam
3410 4134 3595 4228 inuor-

2001 4225 2133 4307 natu
2159 4247 2415 4305 Ecclesiae
2438 4256 2603 4314 quam
2638 4249 2695 4301 et
2720 4238 2922 4309 lapides
2950 4234 3276 4305 designant:
3303 4229 3371 4291 de
3398 4225 3597 4296 quibus

2000 4345 2199 4401 dicitur
2229 4359 2244 4397 :
2274 4335 2631 4397 Exsultabuut
2660 4331 2838 4399 omnia
2868 4328 3011 4398 tigna
3032 4322 3312 4391 silvarum,
3339 4326 3444 4375 ctc.

2614 4430 2844 4490 CAPUT
2885 4427 2973 4487 Vl.

2074 4537 2237 4594 Vens.
2270 4533 2320 4587 l.
2353 4558 2426 4577 -—-
2448 4528 2595 4584 Tunc
2617 4522 2833 4591 Darius.
2858 4519 3028 4594 (Beas
3049 4518 3107 4575 in
3135 4515 3387 4589 Esdram,
3411 4510 3508 4568 lib.
3533 4525 3596 4579 ιι,

2005 4640 2138 4687 tom.
2188 4626 2280 4698 li.)
2324 4623 2590 4694 Josephus
2630 4630 2828 4675 nomen
2874 4613 2981 4671 loci
3008 4612 3065 4669 in
3091 4624 3199 4681 quo
3231 4608 3317 4667 har
3343 4605 3471 4678 Cyri
3498 4604 3600 4698 lit-

2003 4733 2135 4777 teras
2161 4696 2270 4776 sint
2293 4717 2544 4777 inventae,
2569 4712 2646 4767 ita
2677 4708 2886 4781 posuit;
2910 4712 2968 4763 et
2998 4704 3251 4763 inventus
3283 4707 3368 4759 est
3405 4697 3463 4753 in
3493 4696 3599 4769 Eg-

2002 4811 2256 4875 hathanis
2301 4814 2618 4871 constructa
2658 4801 2793 4858 urbe
2822 4800 2877 4857 in
2919 4788 3140 4870 regione
3185 4793 3373 4855 Media;
3400 4793 3595 4848 codex.

2001 4908 2174 4965 Porro
2194 4906 2299 4961 alia
2321 4899 2605 4959 translatio
2630 4898 2711 4954 sic
2737 4895 2903 4952 habet
2929 4910 2943 4948 ι
2966 4879 3035 4949 Ιιί
3054 4890 3371 4963 Eghathaua
3394 4888 3449 4947 in
3471 4883 3602 4945 mdi-

2004 5003 2129 5060 ﬁcio
2155 5000 2424 5057 tutissimo
2447 4993 2683 5066 regionis
2705 4989 2983 5045 Medorum
3007 5004 3021 5041 ε
3050 4985 3197 5043 unde
3216 4982 3430 5041 videtur
3456 4976 3600 5047 quod

2006 5110 2202 5151 nomen
2227 5091 2447 5146 Modena
2470 5102 2579 5143 non
2611 5084 2756 5140 aliud
2779 5096 2945 5153 quam
2972 5077 3203 5135 Mediam
3231 5070 3524 5143 signiﬁcat.
3592 5114 3598 5119 .

2081 5188 2240 5243 Vens.
2264 5186 2318 5240 '5.
2341 5213 2415 5227 —-
2439 5180 2505 5236 Ut
2528 5189 2725 5253 ponant
2762 5177 3125 5248 fundamenta.
3154 5170 3278 5241 (ln.,
3298 5165 3454 5239 ibid.)
3484 5163 3600 5223 Non

2005 5291 2089 5339 est
2132 5281 2287 5337 nobis
2331 5276 2730 5348 exponendum,
2760 5281 2895 5339 etc.,
2926 5284 3089 5339 usque
3132 5264 3204 5320 ad
3247 5269 3343 5317 aut
3378 5262 3446 5315 de
3477 5274 3600 5329 pore

2006 5378 2117 5433 ticu
2159 5376 2353 5431 domus
2388 5370 2600 5427 Domini
2634 5383 2757 5439 quae
2801 5371 2959 5421 erant
2989 5368 3113 5415 ante
3160 5356 3353 5413 faciem
3392 5349 3599 5420 templi.

2006 5471 2084 5526 De
2110 5484 2215 5539 qua
2244 5465 2523 5536 Scriptura
2561 5476 2684 5521 cum
2729 5456 2989 5529 palatium
3030 5448 3339 5509 Salomonis
3367 5442 3601 5539 fabricat:

2010 5533 2182 5627 retur,
2209 5561 2282 5615 ita
2306 5533 2573 5614 memorat
2597 5574 2609 5609 :
2642 5552 2788 5608 Fecit
2808 5548 3024 5607 atrium.
3050 5554 3157 5603 etc.
3178 5539 3298 5613 (HJ
3326 5538 3456 5610 Reg.
3480 5533 3601 5609 Vit)».

2080 5654 2241 5710 Vens.
2269 5654 2387 5707 5.-
2421 5650 2746 5705 Reddantur.
2778 5642 2901 5713 (In.,
2921 5639 3079 5708 ibid.)
3108 5636 3304 5692 Darius
3330 5629 3602 5702 perfectas

2008 5750 2217 5805 litteras
2239 5744 2561 5801 auctoritate
2581 5753 2678 5793 sua
2703 5733 2993 5793 conﬁrmat
3024 5740 3375 5800 compescens
3412 5734 3602 5786 annuas

2006 5842 2314 5898 intimorum
2343 5832 2701 5897 adversarios,
2724 5837 2781 5888 et
2806 5825 3069 5898 templum
3096 5823 3152 5880 iu
3174 5820 3296 5878 loco
3315 5833 3415 5879 suo
3435 5814 3601 5879 aedili-

2009 5936 2123 5994 cari
2142 5935 2317 6007 jubet,
2343 5939 2455 5987 etc.
