4122 6350
527 411 636 470 705

1031 411 1427 470 WALAFRIDI
1467 411 1716 469 STRABI
1752 411 1957 470 FULD.
2001 413 2166 471 MON.
2205 412 2357 470 OPP.
2395 412 2576 470 PARS
2612 414 2656 470 1.
2693 445 2763 456 -
2800 413 3258 472 THEOLOGICA.

3697 414 3812 470 76η.ε

594 529 758 587 Vens.
787 529 840 583 6.
867 557 938 568 —-
968 528 1126 583 Num:
1151 545 1292 600 ergo.
1321 529 1602 601 Signiﬁcat
1638 529 1988 597 Artaxerxes,
2017 531 2108 600 qui
2137 530 2188 590 A
2214 529 2442 584 Domino
2467 537 2521 584 et
2544 545 2680 602 opus
2703 530 2880 600 ipsum
2905 530 3262 602 complerent,
3286 539 3343 587 et
3365 530 3521 588 bonis
3543 534 3820 595 omnibus

524 623 742 680 domum
763 623 856 678 Dei
878 631 932 678 et
958 624 1234 678 civitatem
1257 623 1514 680 aediﬁcari
1545 633 1709 691 vetat,
1738 639 1832 680 eos
1856 625 1946 696 qui
1977 640 2107 680 con-

524 717 808 774 structioni
857 716 1114 772 Ecclesiae
1175 725 1374 772 sanctae
1423 718 1584 773 motis
1641 719 2106 789 persecutionibus

524 812 923 876 contradicunt,
954 813 1096 868 inter
1113 829 1248 883 quas
1277 815 1518 870 Ecclesia
1541 816 1777 870 maxime
1807 826 2105 889 martyrum

523 904 746 958 victoria
774 901 974 958 ﬂoruit.
1010 905 1203 960 Darius
1244 915 1424 960 autem
1466 906 1610 976 piam
1658 907 1871 962 illorum
1919 924 2106 980 regum

526 995 886 1061 devotionem,
926 997 1016 1068 qui
1053 997 1232 1068 agnita
1259 997 1380 1053 ﬁdei
1410 998 1731 1055 Christiana:
1761 1000 1959 1070 pietate
1998 1017 2107 1057 non

524 1090 796 1153 resistere,
841 1090 936 1146 sed
959 1092 1072 1146 suis
1117 1092 1351 1147 decretis
1377 1108 1495 1148 eam
1526 1093 1779 1163 adjuvare
1818 1095 2102 1161 curabant,

524 1195 556 1236 e
579 1183 774 1250 quibus
804 1182 956 1237 multi
1002 1183 1304 1239 interdictis
1349 1177 1813 1254 pérsecutionibus
1837 1187 2104 1256 priurum,

525 1272 732 1342 seipsos
758 1289 879 1328 cum
929 1273 1186 1346 subjectis
1215 1278 1427 1348 populis
1468 1278 1706 1349 ejusdem
1755 1280 1879 1334 ﬁdei
1925 1297 2107 1359 sacra-

524 1366 722 1421 mentis
759 1368 1063 1422 consecrari
1112 1369 1434 1424 voluerunt:
1471 1372 1667 1441 quibus
1701 1373 1836 1429 bene
1857 1375 2107 1430 convenit

523 1457 666 1526 quod
719 1457 912 1514 Darius
963 1459 1203 1530 adjungit
1248 1480 1264 1516 :
1317 1461 1423 1517 Sed
1469 1482 1501 1518 a
1544 1481 1626 1518 me
1673 1477 1984 1535 praeceptum
2030 1476 2107 1522 est

519 1548 682 1616 quod,
706 1557 810 1604 etc.
829 1549 962 1617 Quis
982 1552 1128 1606 enim
1147 1553 1416 1624 explicare
1441 1555 1615 1610 valeat
1636 1566 1896 1625 quantum
1921 1558 2107 1615 Ecde-

521 1640 602 1694 sia
626 1640 948 1699 liberalitate
981 1658 1165 1715 regum
1189 1645 1371 1715 adjuta
1396 1647 1467 1702 sit
1493 1655 1548 1702 et
1580 1648 1938 1719 locupletata?

595 1731 758 1787 Vens.
785 1736 840 1788 8.
862 1765 931 1774 —
954 1733 1022 1789 Ut
1048 1737 1112 1789 de
1133 1754 1279 1791 arca.
1311 1738 1497 1809 (BEDA,
1522 1740 1676 1812 ibid.)
1706 1741 1781 1797 De
1814 1757 1940 1798 arca
1965 1745 2107 1816 regis

522 1822 589 1876 ad
615 1837 750 1890 opus
773 1823 865 1877 Dei
893 1836 1142 1896 sumptus
1169 1827 1493 1894 tribuuntur,
1517 1839 1648 1898 etc.,
1674 1849 1835 1902 usque
1866 1835 1936 1888 ad
1974 1835 2105 1906 quid

2208 622 2568 678 abundarent.

2278 713 2442 786 (Bson
2472 715 2560 768 ubi
2595 714 2800 786 supra.)
2841 714 3013 769 Nemo
3059 715 3203 785 quod
3251 715 3481 788 Aggeus
3522 719 3657 775 dicit
3698 720 3817 778 sub

2207 812 2369 867 Dario
2391 811 2674 882 regejacta
2703 826 2821 866 esse
2862 811 3043 882 templi
3071 811 3441 878 fundamenta,
3465 823 3596 879 etc.,
3631 831 3816 885 usque

2207 908 2276 960 ad
2317 906 2605 975 aliquando
2649 905 2938 974 separatim
2978 906 3078 959 sub
3119 906 3336 961 nomine
3385 909 3817 978 gamphylacio-

2209 1012 2346 1059 rum,
2378 997 2462 1052 vel
2499 997 2841 1058 exedrarum,
2888 996 2972 1051 vel
3021 998 3347 1068 porticuum,
3376 998 3462 1052 vel
3501 1001 3811 1068 atriorum;

2207 1088 2348 1143 unde
2379 1105 2392 1142 :
2427 1087 2530 1154 Qui
2567 1089 2717 1142 statis
2755 1089 2808 1140 in
2840 1087 2996 1142 domo
3036 1088 3285 1155 Domini,
3319 1090 3374 1144 in
3423 1091 3572 1145 atriis
3609 1092 3813 1147 domus

2208 1176 2307 1232 Dei
2336 1179 2503 1232 nostri
2538 1175 2713 1250 (Psal.
2737 1177 2990 1248 cxxxiii).

2284 1270 2350 1324 Et
2399 1272 2709 1326 Artaxerxe.
2755 1272 3028 1338 Quaeritur
3071 1274 3364 1344 quomodo,
3409 1273 3636 1344 iubente
3691 1277 3807 1332 Ar‘

2213 1371 2451 1427 taxerxe,
2488 1363 2703 1419 dicatur
2730 1364 2922 1419 domus
2947 1375 3281 1432 constructa,
3313 1384 3438 1423 cum
3466 1371 3647 1424 statim
3677 1373 3812 1426 sub-

2203 1455 2450 1526 jungitur
2494 1473 2637 1523 eam,
2663 1470 2920 1529 regnante
2955 1461 3130 1516 adhuc
3163 1461 3342 1528 Dario,
3371 1463 3537 1520 fuisse
3567 1467 3810 1536 comple-

2212 1555 2318 1602 tam
2366 1557 2421 1603 et
2461 1549 2788 1615 dedicatam,
2827 1551 2930 1607 nisi
2970 1551 3108 1607 forte
3149 1555 3480 1610 credemlum
3517 1566 3600 1611 est
3632 1559 3808 1612 etiam

2208 1639 2584 1705 Artaxerxem,
2611 1641 2776 1696 misso
2798 1657 2931 1696 auro
2964 1650 3018 1697 et
3056 1653 3300 1715 argento,
3319 1643 3587 1714 iussisse:
3619 1645 3712 1700 ubi
3751 1648 3804 1701 si

2211 1732 2336 1801 quid
2362 1734 2541 1788 minus
2569 1735 2622 1788 in
2645 1734 2875 1791 :ediﬁcio
2898 1737 2978 1792 vel
3001 1747 3192 1794 ornatu
3223 1740 3408 1811 templi
3437 1741 3518 1797 vel
3540 1758 3804 1797 vasorum

2209 1831 2356 1879 esset
2381 1825 2731 1896 completum,
2759 1827 3134 1902 perﬁceretur,
3165 1828 3299 1885 Nam
3325 1831 3496 1886 Esdra
3526 1833 3652 1887 illuc
3678 1849 3811 1902 pro—

521 1910 775 1982 Cyrillus,
804 1915 932 1984 quid
957 1914 1214 1983 Joannes,
1241 1919 1369 1989 quid
1404 1923 1587 1977 caateri
1614 1925 1789 1979 sancti
1813 1903 2067 1981 dixerunt
2091 1946 2102 1982 :

2210 1924 2451 1984 perante,
2477 1917 2736 1986 scriptum
2759 1927 2844 1973 est
2863 1920 3006 1988 quod
3031 1920 3171 1975 idem
3201 1937 3294 1976 rex
3319 1937 3441 1977 cum
3464 1923 3809 1994 principibus

515 1991 770 2058 edoctum
811 2019 870 2060 se
907 2021 938 2058 a
977 2008 1279 2064 senioribus
1319 2010 1650 2081 Iudaeorum,
1696 2015 1748 2070 id
1790 2022 1894 2093 est,
1942 2017 2110 2072 conﬁ-

520 2095 748 2150 tentium
775 2105 829 2152 et
853 2097 1184 2156 laudantium
1208 2102 1374 2158 Deum
1404 2105 1671 2174 probavit.

601 2184 804 2244 Vitulos
843 2200 890 2244 et
932 2209 1113 2262 agnos.
1157 2194 1292 2265 (lo.,
1337 2195 1499 2269 ibid.)
1546 2197 1672 2254 Haac
1709 2200 1962 2256 animalia
1989 2219 2109 2274 quae

519 2283 720 2337 munda
761 2293 907 2349 sunt,
937 2295 1070 2351 etc.,
1117 2304 1280 2358 usque
1309 2288 1379 2342 ad
1405 2291 1665 2360 quidquid
1709 2307 1739 2346 a
1773 2293 1903 2349 viris
1929 2294 2108 2352 Eccle-

519 2374 613 2430 sia:
638 2374 854 2432 salubre
892 2377 1160 2447 didicerit,
1189 2389 1361 2436 totum
1406 2383 1460 2438 in
1503 2385 1744 2441 divinum
1778 2387 1980 2442 cultum
2007 2390 2108 2444 im-

517 2467 724 2536 pendit.

590 2561 753 2618 Vsns.
783 2563 836 2619 9.
860 2594 933 2605 —
965 2565 1268 2622 Secundum
1313 2571 1490 2625 ritum.
1540 2572 1676 2639 Quia
1717 2581 1844 2630 tunc
1895 2583 2105 2631 tantum

516 2664 640 2710 vota
667 2654 1005 2712 offerentium
1038 2671 1259 2730 accepta
1307 2671 1484 2729 erunt,
1526 2680 1648 2719 cum
1681 2668 1973 2723 secundum
2014 2685 2106 2724 ca-

519 2745 729 2800 tholica:
776 2749 926 2816 pacis
971 2751 1132 2805 ritum
1180 2753 1514 2821 offeruntur;
1549 2773 1669 2826 qua:
1697 2771 1875 2816 autem
1919 2762 2104 2833 gentili

517 2838 902 2908 superstitione
938 2841 1024 2896 vel
1052 2842 1305 2899 haeretica
1330 2847 1591 2914 permista
1633 2858 1780 2916 sunt,
1813 2851 1954 2906 bona
1995 2868 2103 2909 non

518 2940 664 2987 sunt.

587 3025 748 3083 Vsus.
783 3028 868 3084 10.
895 3058 968 3069 -
995 3027 1277 3102 Orentque.
1317 3030 1623 3090 Secundum
1655 3035 1786 3092 illud
1814 3037 2057 3108 Apostoli
2084 3058 2097 3094 :

517 3115 744 3172 Obsecro
768 3136 889 3190 ergo
917 3123 1088 3191 primo
1109 3125 1342 3177 omnium
1371 3124 1488 3192 ﬁeri
1511 3126 1890 3184 obsecrationes
1915 3141 1960 3184 et
1985 3147 2103 3184 ora-

514 3213 700 3277 tiones,
733 3213 1108 3284 postulationes
1141 3217 1532 3288 gratiarumque
1552 3221 1782 3274 actiones
1809 3239 1904 3290 pro
1929 3223 2099 3277 omni-

515 3305 608 3360 bus
636 3307 950 3375 hominibus,
970 3325 1065 3379 pro
1093 3309 1316 3380 regibus,
1346 3321 1391 3364 et
1415 3313 1652 3368 omnibus
1671 3314 1760 3384 qui
1782 3316 1838 3369 in
1865 3316 2100 3371 sublimi.-

515 3407 619 3452 tate
639 3409 758 3453 sunt
787 3398 839 3471 (I
865 3399 997 3455 Tim.
1034 3402 1117 3473 ιι).

584 3489 746 3546 Vsus.
781 3491 865 3545 l-l.
887 3521 959 3533 —
985 3492 1031 3546 Α
1074 3509 1155 3547 me
1191 3509 1334 3565 ergo.
1368 3493 1700 3552 Gravissima
1741 3513 1901 3568 paena
1932 3499 2100 3555 voluit

2208 2005 2290 2060 vel
2327 2007 2651 2063 consiliariis
2677 2010 2789 2064 suis
2815 2003 3108 2080 plurimum
3135 2013 3254 2068 auri
3278 2021 3334 2068 et
3363 2016 3569 2086 argenti
3601 2025 3655 2070 et
3701 2031 3806 2069 va-

2210 2113 2391 2154 sorum
2420 2101 2630 2157 miserit
2659 2102 2727 2157 ad
2768 2104 3046 2174 templum.

2279 2192 2442 2249 Vens.
2471 2195 2558 2249 l5.
2585 2226 2657 2236 —-
2678 2195 2875 2251 Mensis
2908 2199 3075 2254 Adar.
3102 2199 3292 2272 (Bt-10A,
3327 2203 3479 2272 ibid.)
3505 2203 3672 2274 Cujus
3695 2213 3808 2260 ter-

2210 2287 2280 2341 tia
2307 2287 2391 2342 die
2415 2288 2608 2343 domus
2638 2289 2903 2360 completa
2932 2301 3036 2358 est,
3062 2311 3224 2365 usque
3256 2296 3327 2349 ad
3351 2296 3405 2350 in
3432 2298 3628 2367 quibus
3659 2298 3804 2352 emi—

2207 2379 2452 2432 nentiora
2481 2388 2672 2435 cuncta
2701 2379 2854 2438 fuere
2876 2384 3159 2454 completa.

2279 2471 2400 2542 (lo.,
2429 2473 2582 2543 ibid.)
2607 2473 2888 2546 Templum
2924 2494 3054 2533 vero
3075 2494 3382 2550 quanquam
3412 2479 3639 2535 electam
3683 2483 3805 2537 ani-

2205 2580 2351 2620 mam
2381 2566 2645 2637 signiﬁcat
2671 2579 2892 2639 propter
2932 2571 3320 2628 inhabitantem
3359 2573 3411 2626 in
3446 2589 3504 2628 se
3532 2573 3803 2645 Spiritum

2206 2654 2428 2714 Christi.
2451 2666 2580 2722 etc.,
2607 2676 2767 2730 usque
2789 2660 2860 2713 ad
2883 2676 2913 2714 a
2945 2662 3224 2732 superiore
3255 2679 3469 2732 quoque
3494 2665 3546 2718 in
3575 2665 3800 2721 tertium

2204 2759 2574 2819 penetrantus,
2598 2766 2720 2805 cum
2744 2753 3132 2808 beatitudinem
3158 2753 3459 2809 animarum
3482 2756 3649 2810 etiam
3673 2773 3804 2813 cor-

2203 2855 2397 2910 porum
2430 2842 2814 2898 immortalium
2844 2847 3192 2915 perceptione
3222 2847 3579 2904 cumulamus.

2277 2933 2440 2987 Vens.
2473 2933 2560 2987 16.
2586 2964 2655 2974 -
2679 2932 2938 2990 Fecerunt
2971 2947 3166 2992 autem.
3204 2936 3396 2993 Merito
3437 2941 3672 3008 gaudent
3701 2941 3799 2998 filii

2205 3027 2713 3096 transmigrationis,
2747 3037 2879 3095 etc.,
2912 3046 3072 3100 usque
3103 3030 3172 3084 ad
3195 3031 3323 3100 quia
3354 3046 3544 3088 omnes
3573 3034 3802 3089 ordines

2205 3116 2460 3174 Ecclesiae
2491 3120 2854 3176 reconciliatis
2875 3135 2973 3192 per
3001 3121 3380 3192 pmnitentiam
3415 3125 3801 3192 peccatoribus

2205 3213 2460 3284 gaudent.

2275 3308 2438 3363 Vens.
2473 3307 2730 3361 l7.—Et
2761 3307 3074 3364 obtulerunt.
3105 3308 3348 3365 Oll'erunt
3376 3311 3426 3364 in
3453 3310 3801 3369 dedicatione

2203 3400 2436 3466 hostias,
2468 3415 2590 3454 cum
2618 3416 2717 3470 pro
2745 3403 3044 3457 errantium
3068 3403 3422 3458 conversione
3451 3403 3560 3459 Deo
3588 3407 3800 3472 gratias

2203 3501 2386 3562 agunt,
2415 3507 2534 3546 cum
2564 3493 2716 3546 multi
2745 3504 3026 3563 conspecta
3056 3497 3342 3551 devotione
3371 3512 3559 3552 eorum
3584 3498 3650 3552 ad
3679 3515 3802 3554 ma-

511 3597 632 3638 eum
672 3586 865 3654 punire
906 3585 998 3655 qui
1037 3586 1313 3641 decretum
1365 3597 1625 3655 mutaret,
1656 3590 1854 3646 damno
1891 3592 2099 3647 scilicet
2195 3583 2316 3654 jora
2355 3599 2412 3637 se
2451 3583 2710 3638 virtutum
2741 3601 2903 3656 opera
2927 3589 3234 3659 accingunt,
3281 3603 3349 3643 ne
3377 3589 3486 3644 sint
3515 3592 3803 3663 segniores

513 3677 753 3731 omnium
788 3693 910 3746 qua:
949 3677 1178 3732 haberet
1224 3687 1278 3734 et
1317 3680 1509 3736 animae
1557 3697 1688 3746 sum,
1731 3699 1891 3752 quam
1935 3683 2097 3739 etiam

511 3771 658 3844 ligno
683 3768 928 3826 conﬁxus
965 3769 1124 3842 longo
1154 3773 1394 3828 cruciatu
1424 3774 1720 3830 amitteret.

585 3864 810 3935 Mystice
843 3872 1022 3919 autem
1060 3880 1224 3934 opera
1262 3875 1446 3921 nostra
1493 3867 1652 3938 lignis
1691 3876 2095 3938 comparantur,

511 3957 654 4012 bona
682 3954 997 4022 fructiferis,
1024 3971 1189 4026 prava
1219 3967 1399 4013 autem
1448 3959 1704 4014 salicibus
1749 3969 1804 4014 et
1845 3961 2098 4016 incendio

513 4049 708 4120 dignis,
757 4050 1067 4122 tolliturque
1116 4051 1319 4122 lignum
1359 4053 1424 4107 de
1463 4053 1624 4109 domo
1653 4053 1790 4122 ejus,
1823 4055 1912 4124 qui
1950 4053 2100 4109 holo-

513 4143 714 4199 caustis
739 4143 952 4199 Domini
989 4146 1334 4210 contradicit,
1366 4155 1422 4200 et
1443 4147 1684 4215 erigitur,
1719 4156 1774 4202 et
1811 4149 1924 4217 ipse
1951 4148 2002 4202 in
2033 4163 2098 4203 eo

512 4238 820 4308 conﬁgitur,
857 4254 980 4294 cum
1015 4253 1179 4308 opera
1223 4255 1412 4294 eorum
1441 4240 1533 4308 qui
1572 4241 1689 4310 paci
1731 4241 1982 4296 Ecclesia:
2013 4255 2097 4295 re-

509 4341 752 4402 pugnant
795 4331 1046 4386 omnibus
1092 4331 1398 4398 manifeste,
1436 4348 1597 4403 quam
1646 4334 1754 4388 sint
1794 4335 2004 4389 inutilia
2043 4342 2100 4390 et

511 4439 765 4494 perversa
789 4434 1076 4494 patescunt
1100 4443 1112 4479 :
1142 4433 1198 4481 et
1227 4425 1328 4496 ipsi
1355 4425 1408 4480 in
1432 4425 1512 4481 eis
1543 4442 1648 4481 non
1670 4427 1794 4482 vitae
1818 4427 2094 4497 gaudium,

513 4517 607 4571 sed
645 4518 836 4571 mortis
881 4517 1134 4588 laqueum
1189 4519 1484 4589 acquisisse
1533 4521 1850 4590 probantur.
1895 4521 2095 4578 Domus

513 4623 728 4680 quoque
781 4609 966 4664 talium
1021 4610 1348 4680 publicatur,
1395 4612 1448 4667 id
1495 4621 1609 4677 est,
1660 4613 2095 4708 publicoucensu
2123 4646 2176 4708 Β

512 4701 907 4772 proscribitur:
937 4718 1060 4756 cum
1106 4717 1331 4772 corpora
1382 4718 1566 4758 eorum
1615 4718 1738 4757 cum
1801 4704 1994 4774 quibus
2037 4707 2090 4761 in

515 4796 616 4850 bac
645 4794 753 4847 vita
783 4778 1174 4858 remanserunt,
1210 4796 1262 4848 in
1292 4794 1687 4850 resurrectione
1710 4805 1970 4868 perpetuo
1995 4815 2093 4869 pu-

513 4885 710 4941 nienda
745 4894 1013 4940 tormento
1040 4887 1197 4940 szevis
1221 4887 1586 4954 exactoribus,
1619 4888 1909 4945 immundis
1933 4890 2094 4961 spiri-

515 4977 659 5032 tibus
691 4978 742 5031 in
766 4987 1031 5047 potestate
1056 4979 1359 5033 traduntur.

585 5067 746 5124 Vens.
781 5071 863 5124 12.
888 5101 959 5110 —-
987 5069 1128 5125 Deus
1157 5082 1347 5125 autem.
1385 5071 1670 5128 Decretum
1711 5090 1868 5130 suum
1897 5074 2093 5131 divinae

511 5165 766 5234 potentiae
787 5165 1094 5220 conﬁrmari
1126 5165 1419 5232 desiderat,
1449 5174 1503 5223 et
1535 5167 1648 5238 ipse
1678 5176 1736 5223 ut
1772 5169 1933 5224 homo
1959 5179 2096 5223 tem-

514 5256 686 5329 porali
727 5273 890 5327 regno
917 5259 1172 5328 praeditus
1215 5275 1310 5330 pro
1348 5275 1479 5330 pace
1518 5262 1710 5316 domus
1754 5260 1847 5315 Dei
1884 5260 2094 5329 publica

513 5349 628 5423 lege
657 5351 837 5405 omnia
869 5367 987 5422 quae
1011 5361 1189 5424 potest
1229 5351 1378 5408 facit.
1418 5351 1569 5420 Quod
1618 5367 1761 5407 nunc
1789 5367 2002 5422 quoque
2041 5354 2094 5409 in

510 5443 752 5506 Ecclesia
798 5445 1022 5515 geritur,
1069 5461 1192 5501 cum
1245 5456 1472 5501 terrenae
1500 5453 1797 5513 potestates
1833 5444 1900 5498 ad
1933 5444 2093 5501 ﬁdem

513 5551 787 5592 conversa:
828 5552 925 5607 pro
975 5547 1116 5593 statu
1161 5537 1414 5593 Ecclesiae
1450 5535 1663 5606 publica
1689 5537 1863 5591 edicta
1897 5553 2092 5608 propo-

514 5642 669 5696 nunt,
725 5641 780 5686 et
821 5632 962 5686 hanc
1006 5631 1232 5684 Domino
1273 5629 1495 5697 juvante
1534 5636 1588 5682 et
1627 5627 1874 5683 inimicos
1919 5627 2096 5684 debel-

514 5719 658 5776 lante
684 5722 947 5793 placidam
973 5736 1157 5792 pacem
1181 5733 1396 5790 semper
1421 5719 1620 5774 habere
1643 5721 1884 5792 cupiunt.

531 5813 534 5816 ’
586 5813 746 5870 Vens.
769 5813 940 5868 M.—
961 5811 1128 5867 Juxta
1161 5813 1501 5882 prophetiam.
1529 5811 1900 5869 Przedixerant
1923 5813 2089 5881 enim,

515 5906 643 5978 quia
667 5907 714 5962 si
743 5905 1057 5960 aediﬁcando
1085 5904 1283 5974 templo
1328 5907 1656 5973 insisterent,
1697 5922 1822 5962 mox
1855 5905 2091 5961 donante

2203 3675 2282 3729 eis
2309 3674 2364 3728 in
2391 3676 2685 3744 operando,
2710 3677 2920 3747 quibus.
2939 3679 3336 3736 innocentiores
3368 3681 3580 3736 luerunt
3613 3684 3799 3740 minus

2201 3768 2494 3838 peccando.
2527 3766 2675 3822 ΜιιΙιι
2712 3769 2875 3823 etiam
2909 3771 3000 3839 qui
3031 3771 3084 3825 in
3115 3771 3215 3825 ﬁde
3242 3784 3656 3842 praecesserunt,
3687 3775 3804 3832 fer-

2201 3857 2447 3911 ventiura
2480 3859 2804 3914 novitiorum
2831 3861 3004 3915 studia
3034 3863 3374 3918 aunulantur.

2277 3949 2469 4004 Hircos
2491 3969 2792 4022 caprarum.
2829 3953 2972 4008 Hirci
3006 3955 3057 4008 in
3099 3955 3199 4010 hac
3233 3958 3339 4010 vita
3363 3957 3666 4014 offeruntur
3691 3975 3796 4030 pro

2201 4051 2446 4112 peccato,
2473 4057 2593 4096 cum
2643 4042 2797 4098 elcCti
2835 4045 2945 4099 Deo
2976 4045 3301 4116 supplicant,
3340 4057 3400 4102 ut
3433 4048 3736 4106 liberentur
3760 4069 3796 4107 a

2199 4137 2806 4206 peccatiszoll‘eruntur
2856 4140 2909 4193 in
2959 4139 3162 4206 futuro,
3213 4157 3335 4197 cum
3387 4145 3586 4215 gratias
3622 4157 3796 4216 agunt

2199 4229 2290 4298 qui
2340 4228 2547 4284 liberati
2590 4240 2735 4296 sunt,
2774 4231 3002 4300 ideoque
3043 4233 3430 4287 misericordias
3483 4234 3695 4288 Domini
3737 4238 3793 4291 in

2200 4330 2451 4376 aeternum
2504 4322 2784 4376 cantabunt
2833 4321 3004 4393 (Psal.
3058 4325 3355 4396 Lxxxvm);
3397 4326 3524 4396 quia
3573 4343 3795 4397 semper

2199 4414 2429 4469 miseros
2457 4429 2515 4468 se
2543 4413 2708 4469 fuisse
2741 4421 2796 4468 et
2825 4414 2966 4470 dono
2995 4416 3112 4487 ejus
3139 4415 3400 4473 liberatos
3426 4433 3547 4473 esse
3576 4434 3790 4474 memo-

2200 4505 2420 4560 rabunt.

2273 4595 2383 4651 Pro
2410 4606 2636 4668 peccato.
2669 4596 2776 4654 Pro
2799 4607 3022 4668 peccato
3057 4600 3220 4655 etiam
3259 4601 3424 4657 totius
3467 4601 3631 4657 Israel
3655 4603 3791 4659 olle-

2201 4699 2350 4752 runt,
2386 4690 2509 4758 quia
2539 4698 2747 4760 Oportet
2774 4689 2854 4744 sic
2883 4706 2976 4745 eos
3001 4693 3092 4760 qui
3121 4694 3401 4748 nobiscum
3439 4703 3586 4759 sunt,
3631 4695 3793 4751 bonis

2201 4784 2420 4850 favere;
2451 4787 2527 4841 sic
2561 4787 2772 4842 illorum
2802 4788 2942 4845 bona
2974 4791 3254 4858 imitando,
3281 4803 3463 4852 nostra
3498 4793 3700 4860 facere,
3733 4804 3794 4850 ut

2199 4879 2363 4935 etiam
2407 4895 2504 4949 pro
2546 4889 2688 4935 statu
2716 4881 2881 4936 totius
2921 4883 3175 4939 Ecclesize
3212 4883 3496 4940 Dominum
3527 4887 3790 4957 deprece-

2201 4985 2341 5025 mur.
2374 4970 2526 5026 Unde
2559 4972 2610 5025 in
2642 4973 2886 5027 oratione
2928 4973 3204 5030 Dominica
3249 4991 3408 5032 nemo
3435 4977 3536 5032 sibi
3573 4978 3791 5048 specia-

2199 5062 2326 5117 liter
2350 5063 2552 5133 aliquid
2581 5065 2732 5135 petit,
2759 5065 2854 5120 sed
2877 5067 3128 5122 omnibus
3165 5068 3256 5138 qui
3292 5069 3543 5124 eumdem
3565 5068 3788 5126 Patrem

2199 5157 2400 5213 habent
2437 5158 2490 5212 in
2529 5159 2698 5214 cmlis.
2747 5157 2898 5222 ltem,
2941 5160 3206 5216 aediﬁcato
3248 5161 3468 5230 templo,
3514 5161 3791 5219 dedicatio

2199 5253 2461 5322 sequitur,
2492 5267 2614 5306 cum
2652 5250 2916 5322 completa
2949 5251 3003 5306 in
3036 5252 3140 5306 ﬁne
3185 5253 3365 5308 saeculi
3418 5269 3628 5309 summa
3671 5253 3787 5311 ele-

2199 5355 2409 5400 ctorum
2436 5347 2716 5415 perveniet
2741 5348 2807 5402 ad
2837 5351 3066 5420 gratiam
3087 5350 3386 5406 coalestium
3412 5351 3784 5419 praemiorum,

2198 5436 2252 5490 iu
2279 5451 2384 5506 qua
2415 5438 2602 5492 hostiae
2643 5439 2943 5496 oll'eruntur
2969 5460 2982 5494 :
3016 5442 3082 5497 de
3112 5443 3309 5512 quibus
3340 5443 3530 5498 eadem
3565 5443 3784 5512 domus,

2201 5530 2254 5584 id
2281 5542 2364 5584 est
2385 5530 2645 5596 Ecclesia,
2677 5541 2798 5601 post
2841 5533 3206 5604 captivitatem
3243 5533 3486 5590 mortalis
3523 5549 3788 5590 :erumua

2201 5624 2522 5678 rcmditicata
2564 5609 2666 5692 peti
2694 5623 2920 5695 gloriam
2958 5625 3380 5680 immortalitatis
3417 5624 3783 5681 dicit:Diru-

2197 5716 2340 5787 pisti,
2381 5713 2620 5779 Domine,
2672 5715 2874 5770 vincula
2911 5734 3048 5783 mea,
3088 5718 3179 5771 tibi
3210 5716 3517 5786 sacriﬁcabo
3552 5717 3784 5769 hostiam

2198 5808 2371 5864 laudis
2398 5805 2567 5881 (Psal.
2599 5808 2741 5882 cxv).
2767 5807 2832 5863 Et
2869 5809 2993 5878 quia
3022 5809 3321 5866 oﬁ‘eruntur
3349 5823 3454 5864 non
3480 5807 3653 5863 solum
3680 5822 3783 5878 pro

2198 5904 2351 5962 donis
2372 5903 2654 5970 virtutum,
2687 5902 2778 5960 sed
2799 5912 2856 5961 et
2887 5920 2986 5974 pro
3014 5904 3300 5960 mundanis
3337 5904 3586 5962 sordibus
3614 5901 3781 5957 vitio-
