4122 6350
319 431 421 489 705

1239 426 1507 485 GLOSSA
1542 409 1942 485 cammarus.
1967 416 2049 470 Ξ
2083 416 2210 484 LIB.
2248 430 2271 486 ι
2309 423 2583 489 essm.

3466 439 3568 497 706

315 567 474 608 rum:
503 551 643 604 bene
681 555 804 618 post
838 547 1053 614 vitulos,
1099 547 1298 602 arietes
1323 556 1379 602 et
1421 561 1588 618 agnos
1629 547 1764 602 hirci
1794 561 1893 618 pro
1920 550 1970 612 Α
1995 561 2132 615 quos
2171 548 2558 620 chronographi
2613 565 2710 620 pro
2766 564 2907 604 anno
2957 565 3185 620 posuere
3219 570 3232 606 :
3283 561 3406 623 post
3431 555 3578 612 hunc

312 653 536 718 peccato
561 643 726 697 totius
753 641 913 696 lsrael
943 640 1280 697 offeruntur:
1320 641 1494 713 gratia
1513 641 1654 696 enim
1685 640 1752 696 de
1785 656 1893 710 qua

313 739 576 794 virtutum
602 734 862 791 beneﬁcia
892 733 1120 797 confert,
1142 733 1304 788 etiam
1333 734 1535 790 scelera
1565 731 1759 788 aufert.
1787 731 1895 788 Nec

314 829 368 885 in
405 831 565 884 domo
607 827 702 882 Dei
745 825 907 881 habet
944 824 1193 896 Pelagius
1232 825 1427 890 locum,
1457 824 1547 896 qui
1577 837 1635 879 se
1664 837 1894 892 suosque

313 920 673 993 persuadebat
700 918 949 973 libertate
965 917 1178 973 arbitrii
1202 917 1284 972 vel
1307 917 1524 973 liberari
1551 933 1582 971 a
1605 915 1778 979 malis,
1808 913 1894 968 vel

314 1013 621 1070 conﬁrmari
653 1027 813 1082 posse
842 1011 895 1065 in
919 1013 1096 1067 nonis.

385 1107 546 1162 Vens.
593 1105 677 1160 18.
713 1134 784 1144 -
826 1102 894 1157 Et
949 1112 1262 1158 statuerunt.
1314 1101 1459 1158 Ordo
1507 1099 1765 1171 poscebat
1812 1107 1891 1164 ut,

315 1200 473 1256 domo
490 1197 582 1252 Dei
615 1196 902 1259 aediﬁcata,
934 1210 1057 1248 mox
1080 1195 1391 1250 sacerdotes
1419 1203 1478 1247 et
1493 1191 1693 1247 Levita:
1717 1191 1810 1261 qui
1839 1190 1894 1244 in

313 1306 378 1348 ea
416 1289 810 1346 ministrarent.
857 1287 1255 1341 ordinarentur.
1304 1285 1456 1352 Quod
1499 1283 1894 1340 observandum

312 1389 395 1438 est
421 1383 506 1436 his
541 1379 634 1450 qui
661 1359 947 1449 magniﬁce
990 1377 1316 1432 monasteria
1355 1385 1690 1437 construunt,
1737 1386 1795 1430 ut
1838 1377 1894 1430 in

314 1475 401 1530 his
441 1475 689 1528 doctores
735 1470 1039 1532 instituant,
1071 1469 1161 1538 qui
1202 1471 1268 1523 ad
1314 1485 1478 1538 opera
1516 1469 1610 1523 Dei
1639 1467 1893 1538 populum

313 1564 614 1624 hortentur,
643 1577 748 1617 non
776 1561 848 1615 ibi
873 1561 984 1615 suis
1009 1559 1368 1629 voluptatibus
1395 1561 1652 1616 serviant.

385 1655 714 1712 Sacerdotes.
749 1652 915 1726 (Bson
941 1653 1028 1706 ubi
1059 1654 1264 1722 supra.)
1291 1653 1442 1720 Quod
1479 1652 1610 1708 dicit
1645 1651 1896 1705 sacerdo-

315 1756 396 1803 tes
420 1749 473 1802 in
505 1749 785 1802 ordinibus
829 1747 962 1812 suis,
998 1755 1126 1808 etc.,
1166 1761 1327 1817 usque
1368 1747 1437 1799 ad
1483 1745 1526 1800 si
1567 1747 1634 1800 ad
1673 1744 1890 1816 prtemia

314 1839 524 1894 Domini
558 1855 665 1894 una
695 1855 817 1894 cum
849 1839 930 1893 eis
954 1838 1238 1910 pervenire
1262 1853 1537 1893 curamus.

1996 637 2325 693 Artaxerxes
2359 641 2514 696 annis
2543 641 2915 713 quadraginta.

2069 728 2191 802 (11).,
2235 730 2388 800 ibid.)
2422 731 2609 787 Scriba
2655 732 2809 788 velox
2852 734 2905 788 in
2938 733 3053 806 lege
3090 735 3255 807 Moysi
3280 735 3578 808 appellatur

1996 823 2218 891 Esdras,
2240 833 2369 890 etc.,
2400 842 2559 896 usque
2590 825 2658 879 ad
2685 827 2893 896 priores
2925 837 3104 882 autem
3134 827 3329 884 littera:
3366 845 3580 884 reman-

1997 925 2181 973 serunt
2221 919 2360 987 apud
2409 917 2726 985 Samaritas,
2757 921 2952 989 quibus
2983 921 3102 977 illos
3147 923 3384 994 quinque
3412 923 3580 981 libros

1997 1009 2130 1066 Mosi
2153 1026 2288 1081 quos
2305 1012 2446 1066 solos
2466 1012 2533 1067 de
2557 1011 2839 1083 Scriptura
2861 1022 3048 1069 sancta
3075 1024 3422 1086 receperant,
3445 1017 3580 1072 scri-

1996 1103 2125 1160 bere
2152 1104 2415 1160 solebant.

2069 1194 2249 1249 Vsus.‘
2269 1195 2319 1249 7.
2352 1227 2420 1236 —-
2449 1195 2516 1250 Et
2545 1197 2911 1250 ascenderunt.
2947 1197 3070 1269 (ln.,
3101 1198 3254 1269 ibid.)
3277 1197 3581 1256 Notandum

1996 1288 2141 1356 quod
2181 1287 2235 1341 in
2255 1287 2430 1358 capite
2468 1286 2626 1356 hujus
2653 1287 2774 1342 libri
2809 1289 3067 1359 scriptum
3097 1290 3347 1360 estquod
3372 1291 3439 1346 ad
3463 1307 3584 1362 per-

1996 1380 2309 1435 missionem
2335 1381 2460 1452 Cyri
2489 1383 2848 1437 ascenderunt
2879 1382 2945 1436 de
2987 1382 3258 1454 Babylone
3284 1383 3584 1439 Zorobabel

1998 1480 2053 1526 et
2075 1470 2238 1526 Josue
2261 1512 2276 1537 ,
2307 1481 2433 1534 etc.,
2465 1490 2626 1544 usque
2647 1474 2716 1526 ad
2745 1482 3060 1543 perpetuam
3090 1475 3158 1530 ad
3187 1474 3462 1531 caelestem
3489 1490 3584 1547 pa«

1999 1564 2156 1617 triam
2184 1564 2620 1631 pervenientibus
2651 1565 2738 1619 do.
3567 1573 3570 1578 “

2068 1622 2230 1708 Vsus.
2247 1653 2516 1720 9.—Quia
2541 1657 2595 1709 in
2615 1657 2803 1725 primo.
2823 1655 2945 1728 (ln.,
2961 1656 3116 1716 ibid.)
3133 1657 3314 1716 Prima
3338 1657 3424 1714 die
3437 1622 3610 1713 men-l‘

1997 1744 2074 1800 sis
2093 1746 2256 1814 cmpit
2285 1745 2578 1811 ascendere
2600 1747 2666 1800 de
2687 1745 2976 1816 Babylone,
3007 1755 3136 1812 etc.,
3161 1764 3322 1818 usque
3351 1749 3421 1801 ad
3442 1746 3588 1802 velut

1995 1846 2118 1908 post
2135 1845 2366 1907 quatuor
2386 1852 2601 1892 menses
2617 1837 2808 1892 lucida:
2819 1838 3070 1904 actionis,
3085 1856 3221 1909 quos
3234 1841 3286 1894 in
3311 1840 3392 1894 via
3410 1841 3588 1911 pergi-

386 1933 548 1987 Vsas.
575 1932 658 1988 19.
687 1963 756 1973 -
781 1930 1039 1986 Fecerunt
1063 1942 1237 1986 autem
1279 1931 1400 2000 ﬁlii.
1429 1932 1556 1986 Ideo
1591 1930 1896 2002 specialiter
1923 1921 1970 1980 B
1998 1945 2138 1995 mus,
2183 1930 2430 1999 quintum
2480 1945 2720 1984 mensem
2733 1939 3004 2000 perpetuae
3052 1933 3505 1990 remunerationis
3531 1933 3585 1986 in

313 2023 575 2082 :ediﬁcata
602 2031 657 2078 et
679 2023 922 2078 dedicata
948 2023 1106 2079 domo
1131 2023 1341 2078 Domini
1366 2022 1657 2078 celebratio
1681 2023 1896 2092 paschae

313 2121 670 2178 memoratur,
713 2129 834 2168 cum
871 2113 1000 2168 nulli
1047 2114 1267 2169 dubium
1295 2124 1439 2170 esset
1468 2123 1581 2168 tum
1618 2113 1897 2185 religiosos

313 2205 515 2274 pascha
546 2220 645 2259 suo
675 2213 916 2275 tempore
957 2204 1256 2272 celebrare,
1295 2215 1355 2260 ut
1385 2207 1610 2277 mystice
1653 2207 1896 2261 insinua-

316 2304 468 2350 retur
493 2297 633 2351 hanc
656 2311 776 2352 esse
803 2311 1068 2352 summam
1109 2296 1474 2368 perfectionis,
1524 2313 1645 2353 cum
1670 2308 1897 2367 praeter-

315 2387 409 2442 itis
434 2388 682 2443 omnibus
714 2389 896 2443 mundi
938 2389 1205 2444 illecebris
1224 2397 1334 2444 tota
1363 2404 1575 2460 semper
1601 2390 1897 2444 intentione

314 2479 513 2533 mentis
542 2477 765 2533 alterius
809 2479 932 2533 vitae
971 2479 1297 2534 meditamur
1337 2481 1658 2551 ingressum.
1690 2480 1899 2535 Pascha

314 2570 458 2624 enim
506 2570 764 2624 transitus
813 2570 1219 2640 interpretatur,
1249 2572 1372 2640 quia
1417 2571 1514 2626 ﬁlii
1552 2571 1716 2626 Israel
1745 2573 1798 2627 in
1832 2587 1898 2627 eo

313 2673 414 2730 per
445 2659 865 2715 immolationem
902 2661 1025 2732 agni
1063 2663 1129 2718 de
1161 2661 1485 2734 Egyptiaea
1524 2665 1785 2719 servitute
1829 2665 1898 2720 ad

314 2751 619 2809 libertatem
653 2755 998 2818 transierunt,
1030 2755 1114 2810 vel
1145 2756 1258 2825 ipse
1294 2772 1484 2827 agnus,
1523 2756 1576 2812 id
1611 2766 1695 2811 est
1739 2755 1896 2811 Chri-

316 2852 453 2908 stus,
479 2859 576 2914 pro
597 2845 751 2924 nobis
777 2845 1084 2900 immolatus
1110 2847 1357 2901 transivit
1383 2863 1450 2902 ex
1480 2848 1584 2903 hoc
1608 2847 1808 2902 mundo
1830 2848 1898 2903 ad

314 2933 556 3001 Patrem,
585 2935 726 3006 quod
758 2937 1031 2991 imitamur
1054 2952 1178 2991 cum
1209 2939 1276 2992 ab
1312 2937 1512 2993 inﬁmis
1537 2937 1899 3008 voluptatibus

318 3027 384 3081 ad
407 3027 651 3082 caelestia
683 3027 969 3097 quaerenda
996 3029 1306 3092 transimus,
1329 3037 1385 3084 et
1413 3045 1540 3084 vere
1569 3029 1894 3098 perﬁcimus,

319 3134 440 3174 cum
477 3136 509 3174 a
557 3120 740 3176 carnis
781 3119 1051 3191 ergastulo
1082 3121 1242 3176 soluti
1284 3120 1502 3176 cmleste
1545 3137 1772 3190 regnum
1819 3121 1900 3174 in-

320 3220 544 3267 tramus.

387 3302 577 3375 (Bt-2m,
600 3301 756 3374 ibid.)
778 3301 957 3383 Quare
978 3303 1043 3358 de
1063 3304 1261 3373 pascha
1288 3311 1410 3374 post
1439 3303 1760 3359 :rdiﬁcatam
1799 3303 1896 3359 do-
1923 3284 1969 3350 (ἶ

318 3410 468 3449 mum
497 3393 748 3459 refertur,
779 3401 906 3459 etc.,
938 3411 1101 3466 usque
1135 3396 1204 3449 ad
1239 3403 1440 3464 quanto
1469 3395 1671 3450 diutius
1695 3403 1895 3450 terram

320 3485 499 3540 cordis
523 3483 724 3538 virtute
754 3499 975 3539 vacuam
1003 3485 1260 3553 possedit.
1861 3517 1863 3519 ι

393 3577 554 3631 Vens.
575 3575 665 3629 22.
687 3606 758 3616 —
787 3575 857 3629 Et
898 3575 1130 3645 fecerunt
1165 3574 1561 3630 solemnitatem.
1597 3575 1717 3645 (ln.,
1746 3575 1898 3647 ibid.)

320 3670 508 3726 Potest
547 3667 651 3724 hoc
687 3669 741 3723 in
767 3668 886 3724 loco
912 3668 1202 3724 celebratio
1225 3669 1439 3738 paschae
1469 3668 1538 3723 ad
1560 3677 1772 3738 tempus
1798 3683 1898 3723 no-

321 3771 447 3818 stra:
483 3761 895 3817 resurrectionis
922 3762 1096 3832 typice
1117 3759 1332 3828 referri,
1363 3769 1493 3827 etc.,
1522 3778 1684 3830 usque
1717 3761 1786 3815 ad
1808 3777 1903 3816 eu-

315 3852 406 3923 jus
428 3852 582 3909 nobis
607 3855 969 3925 septilormem
986 3851 1255 3922 Propheta
1278 3853 1504 3924 gratiam
1535 3854 1898 3908 commendat.

393 3948 601 4020 Septem
625 3948 827 4002 diebus.
860 3947 994 4014 Quia
1036 3963 1131 4016 per
1169 3961 1331 4002 omne
1375 3946 1554 4001 saeculi
1590 3956 1800 4016 tempus
1847 3947 1900 4000 in

320 4040 631 4095 sinceritate
667 4047 722 4094 et
744 4039 989 4104 veritate,
1026 4039 1135 4093 imo
1173 4039 1226 4092 in
1257 4040 1508 4095 omnibus
1536 4039 1802 4094 bonorum
1826 4039 1905 4094 vi-

323 4131 503 4188 ctimis
527 4140 583 4187 et
611 4130 936 4185 holocaustis
959 4130 1067 4184 vita
1091 4130 1330 4184 ducenda
1351 4139 1474 4186 est:
1501 4132 1627 4200 quia
1654 4129 1905 4186 Christus

321 4223 558 4294 paschali
609 4233 848 4293 tempore
893 4224 1200 4278 transitorie
1245 4233 1475 4278 mortem
1518 4225 1770 4295 gustavit,
1812 4224 1904 4279 sed

323 4327 526 4372 eterna
551 4299 964 4371 resurrectionis
984 4317 1184 4370 virtute
1215 4316 1430 4371 devicit.

396 4408 464 4463 In
485 4409 692 4462 lcrtitia.
719 4407 842 4462 llrec
871 4418 954 4462 est
981 4410 1124 4464 enim
1148 4410 1384 4464 maxima
1409 4423 1554 4464 nunc
1577 4416 1631 4464 et
1651 4408 1704 4462 in
1727 4407 1907 4462 futuro

315 4498 589 4571 iustorum
640 4497 844 4562 hetitia,
883 4498 1179 4568 perfectum
1219 4516 1339 4555 esse
1381 4515 1517 4569 Opus
1556 4498 1782 4567 justitize
1823 4498 1908 4553 vel

321 4589 600 4655 Ecclesiae,
629 4589 905 4645 conversis
933 4590 1097 4645 etiam
1124 4591 1431 4662 gentilibus,
1475 4591 1569 4660 qui
1603 4590 1732 4645 olim
1767 4590 1901 4644 resi-

1933 4643 1981 4702 D

1998 2019 2120 2076 lucc
2146 2021 2337 2090 patriae
2365 2019 2604 2075 caelestis
2623 2022 2852 2089 agimus.

2071 2112 2194 2184 (1-0.,
2218 2097 2371 2184 ibid.)
2387 2111 2566 2165 Primo
2587 2127 2770 2166 mense
2793 2112 2958 2182 cthit
2986 2112 3186 2168 Es'lras
3218 2115 3510 2169 ascendere
3523 2115 3589 2170 de

1997 2203 2294 2275 Babylone,
2311 2213 2443 2270 etc.,
2461 2221 2622 2274 usque
2643 2204 2712 2257 ad
2737 2220 2970 2274 superna
2993 2207 3260 2274 promissa
3287 2208 3584 2263 veniamus.

2068 2297 2236 2352 Juxta
2270 2313 2485 2351 manum
2513 2296 2630 2350 Dei.
2676 2296 3039 2351 Conﬁrmatus
3079 2297 3287 2353 scilicet
3319 2300 3488 2368 gratia
3535 2307 3590 2354 et

1998 2389 2332 2459 protectione
2345 2388 2551 2452 divina,
2577 2403 2681 2457 qua
2696 2403 2956 2458 prospere
2975 2397 3152 2459 empta
3175 2389 3480 2459 perﬁceret.
3500 2388 3590 2444 Sic

1999 2489 2054 2535 et
2069 2479 2338 2543 Christus,
2355 2479 2480 2548 quia
2507 2479 2644 2534 Deus
2670 2479 2859 2533 eratin
2873 2478 3089 2534 Christo
3115 2478 3374 2534 mundum
3400 2496 3592 2535 recon-

2000 2571 2190 2626 cilians
2206 2572 2327 2637 sibi,
2345 2587 2537 2626 manus
2549 2585 2762 2641 quoque
2778 2572 2871 2626 Dei
2889 2586 3049 2640 super
3062 2571 3177 2642 ejus
3198 2571 3590 2626 humanitatem

2000 2663 2119 2727 fuit,
2146 2680 2250 2734 qua
2277 2665 2329 2718 in
2360 2664 2613 2732 passione
2632 2663 2920 2729 exaltatus,
2941 2671 2995 2718 et
3021 2663 3088 2717 ad
3119 2661 3314 2717 mmnia
3344 2676 3592 2732 supernae

2001 2756 2237 2810 civitatis
2263 2756 2526 2820 ascendit,
2557 2765 2612 2811 et
2635 2755 2879 2810 ﬁdelibus
2915 2755 3029 2809 suis
3058 2754 3160 2808 iter
3195 2753 3468 2824 patefecit.

2073 2845 2236 2899 Vens.
2272 2845 2359 2900 10.
2386 2877 2458 2888 —-
2489 2846 2688 2900 Esdras
2723 2855 2897 2899 autem
2927 2845 3151 2914 paravit.
3194 2843 3382 2914 Magna
3418 2842 3592 2899 virtus

2001 2935 2237 2990 hominis
2260 2951 2456 3006 parare
2487 2951 2581 2991 cor
2615 2951 2771 2991 suum
2811 2936 2879 2989 ad
2907 2934 3226 3004 obsequium
3265 2933 3462 2988 divinae
3501 2947 3594 2988 vo-

2001 3024 2246 3090 luntatis,
2273 3034 2327 3080 et
2355 3027 2536 3081 dicere
2563 3042 2718 3096 posse
2742 3043 2756 3079 :
2798 3023 3056 3078 Paratum
3085 3041 3177 3078 cor
3202 3041 3397 3093 meum,
3423 3023 3591 3093 Deus,

2001 3124 2246 3185 paratum
2275 3133 2366 3181 cor
2391 3133 2562 3170 meum
2589 3114 2765 3184 (Psal.
2798 3113 2928 3185 LVI).

2077 3207 2268 3279 (BEDA,
2297 3209 2450 3280 ibid.)
2479 3207 2728 3263 Christus
2753 3223 2968 3278 quoque
2990 3210 3203 3279 paravit
3224 3225 3318 3266 cor
3343 3220 3595 3278 suum,ut

2000 3299 2352 3372 iavestigaret
2375 3301 2547 3372 legem
2575 3299 2806 3362 Domini,
2849 3299 2974 3370 quia
3007 3300 3170 3362 talem
3191 3301 3292 3356 sibi
3319 3302 3592 3358 hominem

2002 3394 2278 3464 suscipere
2301 3395 2557 3450 divinitus
2586 3394 2854 3463 prazvidit,
2875 3394 2964 3463 qui
2992 3409 3098 3449 non
3124 3395 3298 3449 solum
3330 3396 3446 3450 sine
3469 3411 3592 3466 pec-

2000 3483 2143 3553 cato,
2185 3487 2279 3542 sed
2303 3487 2467 3542 etiam
2498 3486 2688 3556 plenus
2712 3493 2857 3541 esset
2884 3485 3055 3557 gratia
3106 3493 3159 3540 et
3187 3486 3421 3541 veritate
3453 3501 3468 3538 :
3499 3485 3591 3556 qui

2001 3579 2148 3634 nulla
2173 3579 2275 3634 sibi
2311 3588 2644 3650 repugnante
2665 3578 2781 3650 lege
2800 3579 3032 3648 peccati,
3066 3577 3237 3651 legem
3267 3579 3363 3635 Dei
3388 3581 3594 3649 absque

2001 3672 2107 3727 ulla
2137 3672 2337 3728 mentis
2367 3673 2451 3727 vel
2489 3673 2668 3728 carnis
2695 3671 3124 3728 contradictione
3153 3682 3333 3728 servet
3359 3690 3374 3740 ;
3407 3674 3546 3730 unde
3576 3691 3589 3726 :

2003 3761 2071 3816 In
2096 3763 2263 3834 capite
2293 3762 2414 3816 libri
2439 3764 2688 3834 scriptum
2714 3774 2788 3818 est
2814 3764 2879 3817 de
2903 3781 3006 3828 me,
3039 3771 3148 3820 etc.
3177 3762 3350 3837 (Psal.
3376 3765 3594 3837 xxxix.)

2002 3854 2135 3908 item
2166 3854 2425 3910 Dominus
2453 3855 2798 3925 investigavit
2835 3854 3006 3926 legem
3037 3855 3153 3922 Dei,
3199 3857 3325 3925 quia
3367 3855 3595 3926 abjectis

2005 3945 2404 4002 Pharisaeorum
2439 3945 2819 4002 traditionibus
2852 3944 3188 4016 Scripturam
3210 3956 3450 4002 sanctam
3483 3963 3598 4020 my-

2005 4037 2141 4093 stice
2171 4037 2471 4109 intelligere
2497 4038 2702 4102 docuit,
2732 4045 2789 4092 et
2811 4037 3028 4094 decreta
3053 4037 3331 4109 Evangelii
3371 4053 3491 4108 quae
3513 4047 3595 4093 at-

2007 4131 2128 4186 tulit
2152 4131 2323 4202 magis
2355 4131 2594 4202 perfecta
2617 4139 2674 4188 et
2701 4130 2812 4187 Deo
2833 4141 3050 4201 accepta
3079 4147 3241 4202 quam
3266 4147 3329 4186 ea
3355 4147 3475 4201 qua
3498 4146 3596 4202 per

2006 4223 2227 4294 Moysen
2279 4222 2632 4292 prazmiserat,
2663 4222 2917 4276 ostendit.
2965 4219 3118 4275 Unde
3147 4235 3163 4275 :
3193 4219 3430 4273 Audistis
3471 4219 3594 4290 quia

2007 4317 2204 4370 dictum
2233 4324 2306 4369 est
2333 4315 2562 4383 antiquis
2589 4330 2608 4368 :
2633 4313 2832 4384 Diliges
2882 4314 3110 4366 amicum
3154 4321 3327 4376 tuum,
3376 4320 3425 4365 et
3473 4311 3594 4365 odio

2007 4408 2206 4462 habetis
2235 4406 2505 4460 inimicum
2531 4415 2698 4458 tuum.
2734 4400 2846 4473 Ego
2879 4413 3053 4457 autem
3079 4403 3194 4456 dico
3236 4401 3380 4457 vobis
3414 4400 3594 4456 :Dt'li-

2008 4503 2110 4572 gite
2131 4501 2371 4554 inimicos
2400 4499 2613 4562 vestros,
2641 4505 2746 4552 etc.

2080 4591 2245 4646 Vens.
2265 4591 2352 4645 12.
2369 4621 2439 4630 —
2455 4589 2771 4644 Artaxerxes
2797 4603 2906 4642 rex.
2929 4587 3262 4644 Artaxerxes
3280 4588 3372 4659 qui
3403 4589 3592 4643 devota

322 4685 537 4739 stebant
557 4691 610 4738 et
631 4683 697 4736 ad
716 4680 1083 4750 'adjuvandum
1104 4684 1221 4754 ejus
1237 4693 1457 4748 statum,
1481 4683 1902 4739 conﬁrmandam
1933 4676 1980 4702 ν
2009 4689 2188 4737 mente
2221 4679 2474 4749 templum
2514 4689 2568 4733 et
2604 4677 2914 4733 sacerdotes
2948 4676 3159 4732 Domini
3210 4679 3589 4743 venerabatur,

323 4772 644 4828 Christianae
674 4773 950 4843 religionis
978 4789 1170 4843 pacem
1193 4789 1289 4843 per
1313 4774 1591 4829 mundum.

915 4865 1141 4923 CAPUT
1180 4866 1286 4919 VII.

400 4958 563 5013 Vens.
591 4960 642 5014 1.
691 4990 761 5000 -
791 4958 918 5014 Post
969 4961 1080 5012 lucc
1127 4968 1320 5011 autem.
1370 4955 1536 5028 (Beda
1572 4956 1626 5009 in
1657 4953 1907 5024 Esdram,

327 5062 460 5110 tom.
481 5052 566 5123 ll.)
594 5052 881 5125 [lucusque
909 5054 1112 5108 reditus
1131 5050 1310 5121 populi
1337 5051 1402 5106 de
1437 5049 1706 5120 Babylone
1737 5049 1790 5102 in
1826 5048 1916 5103 Je-

327 5146 588 5210 rusalem,
619 5155 722 5202 etc.
744 5188 759 5212 ,
794 5163 954 5218 usque
991 5145 1060 5200 ad
1117 5146 1378 5201 haberent.
1419 5145 1560 5199 unde
1589 5143 1690 5214 ipsi
1721 5143 1910 5198 moniti

325 5235 476 5294 intus
502 5240 774 5295 discerent
803 5239 1118 5304 restaurari,
1143 5239 1284 5293 unde
1309 5239 1552 5307 sequitur
1586 5255 1599 5292 :

404 5327 528 5382 Post
553 5330 682 5384 hunc.
715 5328 903 5401 (Bson,
931 5329 1083 5402 ibid.)
1117 5329 1266 5384 Hunc
1295 5329 1652 5385 Artaxerxem
1683 5329 1784 5383 sub
1806 5343 1912 5398 quo

329 5421 533 5476 Esdras
557 5423 623 5477 de
653 5421 945 5493 Babylonia
969 5422 1358 5495 Jerosolymam
1375 5419 1917 5491 ascendit,Josephus

328 5522 487 5583 putat
499 5528 618 5568 esse
640 5513 874 5568 Xerxem
900 5514 1067 5569 ﬁlium
1094 5515 1365 5584 Darii,qui
1387 5523 1510 5582 post
1539 5514 1687 5568 illum
1721 5529 1910 5583 regna-

327 5603 454 5656 vit:
485 5604 578 5659 sed
631 5605 1011 5660 chronicorum
1067 5606 1188 5660 libri
1249 5621 1618 5661 successorem
1667 5603 1908 5674 ejusdem

333 5692 549 5752 Xerxis.
579 5696 842 5768 Regnavit
867 5706 1046 5752 autem
1071 5698 1283 5761 Darius,
1309 5699 1409 5752 sub
1440 5713 1554 5768 quo
1585 5697 1910 5754 aediﬁcatum

333 5796 416 5843 est
441 5789 716 5860 templum,
733 5804 903 5845 annos
922 5804 1016 5845 sex
1034 5797 1091 5844 et
1105 5789 1358 5860 trigenta,
1372 5798 1495 5860 post
1519 5804 1676 5858 quem
1707 5789 1914 5844 Xerxes

336 5895 510 5938 annos
530 5882 741 5956 viginti,
769 5890 890 5952 post
914 5896 1074 5953 quem
1093 5881 1445 5939 Archabanus
1479 5897 1692 5940 menses
1709 5891 1914 5952 septem

2011 4776 2168 4844 eique
2188 4772 2572 4835 famulabatur,
2605 4770 2940 4826 Christianos
2981 4771 3275 4842 principes,
3306 4772 3449 4826 sicut
3485 4771 3593 4825 Da-

2013 4867 2128 4921 rius
2156 4866 2444 4937 signiﬁcat.
2495 4863 2605 4918 Nec
2629 4863 2826 4918 mirum
2849 4863 2894 4919 si
2929 4878 3272 4920 successores
3322 4863 3447 4934 Cyri
3501 4862 3594 4932 qui

2015 4957 2270 5027 templum
2293 4965 2348 5012 et
2368 4957 2640 5011 civitatem
2669 4955 2914 5010 fecerunt
2950 4953 3228 5021 aediﬁcari,
3258 4955 3350 5025 qui
3406 4969 3594 5009 servos

2017 5050 2132 5120 ejus
2153 5067 2215 5106 ac
2243 5050 2415 5122 legem
2444 5051 2746 5106 dilexerunt
2774 5058 2935 5120 atque
2944 5048 3202 5118 juverunt
3220 5089 3236 5115 ,
3257 5047 3594 5103 Christianos

2013 5156 2170 5211 reges
2199 5141 2470 5209 ﬁgurant;
2521 5155 2643 5194 cum
2675 5143 2788 5210 ipse
2826 5139 3083 5195 Dominus
3130 5154 3227 5209 per
3276 5138 3594 5207 prophetam

2015 5235 2213 5306 Cyrum
2237 5235 2540 5306 signiﬁcare
2563 5235 2755 5290 Filium
2782 5251 2938 5291 suum
2969 5237 3104 5290 dixit
3133 5252 3146 5288 :
3173 5243 3226 5289 et
3239 5234 3354 5303 ejus
3377 5235 3595 5290 nomine

2015 5327 2163 5382 illum
2213 5327 2676 5392 honoriﬁcaverit,
2719 5328 2948 5384 dicens:
2990 5326 3117 5381 Ηωε
3169 5325 3296 5379 dicit
3336 5324 3592 5381 Dominus

2019 5418 2226 5473 Christo
2252 5435 2364 5472 meo
2391 5415 2526 5488 Cyro
2554 5418 2687 5490 (lsa.
2722 5420 2866 5489 va).

2089 5512 2253 5567 Vsus.
2282 5511 2365 5565 i3.
2383 5511 2509 5564 —A
2535 5528 2615 5566 me
2639 5513 2922 5566 decretum.
2937 5509 3073 5577 Quia
3105 5512 3170 5566 ad
3193 5526 3373 5583 regem
3402 5523 3593 5581 perve-

2012 5611 2168 5658 nerat
2195 5602 2336 5657 fama
2364 5603 2558 5658 divinm
2579 5603 2805 5662 virtutis,
2826 5617 2922 5672 per
2942 5617 3102 5673 quam
3139 5601 3228 5657 ille
3259 5602 3532 5657 incensam
3560 5613 3593 5656 a

2013 5694 2279 5751 Chaldaeis
2303 5696 2474 5767 legem
2489 5695 2712 5767 (eisdem
2735 5695 2931 5764 quibus
2960 5695 3109 5766 prius
3135 5695 3368 5766 propriis
3394 5707 3596 5750 sermo‘

2017 5787 2194 5854 nibus,
2219 5788 2464 5859 quamvis
2489 5788 2593 5843 alio
2627 5788 2929 5843 litterarum
2960 5788 3256 5859 caractere)
3289 5785 3589 5843 novaverit.

2087 5878 2250 5936 Vens.
2272 5880 2433 5934 14.-
2449 5877 2518 5932 Ut
2536 5879 2844 5951 cuicunque.
2863 5879 3122 5938 Omnibus
3138 5879 3409 5938 licentiam
3429 5875 3593 5936 eundi
