4122 6350
552 415 657 475 ῗοῒ

1062 412 1460 473 WALAFRIDI
1499 413 1751 474 STRAB!
1785 408 1988 471 FULD.
2031 407 2196 467 ΜΘΝ.
2237 406 2389 466 (PP.
2429 404 2688 465 PARS-l;
2723 436 2795 452 --
2833 404 3290 466 THEOLOGICA.

3718 406 3842 468 ’108

552 528 766 605 tribuit,
813 528 1019 584 milium
1066 529 1149 587 ire
1203 529 1496 600 compellit.
1544 527 1838 585 Christiani
1868 526 2138 599 principes
2163 528 2218 589 Α
2240 531 2351 591 tur,
2390 526 2497 581 emi
2544 534 2806 596 possunt,
2850 527 2978 598 quia
3008 526 3139 581 talia
3168 528 3293 581 etim
3324 524 3607 592 audimus,
3636 527 3841 584 mirari

552 622 759 676 nullum
786 633 1060 692 cogentes,
1094 636 1162 676 ne
1191 621 1262 677 sit
1284 622 1492 677 incerta
1541 620 1790 676 voluntas
1829 619 1977 686 fidei,
2011 632 2132 675 om-

552 713 716 769 nibus
745 713 942 784 quibus
959 712 1225 784 placuerit
1253 713 1309 768 in
1338 727 1505 785 regno
1533 727 1634 770 suo
1646 711 1923 769 Christum
1957 711 2137 768 colere

550 805 900 878 permittunt.

623 895 693 950 Et
720 904 914 966 septem
954 892 1391 950 consiliatorum:
1414 893 1471 950 In
1521 893 1660 951 libro
1712 894 1910 952 Esther
1943 894 2139 967 legitur

553 988 724 1043 moris
745 982 913 1042 fuisse
937 982 1231 1040 Persarum
1261 984 1482 1057 regibus
1502 1024 1519 1052 ,
1559 994 1619 1041 ut
1654 985 1708 1041 in
1736 985 1949 1042 cunctis
1975 998 2139 1056 agen-

549 1081 635 1136 dis
648 1080 734 1136 vel
746 1078 1118 1136 discernendis
1130 1086 1336 1149 septem
1353 1077 1586 1134 consilio
1602 1087 1904 1135 uterentur.
1918 1077 2137 1149 Septem

550 1171 881 1229 consiliariis
912 1177 1140 1225 utuntur
1166 1168 1355 1225 ﬁdeles
1382 1184 1509 1225 cum
1548 1170 1603 1225 in
1629 1170 1883 1225 omnibus
1909 1182 2031 1239 qua
2060 1168 2141 1224 fa-

549 1265 703 1320 ciunt
753 1270 1019 1333 praecepta
1077 1261 1276 1317 divina:
1338 1260 1637 1333 Scriptura;
1680 1271 2002 1334 sequmltar.
2062 1263 2140 1319 De

547 1370 657 1426 qua
692 1354 893 1411 dicitur
938 1372 951 1408 :
995 1351 1229 1426 Eloquia
1252 1353 1470 1409 Domini
1493 1354 1700 1428 eloquia
1729 1366 1908 1424 casta,
1942 1364 2142 1428 urgen-

550 1454 661 1500 tum
706 1446 825 1514 igne
864 1444 1226 1500 examinatum
1251 1484 1266 1510 ,
1317 1444 1594 1515 probatum
1642 1455 1826 1512 terrae,
1857 1456 2140 1518 purgatum

549 1535 843 1607 septupfum
876 1535 1050 1609 (Psal.
1083 1536 1161 1608 χι)
1184 1576 1201 1603 ,
1234 1537 1289 1593 id
1309 1546 1395 1592 est
1414 1546 1605 1595 sancta
1636 1539 2000 1595 illustratione
2019 1553 2143 1609 sep-

547 1628 785 1685 tiformis
822 1628 1047 1700 spiritus
1071 1628 1397 1700 perfectum.
1518 1694 1523 1701 ,

623 1722 819 1780 Missus
864 1740 940 1779 es.
984 1723 1216 1780 Mittitur
1253 1724 1458 1782 Esdras
1499 1740 1531 1781 a
1569 1725 1712 1784 facie
1750 1728 1893 1801 regis
1930 1735 1987 1784 et
2022 1734 2145 1796 sep-

553 1822 661 1869 tem
693 1813 1105 1887 consiliatorum
1131 1813 1280 1884 ejus,
1312 1824 1372 1870 ut
1397 1816 1579 1874 visitet
1608 1817 1814 1873 lndiam
1847 1826 1903 1873 et
1926 1815 2144 1874 Jerusa-

2242 617 2461 687 quitie'm
2485 618 2631 673 velut
2659 618 2841 674 divina
2872 618 3133 675 debemus
3162 635 3177 673 ε
3210 617 3307 673 sed
3347 617 3505 687 Quasi
3546 619 3843 690 possibilia

2240 707 2444 763 imitari
2479 724 2587 765 non
2621 709 2882 767 valemus.
3750 786 3753 787 ν

2311 797 2474 856 Vsus.
2519 801 2606 857 i9.
2628 831 2700 843 —
2725 800 2867 857 Vasa
2889 814 3112 873 quoque.
3143 800 3319 858 Verus
3348 800 3552 858 Esdras
3574 816 3711 860 vasa
3732 804 3844 859 mi-

2238 890 2551 946 sericordias
2572 902 2697 962 quae
2730 892 2837 949 sibi
2863 892 3155 948 traduntur
3178 893 3251 947 ab
3278 892 3589 949 horninibus
3615 895 3673 951 in
3700 911 3841 951 con-

2240 992 2427 1054 spectu
2476 981 2653 1040 Patris
2700 984 2754 1039 in
2799 999 3090 1055 supernam
3128 982 3434 1041 Jerusalem
3477 987 3725 1042 tradidit.
3760 989 3844 1045 De

2240 1078 2438 1149 quibus
2462 1078 2665 1134 dicitur
2692 1096 2705 1132 :
2738 1077 3015 1145 Quomodo
3036 1080 3229 1150 poterit
3248 1079 3527 1151 Quisquam
3549 1080 3756 1138 intrare
3781 1084 3847 1138 in

2240 1167 2457 1223 domum
2479 1169 2668 1240 fortis,
2698 1179 2748 1225 et
2779 1182 2903 1225 vasa
2945 1169 3060 1240 ejus
3096 1169 3356 1241 diripere,
3392 1169 3495 1224 nisi
3531 1172 3682 1241 prius
3712 1171 3844 1227 alii.

2240 1262 2437 1332 quaerit
2467 1261 2696 1332 fortem?
2717 1260 2912 1334 (Marc.
2944 1261 3055 1334 tu.)
3085 1260 3268 1317 Fortis
3291 1262 3440 1317 enim
3460 1271 3579 1317 erat
3605 1277 3707 1319 rex
3733 1264 3839 1319 Ba~

2241 1351 2489 1425 bylonis,
2534 1353 2589 1408 id
2633 1361 2720 1410 est
2762 1352 3012 1410 diabolus
3052 1354 3195 1409 :sed
3226 1353 3442 1411 vinetus
3480 1362 3541 1410 et
3574 1354 3783 1427 ligatus
3805 1370 3839 1411 a

2242 1443 2502 1511 Domino,
2532 1458 2598 1502 ea
2626 1461 2749 1517 qua
2774 1445 2973 1515 injuste
2998 1445 3316 1516 possidebat
3339 1461 3473 1502 vasa
3490 1486 3506 1513 ,
3542 1447 3597 1503 id
3625 1455 3709 1503 est
3744 1446 3842 1503 de-

2242 1532 2507 1591 lectorum
2525 1538 2691 1594 corda
2712 1538 2897 1594 amisit
2927 1555 2942 1592 :
2968 1552 3145 1610 neque
3173 1538 3443 1596 auferenti
3467 1549 3524 1595 et
3550 1539 3620 1596 ad
3642 1550 3845 1611 super-

2244 1640 2374 1682 nam
2410 1628 2689 1685 civitatem
2736 1628 2893 1701 cujus
2936 1640 3096 1687 erant
3137 1631 3359 1703 propria
3390 1631 3675 1689 reducenti
3698 1647 3845 1689 con-

2246 1718 2518 1777 tradicere
2544 1723 2740 1792 potuit.

2317 1812 2481 1869 Vsus.
2514 1815 2604 1869 21.
2627 1815 2785 1871 -Εε
2808 1833 2842 1871 a
2864 1832 2965 1871 me.
2990 1815 3275 1887 Principes
3314 1817 3611 1873 Christiani
3654 1819 3849 1890 subje-

548 1903 656 1962 lem
685 1912 741 1961 et
767 1902 1018 1963 conversi
1041 1916 1109 1961 au
1130 1905 1294 1963 fidem
1312 1907 1588 1979 principes
1608 1909 1790 1965 saeculi
1812 1916 1868 1965 et
1890 1907 2138 1980 Scriptu-
2164 1898 2214 1960 Β
2238 1905 2343 1961 etis
2370 1906 2487 1961 suis
2508 1907 2796 1978 imperant,
2813 1917 2874 1963 ut
2896 1906 3161 1980 quidquid
3178 1910 3401 1979 petierit
3416 1908 3679 1967 Citilstus
3698 1926 3847 1983 pono

548 2013 738 2054 rarum
786 1998 1234 2069 persuasionibus
1280 2003 1555 2067 mborati,
1609 2002 1889 2059 Christum
1935 2005 2001 2058 ad
2036 2001 2145 2059 sal-

547 2090 783 2148 vandam
827 2090 1130 2147 Ecelesiam
1180 2100 1238 2147 et
1288 2094 1727 2166 congregandam
1768 2095 1837 2151 de
1894 2095 2145 2168 gentibus

548 2183 870 2256 quotidiana
908 2183 1147 2253 auxilio,
1192 2187 1341 2256 quod
1387 2186 1575 2244 Esdrte
1608 2204 1809 2245 nomen
1841 2188 2141 2261 signiﬁcat,

548 2276 737 2330 venire
760 2275 1095 2342 desiderant,
1126 2275 1372 2335 dicentes
1401 2296 1414 2333 :
1440 2278 1665 2335 Domine
1692 2279 1835 2336 Deus
1859 2281 2108 2336 virtutum
2126 2321 2142 2349 ,

548 2376 843 2422 convertere
862 2407 879 2433 ,
902 2367 1100 2439 respice
1136 2367 1202 2422 de
1227 2367 1385 2436 coelo,
1415 2379 1526 2427 etc.
1560 2369 1734 2443 (Psal.
1767 2373 1980 2445 uxrx.)

623 2456 755 2523 Qua:
780 2467 855 2513 est
894 2458 952 2513 in
995 2474 1177 2514 manu.
1220 2459 1415 2517 Mirum
1441 2463 1586 2532 quod
1618 2463 1894 2520 invenitur
1916 2462 2144 2520 verbum

547 2546 605 2605 in
631 2547 859 2619 epistola
885 2548 1209 2606 Artaxerxis
1236 2566 1346 2622 quo
1368 2554 1647 2622 prophetae
1673 2553 1849 2610 solent
1874 2554 1990 2609 uti:
2018 2562 2143 2610 cum

554 2643 689 2698 dicit
724 2642 896 2715 legem
932 2643 1025 2699 Dei
1053 2659 1176 2700 esse
1210 2645 1263 2700 in
1300 2660 1467 2701 manu
1495 2646 1636 2702 servi
1667 2646 1846 2712 illius,
1882 2647 2145 2718 scriptum

549 2742 636 2790 est
662 2735 809 2792 enim
842 2751 856 2788 :
887 2734 1115 2792 Factum
1137 2744 1226 2792 est
1250 2738 1473 2794 verbum
1506 2739 1560 2793 in
1588 2750 1751 2793 manu
1785 2739 1969 2811 Aggaei
2018 2752 2146 2810 pro-

550 2827 751 2899 phetas.
779 2826 850 2882 Et
874 2826 1138 2885 Dominus
1167 2827 1298 2885 fecit
1332 2829 1477 2899 quod
1520 2829 1732 2886 locutus
1760 2840 1845 2887 est
1884 2833 1938 2887 in
1979 2838 2145 2888 manu

550 2918 695 2977 servi
727 2919 811 2975 sui
837 2919 1006 2986 Eliiﬂ;
1033 2928 1089 2976 et
1116 2920 1438 2976 testificatus
1474 2930 1561 2977 est
1598 2921 1857 2979 Dominus
1901 2923 1957 2978 in
1980 2924 2148 2982 lsrael

553 3017 611 3066 et
648 3010 705 3066 in
752 3010 893 3067 Juda
932 3027 1031 3083 per
1058 3027 1251 3068 manus
1280 3012 1523 3068 omnium
1566 3014 1992 3084 prophetarum:
2020 3016 2147 3087 quia

553 3111 767 3167 scilicet
778 3112 1058 3183 prophetae
1078 3126 1186 3167 non
1209 3112 1389 3167 minus
1406 3112 1680 3183 operando
1693 3126 1857 3184 quam
1872 3112 2146 3186 loquendo

551 3218 674 3274 qua:
697 3202 795 3260 Dei
820 3213 981 3271 sunt,
1003 3204 1391 3274 praedicabant.

2248 1997 2381 2055 tiiex
2412 2009 2618 2063 noster,
2649 1999 2855 2069 absque
2895 2012 3049 2055 mora
3091 1999 3339 2055 tribuant
3372 2018 3385 2055 :
3428 2000 3565 2056 nihil
3612 2001 3849 2056 omnino

2244 2096 2638 2156 retractantes,
2670 2092 2799 2146 dent
2823 2106 3017 2147 aurum
3048 2093 3101 2146 in
3129 2091 3475 2150 confessione
3518 2102 3664 2149 verae
3689 2093 3845 2160 ﬁdei,

2244 2180 2582 2238 frumentum
2608 2185 2664 2239 in
2698 2183 3011 2239 ostensione
3039 2184 3196 2239 bona:
3231 2184 3602 2256 operatibnis;
3648 2186 3848 2239 vinum

2244 2275 2305 2331 in
2334 2272 2547 2332 fervore
2574 2275 2911 2341 dilectionis;
2933 2276 3113 2331 oleum
3143 2276 3197 2330 in
3224 2275 3501 2332 hilaritate
3525 2276 3850 2332 miserimu-

2248 2366 2388 2422 diae:
2428 2374 2485 2422 et
2512 2367 2629 2421 haec
2653 2367 2835 2421 omnia
2880 2367 2983 2421 sub
3026 2367 3345 2423 centenario
3385 2378 3615 2422 numero
3656 2378 3847 2422 sacer-

2244 2457 2359 2514 doti
2394 2470 2590 2529 magno
2614 2466 2672 2513 et
2704 2457 2900 2513 scriba:
2925 2456 3061 2529 legis
3099 2457 3194 2514 Dei
3233 2458 3358 2513 can
3398 2458 3518 2514 dari
3555 2455 3845 2526 inbuitur,

2247 2550 2302 2607 id
2336 2558 2420 2607 est
2444 2550 2695 2617 Christo,
2735 2551 2829 2622 qui
2875 2550 3117 2607 cmiestia
3145 2550 3303 2607 nobis
3332 2551 3588 2607 mandata
3617 2564 3647 2603 a
3677 2549 3850 2605 Patre

2249 2642 2530 2707 deferens,
2556 2644 2803 2700 coelestia
2829 2640 3213 2700 obedientibus
3234 2643 3288 2697 in
3316 2642 3480 2700 domo
3502 2636 3681 2697 Patris
3702 2654 3852 2712 prm-

2248 2738 2358 2793 mia
2390 2737 2661 2808 promisit.
2719 2735 3079 2792 Centenarins
3115 2736 3296 2802 enim,
3339 2736 3433 2806 qui
3480 2735 3536 2789 in
3582 2740 3850 2803 computo

2248 2832 2538 2903 digitorum
2580 2848 2615 2887 ι
2658 2831 2792 2887 lava
2828 2833 3025 2887 transit
3068 2830 3123 2886 in
3165 2826 3493 2895 dexteram;
3518 2840 3585 2883 ea
3623 2838 3747 2898 eum
3782 2827 3849 2882 in

2248 2926 2440 2982 dextra
2470 2925 2664 2981 indicis
2696 2925 2773 2997 (id
2795 2933 2881 2980 est
2902 2925 3010 2979 vita
3032 2921 3261 2994 aeterna)
3280 2930 3409 2977 sunt
3429 2920 3658 2991 gaudia,
3690 2918 3848 2974 desi-

2248 3025 2398 3089 gnat.
2444 3016 2731 3075 Talentum
2776 3024 2958 3072 autem
2987 3015 3219 3087 triplicis
3262 3018 3531 3071 mensura
3582 3011 3845 3067 traditur.

2250 3109 2557 3175 Minimum;
2584 3109 2841 3164 librarum
2861 3108 3255 3179 quinquaginta
3284 3106 3555 3170 medtuut,
3576 3105 3849 3160 librarum

2251 3203 2533 3272 sexaginta
2563 3203 2670 3258 duo
2697 3216 2989 3267 summum,
3017 3200 3278 3255 librarum
3300 3208 3521 3256 centum
3548 3206 3606 3255 et
3622 3196 3846 3270 viginti.

624 3295 876 3351 Christus
913 3264 1088 3366 legem
1121 3295 1176 3350 in
1202 3310 1371 3349 manu
1410 3294 1641 3350 habuit:
1667 3297 1795 3367 quia
1822 3308 1946 3353 eam
1973 3310 2148 3368 quen-
2169 3264 2221 3332 θ’
2251 3264 2425 3353 Corus
2458 3294 2680 3367 triginta
2708 3294 2874 3349 modii
2922 3311 2935 3347 :
2976 3264 3172 3359 battis,
3222 3293 3317 3364 qui
3362 3301 3420 3349 et
3456 3291 3586 3363 epbi

551 3387 674 3444 dam
694 3401 791 3456 per
818 3384 1037 3457 Moysen
1067 3392 1229 3456 prout
1270 3386 1457 3452 voluit,
1493 3388 1715 3455 statuit;
1749 3396 1807 3444 et
1832 3402 1977 3446 nunc
2001 3402 2151 3446 eam-
2251 3402 2379 3463 pars
2401 3391 2550 3454 cori,
2574 3390 2735 3444 idest
2756 3397 2867 3444 tres
2904 3387 3092 3444 modii.

553 3479 676 3535 dem
708 3493 805 3549 per
830 3477 1186 3550 semetipsum
1217 3478 1945 3552 immbtansadperibctiora
1969 3492 2151 3540 trans»

555 3572 791 3716 Miltiauis.
824 3659 912 3715 l5.
934 3690 1003 3703 --
1026 3660 1094 3716 Et
1116 3670 1175 3716 ut
1199 3661 1365 3732 feras.
1393 3662 1643 3721 Notauda
1684 3666 1820 3724 ﬁdes
1847 3677 1904 3722 et
1931 3668 2150 3739 sapisti;

552 3754 629 3809 tia
652 3755 799 3824 regis
823 3761 881 3809 et
906 3753 1319 3813 consiliaton
1365 3754 1485 3825 eius
1512 3758 1606 3828 qui
1646 3759 1789 3815 dona
1839 3770 1936 3816 sua
1976 3760 2152 3832 magis

2323 3484 2486 3539 Vens.
2508 3482 2600 3538 22.
2624 3513 2696 3523 —
2741 3480 2838 3537 Sal
2878 3496 3019 3536 vero.
3063 3480 3232 3552 (Bent
3269 3478 3359 3536 ubi
3396 3473 3609 3552 supra.)
3637 3476 3732 3536 Sal
3761 3492 3848 3535 εει

2249 3574 2511 3648 pientiam
2541 3572 2839 3646 signiﬁcat,
2867 3580 3000 3640 etc.,
3030 3584 3198 3644 usque
3235 3566 3307 3628 ad
3340 3574 3465 3629 dum
3505 3570 3607 3644 per
3643 3572 3849 3627 adver-

2252 3668 2426 3724 sarios
2446 3672 2780 3738 expugnant.

2323 3758 2490 3814 Vsus.
2519 3758 2610 3812 24.
2634 3788 2704 3799 -
2738 3754 2890 3812 Vobis
2928 3770 3148 3828 quoque.
3184 3752 3298 3812 Hoc
3332 3752 3617 3826 privilegio
3651 3762 3843 3811 osten-

549 3861 649 3918 per
693 3844 843 3901 illum
886 3847 981 3917 qui
1026 3845 1200 3918 legem
1245 3846 1342 3902 Dei
1372 3848 1430 3903 in
1477 3863 1641 3904 manu
1691 3850 1957 3918 habebat,
1987 3854 2043 3909 id
2069 3854 2155 3909 est
2252 3850 2423 3917 ditur,
2450 3850 2595 3921 quod
2633 3858 2831 3905 caetera
2852 3848 3006 3919 plebs
3032 3846 3268 3903 ﬁliorum
3297 3846 3466 3903 lsrael
3503 3846 3571 3901 ad
3606 3847 3845 3918 patriam

549 3951 717 4007 opere
742 3938 1069 4010 complebat,
1098 3937 1373 3995 Merenda
1401 3954 1524 3998 esse
1547 3943 1949 4001 Melitaxerunt.

2251 3944 2577 4017 perveniens
2624 3942 2827 3997 tributa
2875 3940 3020 4009 regis
3062 3939 3367 4010 pendebat,
3410 3937 3555 4007 quod
3606 3936 3848 3992 discreta

626 4027 795 4100 Cujus
817 4030 875 4084 in
904 4029 1226 4085 Jerusalem.
1269 4030 1439 4103 (Beas
1475 4033 1563 4088 ubi
1583 4034 1790 4108 supra.)
1816 4034 2074 4093 ﬁdeliter
2096 4044 2154 4092 et
2252 4034 2562 4107 provisione
2588 4046 2685 4087 rex
2718 4030 2913 4088 fecisse
2936 4031 3288 4103 cognoscitur
3312 4034 3373 4083 ut
3398 4026 3489 4099 qui
3514 4026 3701 4084 divino
3726 4032 3849 4083 sei-

551 4124 709 4180 docte
736 4139 863 4180 eum
912 4125 967 4181 in
1012 4123 1315 4182 Jerusalem
1362 4128 1567 4186 habere
1612 4130 2028 4187 tabernaculum
2055 4133 2144 4189 di-

549 4218 791 4283 eit,etc.,
810 4218 1055 4288 usquead
1071 4227 1129 4273 et
1147 4219 1215 4274 de
1237 4218 1330 4275 illo
1359 4219 1597 4276 Joannes
1624 4223 1702 4278 ait
1735 4241 1749 4277 :
1780 4223 1902 4294 Ipse
1923 4233 1999 4280 est
2024 4230 2151 4297 pro-

549 4311 761 4382 pitiatio
793 4325 891 4380 pro
921 4311 1151 4381 peccatis
1178 4312 1374 4366 nostris
1400 4311 1450 4381 (1
1479 4310 1640 4369 Joau.
1684 4315 1769 4387 ii).

2252 4129 2387 4185 vitio
2408 4134 2732 4198 supererant
2760 4125 3007 4196 occupati
3028 4165 3043 4190 ,
3084 4136 3116 4179 a
3145 4136 3244 4181 suo
3272 4122 3537 4179 famulatu
3567 4128 3755 4178 essent
3784 4118 3850 4175 li-

2254 4219 2399 4282 beri,
2451 4226 2505 4274 et
2552 4219 2643 4289 qui
2682 4219 2736 4273 in
2786 4226 2931 4273 terra
2976 4214 3111 4271 nihil
3140 4216 3421 4287 proprium
3456 4211 3849 4284 possidebant,

2254 4312 2351 4370 sed
2376 4329 2445 4369 ex
2474 4312 2701 4369 decimis
2735 4310 2916 4383 populi
2947 4308 3231 4377 vivebant;
3265 4322 3427 4366 nemo
3451 4322 3521 4365 ex
3562 4306 3644 4364 eis
3673 4307 3854 4362 tribu-

622 4401 791 4458 Vsns.
825 4402 913 4457 16.
936 4430 1008 4443 --
1028 4400 1099 4456 Et
1142 4419 1295 4459 omne
1328 4414 1624 4477 argentum.
1658 4408 1736 4463 De
1774 4409 1877 4465 hac
1918 4410 2152 4481 pecunia
2254 4415 2368 4462 tum
2399 4407 2661 4477 exigeret.
2695 4405 2792 4461 liis
2814 4406 3065 4461 omnibus
3120 4404 3406 4476 probatur,
3427 4416 3536 4458 non
3566 4400 3741 4458 solum
3768 4401 3855 4455 di-

555 4492 743 4548 ﬁdeles
770 4492 826 4546 in
849 4492 1098 4549 Ecclesia
1142 4509 1241 4550 sua
1269 4494 1413 4551 bona
1441 4512 1609 4568 opera
1649 4498 1856 4556 clarere
1883 4502 2108 4573 cupiunt
2135 4518 2150 4558 :

2256 4500 2455 4557 lexisse
2474 4541 2489 4567 ,
2513 4498 2609 4555 sed
2646 4497 2812 4553 etiam
2843 4498 3048 4568 Optime
3076 4496 3333 4553 didicisse
3363 4506 3484 4565 qut:
3507 4491 3707 4549 divina:
3732 4502 3858 4545 ser-

555 4592 614 4639 ut
642 4599 739 4653 per
766 4583 873 4639 hoc
898 4592 1112 4653 patrem
1143 4596 1271 4640 cum
1299 4587 1504 4642 sanctis
1526 4588 1762 4644 habeant
1791 4605 1807 4645 :
1843 4600 1901 4647 et
1935 4591 2027 4647 alii
2060 4592 2146 4663 ip-
2171 4625 2228 4689 Β
2254 4593 2442 4648 vitulis
2466 4598 2715 4663 posceret
2753 4589 2950 4645 cultus.

554 4693 741 4734 serum
766 4677 1030 4747 exemplis
1058 4678 1363 4749 proficiant.
1397 4679 1533 4737 Nam
1554 4685 1713 4754 quasi
1745 4684 1813 4741 de
1843 4692 2065 4757 argento
2090 4692 2147 4742 et

554 4784 690 4825 auro
718 4776 907 4825 nostro
946 4769 1218 4825 sacriﬁcia
1238 4810 1255 4837 ,
1295 4771 1554 4829 libamina
1577 4815 1593 4842 ,
1623 4784 1679 4832 et
1710 4777 1901 4833 hostire
1926 4779 1994 4834 ad
2014 4777 2148 4834 olfe-

554 4861 785 4917 rendum
824 4861 1054 4917 Domino
1097 4864 1491 4935 comparantur
1537 4886 1550 4921 :
1603 4882 1729 4923 eum
1765 4869 1881 4923 visa
1923 4882 2149 4941 operum

555 4965 869 5013 nostrorum
892 4954 1143 5012 claritate
1163 4958 1394 5028 proximi
1416 4967 1808 5014 convertuntur
1828 4961 1894 5016 ad
1913 4959 2148 5017 odieium

555 5049 821 5122 pietatis:
858 5062 969 5122 quo
1009 5059 1067 5107 et
1095 5051 1197 5122 ipsi
1245 5052 1387 5107 bene
1420 5052 1652 5108 vivendo
1692 5054 1922 5110 Domino
1950 5063 2147 5111 conse-

556 5124 811 5208 crantur;
837 5151 966 5196 sunt
990 5150 1177 5197 autem
1198 5142 1449 5213 quaedam
1474 5151 1787 5200 sanctorum
1832 5144 2149 5201 ciarissimte

558 5231 791 5291 virtutes
820 5251 834 5289 :
861 5248 986 5306 qua
1028 5248 1137 5290 non
1176 5234 1431 5290 omnibus
1458 5236 1513 5290 in
1544 5239 1789 5309 exempla
1816 5240 1998 5310 operis
2032 5254 2152 5311 pos-

558 5333 687 5382 sunt
708 5328 921 5385 ostendi
951 5340 969 5383 :
998 5329 1095 5384 sed
1137 5332 1345 5383 tentant
1374 5328 1443 5384 ad
1466 5329 1877 5400 gloriﬁcandam
1906 5332 2000 5387 Dei
2026 5344 2150 5403 gra-

556 5419 689 5474 tiam
719 5419 972 5486 recitari,
1006 5428 1067 5476 ut
1090 5428 1176 5475 est
1205 5418 1337 5474 illud
1372 5422 1514 5490 quod
1558 5419 1747 5478 Daniel
1787 5432 1843 5479 et
1883 5423 2152 5481 Jeretnias

556 5515 711 5584 pueri
730 5516 1197 5586 prophetavenmt
1220 5531 1233 5568 ε
1261 5515 1404 5584 quod
1427 5513 1664 5572 Joannes
1686 5518 1924 5574 nondum
1950 5528 2149 5576 natus:

2324 4686 2491 4742 Vsus.
2532 4685 2623 4741 25.
2646 4682 2816 4738 —Tu
2844 4692 3040 4737 autem.
3084 4679 3274 4753 (Dem,
3300 4678 3454 4749 ibid.)
3500 4676 3719 4747 Repetit
3753 4690 3858 4732 rex

2253 4796 2374 4853 quae
2402 4796 2567 4852 supra
2596 4779 2836 4839 dixerat,
2870 4784 2997 4840 etc.,
3030 4788 3190 4846 usque
3222 4772 3291 4826 ad
3334 4768 3529 4843 quibus
3584 4780 3727 4838 srepe
3760 4774 3856 4822 re-

2254 4888 2350 4946 ges
2375 4880 2431 4927 et
2459 4872 2734 4943 principes
2760 4870 2972 4924 litteras
2996 4876 3097 4938 pro
3124 4874 3269 4921 statu
3292 4864 3531 4919 ﬁdelium
3558 4861 3855 4917 miserum.

2328 4962 2493 5018 Vsus.
2533 4958 2805 5019 28.—Et
2852 4972 2946 5033 ego
2991 4957 3340 5028 confortatus.
3389 4953 3481 5009 Sic
3523 4954 3756 5024 quisque
3784 4953 3861 5009 ad

2259 5050 2392 5111 alios
2422 5053 2832 5125 congregandos
2859 5050 3087 5105 idoneus
3117 5060 3214 5119 per
3242 5046 3546 5103 doctrinam
3581 5058 3741 5102 suam
3776 5040 3863 5098 ef-

2259 5146 2443 5204 iieitur
2476 5160 2488 5201 :
2530 5146 2715 5201 ebrius
2752 5150 2851 5215 pet
2889 5143 3122 5214 gratiam
3160 5140 3256 5196 Dei
3292 5146 3487 5194 contra
3521 5138 3704 5195 omnia
3734 5148 3863 5209 qua

2261 5244 2575 5297 sanctorum
2599 5253 2735 5310 opus
2765 5236 3065 5308 impediunt
3082 5274 3097 5301 ,
3124 5236 3306 5289 mente
3328 5228 3638 5289 roboratur.

2852 5369 3082 5430 CAPUT
3121 5368 3255 5426 Vili.

2336 5516 2502 5571 Vens.
2532 5510 2737 5569 l.-—Hi
2764 5518 2885 5566 sunt
2923 5524 3047 5577 ergo
3074 5506 3372 5579 principes,
3411 5509 3520 5558 etc.
3562 5499 3757 5571 (But,
3800 5498 3861 5582 ὄρ

557 5605 703 5674 quod
727 5605 1013 5663 Cornelius
1041 5622 1166 5662 eum
1214 5606 1376 5664 domo
1420 5618 1517 5664 sua
1557 5610 1797 5664 nondum
1845 5611 2156 5681 baptizatus
2264 5606 2539 5679 Esdram.)
2570 5605 2873 5675 Diligenter
2909 5599 3184 5672 principes
3212 5596 3305 5667 qui
3340 5608 3529 5651 secum
3569 5596 3637 5649 de
3680 5591 3864 5661 Baby-

559 5695 825 5767 Spiritum
872 5709 1125 5756 sanctum
1173 5699 1414 5772 accepit,
1455 5710 1511 5758 et
1560 5702 1844 5758 innumera
1893 5704 2155 5762 miracula
2262 5703 2388 5759 lene
2408 5702 2799 5764 ascenderunt,
2825 5698 3144 5760 enumerat,
3170 5700 3299 5755 etc.,
3333 5704 3497 5760 usque
3534 5688 3602 5742 ad
3642 5685 3694 5742 id
3741 5688 3859 5751 est,

559 5790 737 5845 instar
782 5792 987 5865 argenti
1020 5793 1071 5850 in
1100 5794 1264 5850 domo
1298 5794 1537 5851 Domini.-
1577 5794 1687 5852 Nec
1716 5804 1925 5852 tantum
1955 5810 2024 5854 ex
2052 5799 2157 5857 hoc
2264 5812 2331 5853 ex
2360 5810 2548 5851 eorum
2580 5795 2690 5849 vita
2719 5804 2854 5863 quos
2883 5787 3113 5844 docuisti
3138 5828 3147 5849 ,
3173 5784 3460 5856 gloriosior
3479 5782 3590 5838 eris
3610 5780 3666 5836 In
3691 5792 3863 5851 regno

560 5892 786 5952 argento
813 5884 893 5939 vel
922 5900 1058 5942 auro
1081 5888 1386 5944 oblationes
1408 5900 1527 5958 qua:
1554 5903 1721 5960 super
1746 5889 1919 5947 uitare
1945 5904 2156 5980 ponunt:
2186 5963 2214 5986 ρ
2265 5890 2375 5947 Dei.
