4122 6350
550 385 646 440 7H

1045 382 1435 441 WALAFRIDI
1473 384 1723 442 STRABI
1761 384 1964 444 FULD.
2009 387 2179 450 MON.
2219 388 2372 447 OPP.
2415 387 2597 446 PARS
2633 388 2676 446 l.
2717 419 2785 430 --
2825 387 3285 446 THEOLOGICA.

3705 393 3818 447 712

543 498 845 554 errantium
887 497 1416 567 secuti,~perversos
1439 514 1507 554 ex
1535 501 1616 554 eis
1642 509 1795 556 actus
1822 502 1890 557 ad
1921 510 2117 558 cuncto
2143 511 2197 572 Α
2222 503 2597 574 paenitentiam
2632 519 2794 576 agere
2816 514 2930 560 toto
2950 505 3134 566 corde,
3158 512 3214 558 et
3247 503 3392 557 intus
3420 503 3487 558 ad
3523 502 3819 560 Dominum

543 607 664 645 rum
690 589 933 645 notitiam
959 589 1262 660 proferunt.
1599 661 1607 668 .

617 679 741 734 Non
754 691 828 734 est
843 691 1136 751 separatus.
1155 671 1367 752 (BEDA.,
1383 683 1533 754 ibid.)
1548 683 1852 740 Notandum
1881 695 1965 742 est
1984 686 2129 756 quod

542 772 772 826 abducto
787 771 950 826 Israel
967 771 1019 825 in
1032 772 1426 842 captivitatem,
1444 783 1550 830 etc.
1563 815 1578 841 ,
1599 793 1759 847 usque
1773 777 1840 829 ad
1855 776 2128 847 principes

540 863 632 933 qui
673 862 945 935 corrigere
979 861 1278 919 debuerant
1309 865 1516 935 primos
1549 881 1763 923 errasse
1793 865 2052 922 fatentur.

1161 1020 1388 1078 CAPUT
1428 1022 1519 1077 IX.

611 1152 774 1210 Vsus.
805 1153 858 1209 5.
884 1184 956 1195 ——
982 1151 1127 1209 Scidi
1169 1155 1412 1225 pallium.
1462 1155 1584 1227 (In.,
1624 1157 1775 1229 ibid.)
1816 1157 1922 1213 Per
1963 1158 2125 1213 vesti-

537 1258 718 1302 menta
749 1246 924 1301 solent
965 1261 1128 1318 opera
1159 1247 1452 1317 designari,
1486 1258 1619 1312 etc.,
1654 1265 1818 1318 usque
1860 1249 1928 1301 ad
1977 1248 2127 1304 Sedit

535 1351 794 1404 mouens,
822 1346 880 1392 ut
905 1353 1001 1407 per
1030 1337 1262 1392 lamenta
1289 1339 1620 1408 poenitentia:
1657 1341 1870 1396 veniam
1910 1356 2126 1411 prome—

535 1432 758 1486 rendam
787 1445 906 1486 esse
934 1430 1181 1486 doceret.

603 1519 768 1574 Vens.
795 1519 849 1574 4.
879 1551 948 1560 -
975 1518 1359 1576 Conv'éner’unt.
1396 1520 1532 1576 Nota
1571 1531 1837 1592 quantum
1875 1522 2120 1593 exempla

532 1611 812 1668 doctorum
832 1611 1043 1681 juvant.
1069 1611 1214 1666 Nihil
1240 1613 1497 1667 scribitur
1520 1613 1719 1668 Esdras
1741 1615 1952 1668 locutus
1979 1629 2118 1676 esse,

530 1705 626 1758 sed
655 1712 862 1757 tantum
891 1703 1075 1758 audito
1103 1703 1306 1758 scelere
1341 1683 1668 1774 lacrym'asse
1721 1714 1775 1759 et
1802 1706 2014 1759 turbam
2056 1705 2123 1760 ad

530 1811 588 1850 se
617 1796 852 1850 ﬁdelium
879 1811 982 1851 non
1005 1796 1351 1852 vociferando
1373 1799 1466 1852 sed
1493 1798 1842 1868 lacrymando
1871 1800 2117 1855 traxisse.

2229 595 2494 658 converti,
2527 604 2584 650 et
2615 610 2829 650 onmem
2857 594 2988 650 foris
3011 595 3271 665 peccandi
3298 595 3582 650 materiam
3607 594 3677 650 ab
3697 596 3821 666 ipsa

2228 685 2436 756 origine
2470 686 2725 740 resecari.
3433 679 3442 686 ’

2300 776 2488 848 Surge.
2524 776 2789 832 Decentcr
2813 777 2972 832 docet
2998 775 3268 846 quomodo
3295 775 3366 830 sit
3389 774 3533 847 apud
3576 774 3822 848 majores

2228 869 2454 926 consilio
2477 870 2766 940 agendum,
2801 878 2861 923 ut
2887 869 3113 932 scilicet,
3146 868 3376 937 quisque
3398 882 3496 936 pro
3528 883 3624 921 suo
3647 883 3819 923 sensu

2227 959 2370 1030 quod
2395 959 2658 1029 optimum
2687 959 3034 1024 intellexerit,
3059 958 3142 1014 vel
3185 957 3516 1012 intellexisse
3544 958 3645 1013 sibi
3671 958 3823 1012 video

2225 1058 2334 1114 tur,
2386 1049 2564 1104 dicat:
2595 1058 2650 1104 et
2692 1058 2872 1104 tamen
2914 1048 2963 1104 ei
3005 1048 3093 1118 qui
3131 1055 3349 1118 pneest,
3389 1047 3566 1103 locum
3603 1048 3820 1102 discer-

2227 1139 2388 1194 nendi
2430 1141 2726 1212 relinquat,
2756 1151 2981 1212 paratus
3009 1142 3386 1210 obtemperare
3412 1139 3662 1195 omnibus
3692 1155 3823 1210 quae

2225 1229 2314 1284 ille
2351 1233 2650 1287 secundum
2676 1231 3005 1288 voluntatem
3047 1239 3100 1286 et
3123 1230 3317 1302 legem
3348 1230 3443 1284 Dei
3478 1230 3684 1301 agenda
3719 1233 3822 1286 de-

2225 1324 2476 1378 creverit.

2295 1412 2460 1468 Vens.
2493 1413 2548 1469 6.
2573 1445 2643 1455 —
2666 1413 2795 1469 Filii
2825 1414 3045 1468 Eliasib.
3079 1412 3179 1481 Qui
3214 1422 3340 1468 tunc
3361 1427 3604 1468 summus
3633 1428 3823 1469 sacer-

2224 1506 2321 1562 dos
2356 1515 2492 1569 erat,
2546 1515 2667 1577 post
2701 1505 2882 1561 Jesum
2937 1505 3106 1559 ﬁlimn
3155 1503 3382 1560 Josedec
3418 1503 3626 1560 Joacim
3671 1505 3822 1562 ﬁlius

2223 1595 2360 1665 ejus,
2390 1607 2444 1651 et
2468 1607 2593 1666 p0st
2613 1611 2735 1650 eum
2763 1595 2964 1650 Eliasib
3001 1594 3140 1649 lilius
3163 1594 3279 1664 ejus
3303 1609 3517 1649 summo
3552 1595 3818 1653 sacerdo—

2222 1689 2297 1744 tio
2321 1687 2537 1743 functus
2558 1698 2661 1742 est.

2295 1777 2498 1834 Panem
2536 1797 2637 1833 non
2661 1779 2904 1832 comedit.
2931 1777 3100 1850 (Bsos
3140 1777 3226 1831 ubi
3253 1777 3458 1848 supra.)
3489 1778 3819 1850 Exemplum

600 1882 979 1938 Convenerunt.
1007 1885 1195 1956 Magna
1227 1888 1453 1940 mutatio
1469 1903 1648 1942 rerum
1672 1890 1896 1958 perﬁdia
1918 1891 2108 1960 princi-

2222 1876 2349 1931 hinc
2378 1877 2578 1931 habent
2604 1877 2935 1937 sacerdotes.
2965 1883 3096 1938 etc.,
3125 1891 3289 1944 usque
3319 1876 3387 1926 ad
3411 1889 3428 1926 :
3469 1873 3532 1929 Si
3562 1877 3700 1929 enim
3724 1891 3819 1930 re-

527 1989 676 2044 purn,
719 1976 874 2029 multi
907 1975 1176 2030 luxuriam
1217 1977 1408 2041 secuti,
1460 1979 1663 2033 reducti
1713 1988 1872 2044 sunt,
1919 1995 2114 2051 magno

526 2063 772 2135 principe
817 2078 1100 2131 moerente,
1147 2079 1201 2123 et
1247 2070 1375 2138 quid
1420 2071 1800 2138 peccatoribus
1845 2073 2112 2143 agendum

527 2167 669 2212 esset
689 2158 976 2214 innuente:
1001 2161 1328 2215 conveniunt
1353 2163 1419 2217 ad
1439 2179 1562 2216 eum
1583 2179 1773 2218 omnes
1799 2164 1890 2232 qui
1921 2163 2116 2218 timent

525 2249 749 2304 verbum
775 2250 890 2314 Dei,
929 2266 1036 2320 quo
1073 2259 1503 2323 transgressores
1525 2255 1830 2324 puniendos
1864 2269 1985 2310 esse
2013 2253 2114 2309 mi-

527 2350 711 2395 natur.

596 2435 772 2490 Scissa
797 2437 981 2507 pallio.
1007 2438 1204 2511 (ΒευΑ,
1233 2439 1388 2511 ibid.)
1417 2439 1637 2510 Typice,
1667 2441 1810 2510 quod
1825 2441 1995 2496 scisso
2031 2441 2112 2494 in-

524 2529 799 2594 dumento,
828 2540 958 2595 etc.,
998 2549 1160 2602 usque
1195 2532 1263 2586 ad
1315 2533 1478 2586 etiam
1513 2549 1576 2587 ea
1611 2551 1732 2605 qua:
1761 2533 1972 2588 illorum
2005 2533 2113 2588 fra-

523 2624 716 2700 gilitatj
748 2625 1018 2679 veraciter
1053 2625 1469 2692 conveniebant,
1502 2627 1932 2682 misericorditer
1969 2628 2025 2681 in
2053 2642 2112 2681 se

523 2715 824 2770 transferre
854 2717 1107 2788 dignatus
1136 2728 1238 2773 est.

594 2806 761 2862 Vens.
792 2808 845 2862 5.
881 2839 952 2848 —
981 2807 1204 2863 Curvavi
1260 2825 1451 2880 genua,
1500 2818 1608 2865 etc.
1633 2810 1858 2864 Paravit
1905 2824 1964 2865 se
2011 2825 2108 2881 per

521 2901 998 2972 compunctionem
1032 2903 1234 2968 cordis,
1279 2911 1334 2959 et
1370 2901 1708 2958 affectionem
1737 2905 2004 2975 corporis,
2051 2913 2111 2959 ut

521 2993 717 3064 dignus
736 2993 1040 3050 eﬁiceretur
1071 2995 1256 3050 auditu
1277 3011 1524 3066 superna
1549 2997 1766 3066 pietatis
1790 3013 1802 3049 :
1836 3004 1890 3050 et
1919 2995 1973 3049 in
1997 2997 2111 3052 huic

521 3084 688 3140 verba
719 3085 984 3141 orationis
1013 3087 1334 3158 prorumpit.
1360 3087 1562 3141 Curvat
1584 3097 1763 3141 autem
1793 3102 1988 3158 genua,
2017 3101 2110 3141 ex-

519 3181 704 3251 pandit
735 3197 952 3248 manus,
991 3191 1046 3238 et
1073 3182 1460 3253 funditpreces
1497 3183 1553 3238 in
1585 3193 1828 3254 tempore
1857 3183 2105 3239 sacriﬁcii

2221 1970 2474 2040 fugientes
2518 1969 2968 2040 coinquinatioues
3010 1967 3216 2031 mundi,
3263 1975 3370 2020 etc.
3405 1965 3486 2038 (Il
3535 1965 3680 2020 Petr.
3725 1967 3816 2038 tt).

2289 2064 2454 2119 Vsus.
2481 2063 2535 2117 9.
2557 2093 2629 2102 —
2654 2061 2774 2133 Ipse
2799 2073 2893 2116 est.
2922 2061 3090 2131 (BEDA
3125 2061 3212 2114 ubi
3241 2062 3449 2131 supra.)
3477 2060 3578 2128 Qui
3607 2062 3675 2116 ab
3706 2059 3818 2116 He-

2215 2157 2376 2212 brmis
2420 2155 2632 2218 Casleu,
2679 2175 2708 2212 a
2755 2159 3014 2212 Romanis
3040 2167 3265 2213 vocatur
3307 2157 3628 2221 December,
3675 2167 3812 2221 etc.,

2185 2237 2377 2322 'usque
2422 2251 2492 2306 ad
2541 2269 2648 2322 qua
2689 2262 2804 2307 arte
2855 2254 3084 2308 adversa
3127 2268 3246 2322 quae
3285 2255 3527 2308 exterius
3583 2263 3817 2324 propter

2214 2354 2436 2414 peccata
2465 2346 2782 2412 desieviunt,
2816 2357 2909 2400 aut
2936 2347 3160 2410 evitent,
3194 2355 3288 2401 aut
3315 2353 3588 2416 separent.

2287 2437 2354 2492 Et
2383 2439 2515 2492 sedit
2563 2440 2730 2492 omnis
2784 2438 3028 2508 populus.
3054 2439 3176 2511 (In.,
3220 2436 3372 2510 ibid.)
3417 2438 3471 2492 id
3510 2447 3615 2502 est,
3657 2437 3812 2493 circa

2215 2529 2415 2583 atrium
2446 2531 2785 2584 sacerdotum
2813 2545 2921 2600 quo
2964 2531 3080 2599 ipsa
3109 2531 3301 2584 domus
3338 2529 3578 2599 undique
3616 2531 3810 2601 cinge-

2212 2621 2394 2684 batur,
2427 2622 2632 2676 habens
2661 2622 2806 2675 circa
2857 2637 2914 2676 se
2956 2637 3022 2676 ex
3049 2622 3195 2676 onmi
3231 2632 3387 2692 parte
3415 2638 3511 2695 per
3535 2622 3811 2692 quadrum

2212 2715 2356 2769 aedes
2382 2713 2645 2770 atriorum
2670 2715 3050 2785 amplissimas,
3084 2716 3135 2770 in
3162 2716 3360 2785 quibus
3389 2717 3549 2772 etiam
3577 2716 3814 2787 populus

2212 2805 2427 2875 quando
2466 2821 2564 2873 pro
2597 2805 2776 2875 pluvia
2823 2821 2961 2875 opus
3004 2814 3142 2870 erat,
3188 2814 3334 2860 stare
3359 2815 3594 2877 poterat,
3632 2817 3686 2861 et
3727 2808 3810 2861 vi-

2213 2900 2339 2953 dere
2369 2913 2433 2952 ea
2470 2913 2589 2966 qua:
2629 2897 2681 2951 in
2720 2898 2904 2968 templi
2938 2896 3120 2963 januis
3157 2897 3503 2969 gerebantur,
3539 2899 3622 2954 vel
3655 2900 3806 2955 circa

2213 2988 2472 3058 templqu
2501 3007 2513 3041 ί
2546 2989 2818 3044 habebant
2859 2989 3005 3043 enim
3049 2990 3338 3046 interiores
3372 2991 3609 3062 parietes
3645 2991 3806 3062 juxta

2212 3089 2416 3134 terram
2449 3081 2502 3135 in
2527 3080 2799 3136 columnis
2821 3080 2994 3136 factos
3034 3083 3341 3138 exteriores
3365 3083 3583 3139 solidos.

2285 3173 2448 3228 Vens.
2488 3172 2574 3228 10.
2598 3172 2763 3227 —Et
2809 3173 3036 3228 surrexit
3080 3173 3302 3231 Esdras.
3337 3175 3462 3247 (In.,
3495 3175 3648 3247 ibid.)
3705 3175 3806 3232 Hic

519 3277 834 3346 vespertini,
893 3277 1073 3333 sciens
1115 3292 1235 3332 esse
1282 3279 1489 3347 gratius
1531 3279 1674 3347 quod
1718 3277 1779 3332 ﬁt
1824 3278 1876 3331 in
1915 3277 2108 3346 spiritu
2136 3281 2180 3344 c
2213 3265 2364 3322 locus
2402 3266 2714 3337 respondet:
2752 3274 2884 3333 θίαν
2929 3284 3092 3339 usque
3131 3268 3202 3321 αά
3229 3276 3286 3323 ει
3327 3268 3470 3324 fama
3515 3271 3712 3325 ῐηοτίιο
3753 3271 3804 3324 in

521 3368 848 3425 humilitatis
889 3379 944 3426 et
983 3370 1037 3424 in
1068 3370 1251 3426 animo
1281 3371 1540 3437 contrito,
1571 3386 1736 3442 quam
1757 3371 1902 3440 quod
1930 3370 2110 3426 carni-

520 3459 620 3516 bus
642 3469 699 3517 et
727 3461 988 3533 sanguine
1013 3463 1281 3534 pecudum
1308 3460 1551 3519 offertur.

1147 3621 1370 3679 CAPUT
1410 3621 1479 3676 Χ.

592 3734 755 3791 Vsus.
784 3736 836 3789 1.
861 3764 934 3775 —
955 3732 1043 3789 Sic
1075 3750 1196 3805 ergo
1227 3743 1411 3788 orante
1446 3733 1645 3800 Esdra,
1696 3744 1744 3789 et
1794 3733 2107 3805 implorante

521 3828 688 3882 Deum
759 3837 805 3882 et
839 3826 1184 3896 'flente.......
1259 3824 1432 3880 Flevit
1488 3826 1732 3896 populus.
1800 3825 1987 3897 (BEDA
2051 3827 2108 3880 in

520 3919 772 3982 Esdram,
817 3926 945 3972 tom.
977 3917 1042 3971 ll.
1070 3917 1089 3987 )
1119 3916 1222 3984 Qui
1267 3917 1474 3972 scilicet
1518 3927 1900 3988 peccaverunt,
1938 3918 2108 3988 paeni-

521 4009 746 4064 tentiam
777 4016 1021 4079 agentes,
1062 4008 1150 4062 vel
1175 4008 1266 4076 qui
1299 4008 1353 4062 in
1388 4008 1641 4064 castitate
1663 4019 2102 4078 permanserant,

519 4103 586 4158 de
626 4117 755 4157 casu
788 4100 1019 4156 fratrum
1051 4100 1321 4167 dolentes,
1347 4110 1478 4166 etc.,
1512 4118 1674 4172 usque
1695 4101 1764 4155 ad
1791 4100 1945 4156 Nunc
1975 4116 2104 4156 vero

516 4198 680 4252 etiam
713 4197 816 4267 ipsi
847 4197 939 4268 qui
980 4205 1344 4268 peccaverunt
1371 4212 1494 4252 cum
1528 4198 1785 4254 uxoribus
1811 4198 1925 4253 suis
1961 4207 2018 4254 et
2039 4197 2104 4252 li-

516 4289 684 4355 beris,
709 4290 1086 4360 paenitentiam
1113 4289 1287 4344 acturi
1313 4301 1700 4345 convenerunt.

593 4381 665 4434 De
713 4382 838 4451 ﬁlis
894 4381 1102 4436 .Elam.
1157 4380 1313 4436 Hunc
1366 4382 1500 4437 dicit
1549 4381 1818 4454 Josepbus
1866 4382 2102 4452 primum

516 4473 681 4527 fuisse
727 4471 1263 4544 Jerosolymitarum,
1313 4472 1406 4542 qui
1455 4480 1514 4526 ut
1559 4474 1856 4544 principem
1911 4473 2098 4536 decet,

515 4565 754 4620 maxima
795 4565 1120 4620 auctoritate
1163 4578 1291 4619 mox
1339 4564 1692 4620 intentionem
1730 4565 1914 4620 Esdra!
1936 4564 2094 4634 juva-

2211 3358 2476 3412 memoria
2529 3365 2841 3425 teneretur,
2889 3372 2954 3413 ac
3004 3359 3238 3426 posteris
3295 3359 3566 3414 noscenda
3623 3360 3807 3415 trade-

2213 3464 2307 3504 reu
2316 3465 2370 3503 ιιι
2378 3465 2422 3503 l'.

2282 3539 2448 3596 Vens.
2478 3540 2566 3596 16.
2597 3572 2669 3582 -
2698 3541 2765 3596 Et
2803 3542 3048 3598 sederunt
3085 3544 3141 3597 in
3162 3543 3266 3597 die.
3294 3541 3417 3614 (In.,
3461 3543 3617 3615 ibid.-)
3663 3542 3804 3599 Nota

2209 3648 2496 3688 numerum
2533 3633 2831 3689 ternarium
2869 3649 2990 3690 esse
3030 3635 3342 3706 mysticum,
3366 3643 3494 3698 etc.,
3529 3651 3692 3706 usque
3731 3634 3805 3690 ad

2209 3727 2353 3797 quod
2373 3730 2536 3782 etiam
2560 3741 2658 3783 nos
2689 3727 2943 3783 omnibus
2969 3727 3124 3782 annis
3149 3726 3202 3781 in
3226 3725 3641 3797 quadragesima
3673 3742 3804 3796 pas-

2209 3821 2325 3876 cha:
2387 3821 2626 3891 oportuit
2681 3821 2917 3886 imitari,
2969 3820 3208 3876 instante
3250 3820 3464 3876 scilicet
3514 3819 3802 3876 Dominica

2211 3912 2647 3976 resurrectionis,
2674 3913 2986 3966 mandemus
3013 3929 3106 3966 nos
3130 3912 3194 3966 ab
3240 3913 3380 3966 omni
3403 3912 3801 3982 inquinamenta

2207 4005 2383 4059 carnis
2418 4015 2464 4059 et
2509 4006 2743 4076 spiritus,
2803 4016 2859 4059 ut
2919 4007 3202 4077 participes
3249 4006 3644 4060 resurrectionis
3691 4023 3802 4061 esse

2207 4098 2478 4154 valeamus
2509 4099 2594 4170 (II
2625 4099 2748 4155 Cor.
2781 4101 2901 4172 vn).
2971 4124 2976 4127 ·

2275 4190 2343 4244 Et
2396 4193 2586 4247 inuenti
2629 4202 2770 4247 sunt.
2806 4192 2932 4264 (In.,
2959 4193 3112 4265 ibid.)
3157 4194 3361 4265 Aptant
3405 4193 3618 4252 Hebrazi
3662 4196 3797 4252 huic

2205 4283 2344 4350 loco,
2370 4297 2500 4350 etc.,
2535 4303 2698 4358 usque
2718 4286 2787 4340 ad
2827 4285 2933 4341 Sed
2963 4287 3279 4342 intuendum
3307 4287 3447 4357 quod
3475 4303 3583 4343 non
3607 4290 3804 4344 scribit

2203 4377 2404 4432 Esdras
2459 4377 2642 4434 Jesum
2713 4379 3066 4451 alienigenam
3124 4380 3346 4437 duxisse
3400 4397 3648 4451 uxorem,
3701 4385 3801 4438 sed

2202 4472 2464 4541 quosdam
2496 4473 2564 4528 de
2593 4472 2718 4528 ﬁliis
2743 4483 2798 4528 et
2832 4473 3095 4530 fratribus
3124 4476 3256 4539 suis,
3285 4485 3398 4532 etc.

2273 4565 2438 4621 Vsus.
2484 4568 2570 4622 18.
2598 4599 2670 4607 -
2696 4567 2760 4622 Et
2800 4568 2994 4638 fratres
3025 4569 3162 4638 ejus.
3206 4569 3329 4640 (ln.,
3359 4570 3515 4643 ibid.)
3557 4570 3796 4639 Cognati

513 4655 629 4719 bat,
659 4653 915 4724 populum
951 4669 1134 4708 secum
1168 4669 1425 4724 peccasse
1459 4655 1786 4722 conﬁtendo,
1830 4664 1885 4711 et
1919 4655 2094 4726 pami-
2123 4649 2176 4710 D
2204 4658 2433 4726 scilicet,
2467 4675 2572 4714 non
2597 4659 2742 4715 enim
2772 4660 2970 4716 fratres
3003 4660 3122 4730 ejus
3149 4663 3394 4732 germani
3424 4663 3478 4718 in
3507 4678 3676 4718 carne
3702 4679 3800 4718 ea-

517 4747 738 4802 tentiam
768 4747 1042 4802 suadendo
1063 4745 1288 4816 abjectis
1311 4749 1572 4804 uxoribus
1606 4749 1944 4821 alienigenis,
1971 4765 2096 4807 cum

511 4837 698 4895 liberis
729 4840 858 4894 suis.

581 4930 652 4984 Et
682 4947 820 4986 nunc
857 4931 903 4985 si
929 4940 1004 4985 est
1041 4932 1346 5002 paenitentia
1374 4933 1428 4986 in
1455 4930 1648 4987 Israel.
1678 4931 1816 4998 Quia
1853 4933 1900 4987 si
1928 4947 2097 5002 popu-

510 5025 623 5081 lum
661 5026 820 5095 hujus
843 5027 1049 5097 peccati
1088 5026 1324 5097 perfecte
1349 5027 1594 5098 poenitet,
1640 5027 1815 5096 primo
1847 5027 2096 5083 conversi

512 5118 582 5172 ad
609 5117 916 5185 Dominum,
945 5120 1340 5175 correctionem
1365 5119 1770 5190 promittamus,
1794 5128 1850 5174 et
1878 5120 2095 5174 veniam

511 5213 879 5283 postulemus;
903 5215 1096 5270 deinde
1136 5214 1202 5270 ad
1238 5229 1337 5270 nos
1378 5216 1603 5281 reversi,
1633 5229 1848 5271 omnem
1885 5214 2096 5286 peccati

516 5303 756 5358 radicem
795 5307 1158 5376 exstirpemus
1204 5314 1259 5359 et
1299 5303 1571 5371 fruticem,
1606 5304 1813 5374 ejectis,
1865 5307 2091 5374 scilicet,

513 5396 775 5452 uxoribus
800 5412 924 5453 cum
949 5397 1098 5454 omni
1140 5396 1325 5454 sobole
1353 5415 1364 5450 :
1393 5391 1494 5454 hoc
1539 5407 1622 5454 est
1649 5401 1792 5456 enim
1829 5401 2095 5458 veraciter

2205 4759 2362 4807 tenus
2420 4753 2625 4816 vivere,
2677 4761 2734 4806 et
2780 4754 3044 4824 voluptati
3075 4770 3310 4825 cperam
3346 4755 3476 4811 dare
3516 4765 3794 4826 poterant,

2202 4857 2324 4896 cum
2363 4851 2580 4896 centum
2633 4843 2759 4897 anni
2809 4852 2864 4898 et
2907 4844 3137 4915 amplius
3174 4853 3356 4900 essent
3403 4847 3684 4911 transacti,
3724 4862 3798 4902 cx

2202 4949 2311 5003 quo
2351 4933 2526 4998 Cyrus
2563 4950 2790 5005 regnare
2840 4935 3127 5006 incipiens,
3169 4935 3353 4992 Iesum
3393 4946 3448 4994 et
3489 4937 3794 4993 Zorobabel

2204 5043 2327 5083 cum
2372 5029 2844 5098 transmigratione
2889 5029 3025 5085 Jnda
3075 5039 3127 5084 et
3167 5031 3471 5102 Benjamin,
3528 5030 3596 5085 ad
3654 5045 3793 5085 con-

2203 5121 2515 5176 struendum
2544 5119 2764 5175 domum
2796 5121 3030 5186 Domini,
3057 5120 3448 5192 Jerosolymam
3485 5121 3718 5176 remisit.

2277 5211 2439 5266 Vens.
2485 5211 2569 5267 l9.
2598 5243 2666 5252 —
2690 5211 2758 5264 Et
2805 5212 3079 5277 dederunt,
3109 5225 3219 5269 etc.
3261 5213 3383 5284 (In.,
3426 5211 3580 5283 ibid.)
3604 5211 3793 5266 Primo

2201 5321 2400 5362 uxores
2434 5305 2649 5361 illicitas
2691 5305 2973 5377 abjiciunt,
3000 5317 3131 5374 etc.,
3159 5322 3322 5378 usque
3355 5305 3425 5361 ad
3459 5305 3685 5376 dignum
3715 5303 3795 5359 fa-

2201 5402 2314 5458 ciat
2340 5408 2600 5473 perpetua
2621 5399 2875 5456 mercede
2899 5399 2955 5456 in
2983 5399 3160 5457 oculis.
