4122 6350
574 454 683 513 τις

1071 448 1465 507 WALAFRIDI
1502 445 1753 503 STRABI
1784 443 1989 501 FULD.
2032 442 2199 499 MON.
2237 440 2393 499 OPP.
2430 439 2613 496 PARS
2648 439 2690 495 Ι.
2727 467 2796 479 -
2835 431 3292 492 THEOLOGICA.

3720 426 3835 482 ’116

575 569 897 639 Diospolim,
918 568 973 623 id
1001 575 1105 630 est,
1132 564 1393 636 Lyddam,
1418 561 1648 617 vicinior
1672 560 1807 616 mari
1838 559 1983 615 inter
2009 573 2146 613 cun-
2173 560 2227 622 Α
2249 553 2439 621 salem,
2467 564 2597 620 etc.,
2629 570 2790 624 usque
2815 552 2883 607 ad
2904 558 2967 606 ut
2989 549 3173 639 omnia
3201 563 3233 603 a
3271 562 3332 603 se
3363 544 3563 639 rudera
3594 542 3841 639 actionis

574 668 694 719 etas
731 659 848 714 vias
888 655 1215 720 Jerusalem;
1251 668 1372 724 quae
1399 666 1542 707 nunc
1571 655 1727 720 porta
1771 646 1939 704 David
1978 647 2150 702 fertur

578 751 856 825 appellari,
904 756 960 804 et
1005 762 1126 803 esse
1164 745 1340 815 prima
1387 751 1664 814 portarum
1705 740 1773 797 ad
1814 739 2149 796 occidentem

578 842 778 899 montis
833 837 986 896 Sion.
1052 836 1189 891 Huic
1238 834 1479 904 opinioni
1543 832 1852 889 consentire
1896 831 2150 887 videntur

578 931 755 988 Verba
802 930 1030 993 dierum,
1072 926 1162 981 ubi
1191 926 1452 995 scriptum
1492 933 1578 979 est
1626 924 1692 979 de
1742 922 1989 978 Manasse
2024 933 2151 992 rege

576 1020 713 1077 Juda
737 1038 749 1072 :
782 1017 907 1073 Post
921 1017 1019 1070 hoc
1044 1015 1323 1085 aediﬁcavit
1348 1030 1558 1069 murum
1579 1022 1729 1069 extra
1756 1013 2016 1069 civitatem
2040 1010 2149 1067 Da-

575 1110 684 1177 vid,
722 1118 826 1164 etc.
851 1105 937 1181 (11
964 1105 1096 1161 Par.
1121 1103 1245 1175 ιιι.)

646 1198 826 1272 (830.,
871 1194 1022 1270 ibid.)
1052 1194 1253 1268 Typice
1287 1200 1499 1260 autem,
1540 1193 1682 1249 sicut
1706 1207 1839 1265 grex
1877 1189 2153 1263 signiﬁcat

573 1290 791 1350 Domini
841 1289 1057 1355 ﬁdeles,
1097 1296 1231 1354 etc.,
1273 1302 1437 1359 usque
1487 1285 1558 1340 ad
1592 1281 1923 1354 temporibus
1968 1290 2152 1338 autem

574 1384 822 1441 Ezechiae
861 1380 1191 1453 duplicatum
1238 1377 1407 1433 fuisse
1443 1392 1657 1432 murum
1701 1375 1939 1431 civitatis
1974 1372 2167 1441 Verba,

575 1476 785 1531 dierum
817 1473 899 1528 sic
934 1471 1265 1527 ostendunt:
1292 1468 1600 1539 rEdiﬁcavit
1640 1485 1842 1539 quoque
1878 1483 2036 1540 agens
2075 1468 2156 1523 in»

574 1569 775 1625 dustria
801 1584 1003 1624 omnem
1032 1583 1264 1632 murum,
1286 1572 1391 1620 etc.
1418 1562 1503 1634 (11
1532 1562 1660 1617 Par.
1685 1559 1867 1631 nul.)

646 1660 848 1732 Typiee
885 1665 1067 1714 autem
1117 1658 1218 1713 iste
1266 1655 1573 1727 Sophonias
1594 1666 1783 1709 vocem
1820 1650 2073 1708 clamoris
2120 1666 2152 1706 a

572 1760 728 1820 porta
766 1750 997 1821 piscium
1033 1756 1089 1803 et
1135 1746 1400 1801 ululatum
1439 1744 1697 1800 audivita
1721 1742 1957 1798 secunda
1986 1739 2154 1813 :quia

576 1844 643 1898 ab
668 1844 913 1898 hostibus
939 1851 1225 1911 utramque
1270 1838 1624 1909 dejicieudam
1658 1836 2037 1908 praecognovit.
2063 1835 2155 1891 Fi-

2251 648 2426 704 noxim
2453 646 2659 701 inutilis
2703 640 2991 700 locutionis
3018 648 3075 695 et
3105 637 3271 694 etiam
3307 633 3590 705 superﬂuat
3617 633 3839 705 cogita-

2251 740 2416 796 tionis
2433 739 2480 808 ej
2490 738 2671 793 iciaut.

2319 831 2485 887 Vens.
2522 829 2607 883 15.
2642 857 2710 867 ——
2738 825 2807 880 Et
2835 832 3041 895 portam
3089 821 3249 892 fontis
3305 817 3583 888 aediﬁcavit
3621 814 3841 871 Sellum

2248 924 2412 995 ﬁlius,
2438 928 2543 978 etc.
2575 920 2697 994 (lu.,
2729 918 2881 989 ibid.)
2906 917 3143 972 Narrant
3167 914 3478 985 scriptores,
3510 923 3637 976 etc.,
3665 925 3847 980 usque

2250 1016 2320 1072 ad
2350 1013 2546 1088 gradus
2587 1012 2754 1083 ipsius
2780 1009 3037 1066 Ecclesiae
3083 1006 3435 1063 incrementis
3477 1012 3535 1058 et
3568 1001 3845 1074 profecti-

2250 1108 2354 1165 bus
2399 1108 2663 1163 bonorum
2701 1111 2949 1177 operum,
2992 1115 3117 1173 quae
3139 1112 3239 1170 per
3281 1096 3643 1153 humilitatem
3696 1095 3847 1149 ﬁunt

2250 1215 2592 1270 comparans.

2320 1286 2399 1346 De
2423 1289 2629 1344 civitate
2667 1284 2837 1342 David
2864 1326 2880 1354 ,
2928 1292 3034 1340 etc.
3064 1279 3271 1337 Civitas
3322 1274 3493 1333 David
3528 1274 3687 1346 juxta
3741 1273 3843 1329 lit-

2254 1392 2429 1439 teram
2474 1396 2629 1437 mons
2681 1377 2810 1435 Sion
2870 1364 3191 1448 appellatur,
3241 1371 3336 1443 qui
3381 1385 3413 1425 a
3451 1367 3678 1424 meridie
3740 1380 3848 1439 po-

2254 1472 2391 1529 situs
2444 1486 2543 1542 pro
2588 1483 2712 1525 arce
2759 1462 2881 1523 urbi
2932 1463 3332 1538 supereminet,
3379 1466 3436 1516 et
3490 1458 3664 1530 major
3710 1474 3847 1529 pars
3912 1470 3925 1485 ’

2254 1563 2488 1620 civitatis
2525 1560 2662 1617 infra
2703 1562 2939 1617 montem
2974 1555 3123 1626 jacet
3164 1554 3219 1610 iu
3259 1546 3481 1626 planitie
3530 1551 3849 1607 humilioris

2254 1654 2407 1712 collis
2460 1656 2582 1712 sita.
2641 1654 2796 1712 Unde
2852 1654 2907 1711 in
2960 1652 3099 1709 libro
3149 1646 3355 1722 Regum
3411 1668 3425 1704 :
3475 1636 3621 1719 Cepit
3658 1658 3849 1701 autem

2259 1745 2425 1802 David
2454 1764 2624 1802 arcem
2656 1744 2810 1813 Sion,
2838 1746 2948 1801 Iure
2980 1753 3053 1800 est
3081 1743 3265 1798 civitas
3284 1740 3458 1796 David
3484 1740 3535 1814 (1
3542 1739 3572 1796 Ι
3601 1738 3733 1812 Reg.
3763 1740 3844 1813 v).

2254 1839 2323 1894 Et
2368 1839 2528 1910 paulo
2576 1846 2739 1910 post:
2772 1836 3040 1893 Habitavit
3083 1844 3260 1890 autem
3299 1832 3473 1889 David
3515 1832 3569 1887 in
3615 1849 3766 1900 arce,
3795 1841 3847 1887 et

572 1934 695 1989 dem
721 1932 865 1987 enim
906 1938 961 1986 et
979 1945 1144 2001 opera
1172 1930 1453 1985 doctorum
1480 1945 1577 2000 per
1596 1944 1716 1999 quae
1743 1929 1812 1984 ab
1841 1928 2001 1983 undis
2025 1926 2150 1985 vitae
2176 1934 2229 1997 Β
2251 1936 2449 1992 vocavit
2484 1951 2601 1990 eam
2626 1935 2887 1990 civitatem
2913 1930 3085 1987 David
3122 1928 3334 2003 (Ibid).

571 2016 938 2093 corruptibilis
977 2030 1204 2078 caeteros
1243 2023 1381 2087 erui,
1407 2030 1464 2077 et
1500 2020 1557 2075 in
1606 2019 1905 2077 Ecclesiam
1934 2028 2149 2089 oporte-

568 2117 665 2172 bat
716 2114 917 2181 induci,
954 2114 1090 2170 vidit
1133 2112 1331 2169 diaholi
1383 2112 1598 2168 insidiis
1642 2121 1800 2168 terrae
1844 2125 1966 2168 esse
2011 2119 2151 2167 ster-

570 2205 768 2272 nenda,
799 2204 855 2261 id
880 2212 986 2271 est,
1020 2219 1118 2276 per
1142 2202 1441 2275 appetitum
1468 2210 1699 2259 terrenae
1722 2202 2013 2273 voluptatis
2038 2216 2151 2257 cat-

567 2296 795 2354 lestibus
818 2296 1028 2368 gaudiis
1051 2308 1172 2350 esse
1198 2288 1509 2365 privandos.
1535 2292 1683 2349 Bene
1701 2306 1885 2352 autem
1907 2292 1976 2349 ab
2002 2300 2152 2368 utra-

568 2403 677 2461 que
705 2365 883 2459 porta,
919 2385 1117 2457 prima,
1148 2385 1378 2451 scilicet,
1421 2392 1476 2441 et
1511 2385 1773 2451 secunda,
1820 2383 2064 2440 interiori
2095 2365 2152 2438 et

567 2482 848 2548 exteriori,
884 2494 1073 2536 vocem
1117 2479 1371 2536 clamoris
1392 2484 1447 2534 et
1474 2477 1712 2533 ululatus
1746 2475 1992 2532 audivit:
2024 2475 2150 2547 quia

567 2575 809 2630 exterius
837 2587 1023 2644 opera,
1063 2582 1120 2628 et
1164 2570 1311 2626 intus
1345 2571 1511 2626 corda
1546 2567 1759 2625 diabolo
1800 2568 2149 2637 impugnante

567 2667 703 2723 vidit
740 2665 1121 2722 subvertenda.
1169 2660 1277 2718 Sed
1306 2663 1434 2733 quia
1468 2662 1733 2717 Dominus
1759 2661 1921 2733 erigit
1961 2659 2147 2728 elisos,

569 2754 860 2811 Nehemias
900 2762 1112 2824 portam
1159 2750 1389 2822 piscium
1421 2760 1545 2822 post
1579 2750 1792 2805 ruinam
1830 2758 2020 2804 narrat
2061 2749 2146 2803 in-

569 2853 868 2903 stauratam
900 2844 1069 2915 :quia
1114 2841 1161 2899 si
1205 2841 1373 2913 aliqui
1413 2840 1830 2911 prmdicatorum
1876 2840 2148 2911 peccando

569 2936 898 3001 corrueriut,
934 2946 1044 2990 non
1076 2932 1304 2989 deerunt
1332 2947 1505 3002 usque
1539 2932 1603 2985 iu‘
1626 2930 1787 2987 ﬁnem
1816 2930 2018 2997 saeculi,
2052 2930 2147 3002 qui

570 3027 924 3086 succedentes
941 3033 1126 3096 portas
1146 3022 1373 3092 iustitia:
1392 3022 1622 3078 Domino
1650 3021 1940 3092 adjuvante
1975 3020 2148 3078 ﬁdeli-

569 3120 670 3176 bus
699 3120 835 3176 bene
854 3118 1082 3173 viveudo
1106 3124 1159 3171 et
1182 3114 1526 3187 praedicando
1557 3114 1824 3187 aperiant.

639 3210 755 3283 Ipsi
780 3216 1037 3267 texerunt.
1062 3206 1184 3282 (In,
1207 3207 1360 3280 ibid.)
1397 3204 1497 3263 Hic
1523 3221 1716 3263 versus
1740 3206 1905 3261 etiam
1934 3206 2001 3261 de
2037 3221 2146 3263 cae-

2324 2026 2488 2083 Vsns.
2505 2025 2592 2080 16.
2608 2056 2678 2065 -
2693 2023 3000 2093 ίΕάὶῙὶεαυὶι
3027 2008 3308 2076 Nehemias
3329 2016 3473 2088 ﬁlius
3496 2012 3716 2081 Asboth,
3732 2025 3845 2071 etc.

2254 2112 2443 2189 (BEDA,
2484 2117 2571 2171 ubi
2608 2114 2825 2187 supra.)
2852 2110 2981 2169 Post
3010 2122 3221 2184 portam
3248 2109 3414 2167 fontis
3454 2116 3511 2164 et
3545 2122 3737 2163 muros
3766 2107 3851 2177 pi-

2252 2207 2416 2263 scium
2462 2205 2634 2274 Siloe,
2665 2214 2796 2272 etc.,
2825 2221 2984 2276 usque
3024 2200 3096 2257 ad
3135 2206 3191 2258 et
3237 2200 3304 2257 ad
3357 2214 3584 2272 regnum
3619 2197 3852 2255 emleste

2252 2316 2477 2359 ascensu
2484 2315 2572 2356 I‘OS
2596 2306 2947 2372 cognoscant.

2323 2390 2519 2447 Contra
2547 2389 2843 2462 sepulcrum
2869 2387 3065 2455 David,
3099 2395 3208 2444 etc.
3240 2382 3367 2461 (10.,
3396 2384 3551 2457 ibid.)
3573 2382 3711 2441 Nota
3748 2384 3853 2441 Da-

2232 2486 2341 2544 vid
2355 2500 2462 2542 non
2480 2484 2887 2550 iuBethlehem,
2910 2488 2971 2538 ut
2996 2481 3216 2553 quidam
3248 2489 3461 2553 putant,
3490 2481 3582 2535 sed
3610 2478 3664 2534 in
3686 2476 3852 2535 Jeru-

2253 2581 2422 2638 salem
2450 2595 2570 2636 esse
2611 2578 2879 2649 sepultum
2925 2586 3072 2633 certa
3114 2574 3326 2631 ratione
3367 2573 3633 2647 mysterii.
3687 2571 3853 2629 Sicut

2250 2674 2396 2730 enim
2418 2674 2470 2729 in
2486 2671 2799 2727 Bethlehem
2824 2679 2984 2725 natus
3004 2679 3061 2724 et
3086 2668 3139 2723 in
3158 2682 3341 2737 regem
3355 2676 3551 2723 unctus
3564 2662 3851 2720 Christum

2252 2765 2449 2821 ibidem
2480 2763 2817 2819 nasciturum
2845 2762 2910 2817 de
2947 2777 3045 2816 suo
3074 2761 3300 2826 semine,
3340 2768 3397 2815 et
3434 2774 3465 2813 a
3512 2757 3687 2828 magis
3738 2756 3849 2812 sub

2249 2871 2480 2926 persona
2512 2855 2656 2926 regis
2686 2854 3020 2909 adorandum
3044 2850 3326 2925 ﬁguravit;
3359 2851 3432 2907 ita
3460 2852 3512 2906 in
3534 2848 3846 2905 Jerusalem

2251 2946 2537 3004 defunctus
2556 2954 2614 3001 et
2639 2945 2882 3016 sepultus
2909 2946 3086 3015 ipsum
3129 2945 3183 3000 in
3211 2943 3404 2999 eadem
3449 2942 3673 2998 civitate
3708 2954 3846 3013 pas-

2250 3054 2437 3095 surum
2476 3055 2542 3095 ac
2577 3037 2973 3109 sepeliendum.

2320 3131 2404 3186 Ad
2427 3132 2707 3203 piscinam,
2723 3138 2822 3184 etc.
2847 3127 2970 3201 (lu.,
2993 3126 3149 3199 ibid.)
3174 3125 3471 3191 Piscinam,
3496 3123 3849 3194 Scriptura.

2252 3222 2457 3280 scilicet
2488 3220 2748 3284 divinam,
2780 3228 2909 3284 etc.,
2943 3234 3105 3289 usque
3127 3220 3195 3272 ad
3229 3226 3285 3274 et
3308 3214 3354 3273 si
3379 3216 3551 3275 hostis
3582 3217 3851 3288 antiquus

570 3305 705 3362 teris
741 3303 934 3375 portis,
963 3312 1096 3368 etc.,
1123 3316 1285 3372 usque
1327 3298 1396 3353 ad
1437 3300 1530 3370 qui
1557 3296 1677 3369 plus
1721 3296 1950 3368 periculi
1992 3296 2149 3353 nobis

2253 3310 2458 3371 fontem
2488 3313 2644 3369 nobis
2686 3311 2972 3369 abstulerit
2997 3312 3151 3368 verbi
3180 3312 3305 3380 Dei,
3355 3312 3614 3369 continuo
3646 3312 3705 3367 in
3749 3326 3850 3366 ar-

566 3395 837 3453 laudando
856 3390 1107 3460 merant,
1139 3406 1302 3464 quam
1323 3390 1579 3448 salutaris
1599 3388 1916 3446 adminiculi
1942 3402 1974 3444 a
1995 3389 2151 3446 nobis

567 3488 807 3548 videndo
835 3486 1093 3543 referant.

637 3579 802 3638 Vsus.
833 3579 886 3636 ϐ.
910 3578 1083 3634 -Δὰ
1108 3586 1316 3650 partem
1334 3582 1576 3634 veterem.
1603 3573 1681 3631 De
1708 3584 1817 3645 qua
1845 3572 2153 3631 dicitloau-

566 3689 665 3732 nes
689 3691 705 3728 :
732 3670 1062 3734 Chariuinti,
1105 3684 1209 3723 non
1232 3667 1541 3723 mandatum
1566 3681 1755 3721 novum
1780 3663 1950 3719 scribo
1984 3663 2147 3731 vobis,

566 3765 658 3822 sed
677 3773 818 3820 vetus
836 3762 979 3830 quod
999 3760 1256 3815 habuistis
1279 3760 1343 3813 ab
1370 3760 1521 3814 initio
1546 3755 1600 3831 (Ι
1623 3757 1784 3812 Joan.
1813 3756 1897 3830 ιι).
1923 3748 2152 3810 Manda-

568 3865 680 3909 tum
703 3863 847 3908 vetus
875 3862 951 3907 est
980 3851 1187 3906 verbum
1207 3849 1348 3920 quod
1371 3850 1615 3903 audistis.
1643 3848 1806 3903 Porta
1830 3860 1960 3904 vero
1997 3856 2151 3903 vetus

568 3942 868 3999 aediﬁcatur
898 3942 953 3995 in
988 3938 1313 4003 Jerusalem,
1341 3952 1468 3993 cum
1506 3936 1735 3993 verbum
1780 3936 1907 3993 ﬁdei
1932 3944 1988 3991 et
2016 3935 2149 3991 dile-

568 4036 767 4093 ctionis
795 4034 939 4106 quod
960 4034 1029 4089 ab
1060 4033 1216 4089 initio
1245 4031 1501 4088 Ecclesiae
1525 4032 1781 4087 traditum
1810 4043 1913 4097 est,
1946 4032 2033 4087 vel
2061 4047 2150 4087 re-

569 4135 861 4201 cuperatur
904 4126 961 4182 in
1004 4124 1333 4192 errantibus,
1370 4120 1455 4179 vel
1480 4125 1535 4180 in
1586 4138 1761 4194 nuper
1800 4123 2148 4182 credentibus

568 4220 886 4280 instituitur.
1006 4294 1011 4299 ι

637 4315 805 4373 Vsus.
835 4314 892 4372 8.
913 4346 984 4357 —
1000 4314 1084 4371 Ad
1108 4333 1336 4372 murum.
1354 4314 1694 4371 Firmitatem
1717 4314 1924 4371 scilicet
1950 4323 2008 4369 et
2027 4329 2146 4368 mu-

569 4410 868 4466 nimentum
909 4410 1161 4482 perfectae
1200 4410 1505 4466 dilectionis
1548 4410 1605 4465 iu
1651 4410 1904 4466 cordibus
1949 4410 2149 4465 electo-

524 4520 531 4523 ’
568 4520 714 4570 rum,
755 4504 821 4559 ad
851 4520 1013 4574 quam
1059 4506 1417 4561 instructores
1460 4503 1577 4573 ejus
1611 4503 1931 4560 aediﬁcando
1952 4518 2146 4574 perve-

566 4597 745 4663 niunt,
794 4613 917 4653 cum
960 4598 1015 4652 in
1060 4599 1314 4669 operibus
1355 4597 1638 4653 charilatis
1684 4596 2013 4668 proﬁciendo
2059 4596 2145 4651 di-

567 4694 700 4744 cunt
723 4706 736 4741 :
772 4684 924 4740 Viam
944 4687 1311 4742 mandatorum
1335 4697 1543 4742 tuorum
1565 4689 1797 4755 cucurri,
1819 4697 1926 4743 etc.
1970 4686 2143 4759 (Psal.

566 4776 781 4849 cxvm),
820 4776 944 4842 illa,
996 4777 1202 4833 scilicet
1251 4779 1564 4833 dilatatione
1604 4780 1799 4835 mentis
1836 4779 2145 4846 illustratat,

570 4887 688 4941 qua:
716 4879 771 4925 et
795 4870 1026 4925 amicum
1061 4870 1113 4925 in
1137 4870 1248 4927 Deo
1272 4880 1329 4927 et
1361 4871 1641 4928 inimicum
1671 4872 1903 4947 diligunt
1928 4881 2148 4944 propter

570 4962 761 5019 Deum.

639 5052 803 5110 Vsus.
838 5052 922 5108 l5.
948 5084 1018 5094 --
1040 5052 1111 5107 Et
1146 5064 1349 5125 portam
1382 5055 1552 5112 vallis.
1587 5055 1772 5129 (BEDA,
1808 5056 1898 5112 ubi
1940 5056 2147 5128 supra.)

570 5142 737 5200 Vallis
775 5142 1054 5215 Josaphat,
1085 5160 1204 5216 quae
1237 5154 1292 5201 et
1336 5146 1657 5212 Gehennon,
1702 5158 1830 5213 etc.,
1876 5160 2038 5219 usque
2078 5148 2148 5205 ad

568 5236 622 5292 id
647 5246 730 5292 est
755 5240 986 5295 humiles
1011 5240 1153 5297 dono
1182 5256 1430 5312 supernae
1467 5243 1799 5299 refectionis.

640 5326 711 5384 Et
736 5341 939 5402 portam
967 5332 1138 5389 vallis.
1169 5333 1296 5406 (lu.,
1324 5335 1479 5407 ibid.)
1510 5336 1656 5390 Bene
1678 5344 1801 5404 post
1823 5344 2034 5405 portam
2061 5353 2150 5394 ve-

571 5434 744 5480 terem
792 5434 847 5480 et
894 5442 1107 5483 murum
1147 5428 1354 5483 latioris
1402 5428 1595 5499 plateae
1644 5426 1944 5483 aediﬁcatur
1990 5438 2146 5499 porta

570 5516 745 5583 vallis,
780 5517 904 5587 quia
927 5527 1049 5588 post
1084 5520 1389 5575 rudimenta
1433 5518 1713 5573 catholicae
1742 5518 1863 5574 ﬁdei
1901 5536 2022 5589 quae
2050 5538 2147 5591 per

569 5612 913 5669 dilectionem
940 5623 1218 5684 cperatur,
1251 5626 1477 5668 necesse
1501 5621 1584 5666 est
1608 5619 1666 5667 ut
1691 5612 1970 5669 humilitas
1992 5615 2148 5672 nobis

568 5702 726 5772 quasi
750 5712 934 5761 custos
958 5704 1217 5761 virtutum
1248 5701 1479 5757 tenenda
1509 5701 1831 5767 insinuetur,
1858 5710 1919 5758 ut
1943 5714 2148 5773 quanto

570 5793 750 5866 magni
775 5809 983 5859 sumus,
1009 5793 1355 5850 humiliemhr
1380 5794 1433 5848 in
1461 5793 1730 5850 omnibus.

642 5881 711 5937 Et
733 5884 893 5939 mille.
932 5885 1052 5955 (lo.,
1085 5884 1237 5957 ibid.)
1259 5884 1462 5943 Ferunt
1489 5885 1614 5957 quia
1648 5884 1784 5942 situs
1819 5884 1967 5945 urbis
1988 5884 2148 5944 Jeru-

2255 3419 2374 3461 cem
2408 3402 2607 3458 mentis
2632 3400 2902 3472 irrumpit.

2324 3488 2488 3549 Vsus.
2520 3468 3125 3561 i9.—Et—wdiﬁcavit,
3151 3498 3257 3548 etc.
3309 3468 3458 3565 (im,
3506 3491 3672 3565 ibid.)
3723 3490 3846 3548 Hu-

2252 3598 2457 3655 cusque
2475 3584 2684 3655 primus
2707 3583 2944 3640 civitatis
2973 3599 3162 3639 murus
3182 3585 3505 3651 exstruitur,
3520 3591 3650 3651 etc.,
3673 3602 3848 3657 usque

2252 3676 2324 3732 ad
2352 3676 2408 3732 in
2435 3690 2545 3747 quo
2579 3675 2782 3731 interni
2816 3672 3030 3730 arbitrii
3057 3674 3244 3733 oculos
3268 3672 3626 3733 offendamus.

2323 3767 2521 3825 Contra
2546 3786 2847 3835 ascensum,
2875 3776 2981 3826 etc.
3016 3768 3117 3826 Hic
3142 3780 3226 3827 est
3256 3770 3505 3827 Christus
3531 3772 3623 3840 qui
3652 3770 3708 3826 in
3738 3771 3851 3828 ﬁde

2178 3920 2183 3925 _
2251 3876 2351 3918 sua
2392 3871 2448 3919 et
2492 3862 2781 3918 dilectione
2819 3860 3129 3919 Iudaeorum
3180 3864 3435 3936 populum
3483 3865 3750 3920 aduuavit
3786 3872 3849 3920 et

2252 3954 2493 4027 gentium
2526 3972 2539 4009 :
2566 3955 2709 4010 unde
2732 3953 2872 4025 lapis
2908 3955 3183 4026 augularis
3213 3957 3428 4011 dicitur.
3459 3954 3660 4013 Contra
3684 3957 3846 4028 cujus

2251 4060 2540 4102 ascensum
2596 4059 2853 4102 mensura
2903 4044 3141 4102 secunda
3192 4047 3513 4113 aediﬁcatur,
3568 4064 3693 4105 cum
3743 4063 3845 4119 per

2252 4137 2574 4193 munditiam
2616 4138 2719 4208 piae
2743 4139 3088 4211 cogitationis
3123 4140 3188 4194 ad
3224 4140 3489 4197 visionem
3518 4134 3636 4211 ejus
3667 4143 3845 4197 tendi-

2252 4245 2391 4296 mus,
2417 4244 2542 4285 cum
2582 4231 2746 4286 etiam
2793 4231 2846 4287 in
2880 4228 2982 4287 hac
3013 4232 3121 4286 vita
3150 4222 3348 4288 retenti
3389 4232 3584 4290 crebro
3612 4233 3843 4290 visionis

2251 4322 2369 4393 ejus
2397 4324 2667 4380 desiderio
2702 4325 3060 4397 suspiramus.
3089 4324 3410 4396 Sequuntur
3446 4326 3668 4397 plurimi
3694 4336 3841 4382 stru-

2250 4423 2462 4470 ctorum
2485 4414 2726 4482 ordines,
2756 4416 2848 4487 qui
2872 4432 3183 4475 mensuram
3213 4420 3505 4473 secundam
3538 4417 3841 4475 aediﬁcasse

2251 4512 2584 4561 narrantur:
2611 4507 2738 4576 quia
2776 4506 3015 4562 maxima
3048 4502 3304 4563 Ecclesiae
3330 4518 3605 4564 structura
3649 4517 3736 4563 est
3782 4507 3841 4563 in

2257 4598 2555 4653 munimine
2595 4598 2873 4655 interioris
2904 4600 3143 4667 virtutis,
3168 4617 3291 4658 cum
3328 4602 3537 4658 scilicet
3565 4602 3713 4659 omni
3744 4618 3841 4658 cu-

2253 4690 2425 4745 stodia
2468 4690 2740 4746 munimus
2782 4706 2877 4746 cor
2905 4704 3170 4757 nostrum,
3202 4695 3457 4765 quoniam
3484 4709 3551 4750 ex
3580 4696 3701 4765 ipso
3725 4696 3840 4751 vita

2254 4782 2519 4852 procedit.
2552 4781 2771 4856 Singula
2806 4800 2935 4841 vero
2962 4785 3029 4841 ad
3058 4784 3470 4858 intelligentiam
3498 4788 3841 4861 spiritualem

2257 4876 2470 4930 trahere
2498 4876 2661 4932 nimis
2694 4876 2910 4947 longum
2938 4886 3039 4933 est.

2323 4966 2487 5023 Vens.
2512 4966 2601 5022 26.
2626 4997 2693 5007 —
2716 4966 3006 5022 Nathinwi.
3052 4964 3315 5025 Dicuntur
3342 4969 3657 5027 Gabaonitae
3679 5012 3695 5037 ,
3738 4972 3840 5044 qui

2255 5056 2308 5112 in
2354 5057 2719 5112 ministerium
2773 5058 2964 5113 domus
2994 5057 3203 5114 Domini
3227 5058 3384 5131 juxta
3422 5062 3839 5133 dispositionem

2204 5232 2211 5237 .
2252 5146 2414 5204 Josue
2448 5149 2540 5203 ﬁlii
2568 5149 2687 5205 Nuu
2724 5150 2865 5206 ﬁdeli
2896 5150 3180 5207 devotione
3216 5152 3546 5209 serviebant.

2320 5238 2391 5295 In
2413 5239 2599 5310 Ophel.
2626 5241 2823 5313 (Βιω,
2862 5242 3018 5316 ibid.)
3064 5244 3254 5299 Turris
3297 5254 3551 5300 eratnon
3599 5244 3759 5317 longe
3803 5262 3839 5302 ι

2253 5331 2451 5399 templo
2480 5324 2762 5389 altitudine
2782 5336 3013 5390 enormi.
3056 5336 3209 5392 Unde
3234 5335 3428 5407 Ophel,
3456 5338 3509 5393 id
3547 5346 3651 5403 est,
3683 5345 3838 5393 tene-

2250 5422 2469 5476 brarum
2498 5423 2581 5478 vel
2618 5424 2785 5481 nubili
2812 5441 3010 5481 nomen
3039 5427 3277 5497 accepit,
3308 5428 3438 5497 quia
3479 5428 3719 5483 nubibus
3743 5438 3838 5483 ea»

2250 5521 2346 5583 put
2370 5514 2616 5570 inseruit.
2650 5516 2893 5587 Denique
2933 5519 3022 5574 ubi
3064 5518 3123 5573 in
3164 5518 3385 5575 Michaa
3413 5520 3677 5591 scriptum
3698 5526 3784 5575 est
3818 5532 3833 5577 :

2250 5603 2318 5661 Et
2350 5614 2407 5661 tu
2438 5608 2601 5663 turris
2624 5610 2793 5680 gregis
2822 5609 3075 5665 nebulosa
3110 5610 3301 5681 (Hiclt.
3334 5616 3444 5681 tv),
3490 5610 3839 5667 beam

2253 5700 2419 5755 turris
2447 5696 2637 5769 Ophel.
2682 5700 2810 5757 Huic
2848 5703 3093 5758 turris‘in
3123 5716 3235 5774 qua
3275 5710 3429 5776 parte
3469 5704 3544 5760 sit
3568 5702 3836 5770 civitatis,

2250 5790 2386 5847 liber
2423 5790 2869 5863 Paralipomenon
2912 5796 3170 5863 ostendit,
3200 5797 3386 5853 dicens
3433 5795 3577 5867 quod
3614 5794 3845 5851 lanas-

2248 5904 2330 5943 ses
2357 5886 2636 5959 cedi/ienuit
2678 5904 2888 5945 murum
2915 5900 3061 5947 extra
3104 5890 3367 5949 avitam:
3386 5888 3564 5948 David
3590 5889 3662 5946 ad
3688 5887 3839 5947 ccci-
