4122 6350
271 473 376 535 ’1η

1254 469 1521 529 GLOSSA
1556 468 1952 527 0RDINABIA.
1990 496 2063 510 --
2100 468 2227 526 LIB.
2268 466 2543 537 ESDRIE.

3426 474 3536 539 πθ

272 590 484 645 dem
532 585 708 643 Gibon
753 587 813 641 iit
865 585 1137 653 convalle,
1192 586 1257 640 ab
1298 587 1518 643 introitu
1561 594 1727 653 portat
1770 585 1854 656 pi-
1881 585 2124 649 Averba
2152 600 2342 641 eorum
2384 586 2476 656 qui
2509 600 2568 641 se
2623 584 2996 641 Samaritanos
3046 590 3449 658 cognominant,
3483 593 3539 651 id

272 680 441 735 scium
460 693 553 748 per
574 678 853 732 circuitum
876 694 1037 749 usque
1063 677 1133 731 ad
1161 676 1327 746 Ophel
1354 676 1441 749 (II
1476 675 1608 731 Par.
1634 675 1853 749 xum).

1958 684 2072 742 est,
2101 678 2352 733 custodes
2381 678 2514 749 legis
2544 677 2658 743 Dei,
2699 684 2829 743 etc.,
2856 694 3018 749 usque
3042 679 3113 732 ad
3138 688 3196 735 et
3222 691 3539 739 ornamenta

275 769 647 826 Conveniebat
665 784 796 840 ergo
818 767 973 837 juxta
1002 769 1167 824 situm
1204 768 1328 835 loci,
1361 778 1423 824 ut
1445 769 1682 825 ministri
1724 778 1859 825 tem-
1956 769 2217 823 virtutuni
2246 770 2491 829 moribus
2519 769 2790 827 emendati
2824 781 3244 841 consequantur.

274 862 349 932 pli
381 862 434 916 in
464 861 643 916 vicina
688 859 886 930 templo
909 868 1059 915 turre
1085 860 1416 915 habitarent.

350 950 576 1022 Hystice
597 958 777 1006 autem
806 948 1074 1006 Nathiumi
1096 950 1343 1007 habitant
1374 952 1427 1006 in
1450 949 1640 1021 Ophel,
1666 950 1719 1005 id
1754 959 1856 1017 est,

278 1045 333 1101 in
367 1052 516 1099 turre
538 1042 818 1109 nebulosa,
842 1057 965 1098 cum
1006 1042 1062 1097 hi
1089 1042 1183 1112 qui
1209 1041 1546 1113 professione
1574 1041 1861 1113 perfectio-

277 1128 358 1185 ris
380 1128 508 1184 vitaa
541 1129 706 1184 dicati
744 1137 873 1184 sunt
908 1127 1042 1195 Deo,
1081 1138 1136 1184 et
1160 1129 1213 1183 in
1245 1130 1582 1187 munimento
1609 1138 1664 1185 et
1687 1129 1862 1185 altitu-

279 1221 406 1277 dine
434 1220 695 1275 virtutum
724 1220 939 1275 actione
971 1233 1187 1289 semper
1213 1231 1269 1275 et
1295 1220 1620 1293 cogitatione
1646 1235 1860 1275 moran-

280 1320 391 1379 tur,
422 1321 480 1368 et
505 1311 843 1367 conversatio
870 1325 1060 1366 eorum
1096 1310 1151 1364 in
1183 1309 1335 1365 ctelis
1369 1317 1473 1375 est,
1513 1325 1649 1380 quos
1696 1310 1864 1367 admi-

280 1419 409 1460 rans
453 1402 639 1473 Vulgus
666 1402 745 1457 ait
780 1421 794 1456 :
837 1401 942 1468 Qui
975 1410 1095 1456 sunt
1136 1400 1225 1455 isti
1251 1401 1342 1472 qui
1386 1410 1443 1455 ut
1483 1400 1642 1455 nubes
1690 1400 1862 1455 volant

280 1494 419 1568 (Isu.
442 1493 563 1567 Ls),
591 1503 697 1550 etc.
722 1492 853 1548 Item
879 1492 1153 1548 Thecueni
1177 1492 1424 1548 habitant
1450 1492 1505 1547 in
1528 1490 1719 1563 Ophel,
1738 1506 1867 1548 cum

279 1588 485 1660 quique
531 1586 808 1659 religionis
838 1584 1028 1640 habitu
1073 1584 1312 1656 insignes
1343 1584 1523 1639 abdita
1554 1582 1861 1653 Scriptura-

282 1696 403 1735 rum
429 1679 496 1735 de
525 1679 722 1750 quibus
750 1677 1015 1749 scriptum
1041 1685 1127 1732 est
1154 1693 1168 1731 :
1211 1674 1502 1731 Tenebrosa
1524 1692 1662 1747 aqua
1686 1676 1742 1728 in
1767 1690 1864 1729 nu-

283 1773 430 1829 bibus
465 1773 603 1828 neris
624 1770 798 1844 (Ptol.
826 1769 962 1842 xvu)
983 1809 998 1835 ,
1045 1770 1099 1825 id
1129 1776 1247 1835 est,
1287 1769 1519 1841 mystica
1555 1767 1783 1823 scientia
1808 1766 1865 1823 in

279 1862 585 1934 prophetis,
617 1861 884 1918 illustrato
913 1862 1076 1917 corde
1101 1867 1414 1932 penetrant,
1456 1868 1513 1917 et
1537 1859 1755 1917 assidue
1782 1857 1863 1914 le-

283 1962 435 2025 gunt,
461 1961 518 2009 et
549 1954 899 2009 meditantur.

356 2044 571 2101 Contra.
620 2045 809 2118 (BEDA,
843 2042 996 2116 ibid.)
1038 2043 1327 2099 Dominum
1351 2042 1581 2109 scilicet,
1609 2041 1703 2113 qui
1731 2056 1867 2113 quo-

286 2137 417 2194 tidie
436 2152 534 2193 nos
556 2136 944 2192 misericordia:
965 2151 1078 2193 suae
1092 2136 1287 2206 gratia,
1305 2152 1373 2192 ne
1388 2136 1443 2190 in
1465 2150 1574 2190 a’ru
1583 2136 1724 2191 mnis
1743 2135 1869 2191 vita:

283 2226 531 2283 labamnr
573 2228 858 2298 praesentis
880 2236 936 2283 et
965 2228 1303 2295 deﬁciamus,
1329 2228 1545 2300 irrigat,
1559 2238 1691 2295 etc.,
1709 2244 1870 2299 usque

285 2319 355 2374 ad
378 2327 433 2375 et
454 2318 580 2389 quia
595 2329 719 2391 post
733 2319 1021 2391 przesentia
1041 2304 1301 2375 virtutum
1326 2320 1466 2377 dona
1491 2321 1557 2375 ad
1582 2314 1870 2377 videndam

285 2409 587 2466 claritatem
624 2411 836 2467 Domini
885 2412 1217 2480 ascenditur,
1242 2422 1392 2470 recte
1433 2412 1707 2469 infertur:
1738 2411 1869 2468 Post

284 2518 403 2556 cum
430 2503 818 2572 wdiﬁcavcrunt
846 2502 1132 2573 Thecueni,
1154 2514 1263 2562 etc.

345 2597 507 2654 Vens.
523 2597 750 2653 27.-—A
771 2610 936 2655 turre.
960 2601 1003 2655 Α
1022 2610 1170 2669 turre
1198 2616 1393 2671 magna
1413 2608 1470 2657 et
1493 2600 1749 2657 eminenti
1776 2617 1868 2657 us-

283 2704 389 2759 que
405 2690 473 2743 ad
490 2705 705 2745 murum
723 2691 904 2761 templi
926 2692 1174 2762 pervenit
1188 2700 1463 2748 structura
1477 2693 1730 2759 civitatis,
1746 2708 1871 2749 cum

276 2778 410 2851 justi
447 2782 516 2836 ab
554 2781 838 2838 altitudine
871 2784 1365 2855 contemplationis,
1398 2801 1519 2858 quae
1553 2795 1788 2841 mentem
1815 2786 1871 2842 in

282 2874 389 2932 hac
413 2875 525 2931 vita
553 2877 824 2947 despectis
855 2877 1244 2950 temporalibus
1270 2878 1341 2934 ad
1379 2879 1623 2937 calestia
1662 2879 1874 2937 deside-

284 2968 364 3024 ria
393 2969 773 3040 suspendunt,
800 2971 1070 3027 veraciter
1105 2970 1162 3026 in
1190 2971 1281 3026 illa
1311 2971 1419 3026 vita
1455 2972 1524 3026 ad
1565 2971 1871 3029 claritatem

282 3060 574 3119 Dominicas
620 3062 1013 3118 incarnationis
1040 3064 1378 3130 intuendam,
1404 3062 1676 3134 patefacta
1707 3064 1873 3119 etiam

283 3153 481 3209 divinae
508 3154 836 3223 aeternitatis
856 3154 1029 3226 gloria
1056 3156 1376 3215 ascendunt.
1404 3155 1471 3211 Et
1498 3156 1625 3226 quia
1656 3155 1874 3211 Thecua

280 3247 513 3304 buccina
542 3247 626 3304 vel
653 3249 799 3312 tuba,
828 3248 1100 3305 Thecueni
1120 3249 1498 3306 buccinatores
1517 3251 1877 3318 interpretan-

284 3346 392 3406 tur,
423 3349 549 3411 apte
595 3308 795 3397 dicitur
835 3341 979 3411 quod
1013 3338 1286 3397 Thecueni
1328 3341 1433 3397 hoc
1461 3308 1867 3397 aedificaverint.
1900 3308 1951 3374 θ

282 3432 573 3488 Doctorum
604 3433 749 3488 enim
797 3441 883 3489 est
923 3448 1156 3504 quorum
1204 3448 1372 3489 sonus
1400 3433 1512 3488 exit
1558 3433 1613 3487 in
1653 3446 1875 3489 omnem

284 3512 526 3591 terram,
551 3523 839 3595 praesentia
884 3522 981 3578 Dei
1009 3523 1151 3578 dona
1183 3522 1267 3578 vel
1312 3520 1495 3578 futura
1545 3522 1601 3577 in
1650 3521 1874 3577 civitate

281 3615 421 3687 ejus,
453 3617 507 3672 id
554 3624 656 3683 est,
686 3616 933 3671 ﬁdelibus
957 3615 1284 3687 patefacere.

355 3709 435 3762 Ad
471 3725 683 3763 murum
730 3706 929 3778 templi.
984 3706 1194 3779 Corpus
1241 3705 1452 3762 scilicet
1499 3696 1753 3765 Christi:
1807 3704 1877 3760 de

283 3815 394 3871 quo
419 3796 618 3855 dicitur
642 3796 798 3855 Joan.
832 3814 871 3854 ιι
899 3817 912 3853 :
945 3795 1138 3853 Solvite
1168 3796 1417 3868 templum
1443 3797 1564 3863 hoc,
1593 3805 1643 3851 et
1688 3796 1747 3850 in
1774 3796 1873 3852 tri-

283 3893 381 3948 bus
414 3892 595 3946 diebus
625 3890 826 3946 excitab
846 3912 859 3939 ι
887 3888 1021 3943 illud
1043 3902 1061 3941 :
1090 3889 1232 3959 quod
1262 3889 1471 3945 scilicet
1496 3896 1875 3959 persecutores

284 3986 340 4043 in
360 3995 532 4041 morte
551 3982 956 4049 solverant,sed
976 3983 1272 4037 excitatum
1300 3991 1353 4037 et
1374 3982 1443 4036 ad
1470 3981 1640 4036 ccelos
1664 3982 1877 4037 exalta-

286 4088 401 4134 tum
431 4086 703 4132 amatores
731 4076 917 4131 videre
951 4090 1054 4130 non
1087 4083 1303 4130 cessant
1336 4076 1389 4129 in
1418 4074 1619 4147 gloria.

360 4168 525 4225 Vens.
556 4168 644 4225 28.
672 4197 743 4208 ——
771 4166 996 4222 Sursum
1042 4178 1218 4222 autem
1247 4208 1264 4234 ,
1318 4177 1424 4223 etc.
1477 4167 1669 4240 (RBDA,
1720 4167 1879 4240 ibid.)

287 4262 442 4319 Hanc
472 4272 683 4333 portam
723 4260 992 4333 significat
1036 4258 1301 4316 Jeremias
1350 4277 1471 4317 csse
1522 4261 1577 4315 in
1623 4259 1877 4317 orientali

287 4355 445 4428 plaga
475 4354 732 4419 civitatis,
764 4362 893 4419 etc.,
927 4368 1090 4422 usque
1132 4354 1200 4407 ad
1222 4353 1345 4423 equi
1382 4368 1503 4408 cum
1541 4354 1594 4409 in
1618 4340 1759 4409 bono
1782 4368 1878 4409 ac-

290 4448 581 4518 cipiuntur,
605 4445 747 4501 sicut
773 4446 936 4510 asini,
974 4445 1186 4513 cameli,
1218 4454 1275 4501 et
1314 4446 1467 4511 muli,
1494 4462 1785 4503 conversos
1811 4446 1879 4502 ad

292 4539 578 4595 Dominum
609 4536 838 4608 populos
868 4534 1191 4601 Gentilium,
1225 4536 1306 4592 vel
1336 4553 1499 4593 curas
1528 4554 1711 4594 rerum
1742 4548 1880 4594 tem-

289 4631 558 4703 puralium
577 4670 593 4697 ,
636 4629 863 4685 Domino
886 4629 1093 4686 scilicet
1117 4629 1315 4686 anima:
1341 4628 1657 4702 subjugatas
1696 4639 1880 4686 osten-

294 4724 451 4780 dunt.

368 4813 793 4884 .Ediﬁcaverunl
845 4812 1143 4868 sacerdotes
1168 4853 1183 4878 ,
1232 4822 1339 4868 etc.
1386 4812 1710 4869 Sacerdotes
1754 4828 1885 4869 vero

295 4904 533 4961 civitatis
560 4905 655 4960 Dci
698 4920 914 4959 murum
940 4905 1009 4959 ad
1036 4914 1251 4975 portant
1297 4920 1561 4974 aquarum
1593 4905 1883 4973 anliﬁcant,

297 5013 423 5054 cum
452 4998 700 5053 doctores
744 5006 867 5067 post
908 4998 1243 5053 vocationem
1292 4996 1599 5052 Judaeorum
1635 5000 1701 5053 ad
1733 5000 1887 5055 indu-

297 5089 501 5147 cendos
527 5090 581 5147 in
606 5089 905 5146 Ecclesiam
923 5088 1187 5156 Gentiles,
1214 5088 1435 5146 verbum
1458 5089 1553 5147 Dei
1572 5091 1889 5147 seminando

298 5181 647 5253 perveniunt.

374 5270 563 5347 (Bent,
597 5272 753 5346 ibid.)
781 5273 1025 5346 Longum
1065 5283 1150 5330 est
1187 5274 1253 5331 de
1283 5274 1510 5346 singulis
1535 5272 1780 5329 aediliciis
1808 5272 1893 5329 vel

300 5366 719 5424 aediﬁcatoribus
750 5368 975 5441 mystice
1001 5368 1292 5435 disserere,
1331 5377 1464 5436 etc.,
1508 5384 1673 5440 usque
1702 5366 1771 5422 ad
1796 5382 1895 5423 no-

302 5460 451 5517 mina
476 5461 777 5519 conscribit
804 5460 862 5517 in
893 5461 1056 5516 coelo.

916 5592 1145 5654 error
1198 5592 1290 5653 ιν.
1328 5678 1337 5685 ο

380 5729 545 5793 Vens.
566 5732 617 5788 l.
651 5762 738 5787 —-.
759 5773 772 5786 .
797 5772 811 5785 .
840 5728 1172 5788 Sonabnllat.
1194 5771 1206 5784 .
1230 5770 1242 5784 .
1284 5742 1455 5785 motus
1486 5730 1641 5785 nimis
1679 5729 1904 5784 subsan—

311 5824 451 5878 navit
480 5820 717 5878 Iudaeos.
750 5822 919 5895 (BCDA
946 5823 1000 5876 in
1030 5821 1289 5885 Esdram,
1336 5821 1433 5875 lib.
1486 5836 1585 5885 ιιι,
1639 5837 1755 5892 cap.
1792 5821 1857 5878 l9
1884 5858 1899 5887 ,

314 5922 448 5971 tum.
499 5914 599 5989 ll.)
650 5916 814 5973 Plane
868 5917 945 5970 ira
1001 5914 1381 5971 haereticorum
1443 5922 1542 5969 est.
1601 5914 1722 5969 lbcc
1778 5921 1903 5967 sunt

2031 860 2264 916 Vsas.5.
2289 889 2363 901 -
2384 858 2490 915 Sed
2514 870 2563 915 et
2608 859 2817 926 Tobias,
2848 870 2954 916 etc.
2989 860 3119 933 (ln.,
3164 863 3319 934 ibid.)
3370 862 3543 935 Hujus

1959 949 2144 1006 Tobiae
2173 966 2401 1021 persona
2444 959 2499 1005 et
2537 950 2700 1006 verba
2726 952 2996 1007 hzereticis
3025 955 3370 1023 conveniunt,
3404 964 3539 1023 etc.,

1959 1058 2124 1114 usque
2154 1042 2225 1097 ad
2257 1043 2456 1113 quibus
2474 1041 2787 1100 fructiferas
2810 1043 3049 1101 ﬁdelium
3070 1056 3282 1105 mentes
3301 1063 3545 1107 corrum-

1964 1148 2097 1205 pere
2122 1134 2389 1189 nituntur.

2032 1226 2196 1283 Vens.
2223 1227 2279 1284 9.
2301 1258 2373 1269 —
2396 1226 2463 1283 Et
2488 1228 2774 1283 oravimus.
2808 1227 2924 1285 Hoc
2968 1238 3054 1287 est
3084 1231 3303 1291 unicum
3351 1241 3546 1293 contra

1962 1318 2149 1374 hostes
2176 1314 2434 1374 Ecclesia:
2463 1317 2750 1388 refugium,
2782 1319 2960 1376 oratio
3003 1321 3213 1379 scilicet
3240 1324 3310 1379 ad
3352 1324 3545 1393 Deum,

1964 1420 2021 1468 et
2048 1411 2311 1467 industria
2337 1411 2639 1469 doctorum.
2667 1411 2762 1482 qui
2791 1412 2879 1469 die
2903 1422 3167 1485 nocteque
3196 1414 3253 1471 in
3272 1414 3391 1488 lege
3426 1415 3548 1487 eius

1964 1502 2310 1568 meditantes,
2338 1503 2504 1559 corda
2535 1502 2776 1558 ﬁdelium
2805 1514 2996 1560 contra
3019 1507 3245 1563 insidias
3271 1505 3471 1562 diaboli
3490 1516 3547 1563 et

1964 1596 2199 1653 mititum
2225 1595 2342 1667 ejus
2371 1595 2734 1667 praedicando,
2758 1595 3107 1664 consolando,
3136 1606 3190 1653 et
3210 1596 3550 1653 exhortando

1963 1687 2349 1761 praamuniant.

2040 1779 2202 1836 Vites.
2228 1777 2316 1833 l0.
2338 1807 2409 1820 —
2436 1776 2645 1833 [latinus
2688 1777 2853 1832 nimia
2879 1787 2974 1833 cst.
3007 1776 3201 1849 (Βεω,
3230 1777 3384 1850 ibid.)
3410 1776 3553 1834 Con-

1969 1880 2140 1945 gesta,
2167 1870 2394 1937 scilicet,
2438 1871 2492 1926 in
2519 1869 2639 1925 loco
2665 1868 2828 1934 muri,
2854 1875 2993 1933 etc.,
3040 1864 3202 1939 usiiue
3243 1870 3311 1923 ad
3362 1878 3418 1925 et
3454 1882 3555 1939 pro

1892 1947 1943 2011 Β
1969 1964 2129 2020 domo
2182 1962 2267 2017 vel
2312 1962 2537 2018 civitate
2572 1959 2808 2031 procella
2855 1958 3173 2015 tentaticnis
3224 1958 3509 2037 ingruente
3536 2002 3551 2023 .

1969 2054 2185 2110 ruinam
2214 2052 2515 2109 aediﬁcasse
2539 2052 2826 2123 probatur.

2046 2147 2205 2203 Vsus.
2235 2146 2409 2201 ll.—
2432 2144 2694 2200 Dixerunt
2724 2144 2922 2209 hostes,
2943 2151 3050 2199 etc.
3077 2140 3207 2199 Haec
3236 2142 3291 2198 in
3327 2142 3557 2201 adiﬁcio

1970 2238 2237 2311 spirituali
2266 2239 2353 2310 agl
2384 2238 2596 2303 solent;
2639 2246 2822 2293 manet
2867 2236 3011 2292 enim
3035 2234 3339 2292 indefessus
3384 2235 3559 2293 hostis

1970 2345 2093 2387 cum
2122 2329 2441 2387 satellitibus
2466 2329 2600 2395 suis,
2632 2328 2914 2400 spiritibus
2941 2328 3151 2385 scilicet
3178 2330 3468 2387 inmundis
3503 2338 3561 2387 et

1969 2422 2279 2479 hominibus
2308 2422 2581 2493 malignis,
2609 2421 2700 2492 qui
2744 2434 2909 2492 Opera
2938 2419 3200 2477 virtutum
3226 2430 3283 2477 et
3307 2421 3433 2478 ﬁdei
3460 2438 3560 2480 no-

1970 2514 2056 2572 bis
2086 2514 2320 2569 incautis
2364 2513 2628 2584 impedire
2670 2521 2727 2568 et
2773 2526 3085 2584 expugnare
3116 2512 3476 2582 contendunt,
3505 2522 3563 2570 et

1970 2613 2208 2663 mentem
2238 2603 2479 2659 ﬁdelium
2508 2617 2768 2658 mucrone
2796 2617 2977 2673 prava:
3000 2603 3366 2675 suggestionis
3394 2603 3564 2661 inten-

1971 2698 2155 2753 ﬁcere.
2183 2696 2290 2753 Sed
2321 2707 2511 2754 contra
2542 2696 2660 2752 hinc
2688 2696 2847 2751 nobis
2870 2704 3152 2751 armatura
3172 2694 3272 2751 Dei
3299 2697 3562 2753 sumenda

1972 2799 2075 2856 est,
2113 2799 2173 2844 ut
2200 2791 2473 2860 possimus
2502 2789 2763 2846 resistere
2787 2787 2848 2844 in
2877 2787 2969 2845 die
3001 2789 3147 2845 malo
3166 2825 3185 2856 ,
3211 2796 3270 2845 et
3303 2788 3361 2844 in
3386 2787 3564 2845 omni-

1970 2884 2075 2942 bus
2101 2883 2332 2954 perfecti
2361 2891 2530 2940 stare.

2044 2976 2209 3033 Vens.
2233 2976 2320 3032 15.
2338 3006 2413 3017 —
2433 2973 2614 3032 διαικὶ
2642 2974 2700 3030 in
2728 2972 2868 3042 loco,
2902 2980 3013 3029 etc.
3038 2972 3113 3037 Ut
3146 2971 3382 3046 agmine,
3408 2972 3563 3031 sem-

1973 3076 2061 3125 cet
2111 3074 2447 3123 armatorum
2496 3066 2817 3123 circumdati
2875 3074 3195 3138 operatores
3232 3063 3459 3125 liberius
3510 3072 3568 3123 et

1974 3160 2222 3218 securius
2256 3157 2612 3216 aediﬁcarent.
2672 3159 2953 3229 Dispertiti
2996 3157 3144 3212 enim
3190 3164 3319 3212 sunt
3366 3155 3567 3228 gradus

1977 3250 2217 3308 ﬁdelium
2257 3268 2273 3307 :
2310 3251 2402 3307 alii
2456 3251 2616 3309 bonis
2669 3251 2928 3321 operibus
2974 3249 3124 3305 intus
3163 3256 3426 3305 oruantes
3464 3248 3565 3305 Ecp

1975 3343 2197 3400 clesiam
2225 3342 2495 3398 aediﬁcant
2523 3361 2538 3398 :
2567 3342 2661 3398 alii
2691 3341 2861 3398 armis
2889 3356 3063 3399 sacrm
3089 3340 3342 3397 lectionis
3369 3339 3566 3395 muniti

1974 3442 2163 3491 contra
2193 3435 2572 3506 impugnantes
2605 3433 2894 3489 hereticos
2922 3431 3168 3504 vigilant.
3201 3428 3268 3485 Hi
3314 3428 3567 3501 religiosa

1972 3527 2257 3584 devotione
2302 3526 2581 3597 proximos
2616 3522 2673 3580 in
2704 3523 2832 3580 ﬁdei
2863 3524 3093 3579 veritate
3122 3520 3456 3587 confortant,
3484 3519 3562 3576 illi

1976 3617 2235 3673 adversus
2278 3615 2479 3671 diaboli
2502 3614 2591 3671 vel
2634 3614 2889 3669 vition
2922 3612 3028 3668 tela
3053 3611 3419 3667 necessarium
3449 3624 3568 3667 cer-

1975 3717 2158 3764 tamen
2178 3717 2457 3771 exercent,
2483 3718 2538 3764 et
2566 3708 2637 3763 ab
2674 3705 2805 3763 ovili
2846 3704 3122 3761 dominico
3140 3702 3464 3760 insidiantes
3480 3701 3566 3759 Ιιιιι

1972 3817 2073 3875 pos
2104 3800 2358 3874 pastorali
2390 3800 2757 3859 sollicitudine
2787 3806 2999 3856 arcent.

2049 3916 2214 3973 Vens.
2234 3916 2319 3970 l6.
2336 3942 2399 3955 -έ
2416 3916 2457 3969 Α
2474 3914 2690 3982 dieillo,
2713 3914 2887 3970 media
2907 3926 3056 3986 pars,
3087 3920 3196 3969 etc.
3214 3911 3394 3984 (Dum,
3409 3911 3565 3978 ἰωή..

1977 4023 2097 4080 cap.
2119 4008 2235 4081 ΞΟ.)
2265 4007 2591 4074 Notandum,
2620 4007 2749 4077 quia
2789 4020 2896 4063 non
2921 4006 3097 4062 solum
3126 4004 3302 4061 niedla
3330 4016 3461 4075 pars
3480 4001 3570 4072 ju-

1975 4117 2173 4157 venum
2199 4098 2608 4171 faciebatopus,
2640 4109 2775 4167 etc.,
2807 4112 2971 4171 usque
3013 4099 3083 4153 ad
3128 4097 3465 4166 minorlsque
3489 4097 3569 4150 la-

1977 4194 2125 4251 boris
2149 4201 2232 4249 est
2259 4192 2585 4263 incognitam
2608 4204 2801 4249 cavere
2819 4191 3004 4249 carnis
3026 4190 3378 4261 voluptatem,
3405 4200 3570 4257 tham

1978 4283 2206 4355 rejicere
2230 4284 2526 4356 cognitam.

2055 4396 2216 4453 Vens.
2237 4392 2498 4452 22.—Et
2524 4397 2627 4451 sint
2657 4396 2799 4450 vobis
2826 4384 2958 4447 vices
2979 4406 3071 4463 per
3099 4399 3303 4446 noctem
3329 4392 3379 4444 et
3409 4382 3570 4442 diem.

1983 4492 2105 4567 (11).,
2123 4492 2277 4563 ibid.)
2298 4491 2435 4545 Nota
2459 4496 2720 4561 quantum
2742 4484 2981 4542 studium
3008 4484 3060 4540 in
3076 4482 3353 4556 operando
3371 4481 3576 4537 habue-

1982 4585 2115 4647 rint,
2146 4592 2251 4639 etc.
2273 4623 2287 4649 ,
2321 4599 2481 4654 usque
2516 4582 2585 4636 ad
2615 4578 3053 4636 contradicentes
3081 4576 3357 4650 arguendo
3380 4574 3451 4631 ab
3474 4568 3578 4630 Ec-

1906 4668 1961 4729 D
1987 4674 2154 4733 clesia
2179 4673 2467 4746 repellunt.

2610 4756 2839 4818 CAPUT
2880 4758 2946 4816 V.

2062 4896 2229 4953 Vens.
2264 4897 2316 4952 l.
2358 4926 2427 4937 --
2467 4895 2535 4951 Et
2582 4896 2755 4966 factus
2793 4904 2869 4950 est
2904 4893 3130 4959 clamor,
3167 4901 3278 4950 etc.
3317 4891 3498 4967 (Βηι
3522 4894 3582 4949 in

1992 4988 2178 5053 Esdr.,
2204 4988 2298 5043 lib.
2325 5003 2406 5053 ut,
2432 5003 2554 5057 cap.
2588 4986 2704 5060 21.)
2728 4985 3080 5042 Desiderabat
3107 4985 3336 5058 populus
3363 4998 3581 5040 murum

1995 5089 2330 5146 construere,
2356 5088 2498 5145 etc.,
2528 5095 2688 5150 usque
2725 5078 2795 5133 ad
2826 5087 2885 5135 et
2912 5095 3106 5135 manus
3135 5084 3353 5134 nostras
3386 5092 3418 5131 a
3457 5090 3583 5146 νιος

1997 5175 2131 5246 priis
2161 5174 2527 5243 voluptatibus
2548 5182 2801 5231 avertens
2831 5174 2900 5229 ad
2929 5171 3351 5229 construendam
3375 5167 3581 5225 Christi

1998 5274 2279 5322 convertat
2307 5264 2603 5320 cititatem.

2070 5358 2191 5431 (ln.,
2213 5356 2367 5428 ibid.)
2392 5355 2589 5412 Tribus
2608 5357 2675 5413 de
2694 5357 2875 5414 causis
2895 5363 3129 5428 augetur
3147 5352 3357 5410 clamor
3375 5352 3581 5425 populi.

2000 5451 2228 5521 Quidam
2270 5451 2412 5507 fame
2447 5453 2623 5507 coacti
2668 5451 2812 5509 filios
2854 5465 2984 5507 suos
3022 5447 3311 5506 ditioribus
3350 5446 3589 5503 vendere

1999 5544 2290 5600 volebant:
2321 5543 2411 5599 alii
2442 5543 2629 5600 liberis
2656 5551 2943 5615 parcentes
2977 5556 3138 5612 agros
3174 5538 3357 5610 potius
3393 5544 3449 5592 et
3491 5536 3587 5590 do-

2002 5653 2139 5692 mos.
2175 5634 2445 5703 Nonnulli,
2493 5632 2843 5707 prohibentes
2889 5630 3181 5689 liberorum
3228 5638 3282 5687 et
3330 5642 3589 5701 agrorum

2002 5726 2362 5783 venditionem
2386 5768 2399 5790 ,
2442 5727 2547 5783 hoc
2579 5735 2788 5781 tantum
2823 5724 3254 5796 persnadebant,
3303 5731 3361 5777 ut
3400 5726 3591 5776 mutuo

2006 5828 2280 5877 sumerent
2316 5819 2598 5891 pecuniam
2640 5818 2691 5873 in
2744 5817 2944 5872 tributa
3008 5816 3174 5887 regis,
3223 5810 3592 5885 oppigneratis

2009 5911 2153 5981 agris
2192 5918 2247 5963 et
2280 5908 2485 5975 vineis,
2520 5911 2691 5966 donec
2738 5908 2999 5963 redeunte
3050 5905 3327 5963 fertilitate
3367 5898 3592 5959 reddere

4029 850 4031 907 Ι

4032 942 4033 969 ι

4030 986 4033 1019 i

4034 1034 4035 1073 l

4034 1122 4037 1169 i
