4122 6350
553 499 657 555 719

1046 489 1437 550 WALAFHIDI
1479 482 1726 543 STRABI
1763 478 1969 538 FULD.
2006 473 2173 533 MON.
2215 468 2369 528 OPP.
2411 465 2592 524 PARS
2629 464 2674 522 ι.
2715 491 2787 508 —-
2825 457 3282 519 THEOLOGICA.

3701 454 3814 510 ’19η

548 613 772 681 possent
847 575 1243 660 feneratoribus
1320 599 1462 670 quod
1525 604 1709 650 mutuo
1766 590 2120 660 accepissent.
2152 580 2312 648 Avel
2355 578 2614 635 correctis
2647 577 2733 632 his
2777 575 2870 646 qui
2916 579 3237 629 erraverant
3269 566 3568 624 aediﬁcatus
3609 566 3810 636 fuerit,

621 703 785 759 Vnus.
812 695 1009 754 7.—Et
1039 694 1297 764 increpavi
1323 692 1614 761 optimates,
1632 698 1738 741 etc.
1765 686 1937 756 (BED.,
1971 678 2124 751 ibid.)

549 795 830 864 Tanquam
877 790 984 845 dux
1032 787 1265 856 optimus
1307 781 1508 836 militia:
1552 777 1790 834 cmleslis
1826 781 1880 828 et
1909 771 2125 842 sapiens

551 863 880 942 architectus
909 881 1144 937 civitatis
1171 877 1290 939 Dei,
1325 883 1429 929 etc.
1453 913 1469 940 ,
1498 886 1661 942 usque
1698 868 1765 922 ad
1799 874 1860 922 ut
1891 863 2128 921 dimittat

550 978 708 1034 nobis
737 977 896 1031 Pater
924 972 1100 1029 debita
1130 979 1338 1024 nostra.

620 1071 787 1125 Vens.
823 1067 906 1121 15.
931 1095 1001 1106 -
1020 1063 1243 1131 Insuper
1261 1057 1465 1114 excussi
1489 1057 1663 1112 sinum
1688 1068 1881 1115 meum,
1906 1058 1954 1104 et
1977 1047 2089 1101 dixi
2105 1059 2124 1098 :

551 1163 639 1220 Sic
673 1160 901 1217 excutiat
934 1157 1068 1211 Deus
1101 1169 1325 1214 omnem,
1357 1158 1462 1205 etc.
1495 1147 1630 1202 Huic
1662 1143 1942 1200 sententia:
1971 1137 2128 1193 terri—

549 1257 674 1313 bilis
695 1252 934 1310 clausula
965 1249 1273 1319 imponitur.
1295 1243 1616 1311 Quicunque
1635 1238 1779 1293 enim
1801 1232 2129 1305 pauperibus

552 1344 979 1402 misericordiam
1012 1355 1118 1394 non
1147 1335 1438 1407 impendit,
1466 1332 1550 1386 vel
1583 1331 1650 1384 ab
1677 1330 1757 1384 eis
1784 1327 1874 1396 qui
1904 1340 2008 1378 non
2031 1324 2132 1376 ha-

548 1443 683 1497 bent
719 1434 1031 1503 velutjuste
1074 1431 1274 1501 exigit,
1313 1428 1380 1482 de
1407 1428 1565 1481 domo
1599 1437 1694 1477 sua
1730 1419 2028 1479 excutitur,
2076 1411 2130 1467 id

550 1540 664 1594 est,
699 1530 765 1584 de
809 1536 950 1582 cmtn
983 1523 1255 1586 Ecclesias,
1288 1519 1340 1572 in
1371 1533 1474 1588 qua
1507 1515 1729 1586 putabat
1772 1527 1830 1565 se
1868 1515 2130 1579 perpetuo

549 1637 795 1686 manere,
822 1629 876 1674 et
899 1619 965 1673 de
991 1614 1288 1676 laboribus,
1321 1610 1548 1672 scilicet,
1583 1607 1636 1660 in
1668 1603 1931 1659 fructibus
1959 1601 2129 1654 bono-

554 1729 672 1770 rum
703 1727 949 1784 operum,
974 1709 1027 1762 in
1057 1706 1252 1776 quibus
1276 1717 1333 1757 se
1365 1698 1705 1754 laudabiliter
1731 1696 2008 1749 laborasse
2039 1706 2135 1760 pu-

551 1809 704 1862 tabat
730 1780 755 1858 7—
785 1803 860 1858 nil
901 1813 1122 1871 prorsus
1170 1793 1372 1849 laboris
1418 1788 1659 1858 recipiet.
1712 1786 1950 1840 Lahores
1988 1780 2131 1835 enim

553 1899 672 1953 sine
701 1897 902 1966 pietate
927 1907 1030 1946 non
1063 1893 1289 1959 possunt
1316 1882 1456 1952 apud
1482 1881 1650 1934 Deum
1683 1874 1942 1930 frnctuosi
1971 1885 2110 1926 esse.

2229 687 2355 726 mox
2387 669 2643 741 ponenda:
2683 677 2807 724 sunt
2850 668 3018 720 valva:
3063 663 3324 734 regularis
3362 661 3696 731 diSL-ipliue;
3741 676 3816 717 ne

2231 755 2493 826 diabolus,
2520 761 2610 830 qui
2640 759 2794 830 quasi
2825 758 2910 813 leo
2933 758 3149 825 rugiens
3175 752 3446 819 circumit,
3466 752 3522 806 in
3548 749 3690 808 ovile
3711 750 3820 808 Da'

2227 856 2400 925 possit
2430 854 2752 923 irrumpere.
2958 849 2961 852 ’

2302 945 2558 1000 Recensui
2573 945 2851 1014 janitores.
2883 941 3001 1013 (ln.,
3033 938 3186 1006 ibid.)
3216 937 3487 994 Ianitores
3511 937 3627 1008 qui,
3663 935 3822 992 scili-

2229 1049 2336 1107 cet,
2369 1039 2548 1095 claves
2578 1038 2726 1108 regni
2758 1035 3016 1091 caelorum
3047 1040 3428 1103 perceperunt,
3461 1040 3519 1083 ut
3550 1031 3742 1100 dignos
3762 1037 3826 1083 et

2231 1131 2463 1186 humiles
2507 1128 2843 1196 suscipiant;
2893 1124 3153 1194 superbos
3199 1138 3328 1177 vero
3356 1130 3410 1177 et
3452 1119 3698 1188 indignos
3747 1118 3824 1172 ab

2232 1225 2477 1294 ingressu
2514 1235 2760 1292 supernae
2804 1218 3041 1273 civitatis
3071 1225 3324 1279 arceant,
3379 1214 3642 1268 dicendo:
3686 1211 3822 1264 Non

2232 1327 2304 1372 est
2339 1317 2432 1372 tibi
2467 1332 2618 1387 pars,
2665 1330 2826 1384 neque
2864 1328 2977 1366 sors
3016 1312 3071 1364 in
3101 1324 3334 1363 sermone
3375 1307 3492 1359 hoc.
3531 1303 3634 1358 Cor
3676 1303 3824 1356 enim

2234 1421 2381 1465 tuum
2410 1427 2512 1464 non
2534 1420 2608 1463 est
2639 1418 2834 1462 rectum
2858 1421 3033 1459 coram
3061 1403 3170 1456 Deo
3201 1401 3337 1468 (Act.
3371 1399 3510 1468 vni).

2307 1503 2472 1558 Vsus.
2508 1503 2558 1557 5.
2585 1530 2656 1540 -
2685 1498 2808 1552 Non
2846 1497 3151 1567 aperiantur
3183 1509 3347 1562 pono:
3387 1529 3402 1544 .
3447 1529 3461 1544 .
3501 1529 3516 1544 .
3553 1504 3711 1558 usque
3747 1483 3826 1539 ad

2234 1594 2459 1650 calorem
2490 1593 2632 1653 solis,
2660 1599 2766 1645 etc.
2796 1588 2932 1660 (ln.,
2965 1584 3149 1655 ibid.),
3176 1584 3229 1638 id
3262 1592 3376 1647 est,
3421 1591 3533 1636 toto
3577 1591 3828 1648 tempore

2235 1685 2430 1749 noctis,
2459 1693 2562 1738 etc.
2585 1724 2600 1748 ,
2629 1697 2790 1752 usque
2826 1679 2894 1732 ad
2923 1678 3093 1732 unde:
3117 1676 3183 1728 Et
3209 1685 3373 1745 porta:
3395 1673 3508 1742 ejus
3535 1689 3636 1726 nou
3667 1670 3825 1724 clau-

2235 1778 2424 1830 dentur
2452 1791 2543 1845 per
2567 1773 2726 1835 diem,
2753 1786 2856 1824 non:
2878 1785 2980 1822 non
3011 1768 3106 1820 erit
3135 1767 3243 1819 iliic
3270 1765 3451 1835 (Apoc.
3485 1764 3619 1830 xxi).

2308 1869 2378 1922 Et
2403 1867 2552 1938 posui
2580 1864 2834 1920 custodes.
2881 1861 3002 1930 (In.,
3029 1859 3180 1926 ibid.)
3208 1858 3473 1912 Custodes
3516 1857 3828 1910 animarum

625 1949 852 2044 Etrdiaiit
893 1949 1130 2039 universa
1162 1949 1474 2038 multitudo,
1508 1973 1692 2026 Amen.
1722 1969 1992 2036 Quantum
2033 1963 2136 2018 Ne-
2164 1958 2211 2017 Β
2239 1977 2344 2017 non
2371 1968 2497 2015 sunt
2525 1961 2590 2014 de
2615 1956 2901 2027 neophytis
2929 1953 3014 2008 vel
3045 1955 3110 2008 de
3136 1952 3290 2022 plebe
3317 1949 3700 2010 constituendi,
3728 1949 3832 2002 sed

554 2080 748 2137 hemia:
775 2074 1078 2145 objurgatio
1104 2069 1186 2125 vel
1213 2064 1528 2137 imprecatio
1555 2069 1719 2117 cor.'a
1752 2056 1995 2112 omnium
2023 2068 2135 2108 mo-

553 2170 713 2234 verit,
741 2165 1044 2222 ostenditur
1069 2181 1083 2216 :
1117 2160 1298 2216 audita
1324 2157 1470 2216 enim
1501 2151 1894 2209 contestatione
1925 2162 2140 2217 respon-

554 2263 766 2325 dentes,
795 2274 952 2314 amen
972 2297 987 2322 ,
1027 2263 1083 2311 et
1119 2253 1289 2308 Deum
1321 2248 1721 2310 collaudantes,
1752 2241 1998 2296 fecerunt
2021 2252 2140 2308 qua:

548 2354 808 2424 jusserat.
838 2351 896 2405 ln
926 2364 1033 2419 quo
1063 2354 1246 2416 patet:
1289 2341 1414 2412 quia
1445 2353 1554 2392 non
1585 2337 1800 2398 timore,
1830 2332 1922 2388 sed
1954 2340 2140 2384 amore

557 2448 701 2502 dicta
730 2444 847 2514 ejus
878 2442 1254 2508 susceperunt.

628 2509 794 2592 Vsus.
821 2531 1090 2590 M.—Per
1110 2545 1273 2584 annos
1296 2524 1590 2578 duodecim.
1616 2519 1805 2592 (BEDA,
1827 2515 1916 2569 ubi
1935 2509 2139 2583 supra.)

558 2633 672 2687 Hoc
695 2628 918 2698 exponit
944 2621 1256 2693 Apostolus,
1277 2618 1496 2671 dicens:
1524 2613 1662 2678 Quia
1683 2610 1864 2664 statuit
1887 2605 2142 2659 Dominus

557 2740 646 2778 eos
677 2697 1136 2789 quiiEvangelium
1159 2707 1508 2768 annuntiant,
1537 2704 1600 2756 de
1627 2697 1910 2769 Evangelia
1938 2697 2140 2750 vivere:

556 2829 651 2883 ego
679 2786 853 2863 autem
885 2804 1029 2858 nullo
1059 2804 1243 2856 horum
1281 2815 1406 2852 usus
1435 2811 1548 2849 sum
1573 2792 1622 2864 (I
1650 2789 1772 2845 Cor.
1806 2788 1905 2860 Ix).
1934 2786 2144 2840 Duode-

557 2903 663 2958 cim
694 2909 875 2954 autem
907 2893 1064 2949 annis
1090 2889 1378 2946 Nehemias
1405 2903 1527 2942 cum
1566 2883 1823 2938 fratribus
1849 2879 1960 2933 suis
1986 2879 2060 2931 ita
2090 2877 2144 2930 in

559 2994 761 3049 ducatu
786 2988 1071 3050 vivebant,
1109 2991 1169 3036 ut
1195 2994 1438 3036 annonas
1471 2993 1594 3047 qua:
1622 2973 1848 3029 ducibus
1879 2970 2146 3026 debeban-

559 3094 680 3151 tur,
729 3098 836 3139 non
879 3078 1262 3136 comederent:
1310 3072 1589 3127 insinuans
1616 3065 1982 3137 evangelicum
2011 3077 2146 3133 Opus

559 3193 681 3233 esse
725 3176 779 3230 in
831 3171 1093 3244 regimine
1136 3167 1338 3238 plebis,
1394 3180 1530 3235 opus
1564 3161 1794 3218 rectoris
1837 3158 2148 3214 notabiliter

559 3271 705 3326 circa
743 3265 1043 3322 Ecclesiam
1083 3274 1340 3318 exercere
1359 3297 1373 3322 ,
1403 3266 1460 3310 et
1483 3272 1514 3311 a
1542 3252 1772 3311 subditis
1800 3249 2147 3307 commodum

561 3369 840 3418 terrenum
867 3372 977 3412 non
1005 3367 1268 3426 quaerere.

1183 3486 1412 3545 CAPUT
1446 3484 1533 3541 VI.

633 3634 798 3692 Vsus.
829 3633 960 3688 2.-
985 3628 1138 3695 Veni,
1158 3635 1206 3682 et
1233 3625 1585 3696 percutiamus
1611 3620 1801 3692 fmdus,
1824 3626 1929 3676 etc.
1959 3617 2146 3691 (BEDA,

562 3730 618 3782 in
647 3726 829 3792 Eadm,
854 3724 947 3780 lib.
974 3737 1058 3788 ιιι,
1087 3736 1207 3791 cap.
1236 3718 1329 3783 23,
1358 3726 1486 3772 tom.
1515 3714 1605 3784 ll.)
1627 3715 1818 3770 Hostes
1849 3721 2050 3769 sanctae
2080 3711 2152 3766 ci-

564 3820 751 3877 vitatis
781 3814 1180 3890 persuadebant
1199 3810 1473 3866 Nehemia:
1493 3811 1547 3864 in
1570 3808 1896 3878 campestria
1923 3807 2150 3862 descen-

565 3913 720 3975 dere,
737 3918 865 3970 etc.,
884 3921 1047 3978 usque
1069 3905 1137 3958 ad
1167 3902 1293 3974 quia
1318 3911 1570 3956 versutus
1595 3900 1766 3956 hostis
1792 3911 2006 3968 semper
2034 3910 2152 3949 ma-

566 4019 668 4058 nus
706 4010 920 4056 nostras
964 4003 1136 4052 tentat
1179 3993 1466 4064 impedire,
1497 4007 1748 4048 curemus
1793 4005 1886 4045 eas
1931 4001 2152 4057 semper

568 4093 753 4148 divino
781 4087 983 4144 auxilio
1003 4086 1332 4141 confortare.

643 4182 804 4238 Vens.
825 4179 912 4234 lO.
928 4177 1079 4231 —Et
1100 4178 1385 4248 ingressus.
1409 4173 1659 4228 Pulsatus
1679 4170 1889 4226 insidiis
1913 4169 2149 4225 hostium

567 4273 855 4330 Nehemias
899 4272 1115 4327 domum
1166 4266 1427 4324 Samaria:
1469 4264 1626 4333 quasi
1667 4262 1826 4316 amici
1867 4269 1920 4314 et
1966 4258 2151 4314 fratris

565 4364 866 4438 ingreditur
888 4403 902 4428 ,
943 4363 1037 4418 sed
1070 4362 1242 4431 ipsum
1273 4357 1640 4412 insidiatorem
1677 4361 1731 4410 et
1756 4354 1967 4408 hostem
2001 4353 2151 4407 inve-

567 4455 683 4518 nit,
715 4461 971 4522 tauquam
1002 4461 1352 4506 externorum
1397 4446 1552 4502 donis
1589 4455 1646 4500 et
1685 4445 1921 4500 amicitia
1962 4458 2151 4500 corru-

566 4553 741 4617 ptum.
774 4541 1000 4612 Semper
1018 4539 1163 4594 enim
1188 4537 1344 4592 electi
1374 4536 1575 4590 habent
1603 4535 1732 4589 foris
1752 4551 1979 4606 pugnas,
2006 4536 2149 4589 intus

568 4636 812 4697 timores,
846 4647 945 4686 nec
972 4629 1144 4685 solum
1174 4626 1437 4697 apostoli,
1480 4627 1572 4680 sed
1603 4634 1657 4679 et
1691 4628 1968 4695 propheta:
2009 4624 2150 4694 peri-

2238 2050 2305 2105 de
2333 2050 2438 2106 illis
2463 2050 2555 2120 qui
2582 2065 2613 2104 a
2643 2047 2942 2104 certamine
2973 2045 3227 2099 vitiorum
3255 2043 3349 2096 Dei
3380 2041 3550 2112 gratia
3584 2040 3831 2102 liberati,

2231 2139 2344 2209 jam
2376 2149 2612 2195 mentem
2645 2141 2697 2192 in
2726 2138 3061 2200 Jerusalem,
3113 2134 3166 2188 id
3204 2142 3288 2187 est
3327 2133 3378 2184 in
3423 2131 3627 2183 visione
3679 2137 3836 2182 tran-

2238 2234 2418 2304 quilla:
2441 2234 2589 2304 pacis
2609 2233 2829 2296 habent,
2857 2245 3087 2300 quorum
3106 2227 3444 2283 conversatio
3469 2227 3519 2277 in
3545 2223 3700 2278 endis
3719 2231 3835 2278 est.

2239 2323 2373 2380 Aliis
2406 2327 2548 2380 enim
2571 2331 2947 2380 consummato
2973 2335 3133 2375 cursu
3161 2319 3226 2374 de
3249 2319 3350 2372 bac
3371 2317 3489 2370 luce
3511 2313 3837 2380 subtractis,

2247 2418 2336 2474 alii
2374 2434 2498 2472 mox
2527 2417 2956 2481 substituuntur,
2989 2429 3088 2470 nec
3117 2427 3351 2482 unquam
3382 2410 3580 2465 desinit
3607 2409 3698 2479 qui
3733 2423 3842 2477 pa-

2244 2523 2360 2564 cem
2404 2509 2661 2564 Ecclesia:
2703 2507 3020 2563 excubando
3064 2504 3305 2559 ambiant
3342 2513 3563 2574 propter
3606 2505 3844 2557 timores

2243 2612 2566 2667 nocturnos,
2612 2600 2905 2656 secundum
2945 2598 3112 2652 illud:
3155 2597 3264 2650 Pro
3305 2596 3540 2667 patribus
3575 2596 3680 2648 tuis
3718 2596 3841 2648 nati

2241 2706 2359 2748 sunt
2389 2695 2482 2748 tibi
2509 2693 2608 2762 ﬁlii
2640 2693 2812 2764 (Psal.
2849 2691 3017 2762 XLIV).

2310 2785 2434 2840 Haec
2464 2785 2538 2839 illi
2569 2784 2792 2854 tempori
2837 2784 3013 2854 typiee
3042 2783 3396 2848 conveniunt,
3429 2797 3538 2852 quo
3563 2784 3840 2837 seminata

2243 2893 2342 2948 per
2371 2876 2643 2947 apostolos
2683 2877 2838 2946 longe
2867 2877 3079 2946 lateque
3124 2877 3218 2930 Dei
3263 2875 3461 2940 verbo,
3498 2885 3639 2930 totus
3681 2877 3842 2931 orbis

2244 2983 2442 3023 novum
2480 2969 2603 3023 tioei
2631 2984 2848 3039 germen
2879 2969 3120 3036 accepit,
3153 2969 3379 3022 necdum
3423 2969 3675 3024 Ecclesia:
3704 2969 3843 3023 ardi-

2246 3059 2439 3125 t‘icatie,
2463 3059 2556 3114 sed
2582 3067 2785 3112 tantum
2815 3058 3000 3113 auditu
3021 3060 3169 3114 verbi
3192 3069 3244 3115 et
3265 3062 3626 3116 sacramentis
3650 3061 3840 3130 populi

2248 3151 2427 3204 adhuc
2455 3151 2616 3205 rudes
2644 3158 2800 3204 erant
2831 3149 3043 3204 imbuti.
3079 3149 3204 3205 Ideo
3233 3153 3578 3222 congregatis
3606 3169 3714 3206 non
3746 3168 3842 3206 so-

2248 3241 2358 3296 lum
2390 3241 2761 3312 optimatibus,
2790 3243 2883 3297 sed
2914 3251 2968 3296 et
2994 3241 3153 3312 vulgo
3190 3242 3473 3313 diligenter
3509 3258 3697 3298 eorum
3737 3259 3844 3298 nu-

2172 3319 2219 3384 C
2253 3350 2460 3391 merum
2485 3349 2770 3390 recensere
2788 3335 3020 3402 curavit,
3041 3345 3101 3391 ut
3121 3349 3400 3407 perspecta
3427 3338 3670 3392 omnium
3694 3354 3844 3392 sum-

2251 3445 2362 3494 ma,
2389 3429 2696 3486 discernere
2721 3439 2927 3501 posset,
2952 3430 3045 3500 qui
3075 3431 3128 3485 in
3151 3429 3475 3498 Jerusalem,
3507 3432 3599 3502 qui
3633 3432 3687 3486 in
3714 3433 3844 3487 aliis

2251 3520 2563 3576 civitatibus
2591 3521 2834 3577 habitare
2860 3523 3138 3578 deberent.

2324 3611 2751 3686 Unumquemque
2792 3625 2972 3668 contra
2997 3615 3232 3669 domum.
3276 3614 3366 3672 Sic
3405 3616 3549 3671 enim
3589 3619 3837 3675 custodia

2252 3715 2454 3761 sancta:
2484 3706 2740 3762 Ecclesia:
2772 3707 2873 3762 rite
2899 3707 3200 3778 perﬁcitur,
3231 3709 3276 3764 si
3303 3711 3532 3780 quisque
3571 3712 3643 3766 ita
3690 3712 3840 3768 solli-

2254 3798 2546 3854 citudinem
2572 3800 2812 3854 omnium
2841 3799 3075 3855 ﬁdelium
3105 3811 3290 3871 gerat,
3329 3811 3389 3857 ut
3422 3803 3732 3874 specialiter
3757 3807 3841 3861 eis

2255 3890 2452 3960 quibus
2478 3890 2588 3946 Deo
2615 3900 2838 3947 auctore
2857 3891 3111 3962 praelatus
3137 3903 3242 3960 est,
3263 3909 3450 3950 curam
3479 3895 3841 3966 diligentioris

2253 3983 2416 4039 studii
2450 3984 2744 4054 impendat.

2323 4073 2488 4128 Vens.
2509 4075 2594 4129 66.
2609 4106 2679 4116 -
2693 4075 2876 4132 Omnis
2899 4077 3178 4133 multitudo
3197 4081 3349 4152 quasi
3371 4081 3450 4136 vir
3468 4099 3620 4137 unus.
3640 4081 3836 4155 (ἔθεε.)

2252 4165 2516 4235 Pepulum
2547 4167 2710 4222 etiam
2741 4185 2901 4240 agros
2926 4171 3188 4228 colentem
3211 4175 3448 4231 decimas
3473 4177 3740 4232 fructuum
3768 4179 3842 4233 ad

2253 4256 2685 4330 Hierosolymam
2708 4258 2873 4328 jussit
2892 4261 3114 4330 'oﬂ'erre,
3151 4274 3208 4319 ut
3235 4265 3496 4322 habentes
3521 4271 3845 4325 sacerdotes

2255 4358 2309 4406 et
2336 4351 2511 4406 levita:
2539 4351 2791 4408 alimenta
2810 4395 2826 4419 ,
2863 4365 3125 4426 perpetua
3156 4357 3428 4428 religionis
3450 4360 3574 4431 jura
3602 4377 3708 4416 non
3741 4367 3842 4418 de-

2245 4444 2643 4513 ‘relinquerent.
2695 4448 2761 4501 Et
2817 4449 2870 4502 hi
2924 4450 3139 4519 quidem
3190 4452 3420 4508 libenter
3466 4457 3844 4524 sequebantur

2254 4535 2470 4592 decreta
2511 4535 2801 4594 Nebemize.
2849 4539 3134 4596 Civitatem
3186 4559 3317 4598 vero
3364 4545 3560 4601 exinde
3608 4549 3845 4616 contigit

2257 4628 2534 4684 hominum
2571 4630 2910 4686 multitudine
2963 4634 3237 4704 compleri.
3288 4636 3451 4690 Multa
3499 4639 3662 4693 etiam
3710 4640 3843 4694 talia

569 4727 707 4783 culis
732 4743 799 4781 ex
829 4737 1040 4796 genere,
1074 4720 1330 4790 periculis
1366 4734 1432 4772 ex
1479 4718 1748 4788 gentibus,
1783 4717 2040 4786 periculis
2083 4732 2150 4772 ex
2178 4693 2230 4756 Ῐ)
2256 4721 2397 4775 bona
2430 4731 2485 4775 et
2513 4720 2760 4778 laudibus
2787 4722 2944 4794 digna
2975 4693 3103 4780 cuni
3128 4741 3336 4782 summa
3366 4730 3584 4786 fecisset
3621 4735 3844 4802 magni-

570 4817 724 4871 t‘alsis
752 4813 1012 4868 fratribus
1038 4817 1342 4878 suspectam
1373 4808 1534 4860 vitam
1563 4807 1812 4876 agebant.

641 4905 808 4960 Vnus.
835 4902 920 4956 l5.
941 4930 1011 4942 -—
1040 4898 1234 4952 Mensis
1263 4897 1444 4952 Eliud.
1475 4895 1662 4969 (Bson,
1699 4898 1784 4951 ubi
1809 4898 2014 4970 supra.)
2047 4898 2148 4966 Qui

572 4995 867 5055 secundum
899 4990 1152 5046 Hebraeos
1174 4997 1356 5044 sextus
1378 4997 1479 5050 est,
1503 4997 1631 5053 etc.,
1656 5005 1816 5060 usque
1838 4990 1908 5043 ad
1926 5000 1980 5044 et
2001 4991 2155 5045 dein-

573 5104 702 5157 eeps
725 5103 784 5142 se
803 5087 859 5141 in
880 5083 976 5138 Dei
999 5091 1054 5138 et
1072 5079 1303 5152 proximi
1325 5079 1614 5136 dilectione
1636 5080 1690 5134 in
1712 5081 1867 5137 bonis
1894 5080 2148 5150 operibus

575 5181 859 5236 adornent.
889 5207 893 5216 -

643 5266 808 5322 Vens.
835 5262 1272 5322 ili—Universae
1295 5273 1488 5336 gentes.
1518 5265 1638 5337 (ln.,
1661 5263 1817 5334 ibid.)
1839 5263 1939 5330 Qui
1963 5272 2144 5319 autem

573 5368 871 5418 structores
918 5367 1119 5412 sancta:
1163 5357 1396 5410 civitatis
1446 5367 1648 5412 terrere
1693 5355 1975 5421 volebant,
2019 5365 2150 5425 etc.,

573 5466 737 5524 usque
759 5450 828 5506 ad
851 5457 906 5506 et
927 5450 995 5504 ab
1025 5448 1262 5504 Ecclesia
1293 5449 1518 5517 expulsi.

1168 5583 1394 5640 CAPUT
1443 5582 1552 5638 V'll.

646 5721 811 5778 Vitas.
839 5721 891 5775 l.
912 5750 978 5762 —
1007 5719 1294 5791 Postquam
1323 5731 1498 5776 autem
1534 5723 1826 5793 testiﬁcatus
1846 5736 1922 5781 est
1947 5744 2150 5794 murus,

577 5819 682 5866 etc.
698 5808 1152 5884 (BnnA,inEsdr.,
1174 5809 1265 5864 lib.
1289 5826 1505 5881 m,cap.
1526 5813 1618 5878 24,
1645 5824 1774 5870 ιοιιι.
1793 5817 1878 5890 ΙΙ.)
1895 5818 2116 5890 Mystice
2137 5839 2148 5874 :

578 5902 669 5955 ubi
695 5901 950 5957 Ecclesia
989 5916 1176 5956 murus
1207 5900 1447 5960 collectis
1469 5905 1536 5962 ad
1558 5905 1717 5963 ﬁdem
1748 5911 1902 5967 novis
1922 5914 2132 5983 populis

2257 4814 2472 4868 licentia
2501 4815 2808 4882 Nebemias,
2839 4817 2907 4871 ad
2933 4826 3263 4874 senectutem
3294 4823 3618 4891 perveniens
3647 4825 3844 4878 detun-

2257 4916 2378 4962 ctus
2406 4917 2510 4963 851..

2855 4980 3081 5037 CAPUT
3118 4982 3248 5039 VIII.

2323 5089 2488 5144 Vens.
2519 5088 2571 5143 l.
2594 5120 2666 5131 —
2685 5091 2754 5144 Et
2774 5102 2980 5147 venerat
3015 5095 3206 5149 mensis
3233 5097 3501 5167 septimus.
3535 5074 3739 5171 (Bent,
3781 5101 3836 5154 in

2259 5180 2444 5247 Esdr.,
2475 5181 2566 5236 lib.
2601 5198 2684 5247 ιιι,
2715 5197 2833 5252 cap.
2860 5182 2948 5247 26,
2986 5193 3112 5238 tom.
3138 5184 3237 5254 ll.)
3268 5187 3368 5254 Qui
3393 5204 3498 5244 non
3527 5189 3687 5261 longe
3711 5192 3842 5246 abe-

2259 5281 2360 5326 rat.
2396 5270 2528 5327 Cum
2559 5274 2700 5326 enim
2730 5288 2917 5328 murus
2933 5282 3078 5329 esset
3098 5275 3349 5330 vicesima
3376 5279 3562 5347 quinta
3589 5280 3676 5334 die
3699 5282 3840 5335 sexti

2261 5361 2461 5415 mensis
2487 5361 2783 5430 completus
2811 5363 3048 5433 quinque
3076 5372 3278 5418 tantum
3309 5367 3424 5421 dies
3454 5368 3519 5421 ad
3550 5371 3838 5424 exordium

2263 5453 2475 5523 septimi
2504 5454 2705 5508 mensis
2732 5467 3070 5524 supererant,
3097 5455 3238 5524 quia
3273 5457 3441 5527 prima
3464 5460 3550 5515 die
3578 5477 3750 5529 usque
3770 5461 3840 5516 ad

2265 5545 2576 5600 vicesimam
2605 5546 2892 5601 secundam
2918 5553 3059 5600 totus
3081 5547 3334 5616 legitimis
3357 5552 3694 5606 acremoniis
3717 5568 3842 5606 con-

2263 5646 2506 5692 secratus
2547 5645 2663 5702 est,
2693 5631 2888 5707 quibus
2930 5637 3003 5690 ita
3047 5639 3147 5691 rite
3188 5640 3501 5702 celebratis,
3537 5643 3730 5697 deinde
3770 5643 3839 5698 ad

2262 5731 2623 5800 disponendos
2645 5731 2796 5784 urbis
2816 5745 3093 5785 mansores
3114 5747 3236 5787 cum
3259 5734 3591 5804 principibus
3611 5745 3666 5790 et
3682 5734 3842 5805 plebe

2263 5837 2513 5877 reversus
2539 5830 2642 5878 est.

2335 5913 2783 5984 Congregatusque
2816 5915 2982 5969 omnis
3022 5915 3242 5984 papulas
3288 5918 3438 5986 quasi
3477 5919 3556 5973 vir
3589 5933 3728 5973 unus
3766 5923 3838 5973 ad
