4122 6350
313 468 412 523 781

1283 459 1550 518 GLOSSA
1585 460 1986 518 ORDINARIA.
2023 491 2095 504 -—
2131 463 2258 517 LIB.
2301 461 2574 519 ΕδῡΒᾹΞ.

3451 463 3558 519 739

307 583 537 656 plateam
551 576 1435 651 quw,etc.(Beo.,ibid.)Notanda
1465 576 1680 632 devotio
1700 577 1881 648 populi
1907 581 1960 642 Α
2055 575 2247 632 Ramos
2289 578 2606 648 palmarum.
2653 578 2772 649 (ln.,
2831 579 2984 649 ibid.)
3021 579 3222 634 Ramos
3255 579 3556 650 palmarum

307 683 362 731 et
404 672 712 738 concordia,
745 679 881 738 etc.,
920 687 1078 741 usque
1103 670 1171 723 ad
1199 683 1432 740 quarum
1463 677 1620 723 cantu
1656 668 1883 739 populus

308 764 452 821 inter
478 763 754 818 orationes
777 769 832 816 et
857 761 1060 816 hostias
1097 759 1376 816 ardentius
1411 760 1478 814 ad
1514 759 1649 832 legis
1675 774 1884 815 memo-

309 857 445 911 riam
477 855 828 910 excitaretur.
1803 871 1811 874 -

380 944 604 1016 Mystice
645 957 858 1013 quoque
903 941 1163 998 aedificata
1216 942 1434 999 civitate
1476 951 1688 1012 oportet
1731 941 1882 1012 sequi

307 1040 592 1095 lectionem
622 1037 878 1100 divinam,
922 1044 978 1090 et
1013 1037 1168 1091 tubas
1208 1051 1402 1092 sonare
1448 1034 1776 1096 crebriores,
1823 1043 1884 1090 ut

307 1131 558 1203 populus,
575 1128 928 1185 sacramentis
944 1127 1256 1182 cmlestibus
1278 1127 1520 1181 initiatus
1534 1127 1694 1181 etiam
1711 1127 1882 1182 sacris

308 1222 536 1293 eloquiis
567 1235 633 1276 ex
663 1230 901 1291 tempore
928 1220 1178 1275 solertius
1203 1218 1433 1288 qualiter
1458 1217 1639 1273 vivere
1666 1217 1878 1285 debeat,

308 1315 627 1370 instruatur.

379 1408 512 1462 Ante
533 1418 734 1477 portam
764 1423 1041 1478 aquarum.
1068 1406 1188 1477 (lo.,
1204 1405 1356 1477 ibid.)
1377 1406 1594 1461 Portam
1617 1422 1881 1478 aquarum

310 1516 435 1555 reor
463 1501 568 1556 dici
609 1501 663 1554 in
688 1501 827 1555 atrio
853 1501 1215 1564 sacerdotum,
1253 1509 1392 1564 etc.,
1437 1516 1597 1570 usque
1639 1499 1708 1554 ad
1743 1500 1881 1555 bene

306 1606 440 1660 ergo
491 1600 614 1646 ante
661 1600 871 1662 portam
923 1605 1186 1660 aquarum
1225 1589 1479 1645 collectus
1525 1598 1610 1644 est
1656 1589 1881 1660 populus

307 1690 562 1752 tanquam
596 1699 692 1753 per
717 1683 1008 1738 antistitem
1035 1697 1192 1737 suum
1227 1681 1441 1738 ﬂuentis
1478 1681 1880 1752 Scripturarum

308 1772 660 1844 Spiritualiter
687 1774 972 1843 potandus.

381 1863 542 1918 Vens.
568 1865 620 1918 4.
651 1895 720 1905 —
747 1864 899 1920 Stetit
931 1875 1104 1919 autem
1129 1865 1331 1920 Esdras
1365 1865 1533 1919 scriba
1571 1881 1728 1936 super
1762 1883 1882 1937 gra-

309 1953 456 2007 dum.
487 1953 622 2020 (ln.,
650 1954 813 2024 ibid.)
856 1955 1081 2010 Videtur
1108 1954 1437 2017 meminisse,
1465 1962 1592 2021 etc.,
1623 1971 1786 2026 usque
1811 1956 1880 2009 ad

306 2054 366 2100 ut
398 2045 614 2100 timidus
643 2054 698 2100 et
726 2047 1051 2102 erubescens
1087 2061 1208 2117 quae
1246 2047 1360 2117 ipse
1402 2061 1517 2102 non:
1555 2047 1710 2113 fecit,
1761 2049 1881 2104 aliis

308 2134 556 2191 faciendo
582 2137 842 2207 prardicit,
871 2147 977 2193 etc.

376 2223 509 2280 Cum
559 2226 814 2295 praesules
859 2235 1122 2297 quantum
1169 2226 1408 2288 honore,
1460 2235 1666 2282 tantum
1719 2243 1882 2298 opere

305 2316 548 2371 subditos
597 2315 955 2388 antecellunt,
1005 2317 1107 2387 ipsi
1155 2331 1344 2371 eorum
1379 2318 1640 2388 exemplis
1675 2319 1880 2372 incitati

304 2411 430 2462 vita:
456 2423 566 2462 sua;
593 2410 820 2478 gradum
845 2416 1220 2478 exsequuntur
1253 2409 1461 2473 devoti,
1490 2417 1544 2463 et
1577 2409 1645 2462 ab
1682 2410 1761 2464 eis
1795 2409 1881 2479 pie

307 2502 566 2557 admoniti
606 2518 702 2571 pro
730 2503 966 2573 peccatis
999 2503 1084 2558 vel
1121 2502 1392 2558 desiderio
1424 2506 1613 2575 patriae
1643 2505 1882 2562 celestis

306 2591 574 2664 lacrymas
614 2592 936 2663 profundam
965 2593 1320 2648 delectantur.
1357 2594 1506 2649 Unde
1532 2596 1669 2649 bene
1693 2595 1880 2649 subdi—

251 2720 260 2730 .
305 2692 410 2749 tur,
439 2682 604 2738 ﬂebat
650 2685 795 2740 enim
835 2686 1010 2741 omnis
1038 2685 1297 2758 pupulas,
1328 2701 1450 2741 cum
1480 2686 1692 2740 audiret
1716 2685 1880 2741 verba

305 2775 438 2846 legis
455 2817 468 2838 ,
507 2785 612 2831 etc.

374 2868 537 2923 Vens.
575 2870 660 2924 10.
689 2896 759 2911 —-
779 2869 861 2924 Ite
887 2879 934 2924 et
965 2871 1241 2931 comedite,
1276 2879 1378 2926 etc.
1424 2870 1562 2942 (lo.,
1607 2869 1731 2924 ibid.
1760 2869 1779 2939 )
1812 2868 1883 2926 Ut

305 2957 629 3015 infirmiores
673 2961 1034 3015 conscientias
1077 2960 1447 3030 proximorum
1487 2960 1735 3030 exemplo
1779 2960 1881 3030 pia:

305 3049 566 3120 minutis,
601 3061 656 3110 et
686 3052 951 3110 suavitate
975 3051 1180 3110 devotae
1205 3051 1586 3110 admonitionis
1611 3051 1882 3112 conferte-

307 3163 458 3210 nsus,
493 3149 763 3216 praecipit,
803 3156 1068 3218 quatenus
1103 3150 1243 3202 sicut
1277 3149 1431 3218 adipe
1472 3159 1526 3203 et
1562 3151 1884 3221 pinguedine

305 3239 637 3308 repleantur,
693 3240 921 3308 aliisque
973 3240 1350 3295 cxsultationis
1409 3239 1630 3296 laudent
1685 3257 1881 3297 nomen

1987 664 2293 732 all'erimus,
2329 667 2474 736 quod
2510 676 2591 724 est
2625 684 2818 724 manus
2849 669 3090 724 victricis
3132 676 3383 736 ornatus,
3429 685 3554 726 cum

1983 766 2218 812 mentem
2261 758 2515 814 vitiorum
2561 760 2838 817 victricem
2883 762 3152 833 gerimus,
3200 770 3255 817 et
3299 762 3558 818 invictam

1983 850 2194 905 cunctis
2243 851 2508 916 hostibus,
2557 860 2616 906 ut
2658 862 2862 908 stemus
2892 863 3012 909 ante
3040 855 3284 908 thronum
3328 853 3384 907 in
3428 869 3556 908 con-

1981 952 2158 1012 spectu
2185 942 2319 1012 Agni
2336 983 2348 1002 ,
2379 943 2557 997 amicti
2586 944 2730 999 stolis
2760 945 2913 1012 albis,
2942 955 2992 1002 et
3016 946 3206 1018 palma:
3231 947 3284 1000 in
3315 946 3556 1001 manibus

1983 1033 2172 1086 nostris
2206 1036 2224 1104 (
2250 1033 2410 1102 Apoc.
2437 1049 2510 1088 vn
2534 1035 2574 1106 ).

2053 1121 2216 1177 Vens.
2261 1123 2343 1178 16.
2372 1154 2444 1164 —-
2470 1122 2833 1198 Unusquisque
2865 1128 2921 1182 in
2957 1129 3183 1183 domate.
3214 1128 3356 1197 (11).,
3383 1127 3512 1182 ibid.
3537 1129 3556 1199 )

1981 1210 2040 1267 In
2072 1212 2286 1268 domate
2319 1229 2448 1272 suo.
2489 1223 2620 1280 etc.,
2653 1233 2814 1288 usque
2848 1217 2918 1271 ad
2960 1227 3015 1272 et
3049 1219 3104 1272 in
3137 1216 3431 1286 majoribus
3458 1219 3558 1273 bo-

1982 1319 2064 1359 nte
2096 1305 2323 1360 actionis
2352 1306 2594 1377 frugibus
2625 1307 2898 1363 abundare
2928 1324 3253 1364 mereamur.

2053 1394 2217 1451 Vens.
2271 1398 2682 1470 18.—Septem
2732 1401 2930 1455 diebus.
2983 1401 3104 1468 «ιι»,
3151 1401 3305 1474 ibid.)
3353 1399 3558 1456 Sceno-

1982 1487 2136 1556 pegia
2163 1498 2368 1557 septem
2395 1490 2584 1544 diebus
2609 1490 2886 1560 agebatur,
2912 1502 3040 1558 etc.,
3070 1508 3230 1564 usque
3256 1494 3325 1546 ad
3350 1493 3404 1546 in
3435 1506 3562 1547 con-

1983 1587 2168 1646 spectu
2216 1577 2310 1632 Dei
2359 1590 2749 1652 congregatus,
2785 1589 2839 1637 et
2878 1597 3154 1652 nunquam
3193 1581 3562 1654 segregandus

1982 1665 2352 1723 exsultaverit.

2595 1741 2824 1798 CAPUT
2855 1741 2946 1797 IX.

2058 1847 2216 1905 Vens.
2257 1851 2308 1904 1.
2335 1881 2405 1892 ——
2430 1850 2498 1906 In
2531 1853 2616 1907 die
2649 1864 2840 1917 autem,
2879 1862 2984 1909 etc.
3026 1854 3225 1927 (BEDA,
3261 1855 3348 1908 ubi
3375 1871 3557 1936 supra,

1909 1985 1956 2044 Β
1985 1959 2104 2013 cap.
2142 1944 2276 2015 28.)
2317 1945 2563 2002 Notanda
2616 1949 2846 2003 correcti
2899 1949 3080 2019 populi
3136 1949 3351 2003 devotio
3374 1989 3388 2012 ,
3425 1957 3555 2012 etc.,

1981 2051 2142 2106 usque
2187 2036 2256 2090 ad
2314 2052 2437 2092 cum
2473 2052 2504 2091 a
2553 2040 2763 2093 caeteris
2810 2038 3086 2093 laboribus
3130 2048 3377 2093 cessatur
3423 2037 3557 2092 divi-

1979 2125 2065 2180 nis
2091 2125 2408 2181 lectionibus
2438 2142 2597 2182 aures
2622 2128 2842 2183 liberius
2871 2129 3299 2182 commodantur.

2049 2215 2118 2269 Et
2129 2216 2262 2270 dixit
2281 2215 2500 2271 Esdras.
2523 2217 2700 2288 Usque
2715 2219 2779 2272 ad
2799 2221 2958 2273 linem
2973 2219 3235 2274 orationis
3256 2218 3338 2272 vel
3352 2217 3560 2274 confes-

1981 2308 2148 2362 sionis
2175 2312 2314 2376 e'us,
2340 2311 2484 2380 quod
2512 2328 2673 2382 supra
2701 2313 2902 2368 dictum
2931 2321 3037 2379 est,
3068 2315 3194 2384 quia
3228 2314 3559 2368 confiteban-

1983 2407 2070 2452 tur
2097 2410 2316 2469 peccata
2349 2419 2470 2468 sua,
2499 2413 2554 2458 et
2581 2413 2799 2473 peccata
2827 2416 3039 2476 patrum
3067 2422 3287 2462 suorum
3307 2448 3319 2468 ,
3347 2406 3556 2476 plenius

1979 2491 2150 2546 Esdra
2174 2494 2500 2563 deprecante
2525 2498 2758 2566 qualiter
2781 2498 2979 2552 factum
3009 2499 3110 2562 sit,
3138 2497 3460 2553 ostenditur.

2053 2583 2214 2639 Vens.
2238 2585 2326 2641 58.
2351 2615 2422 2627 —-
2448 2587 2620 2657 Super
2664 2591 2901 2643 omnibus
2953 2607 3074 2661 ergo
3122 2591 3222 2644 his.
3257 2589 3465 2662 (BEDA,
3500 2591 3553 2645 in

1980 2672 2166 2740 Esdr.,
2198 2675 2290 2731 lib.
2323 2693 2414 2742 ιιι,
2448 2686 2576 2732 ιοιιι.
2609 2678 2672 2732 ll.
2698 2681 2716 2749 )
2746 2680 2994 2734 Ostendit
3022 2689 3223 2750 quanta
3263 2679 3548 2761 deyotione

1981 2779 2169 2820 omnes
2198 2781 2441 2836 persona:
2458 2784 2645 2823 eorum
2669 2785 2866 2824 novum
2902 2779 3022 2841 post
3057 2770 3192 2825 festa
3219 2769 3552 2841 scen0pegize

1981 2865 2309 2911 conventum
2341 2857 2594 2922 fecerint,
2639 2867 2694 2913 ut
2721 2861 2926 2916 scilicet
2958 2870 3067 2916 tota
3094 2876 3153 2914 se
3187 2860 3484 2915 intentione
3523 2877 3554 2914 a

1982 2947 2247 3002 scelerum
2287 2952 2552 3021 contagiis
2589 2963 2913 3023 expurgatos
2957 2953 3138 3007 divino
3181 2952 3370 3007 foederi
3426 2967 3555 3006 con-

1977 3036 2299 3114 jungerent,
2338 3054 2392 3101 et
2427 3043 2644 3104 {tuleris
2691 3047 2864 3104 sancti
2895 3046 3252 3104 conditionem
3303 3061 3561 3104 sermone

1984 3136 2265 3190 ﬁrmarent
2292 3148 2346 3191 et
2371 3141 2611 3209 scripto;
2654 3151 2707 3195 et
2740 3141 2819 3196 sic
2853 3143 2920 3196 ab
2958 3142 3240 3210 impiorum
3281 3143 3554 3196 consortio

1985 3227 2249 3295 separati,
2289 3231 2593 3286 securiores
2638 3232 2908 3302 replerent
2954 3248 3126 3303 opus,
3175 3234 3316 3302 quod
3352 3233 3552 3287 dudum

305 3330 538 3384 Domini.
569 3330 729 3385 Juxta
760 3331 994 3386 litteram
1023 3347 1239 3401 quoque
1267 3346 1388 3386 cum
1424 3331 1476 3384 in
1511 3331 1663 3387 festis
1693 3332 1881 3388 diebus
1907 3341 1953 3404 α
1985 3329 2292 3388 “litteram.
2338 3321 2388 3377 id
2421 3334 2535 3388 εει,
2576 3333 2634 3379 ιιι
2664 3341 2930 3395 congruos
2963 3326 3112 3382 urbis
3147 3326 3293 3381 θίνθε
3342 3325 3406 3379 de
3453 3341 3552 3379 ηυ-

304 3433 428 3494 post
453 3427 752 3482 orationem
781 3427 1064 3482 lectionem
1092 3437 1147 3482 et
1173 3426 1503 3497 psalmorum
1530 3427 1703 3482 studia
1731 3443 1880 3482 com-

305 3516 446 3586 pleta
479 3533 695 3572 carnem
724 3517 1023 3584 reficimus,
1051 3534 1348 3589 pauperum
1384 3527 1441 3574 et
1470 3519 1880 3590 peregrinorum

309 3610 617 3664 meminisse
649 3611 922 3666 debemus.

381 3695 559 3752 Nolite
587 3699 904 3754 contristari.
936 3699 1194 3755 Doctores
1223 3699 1312 3769 qui
1340 3708 1548 3755 mentes
1573 3701 1878 3756 auditorum

307 3790 478 3845 sacris
527 3790 842 3846 lectionibus
886 3793 952 3846 ad
1002 3793 1268 3864 lacrymas
1313 3792 1578 3858 excitant,
1615 3801 1669 3848 et
1719 3791 1880 3847 iidem

308 3883 673 3949 consolantur,
701 3885 825 3938 dmn
845 3885 1052 3955 gaudia
1085 3894 1332 3940 secutura
1363 3885 1724 3958 promittunts

379 3974 542 4029 Vens.
586 3975 666 4028 11.
703 4005 774 4015 —
807 3974 944 4040 Quia
981 3976 1091 4029 dies
1129 3986 1339 4029 sanctus
1375 3986 1468 4029 est.
1505 3975 1640 4029 Dum
1676 3974 1882 4030 scilicet

307 4067 486 4120 verbis
533 4066 742 4122 Domini
789 4067 1066 4122 audiendis
1110 4076 1165 4122 et
1211 4066 1491 4137 implendis
1524 4083 1742 4136 operam
1781 4069 1879 4122 da-

309 4173 460 4222 mus,
495 4157 548 4210 in
583 4174 689 4226 quo
727 4158 813 4212 die
851 4159 1096 4228 quamvis
1129 4160 1370 4214 exterius
1404 4160 1630 4214 adversa
1669 4161 1879 4230 patien—

312 4263 425 4318 tes,
465 4268 564 4307 nos
601 4253 652 4308 in
692 4267 788 4324 spe
824 4255 1055 4324 gaudere
1091 4263 1320 4324 oportet.
1360 4253 1509 4309 Unde
1540 4273 1552 4308 :
1588 4255 1754 4320 Quasi
1783 4257 1881 4309 tri-

309 4357 442 4409 stes,
475 4364 676 4417 semper
705 4359 878 4400 autem
910 4347 1190 4416 gaudentes
1222 4345 1326 4418 (II
1354 4346 1474 4401 Cor.
1503 4347 1630 4416 v1),
1663 4357 1772 4403 etc.

381 4438 541 4493 Vens.
574 4438 662 4492 14.
686 4469 756 4478 —
780 4438 846 4491 Et
871 4439 1192 4503 invenerunt,
1220 4450 1323 4493 etc.
1354 4437 1538 4507 (Bentt.
1566 4439 1655 4493 ubi
1676 4439 1880 4512 supra.)

311 4527 435 4584 Hcce
466 4529 516 4583 in
549 4528 788 4585 Levitico
820 4530 1026 4599 plenius
1052 4531 1250 4601 scripta
1279 4539 1438 4596 sunt,
1465 4539 1594 4595 etc.,
1624 4548 1785 4602 usque
1814 4531 1883 4584 ad

311 4621 625 4676 meminisse
655 4637 752 4676 nos
781 4629 1026 4690 oportet,
1055 4621 1180 4690 quia
1213 4620 1398 4674 incola:
1425 4637 1606 4675 sumus
1639 4621 1694 4673 in
1720 4630 1882 4687 terra,

309 4721 355 4764 et
385 4713 642 4782 peregrini
670 4712 803 4766 sicut
833 4723 1005 4784 patres
1037 4712 1202 4766 nostri
1231 4712 1249 4783 (
1275 4709 1419 4766 Psal.
1451 4727 1657 4766 xxxvnt
1679 4710 1720 4784 ).

383 4801 545 4857 Vens.
579 4802 891 4872 lS.—-—Ligni
910 4802 1266 4872 pulcherrimi,
1285 4810 1389 4858 etc.
1417 4803 1538 4874 (lo.,
1560 4801 1880 4874 ibid.)Quod

310 4891 517 4949 scilicet
554 4893 764 4948 Hebrtei
790 4902 982 4947 vocant
1007 4893 1248 4946 cedrum.
1282 4892 1522 4948 Frondes
1557 4907 1687 4946 vero
1723 4894 1884 4962 myrti

312 4993 367 5039 et
390 4983 826 5038 obumbraculum
850 4983 950 5038 sibi
973 4982 1128 5037 affert
1147 4983 1237 5051 qui
1260 4982 1439 5036 dicere
1461 4990 1668 5053 potest,
1691 4980 1885 5036 Christi

314 5073 478 5128 bonus
505 5074 630 5127 odor
661 5090 839 5128 sumus
869 5073 978 5126 Deo
1005 5075 1056 5125 in
1081 5074 1220 5126 omni
1251 5072 1362 5126 loco
1393 5070 1492 5141 (II
1521 5071 1644 5126 Cor.
1671 5073 1772 5144 ιι).

385 5162 435 5217 F
439 5164 626 5219 rondes
650 5163 777 5234 ligni
804 5164 1140 5234 pulcherrimi
1186 5174 1232 5218 et
1279 5163 1490 5233 frondes
1535 5167 1726 5235 myrti,
1773 5173 1878 5222 etc.

315 5255 546 5311 Fructus
587 5257 868 5312 charitatis
911 5271 1030 5327 qua:
1077 5258 1216 5314 inter
1259 5273 1449 5315 omnes
1489 5261 1718 5316 virtutes
1761 5261 1883 5330 pul-

315 5347 612 5411 cherrima,
654 5363 753 5419 per
789 5363 948 5418 quam
986 5359 1041 5404 et
1078 5348 1324 5405 Christus
1351 5350 1550 5422 lignum
1581 5352 1760 5408 crucis
1788 5367 1885 5424 pro

315 5447 502 5494 nostra
536 5438 707 5494 salute
737 5439 1008 5504 ascendit,
1041 5439 1193 5509 cujus
1221 5441 1525 5510 passionem
1552 5443 1678 5497 dum
1707 5459 1884 5514 quan-

317 5540 430 5586 tum
465 5547 781 5602 possumus,
819 5533 1113 5595 imitamur,
1155 5534 1438 5588 frondibus
1471 5534 1714 5604 profecto
1750 5535 1881 5605 ligni

316 5623 668 5694 pulcherrimi
695 5633 750 5678 et
776 5625 936 5695 myrti
968 5625 1019 5678 in
1054 5624 1522 5679 mortificationem
1548 5624 1801 5680 vitiorum
1833 5634 1888 5680 et

317 5715 598 5770 libidinum
633 5724 982 5786 proteguntur.
1023 5715 1156 5786 Magi
1184 5715 1327 5770 enim
1358 5714 1584 5770 Domino
1613 5714 1887 5788 myrrham

317 5803 608 5862 oll'erentes
635 5807 963 5870 docuerunt,
991 5805 1115 5874 quia
1141 5805 1232 5874 qui
1255 5803 1454 5859 Christ'
1486 5814 1642 5872 sunt,
1671 5820 1888 5864 carnem

317 5908 477 5974 suam
505 5911 629 5975 cum
657 5896 804 5974 vitiis
829 5904 884 5954 et
909 5895 1356 5982 concupiscentiis
1383 5895 1722 5980 crucifigunt.

1907 4704 1961 4764 D

1984 3425 2136 3467 mero
2164 3412 2452 3482 impiorum
2480 3416 2845 3472 instituerent.

2606 3526 2834 3585 CAPUT
2870 3528 2939 3584 Χ.

2055 3633 2220 3691 Vens.
2250 3637 2302 3691 1.
2330 3667 2401 3678 -
2427 3638 2758 3709 Signatores,
2786 3651 2891 3697 etc.
2925 3640 3044 3697 Alia
3075 3641 3360 3698 translatio
3389 3660 3403 3696 :
3439 3642 3553 3698 Ne-

1981 3727 2178 3782 Itemias
2215 3731 2303 3801 qui
2337 3730 2616 3786 Athersata
2651 3733 2840 3802 fertur,
2888 3742 3007 3790 erat
3049 3734 3194 3789 enim
3245 3735 3555 3806 dionymos,

1983 3818 2123 3874 unde
2161 3819 2509 3890 singulariter
2541 3821 2882 3895 subiungitur
2922 3826 3062 3881 filius
3104 3827 3362 3891 Achelai,
3413 3829 3556 3898 quod

1982 3911 2231 3980 superius
2275 3915 2515 3982 apertius
2560 3914 2760 3971 dicitur
2791 3936 2805 3972 ε
2845 3917 2986 3972 Dixit
3021 3929 3195 3973 autem
3234 3921 3551 3989 Nehemias,

1981 4009 2027 4053 et
2059 4001 2166 4070 ipse
2191 4011 2264 4055 est
2295 4003 2570 4058 Athersata
2603 4006 2619 4076 (
2647 4005 2710 4060 II
2742 4007 2871 4062 Esd.
2904 4025 2978 4064 vtt
3007 4011 3045 4078 ).

2057 4092 2210 4162 (19.,
2259 4093 2439 4165 ibid.)
2494 4096 2660 4153 Nobis
2706 4115 2918 4170 quoque
2946 4101 3228 4159 sabbatum
3278 4105 3557 4175 spirituale

1983 4196 2194 4252 semper
2229 4185 2491 4256 agendum
2529 4198 2646 4255 est,
2677 4199 2806 4256 etc.,
2857 4209 3017 4264 usque
3057 4195 3125 4248 ad
3173 4196 3349 4263 primo
3391 4196 3476 4250 die
3523 4212 3554 4251 a

1983 4274 2141 4328 malis
2168 4277 2462 4334 emundare
2500 4295 2724 4336 necesse
2761 4290 2874 4349 est,
2917 4284 3109 4338 deinde
3146 4285 3303 4339 bonis
3345 4286 3556 4340 actibus

1984 4365 2259 4421 adornari.

2583 4439 2811 4496 CAPUT
2861 4441 2957 4496 XI.

2056 4547 2217 4605 Vens.
2249 4550 2302 4605 1.
2327 4581 2398 4591 —
2425 4550 2802 4608 Habitaoerunt
2843 4565 3036 4609 autem.
3056 4553 3257 4628 (Bent,
3288 4559 3344 4611 in
3374 4557 3557 4625 Esdr.,

1985 4639 2079 4693 lib.
2108 4655 2200 4706 ut,
2228 4649 2361 4696 tom.
2387 4641 2451 4696 ll.
2476 4641 2496 4713 )
2523 4641 2675 4698 Nunc
2701 4645 2966 4713 completa
2989 4654 3074 4700 est
3096 4647 3394 4716 dispositio,
3425 4659 3554 4718 etc.,

1987 4749 2147 4803 usque
2190 4734 2258 4788 ad
2301 4734 2395 4790 sed
2443 4735 2639 4791 occulti
2680 4734 2878 4804 judicis
2924 4745 2980 4793 et
3021 4739 3292 4810 largitoris
3333 4757 3558 4801 munere

1981 4826 2303 4894 percipiunt.

2056 4917 2219 4974 Vens.
2243 4918 2294 4972 5.
2319 4949 2388 4959 -
2417 4918 2484 4974 Et
2515 4921 2570 4974 in
2592 4919 2906 4975 Jerusalem.
2935 4923 3054 4996 (ln.,
3081 4924 3234 4998 ibid.)
3256 4927 3353 4983 His
3376 4929 3558 4983 verbis

1983 5012 2308 5077 ostenditur,
2349 5019 2478 5077 etc.,
2518 5030 2677 5084 usque
2714 5013 2783 5067 ad
2815 5030 2938 5070 nam
2991 5019 3278 5089 sequitur:
3320 5020 3395 5075 De
3427 5021 3556 5089 ﬁliis

1981 5103 2018 5157 Ι
2023 5103 2130 5158 uda
2156 5103 2509 5158 habitaverunt
2541 5105 2596 5158 in
2625 5103 2966 5162 Cariatharbe
2995 5108 3101 5180 (ΙΙ
3131 5110 3259 5165 Esd.
3293 5127 3348 5166 ιι
3370 5110 3416 5184 ).

2059 5194 2201 5266 (Ιο.,
2229 5196 2355 5250 ibid.
2382 5196 2400 5266 )
2429 5194 2594 5251 Judas
2623 5197 3006 5268 interpretatur
3033 5200 3282 5268 conﬁtens
3322 5202 3409 5257 vel
3429 5219 3558 5258 conv

1986 5287 2164 5357 fessio,
2195 5296 2327 5353 etc.,
2362 5304 2521 5359 usque
2558 5290 2627 5343 ad
2663 5305 2786 5345 cum
2821 5306 3008 5346 eorum
3039 5292 3131 5360 qui
3160 5301 3288 5350 sunt
3325 5294 3382 5350 in
3428 5313 3558 5369 agro

1986 5393 2127 5434 unus
2155 5387 2476 5444 assumetur,
2508 5387 2564 5434 et
2591 5379 2727 5435 alter
2753 5380 3101 5451 relinquetur.

2579 5509 2804 5566 CAPUT
2843 5510 2952 5565 ΧΠ.

2064 5621 2228 5678 Vens.
2260 5623 2312 5676 1.
2336 5653 2408 5663 -
2432 5620 2506 5676 Hi
2534 5632 2656 5678 sunt
2683 5633 2876 5686 autem,
2895 5633 3000 5678 etc.
3031 5622 3220 5695 (BEDA,
3245 5625 3337 5679 ubi
3355 5625 3561 5696 supra.)

1996 5713 2094 5768 Hic
2109 5712 2380 5782 principes
2395 5712 2735 5768 sacerdotum
2750 5726 2856 5766 una
2871 5727 2993 5767 cum
3009 5712 3268 5772 fratribus
3281 5715 3415 5780 suis,
3427 5723 3559 5783 etc.,

1995 5819 2156 5875 usque
2194 5791 2274 5858 ad
2304 5803 2535 5874 ideoque
2575 5803 2725 5859 illum
2769 5805 3056 5885 superstite
3097 5804 3273 5874 adhuc
3301 5803 3560 5870 Nehemia

1994 5893 2143 5962 pasci
2177 5895 2434 5973 potuisse.
3547 5886 3557 5896 ’
