4122 6350
512 479 617 537 735

1012 470 1401 531 WALAFRIDI
1440 466 1686 522 S'l‘RABl
1725 464 1927 521 FULD.
1968 460 2132 517 ΜΘΝ.
2174 457 2323 515 ΟΡΡ.
2366 458 2545 537 PARS
2583 458 2621 512 l.
2659 486 2728 497 -—
2764 448 3220 511 THEOLOGICA.

3655 447 3775 503 ται

584 594 761 667 (Ben,
784 592 937 666 ibid.)
962 591 1241 660 Descripta
1269 596 1350 642 est
1372 584 1644 642 successio
1662 581 1967 653 principum
1996 593 2086 632 sa-
2115 574 2166 634 A
2264 572 2429 631 Vsus.
2462 570 2551 625 39.
2595 600 2665 611 ~—
2704 565 3069 636 Steteruntque
3109 561 3210 615 duo
3253 558 3418 617 chori.
3468 558 3591 632 (im,
3618 557 3777 630 ibid.)

510 689 791 746 cerdotum
820 696 875 742 et
899 684 1206 747 levitarum,
1236 690 1366 746 etc.,
1395 694 1557 751 usque
1583 676 1652 731 ad
1683 674 1857 729 amica
1897 669 2083 742 provi-

511 780 666 838 sione
690 782 1022 841 restaurant,
1048 781 1102 830 et
1126 772 1305 828 debito
1328 770 1534 826 honore
1558 766 1819 822 exaltant.

588 870 713 945 (ln.,
740 870 894 939 ibid.)
931 864 1252 922 iamdudum
1284 860 1545 917 :cditicata
1574 864 1693 912 erat
1717 854 1930 919 civitas,
1956 858 2085 915 etc.,

512 942 678 1032 usque
708 956 777 1014 ad
814 968 945 1014 tunc
983 958 1038 1012 in
1070 972 1126 1010 re
1152 954 1271 1024 ipsa
1316 950 1607 1006 fruentium
1656 947 1838 1002 divina
1882 942 2092 998 visione

2189 663 2585 721 Perambulatis
2610 661 2877 717 moenibus
2902 665 2960 713 et
2985 655 3153 727 portis
3178 650 3438 718 civitatis,
3455 656 3586 716 etc.,
3609 666 3779 722 usque

2187 757 2255 811 ad
2298 758 2351 811 in
2398 754 2551 824 cujus
2594 753 2864 824 implenda
2907 749 3186 806 voluntate
3228 741 3550 814 infatigabili
3592 749 3785 798 nemo

2187 863 2499 920 permaneo.

2260 939 2424 995 Vsus.
2457 940 2545 993 41.
2569 967 2639 979 —-
2661 935 2729 990 Et
2760 934 2901 988 clare
2928 932 3246 987 cecinerunt.
3282 925 3543 995 Dirupisti
3567 921 3783 979 uincula

513 1014 795 1108 beatorum
822 1049 1100 1104 hominum
1133 1014 1189 1099 in
1217 1043 1533 1113 corporibus
1558 1036 1927 1109 spiritualibus
1953 1034 2095 1087 inter
2190 1048 2342 1086 mea:
2384 1031 2477 1083 tibi
2516 1025 2825 1096 sacriﬁcabo
2863 1025 3087 1078 hostium
3118 1019 3310 1075 laudis.
3354 1014 3486 1071 Vota
3522 1031 3637 1069 mea
3665 1014 3781 1068 De.

516 1141 759 1213 angelica
798 1140 1031 1212 agmina.

587 1212 752 1288 Vsus.
779 1231 869 1286 27.
892 1260 965 1271 —
989 1228 1059 1285 Et
1086 1230 1139 1282 in
1166 1223 1437 1298 cymbalis,
1460 1231 1567 1278 etc.
1600 1220 1724 1293 (11)..
1752 1215 1906 1288 ibid.)
1938 1212 2097 1285 Cym-

513 1325 670 1390 bala,
713 1322 969 1397 psalteria
1017 1329 1071 1375 et
1117 1319 1362 1383 citharae,
1391 1324 1520 1380 etc.,
1556 1328 1719 1387 usque
1748 1311 1815 1364 ad
1849 1317 1905 1364 et
1934 1307 2097 1362 corda

515 1414 886 1486 proximorum
914 1411 981 1465 ad
1006 1420 1245 1465 amorem
1271 1408 1389 1479 ejus
1415 1405 1739 1469 accendunt,
1765 1408 1869 1456 etc.

588 1505 752 1561 Vsus.
774 1506 954 1561 28.—
974 1498 1107 1559 Filii
1135 1514 1430 1557 cantorum.
1457 1499 1585 1573 (10.,
1609 1495 1763 1567 ibid.)
1794 1493 2101 1547 imitatores

516 1597 723 1653 scilicet
761 1610 974 1661 eorum,
1002 1605 1134 1661 etc.,
1183 1609 1347 1665 usque
1394 1590 1462 1645 ad
1509 1598 1564 1643 et
1607 1588 1659 1641 in
1703 1586 1818 1656 ipso
1860 1594 2101 1651 tempore

519 1688 892 1750 dedicationis,
914 1687 969 1742 id
991 1694 1095 1751 est,
1119 1692 1396 1757 perpetuat
1424 1673 1876 1739 remunerationis
1902 1672 2101 1727 ibidem

518 1782 723 1851 pariter
753 1780 1037 1835 uniuntur.
2028 1760 2035 1768 ’

2194 1124 2335 1179 mino
2374 1122 2585 1175 reddam
2622 1121 2675 1173 in
2717 1118 2868 1173 atriis
2914 1116 3105 1170 domus
3134 1111 3377 1175 Domini,
3418 1110 3477 1163 its
3504 1119 3786 1178 conspectu

2197 1213 2363 1267 omnis
2386 1210 2563 1281 populi
2590 1210 2643 1262 in
2664 1208 2835 1263 medio
2858 1206 2955 1270 tui,
2982 1205 3275 1258 Jerusalem
3300 1198 3474 1272 (Paci.
3497 1197 3644 1267 cxv).
3670 1195 3787 1251 Hoc

2197 1302 2258 1358 lit
2283 1317 2404 1357 cum
2428 1302 2481 1355 in
2505 1300 2707 1355 coelesti
2736 1297 2911 1369 patria
2936 1295 3175 1351 omnium
3202 1299 3517 1348 sanctorum
3540 1286 3785 1343 multitu-

2199 1395 2323 1450 dine
2351 1398 2698 1463 congregata,
2722 1406 2814 1445 eas
2834 1378 2935 1460 pro
2956 1385 3152 1458 quibus
3171 1385 3227 1439 in
3245 1380 3503 1454 praesenti
3521 1379 3788 1451 gemimus

2199 1500 2444 1559 quasque
2467 1486 2762 1558 gratiarum
2788 1483 3003 1538 actione
3030 1479 3345 1550 quotidiana
3373 1473 3647 1531 desiderio
3670 1470 3795 1526 siti-

2202 1595 2344 1643 mus,
2373 1577 2558 1631 laudes
2584 1573 2880 1629 efferimus.

2274 1667 2439 1722 Vsus.
2473 1666 2561 1721 42.
2586 1694 2658 1705 —-
2705 1663 2845 1717 Deus
2874 1660 3015 1716 enim
3052 1658 3434 1728 ἠρήμωνται,
3458 1662 3565 1710 etc.
3594 1650 3789 1725 (Beas,

2202 1765 2359 1836 ibid.)
2408 1764 2534 1818 Haec
2576 1761 2643 1816 ad
2687 1758 3079 1815 dedicationem
3112 1761 3315 1813 sanctis
3351 1750 3617 1813 civitatis,
3658 1756 3796 1815 etc.,

590 1869 756 1925 Vsus.
779 1869 955 1924 50.—
975 1868 1043 1923 Et
1066 1866 1322 1922 mandati.
1351 1863 1473 1938 (ln.,
1496 1861 1653 1931 ibid.)
1674 1858 1863 1916 Justus
1884 1854 2106 1913 omnino
2136 1927 2178 1938 ﬁ
2206 1872 2369 1927 usque
2401 1855 2471 1908 ad
2497 1861 2552 1907 et
2577 1853 2827 1907 victimas
2852 1849 3120 1904 bonorum
3144 1858 3371 1917 operum
3397 1842 3667 1897 maximas
3688 1841 3799 1895 im-

520 1963 672 2029 or'do,
696 1971 828 2028 etc.,
848 1978 1012 2033 usque
1040 1960 1110 2014 ad
1137 1968 1191 2015 et
1216 1927 1415 2014 vinctis
1439 1927 1691 2010 manibus
1717 1958 1773 2006 et
1799 1948 2026 2020 pedibus
2050 1946 2107 2001 in
2135 1927 2185 1987 Β
2207 1944 2418 2000 molare
2446 1941 2730 1998 curabant.

522 2054 775 2108 tenebras
799 2050 1102 2106 exteriores
1128 2049 1397 2103 mittatur.

592 2144 760 2201 Vsus.
774 2140 1213 2212 5L—Principcs
1233 2138 1265 2194 .l
1272 2139 1398 2203 uda,
1426 2145 1556 2199 etc.,
1582 2135 1633 2191 id
1651 2142 1734 2190 est
1754 2128 2109 2187 confessionis

520 2239 606 2294 vel
626 2237 820 2319 laudis,
844 2235 1203 2307 perfectiores
1225 2242 1349 2288 sunt
1364 2228 1621 2286 Ecclesia
1644 2226 1912 2285 doctores,
1937 2220 2030 2291 qui
2053 2219 2108 2274 in

523 2312 861 2388 dedicatione
893 2327 1131 2385 civitatis
1161 2340 1324 2396 super
1352 2335 1566 2378 murum
1608 2316 1945 2373 ascendunt:
1982 2310 2109 2381 quia

525 2423 578 2477 in
612 2432 852 2492 tempore
879 2415 1248 2474 tribulationis
1273 2406 1578 2483 generalbm
1601 2406 1855 2462 Ecclesia
1885 2416 2110 2459 conver-

525 2514 788 2569 sationem
826 2510 990 2565 altius
1017 2508 1247 2563 vlvendo
1270 2500 1668 2558 transcendisse
1691 2496 2008 2568 probantur.
2034 2493 2110 2546 De

522 2605 608 2660 his
643 2603 791 2658 enim
825 2600 1063 2656 dicitur:
1098 2594 1268 2668 Super
1295 2609 1474 2650 muros
1504 2602 1623 2646 tuos
1650 2586 1948 2643 Jerusalem
1987 2601 2112 2640 con-

522 2695 671 2752 stitui
709 2693 948 2748 custodes
978 2690 1135 2765 (lsai.
1174 2686 1330 2758 uti),
1361 2694 1467 2741 etc.
1500 2683 1631 2739 Jure
1672 2696 1801 2753 ergo
1841 2678 1934 2749 qui
1966 2692 2111 2732 nunc

524 2789 695 2844 muris
723 2784 982 2841 Ecclesiae
1014 2791 1273 2853 tanquam
1300 2776 1491 2849 vigiles
1527 2782 1788 2846 praesunt,
1819 2778 1948 2825 tunc
1980 2783 2112 2840 quo-

525 2895 629 2951 que
655 2877 859 2933 eisdem
886 2872 1057 2947 gloria
1085 2867 1538 2937 remunerationis
1562 2863 2009 2941 praeeminebunt.

597 2971 666 3025 Et
695 2970 858 3026 statui
886 2968 1018 3022 duos
1048 2967 1253 3021 choros.
1286 2958 1384 3017 Vel
1412 2959 1727 3032 spurcitiam
1762 2964 2109 3027 peccatorum

528 3067 580 3120 in
607 3060 862 3136 praesenti
885 3060 952 3114 de
973 3056 1213 3113 Ecclesia
1244 3053 1542 3110 correctius
1566 3048 1815 3113 vivendo,
1846 3054 1901 3102 et
1924 3059 2113 3099 erran-

529 3133 624 3213 tesi
643 3152 967 3225 corrigendo
1000 3154 1332 3219 expurgem,
1379 3152 1434 3200 et
1467 3142 1522 3197 in
1565 3140 1747 3194 futuro
1784 3137 1875 3208 qui
1913 3133 2111 3206 corrigi

528 3223 844 3310 noluerunt,
882 3240 1171 3311 iudiciaria
1210 3241 1479 3308 potestate
1506 3232 1573 3287 de
1602 3229 1822 3286 civitate
1863 3223 2106 3289 Domini,

530 3340 587 3396 id
614 3348 698 3394 est
730 3295 978 3407 ingressu
1004 3330 1196 3403 patriae
1212 3295 1480 3390 .coelestis,
1512 3320 1803 3392 expellant.
1836 3316 1933 3372 Vel
1960 3315 2113 3371 chori
2138 3295 2188 3363 C

528 3430 866 3488 laudantium
912 3426 979 3481 ad
1030 3426 1311 3480 dexteram
1342 3426 1534 3475 euntes
1579 3430 1745 3486 super
1783 3424 1998 3468 murum
2046 3409 2117 3465 ad

528 3531 741 3595 portam
770 3516 1095 3589 sterquilinii
1122 3512 1443 3577 ascendunt,
1469 3504 1596 3564 dum
1623 3522 1719 3562 eos
1742 3506 1935 3576 dignos
1960 3503 2117 3557 laude

529 3615 831 3689 praedicant
845 3610 941 3682 qui
964 3622 1183 3668 omnem
1204 3603 1605 3667 immunditiam
1622 3599 1692 3659 de
1710 3597 1957 3659 Ecclesia
1979 3610 2118 3666 prae-

532 3705 785 3769 dicando,
815 3699 1112 3774 arguendo.
1133 3693 1677 3759 excommunicandu.
1707 3690 2011 3755 elimiuant.

602 3796 770 3852 Vsus.
800 3793 893 3853 54.
916 3823 986 3835 -ν
1030 3788 1099 3847 Et
1127 3790 1192 3845 de
1221 3787 1348 3858 ﬁliis
1382 3785 1735 3848 sacerdotum,
1764 3790 1870 3837 etc.
1922 3780 1979 3843 In
2017 3778 2119 3837 hac

532 3889 643 3945 vita
669 3887 766 3943 ﬁlii
791 3885 1131 3943 sacerdotum
1158 3881 1213 3936 in
1235 3878 1574 3939 dedicatione
1594 3874 1833 3935 civitatis
1856 3873 1949 3928 Dei
1976 3871 2120 3929 tubis

534 3988 758 4043 canunt,
784 3977 877 4048 qui
904 3977 973 4031 ad
1000 3973 1315 4031 memoriam
1344 3970 1535 4041 patriae
1559 3967 1798 4027 cmlestis
1824 3966 1990 4023 corda
2023 3979 2120 4023 au-

536 4071 773 4128 ditorum
800 4066 1144 4141 pmdieando
1167 4063 1521 4123 succendunt.

606 4161 776 4219 Vsus.
809 4159 900 4217 '55.
925 4189 996 4200 —
1018 4156 1086 4217 In
1117 4155 1253 4215 satis
1281 4153 1471 4215 cantici
1499 4150 1693 4207 Dauid.
1727 4147 1863 4216 Quia
1888 4161 1995 4205 non
2021 4160 2121 4203 suo

537 4269 699 4313 sensu
730 4251 815 4309 vel
844 4248 1133 4309 desideriis
1161 4243 1615 4311 innituntur,-sed
1651 4250 1867 4312 patrum
1904 4249 1961 4299 et
1994 4254 2116 4310 ιιι-ος

536 4349 824 4420 pbetarum
853 4343 1021 4399 vitam
1059 4351 1115 4399 et
1148 4341 1451 4396 doctrinam
1489 4352 1586 4408 per
1612 4335 1795 4391 omnia
1832 4343 2121 4405 sequentes

530 4434 703 4493 'verbo
726 4434 1126 4506 prmdicationis
1151 4428 1427 4487 insistunt.

612 4527 680 4583 Et
720 4526 923 4584 Esdras
959 4525 1150 4583 scriba.
1211 4523 1350 4591 Quia
1396 4521 1451 4577 in
1494 4518 1748 4577 omnibus
1794 4532 1915 4587 quae
1958 4525 2122 4587 agant

2281 2037 2385 2095 Sed
2426 2047 2473 2093 et
2515 2053 2725 2103 uxores,
2759 2044 2866 2091 etc.
2919 2032 3057 2100 Quia
3094 2037 3342 2100 tempore
3383 2024 3809 2082 resurrectionis

2208 2145 2315 2186 non
2345 2129 2520 2184 solum
2544 2127 2635 2198 qui
2666 2123 3010 2198 praedicando
3035 2121 3120 2176 vel
3154 2119 3369 2174 fortiter
3394 2116 3672 2187 operando
3698 2114 3811 2171 Ee-

2209 2223 2433 2280 clesiam
2461 2220 2817 2285 mdiilcarunt,
2850 2217 3086 2273 fructum
3117 2214 3321 2270 laboris
3344 2211 3671 2283 percipiunt,
3707 2211 3812 2264 sed

2209 2314 2373 2369 etiam
2396 2310 2727 2366 infirmiores
2743 2307 2986 2379 ejusdem
3011 2305 3131 2361 lldei
3154 2309 3453 2367 consortes,
3467 2294 3659 2355 eadem
3678 2298 3815 2353 vita

2208 2401 2557 2474 perceptione
2584 2398 2856 2453 laetantur.
2889 2394 3161 2451 Benedth
3187 2392 3335 2448 enim
3354 2388 3613 2447 Domitius
3636 2385 3812 2459 pusil—

2212 2491 2277 2547 lis
2303 2507 2420 2546 cum
2449 2489 2738 2560 majoribus
2765 2485 2937 2558 (Psal.
2966 2484 3142 2553 cxm).

2281 2583 2447 2640 Vsus.
2472 2579 3045 2637 45.—Recensuorunt
3073 2581 3421 2648 quoquc,otc.
3440 2566 3813 2643 (Bsos,ibid.)

2211 2674 2584 2732 Gaudentibus
2612 2671 2849 2736 cunctis,
2873 2676 3003 2733 etc.,
3049 2683 3213 2738 usque
3253 2665 3322 2720 ad
3361 2670 3419 2719 et
3452 2676 3581 2717 cum
3608 2674 3812 2731 magna

2211 2765 2371 2822 laude
2395 2775 2451 2820 et
2476 2761 2662 2818 laetitia
2687 2768 2807 2817 erat
2831 2759 3101 2815 dedicata.

2809 2868 3039 2928 CAPUT
3073 2866 3212 2924 XIII.

2283 2989 2449 3045 Vsus.
2477 2986 2618 3042 1.-
2641 2984 2711 3045 In
2734 2984 2821 3041 die
2849 2994 3025 3040 autem
3052 2980 3145 3037 illo
3176 2979 3389 3046 lectum,
3414 2988 3521 3035 etc.
3550 2976 3723 3049 (Βιιιιι
3749 2978 3815 3031 in

2214 3079 2402 3149 Esdr.,
2441 3079 2537 3135 lib.
2576 3095 2676 3145 ιιι,
2716 3087 2850 3133 tom.
2890 3075 2979 3147 ll.)
3036 3074 3103 3130 Hi
3151 3074 3300 3147 (ιιιίει,⁵
3325 3074 3391 3130 de
3436 3074 3641 3128 incestu
3696 3071 3817 3127 nati

2215 3182 2363 3240 sunt,
2385 3182 2517 3239 etc.,
2547 3187 2711 3244 usque
2740 3169 2810 3223 ad
2839 3168 2934 3225 sed
2959 3168 3100 3225 Deus
3130 3165 3563 3223 maledictionem
3589 3163 3817 3219 Balaam

2218 3264 2272 3319 in
2300 3260 2735 3319 benedictionem
2774 3258 2956 3331 populi
3002 3258 3086 3314 sui
3130 3257 3431 3325 convertit,
3474 3265 3529 3312 et
3571 3271 3698 3312 eum
3740 3255 3817 3312 ab

2217 3353 2385 3409 armis
2409 3351 2756 3407 inimicorum
2786 3348 3037 3405 munivit.

2286 3442 2452 3499 Vsus.
2482 3442 2537 3496 5.
2557 3471 2632 3483 —
2666 3438 2895 3495 Factum
2924 3448 3001 3494 est
3032 3447 3231 3503 autem,
3261 3444 3367 3495 etc.
3419 3432 3555 3503 Quia
3588 3448 3818 3490 necesse

2217 3542 2301 3591 est
2339 3548 2438 3589 nos
2472 3531 2679 3588 auditui
2704 3529 2951 3585 veritatis
2981 3526 3293 3593 intendere,
3333 3526 3425 3581 ubi
3452 3540 3573 3581 cum
3608 3525 3675 3580 ab
3705 3540 3820 3580 uno

2217 3623 2458 3695 quolibet
2483 3621 2618 3676 vitio
2646 3620 2881 3676 lectione
2917 3618 3100 3673 divina
3138 3616 3513 3688 prohibemur,
3552 3615 3819 3669 continuo

2160 3744 2168 3753 -
2218 3716 2383 3771 etiam
2406 3713 2669 3785 quidquid
2687 3712 2809 3767 vitii
2836 3709 3167 3766 sordidantis
3194 3710 3246 3763 in
3277 3708 3431 3763 nobis
3458 3706 3820 3777 deprehendi-

2221 3826 2364 3874 mus,
2394 3809 2462 3863 ab
2489 3806 2701 3861 actione
2728 3810 2914 3859 nostra
2943 3811 2997 3856 et
3022 3799 3355 3856 conscientia
3386 3797 3734 3869 repellamus.

2288 3903 2453 3959 Vsus.
2487 3901 2629 3959 6.—
2652 3899 2721 3956 In
2747 3898 2986 3954 omnibus
3011 3897 3113 3951 his.
3141 3894 3318 3967 (Bum,
3348 3890 3503 3963 ibid.)
3535 3888 3662 3946 limo
3690 3906 3815 3946 sen-

2220 3996 2413 4059 tentia,
2441 4003 2571 4061 etc.,
2615 4009 2778 4067 usque
2807 3990 2876 4046 ad
2913 4005 3033 4060 quae
3068 4001 3322 4045 reversus
3359 3983 3647 4039 Nehetnias
3683 3999 3813 4037 mox

2220 4084 2559 4155 cxstirpavit.

2291 4179 2456 4233 Vsus.
2479 4177 2616 4231 8.—
2638 4172 2707 4228 Et
2728 4170 2925 4244 projeci
2945 4186 3069 4225 vasa
3091 4169 3275 4223 domus
3298 4165 3494 4221 Tobiaz.
3512 4164 3636 4239 (Im,
3660 4164 3811 4234 ibid.)

2226 4270 2329 4339 Qui
2364 4270 2709 4341 supradictus
2738 4276 2822 4322 est
2851 4278 3043 4320 servus
3066 4259 3404 4318 Ammonites
3431 4257 3685 4312 inimicus
3716 4272 3816 4326 po-

2220 4361 2327 4430 puli
2354 4360 2471 4424 Dei,
2494 4368 2630 4423 etc.,
2671 4372 2833 4428 usque
2860 4355 2927 4409 ad
2955 4368 3077 4424 quae
3103 4346 3521 4407 communicatio
3546 4344 3823 4401 haereticis

2222 4460 2277 4507 et
2312 4449 2675 4507 schismaticis
2703 4463 2828 4502 cum
2859 4441 3175 4500 orthodoxis
3201 4450 3257 4496 et
3282 4438 3523 4511 pacificis
3550 4437 3674 4491 ﬁliis
3700 4436 3817 4491 Dei.

2296 4540 2365 4596 Et
2397 4541 2618 4613 projeci.
2674 4539 2801 4611 (ln.,
2830 4534 2981 4607 ibid.)
3032 4533 3111 4589 Tu
3143 4544 3359 4602 quoque
3386 4527 3649 4598 quidquid
3680 4528 3825 4580 inter

540 4607 2412 4727 tigibfnﬂdeles
2461 4607 2797 4686 inﬁdelitatis
2847 4637 2902 4682 et
2954 4622 3309 4679 immunditim
3358 4617 3644 4693 repercris.
3686 4626 3822 4681 etc.,

447 4698 483 4747 τ’
541 4709 771 4765 ducibus
809 4708 878 4764 ad
919 4709 1222 4779 ingressum
1256 4705 1381 4761 vitae
1415 4712 1633 4763 mternm
1664 4702 2016 4773 perveniant,
2063 4708 2123 4755 ut

542 4803 878 4859 inebrientur
904 4802 973 4855 ab
1002 4801 1249 4855 ubertate
1277 4799 1470 4853 domus
1499 4796 1628 4863 Dei,
1672 4803 1727 4850 et
1759 4800 2003 4851 torrente
2028 4807 2123 4849 vo-

542 4893 762 4966 luptatis
789 4891 929 4961 eius,
954 4891 1097 4962 apud
1123 4904 1285 4959 quem
1310 4899 1395 4947 est
1420 4888 1542 4945 fons
1566 4887 1715 4952 vitae,
1740 4894 1845 4941 etc.

616 4987 781 5042 Vsus.
807 4980 1065 5043 36.—-Et
1089 4992 1271 5050 contra
1296 4998 1384 5040 eos
1410 4980 1754 5037 ascenderunt
1776 4979 1831 5031 in
1854 4976 2120 5048 gradibus.

543 5078 722 5148 (item,
748 5074 902 5148 ibid.)
955 5074 1089 5133 Cum
1133 5074 1329 5132 civitas
1368 5073 1753 5137 aediﬁcaretur,
1781 5080 1914 5136 etc.,
1963 5088 2127 5142 usque

543 5168 613 5221 ad
651 5176 894 5227 sanctam
928 5166 1253 5225 Trinitatem
1296 5166 1445 5223 socia
1483 5164 1847 5223 exsultatione
1883 5162 2126 5219 concele-

543 5263 723 5319 bunt.

614 5350 785 5424 Super
812 5354 1023 5408 domum
1066 5352 1256 5409 Dauid.
1305 5351 1430 5422 (im,
1475 5350 1627 5421 ibid.)
1672 5348 1985 5405 Ascendunt
2032 5347 2131 5405 ﬁlii

545 5443 911 5508 sacerdotum,
938 5453 1071 5509 etc.,
1110 5460 1272 5514 usque
1310 5443 1379 5497 ad
1415 5450 1703 5510 ortumque
1742 5440 1872 5495 solis
1905 5438 2131 5509 justittae

545 5539 663 5595 sine
686 5552 882 5593 occasu
910 5537 1097 5592 videre
1119 5544 1417 5592 merentur.

616 5626 783 5685 Vsus.
810 5625 987 5684 37.—
1009 5624 1077 5680 Et
1108 5638 1263 5697 super
1288 5626 1475 5680 turrim
1507 5624 1803 5696 furnornm.
1831 5624 1954 5693 (ln.,
1976 5624 2130 5697 ibid.)

546 5719 789 5793 Longum
816 5728 902 5776 est
923 5720 989 5775 de
1012 5719 1236 5791 singulis
1260 5720 1430 5789 portis
1453 5718 1537 5774 vel
1562 5716 1799 5773 turribus
1827 5719 2134 5789 specialiter

548 5808 836 5876 disserere,
857 5819 988 5879 etc.,
1010 5812 1172 5883 usque
1194 5810 1262 5865 ad
1284 5812 1674 5881 circumspecta
1697 5826 1911 5883 semper
1931 5822 2016 5868 est
2042 5828 2136 5868 ne-

552 5914 704 5957 sesse
728 5900 940 5957 cautela
964 5908 1021 5957 et
1044 5899 1409 5957 sollicitudine
1428 5902 1651 5959 muniri.

2228 4742 2389 4797 usque
2415 4722 2481 4777 ad
2512 4722 2651 4777 sicut
2679 4719 2822 4774 enim
2861 4714 3150 4771 Nehemias
3189 4710 3242 4766 in
3282 4708 3520 4771 caeteris,
3567 4707 3641 4761 ita
3680 4716 3733 4759 et
3770 4706 3823 4759 in

2229 4820 2333 4874 hoc
2356 4815 2473 4886 ejus
2500 4826 2785 4886 personam
2814 4806 3243 4881 repraesentavit.

2301 4907 2425 4976 (ln.,
2453 4904 2604 4976 ibid.)
2638 4903 2745 4958 Sex
2779 4902 2969 4957 diebus
2998 4897 3212 4969 operari
3242 4910 3339 4966 per
3363 4892 3537 4963 legem
3570 4908 3691 4961 quae
3720 4907 3821 4944 ne-

2233 4999 2470 5056 cessaria
2509 5003 2666 5061 sunt,
2710 4994 2763 5049 in
2804 4993 3033 5062 septima
3063 4989 3320 5058 jubcmur
3353 4986 3658 5056 quiescere,
3687 4994 3821 5047 etc.,

2234 5105 2394 5161 usque
2419 5088 2485 5142 ad
2512 5088 2579 5141 ah
2602 5087 2687 5141 his
2707 5100 2828 5155 qua:
2852 5085 2917 5137 ad
2941 5083 3142 5137 victum
3167 5088 3221 5133 et
3244 5079 3496 5133 vestitum
3520 5076 3819 5146 pertinent,

2234 5194 2456 5249 prorsus
2480 5177 2733 5231 intuitum
2763 5181 3031 5239 avertant,
3058 5173 3151 5227 sed
3181 5184 3420 5242 congruo
3448 5166 3823 5224 moderamine

2235 5270 2565 5340 dispensent.

2303 5357 2469 5413 Vsus.
2506 5356 2587 5410 16.
2609 5385 2683 5397 —
2724 5353 3009 5423 inferentes
3044 5354 3211 5423 pisces
3240 5359 3289 5406 et
3318 5348 3518 5415 omnia,
3548 5357 3660 5404 etc.
3694 5347 3819 5421 (Im,

2231 5448 2382 5518 ibid.)
2416 5445 2588 5500 Piscis
2616 5444 2813 5509 bonus,
2835 5451 2919 5498 est
2942 5443 3028 5513 pia
3056 5442 3212 5506 fides,
3235 5456 3396 5510 quam
3422 5436 3515 5508 qui
3538 5453 3567 5491 a
3592 5438 3826 5494 Domino

2234 5538 2369 5610 petit
2406 5544 2709 5608 serpentem
2742 5534 3077 5589 infidelitatis
3104 5547 3209 5586 non
3241 5530 3456 5599 accipit.
3504 5526 3685 5585 Piscis
3723 5543 3826 5583 au-

2235 5644 2341 5687 tem
2381 5630 2577 5695 malus,
2626 5626 2840 5684 lnllrma
2887 5626 3145 5696 cogitatio
3193 5640 3312 5696 quae
3362 5637 3421 5679 se
3467 5620 3614 5677 curis
3662 5620 3828 5692 hujus

2237 5722 2419 5777 mundi
2452 5721 2592 5775 ultra
2624 5719 2841 5775 modum
2874 5717 3170 5788 immergit,
3198 5730 3360 5786 quam
3390 5713 3542 5769 nobis
3570 5711 3742 5785 Tyrii,
3772 5713 3825 5767 id

2236 5824 2319 5869 est
2341 5855 2355 5879 ,
2405 5810 2737 5884 coangustati
2767 5818 3015 5879 quzerunt
3047 5809 3100 5862 in
3134 5808 3361 5862 sabbato
3388 5805 3652 5867 vendere,
3699 5820 3827 5859 cum

2241 5904 2499 5960 immundi
2542 5902 2767 5975 spiritus
2807 5899 3045 5971 quietem
3086 5908 3286 5955 nostrae
3325 5895 3672 5973 cogitationis
3716 5896 3828 5953 luta
