4122 6350
301 421 407 480 ἠδ
1298 416 1565 476 GLOSSA
1599 414 2000 476 ORDINARlA.
2040 400 2113 459 —‘
2149 414 2277 473 LIB.
2323 412 2571 473 roum.
3456 422 3562 480 nr

298 540 532 607 portune
562 530 843 604 profundis
868 532 1049 589 saeculi
1077 532 1224 589 curis
1244 534 1475 590 obruere
1504 541 1732 588 tentant.
1770 531 1876 588 Sed
1905 503 2218 599 Acivitatis
2266 541 2321 587 et
2365 532 2551 603 templi
2596 531 2840 599 Domini,
2893 542 2952 589 ut
2997 535 3303 593 emundatis
3352 539 3564 598 civibus

298 636 400 696 pro
430 621 523 678 tali
554 628 795 678 mercatu
822 622 1109 681 Nehemias
1139 625 1429 695 optimates
1458 624 1706 697 objurgat
1743 624 1882 681 Juda
1986 621 2178 677 alienae
2212 637 2243 677 a
2284 622 2395 679 Deo
2422 620 2755 694 pollutionis,
2792 623 3010 680 ordines
3040 628 3381 684 sacerdotum
3407 637 3463 686 et
3485 631 3563 687 Ie-

299 720 356 774 el
379 716 632 788 castigat,
656 716 782 771 dum
809 716 992 772 divina
1016 718 1300 789 inspiratiu
1326 734 1419 775 eos
1442 720 1533 791 qui
1560 718 1859 790 profession

1984 712 2216 768 vitai-um
2266 713 2322 768 in
2364 714 2666 770 ministerio
2694 729 2793 770 suo
2818 714 2926 772 rite
2952 718 3345 785 custodiantur,
3388 730 3449 777 ut
3476 722 3561 779 in-

298 807 517 880 pietatis
548 806 754 863 servire
783 817 1073 875 conantur,
1105 809 1175 865 ab
1204 810 1509 883 bujusmodi
1543 812 1883 885 cogitationi-

296 900 401 956 bus
425 908 637 972 purgat.

370 992 536 1046 Vnns.
556 991 742 1059 J9.—
763 989 992 1048 Factum
1019 1002 1095 1049 est
1122 1005 1315 1052 autem.
1351 996 1531 1070 (Bern,
1555 994 1709 1069 ibid.)
1729 994 1874 1053 Con-

297 1081 521 1137 scientia
549 1092 754 1149 nostra,
787 1092 915 1151 etc.,
956 1103 1119 1158 usque
1147 1087 1214 1141 ad
1244 1088 1367 1144 ideo
1394 1088 1588 1143 merito
1612 1088 1877 1159 sequitur.

368 1172 535 1230 Vens.
576 1173 666 1228 22.
705 1204 778 1215 —
813 1175 939 1231 Dixi
979 1195 1184 1251 quoque
1227 1179 1416 1233 Levitis
1460 1190 1515 1234 ut
1557 1180 1878 1235 mandaren-

293 1272 402 1331 tttr,
428 1274 533 1321 etc.
570 1266 694 1339 (Io.,
718 1268 872 1342 ibid.)
905 1269 1149 1327 Mundari
1178 1287 1272 1327 eos
1298 1287 1326 1325 a
1353 1272 1669 1343 quotidiano
1699 1272 1880 1343 operis

292 1358 554 1414 exercitio
582 1374 805 1415 necesse
831 1368 934 1427 est,
966 1370 1099 1429 etc.,
1126 1379 1287 1431 usque
1314 1364 1381 1417 ad
1407 1372 1619 1435 oportet
1645 1372 1705 1419 ut
1728 1364 1879 1435 prius

294 1455 531 1503 mentem
560 1462 713 1505 suam
748 1458 801 1506 et
838 1461 991 1507 actus
1016 1455 1307 1525 purilicent
1345 1455 1414 1511 ab
1446 1457 1594 1511 omni
1627 1471 1874 1512 errorum

292 1538 436 1594 labe.

364 1629 529 1687 Vens.
558 1631 649 1688 23.
676 1663 746 1677 —-
774 1632 879 1691 Sed
912 1645 961 1690 et
998 1636 1056 1691 in
1089 1637 1271 1691 diebus
1306 1635 1434 1691 illis.
1468 1636 1590 1709 (Io.,
1616 1633 1773 1708 ibid.)
1816 1636 1873 1691 In

289 1724 535 1781 Ecclesia
575 1743 772 1783 uxores
805 1729 1138 1800 alienigenas
1176 1730 1415 1797 ducunt,
1444 1739 1550 1784 etc.
1607 1746 1769 1783 usaue
1805 1729 1875 1784 ad

291 1818 385 1871 sed
413 1818 596 1888 gentili
626 1834 786 1874 sensu
814 1821 1254 1891 interpretantes.

1983 800 2157 860 stituti
2195 804 2517 875 regulariter
2554 807 2798 879 magistri
2838 806 3093 866 Ecclesiae
3129 812 3451 884 castigatum
3491 815 3562 871 ab

1982 897 2129 952 omni
2152 905 2377 966 peccato
2398 898 2652 969 populum
2674 900 2741 954 de
2761 908 2959 957 cetera
2980 902 3034 956 in
3056 902 3197 960 bono
3214 920 3556 975 permanere,

1981 1000 2035 1046 et
2061 1004 2309 1047 crescere
2335 1004 2549 1060 semper
2574 990 2948 1048 exhortentur.

2051 1082 2216 1138 Vens.
2241 1082 2330 1139 51.
2345 1112 2416 1125 —-
2430 1080 2499 1135 Et
2522 1082 2577 1136 in
2598 1083 2859 1139 obiatione
2885 1083 3147 1157 tignorum
3167 1088 3222 1142 in
3245 1090 3560 1160 temporibus

1980 1175 2275 1229 constitutis
2304 1183 2353 1228 et
2378 1175 2433 1229 in
2457 1175 2723 1245 primitiis.
2764 1175 2912 1231 Inter
2939 1186 3133 1234 caetera
3159 1181 3387 1251 populus
3416 1180 3559 1254 ligna

1977 1265 2137 1323 oﬁ‘ert
2164 1269 2231 1324 ad
2262 1268 2440 1339 ignem
2471 1266 2656 1323 altaris
2688 1270 3065 1337 nutriendum,
3101 1288 3224 1329 cum
3255 1288 3421 1346 Opera
3448 1276 3561 1331 vir-

1976 1366 2153 1413 tutum
2177 1359 2358 1415 divina
2383 1360 2790 1415 consecratione
2816 1360 2976 1434 digna
3007 1372 3320 1433 sperantur.
3354 1366 3563 1422 Ardent

1976 1449 2119 1522 ligna
2151 1459 2206 1505 et
2234 1460 2629 1507 consumuntur
2658 1452 2714 1507 iu
2743 1448 2897 1507 altari
2929 1454 3394 1525 holocaustomm,
3435 1472 3560 1514 cum

1976 1544 2030 1599 in
2059 1542 2315 1600 cordibus
2342 1545 2661 1613 electorum,
2690 1560 2858 1616 opera
2878 1545 3107 1617 justitiae
3137 1544 3354 1603 ﬂamma
3385 1549 3561 1605 chari-

1976 1643 2102 1697 tatis
2126 1641 2498 1713 perﬁciuntur.

2047 1733 2306 1788 Memento
2329 1734 2452 1798 mei,
2473 1732 2636 1801 Deus,
2656 1734 2713 1789 in
2739 1730 2951 1791 bonum.
2967 1734 3161 1792 Merito
3176 1736 3299 1793 talis
3313 1734 3562 1794 conditor

1975 1834 2030 1881 et
2052 1826 2324 1882 dedicator
2350 1826 2606 1892 civitatis,
2630 1834 2753 1897 post
2778 1827 2977 1884 multos
3000 1826 3300 1884 devotionis
3323 1828 3560 1895 labores,

360 1907 526 1965 Vens.
555 1912 644 1966 50.
670 1942 738 1952 —
767 1911 942 1983 Igitur
962 1914 1213 1969 mandavi
1238 1930 1344 1968 eos.
1372 1914 1498 1987 (Im,
1521 1913 1674 1987 ibid.)
1704 1913 1876 1985 Aper-
1901 1914 1950 1975 B
1977 1920 2251 1974 memoria-
2272 1933 2333 1974 se
2351 1916 2626 1975 Creatoris
2651 1928 2709 1975 et
2733 1917 3007 1993 largitoris
3028 1920 3269 1977 omnium
3293 1918 3558 1976 bonorum

287 2000 400 2056 tius
438 2016 537 2072 per
573 2006 754 2059 omnia
796 2004 921 2061 ﬁnis
964 2012 1021 2060 et
1063 2006 1363 2078 condignas
1403 2004 1633 2063 aedilicio
1671 2014 1873 2063 sancta

1980 2012 2342 2064 commendat.

297 2142 3553 2185 *ΜΨ-..Μ

1550 2256 1853 2340 LIBER
1904 2261 2265 2342 TOBL‘E.

1770 2421 2072 2437 ~—

804 2503 1036 2564 CAPUT
1071 2504 1367 2567 PRIMUM.

355 2639 520 2697 Vens.
550 2642 602 2696 ἁ.
637 2668 710 2681 -
757 2657 777 2691 ι
824 2637 1045 2693 Tobias.
1077 2656 1099 2693 ι
1131 2637 1308 2711 (Bern,
1337 2638 1394 2694 in
1433 2637 1585 2704 Tob.,
1610 2646 1746 2694 tom.
1772 2638 1861 2712 ιι.)

282 2731 447 2787 Liber
467 2729 652 2786 Tobias
674 2736 762 2785 est
784 2729 839 2783 in
871 2727 1159 2799 superﬁcie
1188 2728 1383 2787 litterae
1411 2727 1664 2784 salubris.
1696 2728 1865 2784 Mani-

282 2824 388 2881 mis
423 2821 568 2881 enim
595 2821 721 2877 vitae
754 2819 976 2876 moralls
1009 2819 1272 2889 exemplis
1307 2820 1564 2883 abundat,
1596 2826 1652 2874 et
1686 2821 1861 2875 moni-

282 2915 375 2971 tis.
402 2912 511 2969 Sed
539 2919 803 2982 quantum
835 2926 993 2980 poma
1023 2909 1186 2975 foliis,
1230 2918 1438 2971 tantum
1465 2910 1705 2965 historiae
1728 2910 1861 2965 alle-

285 3006 434 3080 goria
458 3004 739 3076 praecellit.
777 3000 1012 3057 laxitate
1051 3001 1195 3057 enim
1230 3000 1483 3057 Ecclesiae
1509 3001 1752 3055 continet
1779 3017 1864 3056 sa-

281 3108 582 3157 cramenta.
612 3095 733 3168 Ipse
760 3095 905 3151 enim
933 3093 1132 3149 Tobias
1158 3092 1413 3164 populum
1450 3092 1618 3149 israel
1653 3090 1865 3163 signiﬁ-

280 3198 390 3258 cat,
417 3186 741 3261 quieueris
776 3185 1028 3258 gentibus
1053 3183 1375 3240 idololatria
1396 3183 1611 3250 deditis,
1642 3185 1749 3241 ﬁde
1776 3200 1862 3241 re-

281 3280 704 3352 etaetoperibus
716 3278 829 3334 Deo
841 3277 1133 3334 serviebat.
1150 3274 1324 3332 Unde:
1346 3275 1511 3333 «Cum
1525 3276 1687 3343 irent,
1701 3286 1807 3332 etc.
1831 3296 1851 3331 ι

277 3370 569 3429 lembum
624 3385 866 3441 namque
908 3367 1004 3439 qui
1053 3366 1340 3423 fabricavit
1372 3369 1443 3425 ad
1481 3367 1856 3439 deceptionom

279 3463 619 3520 subditorum
644 3461 846 3518 vitulos
883 3474 1102 3525 annos,
1137 3459 1467 3519 idololatriae
1502 3460 1742 3521 cultores
1762 3476 1857 3517 ex-

275 3556 480 3627 primit,
506 3569 736 3626 quorum
768 3552 1058 3624 cmopliees
1083 3552 1458 3624 signiﬁcantur
1490 3553 1547 3607 in
1576 3553 1827 3609 subditis.

353 3645 706 3719 «Nephtlalia
736 3644 1033 3719 (Ie.,ibid.)
1055 3643 1327 3712 latitudo,
1360 3644 1429 3701 de
1447 3660 1553 3716 qua
1586 3663 1601 3700 :
1638 3645 1858 3701 «Latum
1936 3674 1943 3679 -

274 3739 590 3794 mandatum
606 3748 757 3793 tuum
774 3738 935 3792 nimis
950 3736 1124 3810 (Paul.
1141 3735 1352 3807 cxvtu),
1376 3755 1397 3789 δ
1424 3734 1782 3805 cujustribus,
1804 3736 1859 3791 id

275 3838 364 3885 est
386 3829 481 3885 ﬁlii
502 3830 731 3901 populus
758 3830 952 3897 ﬁdelis,
976 3832 1093 3902 ejus
1118 3831 1309 3886 civitas
1336 3830 1598 3895 Ecclesia,
1627 3832 1694 3887 de
1718 3846 1852 3902 qua:

281 3938 303 3973 ι
351 3920 469 3978 Non
507 3933 687 3993 potest
718 3922 913 3978 civitas
944 3921 1206 3979 abscondi
1243 3936 1405 3992 supra
1432 3929 1670 3979 montem
1709 3921 1857 3993 posi—

276 4021 335 4069 ta
359 4012 575 4087 (latus.
604 4015 715 4087 xv).
750 4033 770 4069 ι

354 4122 376 4157 ι
410 4103 591 4176 Supra
611 4104 875 4167 Naasson.
910 4122 931 4158 ι
973 4104 1223 4162 Haasaon
1260 4105 1563 4177 augurium,
1592 4104 1753 4177 hujus
1781 4106 1857 4161 ci-

274 4195 421 4251 vitas
447 4195 729 4267 superiera
754 4202 1072 4268 augeretur,
1100 4196 1157 4252 id
1174 4204 1282 4261 est,
1320 4196 1717 4266 eorttemplatur
1739 4211 1854 4254 ctu-

275 4286 456 4345 Iastia.

348 4375 517 4447 (Βεω
543 4376 632 4433 ιιιὲ
666 4375 875 4448 supra.)
907 4373 1090 4438 Tobiae
1129 4376 1415 4445 captivitas
1436 4377 1660 4437 humani
1689 4393 1852 4449 gene—

275 4470 355 4529 ris
374 4470 742 4540 captivitatem
781 4469 1027 4540 designat
1063 4484 1161 4540 per
1188 4484 1368 4540 regem
1391 4470 1631 4531 omnium
1661 4485 1857 4541 pravo-

1966 2503 2265 2562 seeundum
2307 2500 2455 2559 illam
2487 2500 2733 2574 regulam
2759 2499 3007 2573 Tyconii,
3039 2515 3145 2573 qua
3188 2509 3445 2575 tanquam
3487 2503 3557 2563 de

1965 2596 2155 2654 eodem
2188 2603 2434 2665 agentes,
2474 2592 2763 2662 aliquando
2786 2600 3008 2664 propter
3028 2593 3199 2651 bonos
3224 2610 3417 2653 omnes
3434 2596 3555 2655 Iau-

1965 2690 2175 2753 damus,
2204 2687 2493 2761 aiiquando
2512 2692 2734 2757 propter
2753 2683 2927 2745 malos
2949 2699 3140 2743 omnes
3163 2687 3554 2759 vituperamus,

1963 2778 2108 2848 quod
2136 2783 2220 2831 est
2249 2775 2484 2833 secunda
2514 2773 2717 2847 regula.

2036 2870 2180 2924 Vens
2212 2870 2265 2923 6.
2288 2899 2357 2909 —
2389 2886 2407 2919 ‹
2434 2866 2627 2924 Omnia
2655 2866 2927 2938 primitiva
2966 2865 3086 2937 (Io.,
3110 2868 3264 2941 ibid).
3296 2867 3556 2929 rVidetur

1966 2959 2199 3032 obloqui,
2236 2960 2378 3033 quod
2407 2960 2581 3029 prima
2610 2959 2897 3015 decimatio
2925 2961 3150 3017 cedebat
3192 2962 3245 3019 in
3290 2978 3420 3019 usus
3451 2962 3553 3019 Le-

1964 3052 2222 3119 vitarum,
2252 3051 2488 3106 secunda
2523 3051 2576 3109 in
2638 3051 2964 3109 necessariis
2998 3053 3288 3125 erogandis
3334 3055 3551 3124 quando

1968 3140 2290 3196 visitabatur
2317 3140 2597 3212 templum.
2633 3140 2739 3197 Sed
2782 3141 2929 3195 tertii
2974 3142 3103 3196 anni
3150 3143 3388 3199 decimas
3414 3160 3548 3216 quas

1886 3219 1932 3285 0
1961 3241 2091 3289 tunc
2116 3240 2508 3289 consueverant
2546 3231 2748 3299 facere,
2776 3232 3146 3289 concedebant
3195 3236 3544 3306 pauperibus.

1960 3324 2029 3381 Et
2054 3326 2175 3381 ideo
2201 3325 2432 3381 dicimus
2460 3339 2676 3380 omnem
2724 3322 2869 3379 illam
2910 3324 2995 3380 vel
3040 3339 3228 3381 omnes
3257 3329 3544 3395 secundas,

1960 3418 2086 3488 quia
2115 3432 2221 3473 non
2266 3425 2483 3488 poterat
2520 3414 2776 3477 accedere
2819 3418 2891 3473 ad
2923 3416 3182 3487 templum
3219 3416 3415 3474 timore
3454 3432 3549 3474 eu-

1961 3506 2173 3563 stodum
2202 3506 2363 3576 regis.

2033 3599 2195 3655 Vens.
2228 3597 2381 3653 9.-—i
2400 3594 2535 3653 Cum
2564 3610 2693 3653 vero
2723 3595 2898 3653 factus
2920 3605 3069 3653 esset
3087 3593 3309 3669 vir(ln.,
3330 3596 3540 3671 ibin.»

1962 3687 2056 3744 Sic
2078 3688 2305 3759 populus
2328 3688 2511 3753 Israel,
2535 3698 2670 3753 etc.,
2689 3702 2853 3759 atque
2877 3688 2948 3745 ad
2974 3687 3117 3747 unde
3148 3702 3164 3743 :
3208 3707 3227 3743 ι
3263 3686 3543 3760 Primoge-

1961 3780 2108 3835 uitus
2138 3796 2288 3835 meus
2313 3778 2479 3834 Israel
2503 3778 2697 3851 (Exod.
2724 3779 2819 3849 ιν).
2855 3799 2874 3833 ι

2035 3870 2201 3928 Vens.
2234 3871 2321 3926 il).
2349 3902 2419 3913 —
2464 3891 2482 3923 ι
2518 3872 2690 3938 Quem
2733 3872 2799 3925 ab
2842 3868 3066 3926 infantia
3104 3871 3313 3935 timere,
3355 3891 3376 3926 ι
3408 3881 3542 3942 etc.,

1958 3963 2228 4020 credendo
2248 3972 2303 4018 et
2344 3961 2651 4019 conﬁtendo
2686 3962 2892 4018 scilicet
2934 3964 3077 4033 quod
3111 3976 3387 4035 nunquam
3416 3974 3544 4036 pee-

1959 4062 2138 4109 catum
2169 4052 2391 4121 faceret,
2419 4054 2513 4110 sed
2542 4054 2717 4125 ipsum
2754 4055 2966 4111 timoris
2986 4056 3197 4112 Domini
3223 4057 3416 4129 spiritu
3442 4058 3543 4113 im-

1957 4145 2149 4216 pleret.

2031 4236 2195 4293 Vens.
2229 4237 2317 4294 15.
2347 4269 2417 4280 -
2446 4238 2533 4294 «In
2559 4247 2847 4309 conspectu
2866 4236 3262 4304 Salmanssar,»
3291 4247 3398 4295 ete.
3421 4239 3539 4295 Non

1956 4327 2270 4398 obloquitur
2315 4329 2459 4399 quod
2522 4329 2649 4386 alibi
2704 4331 2901 4389 dicitur
2948 4329 3314 4395 Salmanasar,
3347 4331 3437 4400 qui
3484 4340 3540 4386 et

1959 4421 2367 4479 Sennacberib:
2422 4431 2540 4477 erat
2580 4423 2724 4483 enim
2768 4422 3062 4488 binomius,
3081 4422 3166 4477 vel
3214 4422 3539 4493 generaliter

1957 4528 2146 4568 oniries
2167 4528 2322 4585 reges
2346 4512 2621 4569 Medorum
2657 4514 2738 4569 sic
2762 4511 3099 4569 vocabantur
3151 4513 3292 4570 sicut
3313 4512 3536 4589 Egypti

275 4577 419 4657 rum,
455 4562 511 4621 id
547 4570 632 4657 est
666 4561 967 4657 diabolum,
991 4561 1086 4657 qui
1122 4575 1219 4623 nos
1249 4562 1315 4618 de
1350 4562 1529 4633 patria
1554 4563 1764 4625 umlesti
1796 4563 1852 4619 in
1878 4576 1934 4640 ι)
1958 4561 2291 4657 ξιῶςᾷοξθξ

274 4653 435 4725 hujus
454 4652 634 4711 exsilii
660 4652 853 4711 vallem
884 4651 1100 4722 deiecit.

350 4763 512 4821 Vens.
541 4763 596 4820 5.
630 4788 708 4811 -ι
736 4780 757 4816 ε
791 4762 869 4818 Ita
900 4770 963 4823 ut
982 4763 1187 4829 omnia,
1218 4771 1324 4818 etc.
1375 4781 1397 4815 ι
1428 4761 1550 4835 (Io.,
1577 4762 1729 4833 ibid.)
1762 4762 1856 4818 Sic

273 4855 503 4926 populus
528 4854 692 4910 Israel
716 4868 813 4925 per
837 4855 1086 4910 doctores
1103 4852 1269 4908 divini
1290 4852 1439 4909 verbi
1459 4852 1853 4924 eleemosynam

274 4963 383 5005 non
409 4946 582 5003 solum
612 4948 832 5003 rudibus
859 4961 971 5002 suae
986 4946 1164 5018 gentis
1184 4946 1535 5027 auditoribus,
1561 4948 1653 5002 sed
1679 4948 1855 5016 genti-

272 5046 375 5101 bus
399 5042 469 5099 ad
508 5041 844 5101 Judaismum
890 5042 1229 5097 venientibus
1280 5041 1641 5097 ministrabat.
1684 5040 1851 5109 Quid-

272 5133 401 5204 quid
426 5133 569 5188 enim
599 5131 918 5188 naturaliter
959 5129 1089 5189 boni
1128 5129 1315 5185 habuit
1364 5131 1503 5200 quod
1552 5132 1723 5186 hostis
1763 5146 1852 5185 ca-

272 5224 488 5295 ptivans
510 5238 617 5281 non
644 5223 899 5288 abstulit,
923 5223 1027 5277 hoc
1053 5222 1167 5277 suis
1200 5221 1254 5277 in
1303 5220 1607 5293 exemplum
1638 5222 1852 5277 virtutis

273 5316 610 5381 ostendebat,
647 5323 703 5370 et
727 5315 1030 5386 portionem
1064 5312 1319 5368 salutaris
1337 5312 1580 5367 scientiae
1595 5320 1849 5381 tanquam

274 5406 541 5467 decimam
568 5420 681 5462 sua
718 5404 1033 5463 substantiae
1074 5403 1321 5469 advenis,
1368 5403 1424 5460 id
1446 5412 1529 5459 est
1550 5402 1851 5463 Gentilibus

271 5497 555 5556 offerebat.

348 5588 511 5645 Vens.
562 5589 619 5645 4.
674 5618 749 5633 ---
784 5607 802 5642 ι
853 5586 997 5643 lilihil
1040 5594 1225 5642 tamen
1260 5584 1486 5656 puerile.
1524 5604 1542 5637 ι
1575 5584 1695 5641 .Iam
1720 5584 1849 5641 illud

270 5680 628 5752 apostolicum
647 5679 869 5751 gerebat
893 5679 947 5734 in
966 5686 1217 5749 pectore:
1247 5694 1267 5728 ι
1288 5675 1675 5745 Nolite,pueri,
1689 5675 1847 5741 silici,

272 5782 380 5828 etc.
395 5770 447 5842 (I
467 5770 592 5827 Cor.
608 5771 741 5844 xrv).
766 5770 881 5827 Hoc
892 5778 1071 5825 autem
1089 5766 1385 5825 secundum
1405 5766 1524 5823 illos
1544 5768 1745 5823 dictum
1766 5778 1849 5824 est

274 5866 421 5949 quod
448 5867 769 5924 incedebant
815 5865 872 5921 in
915 5862 1185 5923 mandatis
1211 5860 1425 5917 Domini
1459 5860 1577 5917 sine
1605 5860 1846 5935 querela,

2032 4692 2537 4750 Veneta—«Cum
2561 4700 2743 4749 autem
2772 4695 3034 4760 venisset,
3053 4704 3158 4752 etc.
3184 4694 3346 4771 i(lu.,
3377 4698 3530 4753 ibid.)

1958 4780 2048 4837 Sic
2074 4783 2301 4854 populus
2324 4785 2440 4849 Dei,
2470 4796 2601 4851 etc.,
2631 4802 2793 4858 usque
2813 4786 2882 4840 ad
2903 4795 2958 4843 et
2987 4786 3283 4859 Scriptura:
3330 4806 3531 4848 arcana

1954 4876 2216 4945 pandunL

2029 4966 2191 5023 Vens.
2213 4967 2303 5022 20.
2320 4999 2385 5009 —
2409 4988 2427 5020 ε
2451 4967 2793 5039 Sepulturam
2814 4966 3122 5037 exhibebat,
3145 4980 3275 5039 etc.,
3301 4993 3320 5025 ι
3338 4988 3529 5043 pecca-

1956 5068 2128 5113 torum
2158 5078 2168 5113 :
2196 5066 2371 5115 utnec
2398 5061 2657 5115 memoria
2676 5062 2727 5114 in
2750 5060 2852 5119 illis
2872 5070 3193 5119 remaneret.
3214 5058 3326 5118 'l‘ali
3353 5064 3529 5133 sepul-

1952 5161 2071 5205 tura
2099 5152 2375 5207 voluerunt
2405 5160 2584 5223 patres
2622 5155 2791 5209 nostri
2823 5156 3076 5210 honorari
3101 5154 3254 5223 juxta
3284 5156 3525 5225 sepultu-

1955 5260 2068 5298 ram
2092 5241 2312 5299 Christi.
2340 5244 2489 5300 Unde
2512 5243 2676 5301 Jacob
2702 5247 2755 5301 in
2784 5245 2966 5303 Judma
3002 5262 3061 5303 se
3092 5246 3262 5301 voluit
3284 5248 3524 5319 sepeliri,

1951 5342 2008 5389 et
2033 5332 2229 5404 Joscph
2257 5336 2325 5391 de
2351 5334 2561 5391 ossibus
2588 5339 2699 5393 Suis
2727 5338 3022 5394 mandavit.

2027 5420 2186 5481 Vens.
2214 5428 2305 5481 Si.
2341 5460 2410 5469 —
2443 5448 2460 5480 ι
2494 5430 2732 5500 Denique
2754 5446 2876 5486 cum
2903 5444 3153 5485 reversus
3174 5440 3340 5498 esset,
3368 5442 3472 5488 etc.
3499 5454 3515 5485 ι

1951 5518 2097 5572 Bene
2119 5516 2487 5574 Sennacherib
2516 5521 2580 5574 de
2599 5518 2779 5575 iudica
2802 5520 2933 5590 fugit
2960 5538 2972 5574 :
3000 5520 3243 5576 diabolus
3265 5524 3407 5578 enim
3436 5536 3524 5578 ve-

1952 5622 2069 5661 ram
2095 5607 2484 5664 confessionem
2514 5610 2845 5679 pertimescit
2883 5627 2895 5663 :
2935 5612 2989 5665 ct
3019 5618 3143 5665 ante
3172 5610 3365 5666 faciem
3402 5611 3522 5684 ejus

1950 5712 2057 5754 non
2090 5699 2338 5755 subsistit

2607 5768 2835 5827 CAPUT
2870 5769 2935 5826 II.

2024 5858 2187 5913 Vens.
2210 5871 2389 5915 δυσ-ι
2408 5859 2666 5931 Contigit,
2689 5881 2705 5911 ι
2727 5867 2831 5915 etc.
2849 5858 3021 5931 (839.,
3039 5864 3094 5916 in
3119 5859 3266 5927 Tob.,
3286 5870 3417 5949 toto.
3434 5859 3529 5935 ιι.)
