4122 6350
552 397 655 455 797

1063 388 1448 447 NALAFRIDI
1485 384 1732 445 STRABI
1766 386 1972 446 FULD.
2014 384 2180 444 MON.
2221 386 2371 444 OPP.
2413 387 2594 443 PARS
2631 387 2673 443 l.
2713 416 2783 430 —
2820 384 3277 444 THEOLOGICA.

3687 335 3812 447 .38

548 513 718 569 Nemo
753 510 981 566 miretur
1003 507 1047 563 si
1095 505 1383 576 aliquando
1430 505 1632 558 bonum
1674 505 1849 575 typice
1891 502 2114 566 malum,
2145 506 2190 564 Α
2222 518 2445 574 regnum
2491 503 2770 559 caelorum.
2820 501 3031 576 (Matth.
3078 501 3184 572 ιιι.)
3231 519 3250 552 ο
3284 498 3350 554 Ει
3397 499 3826 570 desperantibus

548 603 688 659 mala
709 604 908 657 bonum
932 597 1253 670 signiﬁcent.
1271 595 1326 651 Si
1353 596 1494 650 enim
1519 596 1620 650 hoc.
1643 612 1749 650 non
1777 595 1966 649 liceret
1987 610 2123 649 nun-

545 711 708 764 quam
733 694 886 763 nigro
907 699 1230 753 atramento,
1249 690 1342 744 sed
1358 702 1569 757 semper
1582 703 1715 741 auro
1738 687 1913 742 lucido
1929 701 2124 741 nomen

547 786 642 841 Dei
671 784 1000 840 scriberetur
1024 800 1036 835 :
1067 782 1193 852 quia
1217 781 1358 835 Deus
1377 781 1462 834 lux
1491 789 1592 835 est.
1611 781 1716 835 Sed
1734 782 1776 834 si
1803 794 1995 834 nomen
2018 779 2126 831 dia-

545 874 651 930 boli
682 875 888 931 calculo
911 874 1138 928 candido
1159 875 1384 936 scribas,
1416 873 1763 929 nihilominus
1786 873 2038 928 tenebras
2055 872 2126 926 si-

545 965 784 1037 gniﬁcat.
808 965 1050 1020 Caecatus
1087 979 1217 1035 ergo
1250 963 1447 1019 Tobias
1474 965 1724 1034 populum
1769 963 1934 1018 Israel
1961 961 2128 1032 signi-

547 1058 693 1113 ﬁcat.
741 1078 758 1109 ι
797 1058 1024 1114 Caecitas
1057 1059 1202 1112 enim
1239 1073 1305 1113 ex
1361 1067 1515 1128 parte
1567 1056 1791 1126 contigit
1855 1056 1907 1110 in
1963 1055 2127 1110 Israel

546 1146 718 1219 (Rom.
752 1159 834 1217 ιι).
878 1170 896 1202 ι
931 1149 1205 1219 Fatigatus
1247 1165 1276 1202 a
1307 1148 1578 1220 sepultura
1606 1156 1688 1202 est
1728 1155 1975 1202 caecatus.
2026 1145 2127 1212 Qui

545 1238 689 1292 enim
734 1238 1083 1309 infatigabilis
1121 1239 1173 1292 in
1217 1238 1374 1293 bonis
1407 1238 1659 1305 operibus
1693 1237 1953 1306 persistit,
2004 1233 2127 1288 ﬁdei

545 1327 724 1384 lumen
759 1346 862 1384 non
887 1330 1139 1385 admittit.
1170 1329 1244 1382 Ita
1281 1327 1592 1396 spiritualer
1631 1327 1882 1396 fatigatus
1908 1324 2124 1388 dormit,

545 1420 634 1489 qui
663 1421 905 1490 vigilare,
942 1430 1104 1482 slare,
1145 1419 1378 1474 viriliter
1414 1433 1595 1486 agere,
1630 1426 1684 1470 et
1714 1414 2010 1470 confortari
2038 1429 2122 1467 ne-

545 1510 712 1582 gligit.
746 1510 842 1566 Cui
876 1512 1110 1567 dicitur:
1145 1530 1162 1562 ι
1202 1510 1374 1581 Surge
1399 1511 1491 1580 qui
1526 1507 1731 1564 dormis
1766 1515 1820 1561 et
1847 1521 2075 1575 exsurge
2097 1519 2127 1557 a

547 1607 777 1657 momnis
804 1603 1018 1673 (Ephes.
1050 1603 1127 1673 v).
1164 1622 1183 1654 ι

615 1695 792 1765 (Βευη
817 1693 970 1764 ibid.)
999 1694 1324 1748 llirundines
1337 1701 1555 1762 propter
1573 1692 1740 1746 levem
1759 1688 2017 1750 volatum,
2043 1701 2129 1740 su-

541 1787 787 1856 perbiam
812 1787 1192 1855 levitatemque
1212 1785 1514 1854 signiﬁcant
1546 1796 1810 1852 :quarum
1839 1777 2127 1834 immundi-

2227 596 2291 650 de
2322 595 2521 650 lumine
2538 596 2746 651 caelesti
2765 614 2778 628 ο
2801 617 2819 648 ι
2841 595 2951 666 Ego
2976 610 3116 660 sum,
3151 593 3344 662 inquit,
3377 591 3466 646 lux
3493 594 3703 656 mundi.
3722 595 3822 664 qui

2227 689 2472 758 sequitur
2497 705 2601 753 me,
2638 705 2742 743 non
2777 689 3015 742 ambulat
3046 687 3096 740 in
3126 686 3365 741 tenebris
3400 686 3580 757 (Joan.
3609 685 3754 756 vui).
3793 704 3816 736 ι

2298 779 2462 834 Vsns.
2502 781 2582 836 l5.
2621 811 2690 822 -—
2725 801 2742 832 ι
2779 780 2843 834 Et
2892 780 3025 834 dixit
3075 780 3124 833 ei
3167 778 3407 848 angelus.
3447 798 3464 830 ι
3504 777 3628 848 (Ιι).,
3659 775 3823 848 ibid.)

2225 871 2499 927 Promitlit
2528 874 2751 943 angelus
2780 870 2960 926 Tobiae
2987 871 3184 925 ducere
3216 870 3380 924 ﬁlium
3412 885 3566 922 suum
3598 868 3650 922 in
3677 867 3824 921 civi-

2231 971 2393 1018 tatem
2426 965 2699 1020 Medorum
2730 976 2782 1020 et
2811 966 3087 1026 reducere,
3122 973 3252 1030 etc.,
3285 979 3448 1033 usque
3479 963 3548 1016 ad
3576 962 3826 1016 interro-

2229 1065 2386 1126 gante
2425 1058 2671 1128 angelum
2703 1058 2866 1112 Tobia
2902 1058 3041 1112 unde
3070 1066 3236 1111 esset.

2301 1149 2460 1204 Vens.
2494 1150 2577 1204 18.
2609 1181 2678 1190 -
2708 1168 2726 1201 ι
2776 1150 2886 1216 Ego
2915 1166 3058 1214 sum,
3098 1145 3294 1218 inquit,
3322 1146 3550 1202 Azarias
3592 1145 3830 1199 Ananiae

2229 1241 2408 1311 magni
2451 1241 2621 1305 ﬁlius,
2651 1241 2773 1312 (ln.,
2810 1241 2966 1311 ibid.)
3020 1241 3242 1296 Azarias
3292 1240 3533 1310 adjutor,
3577 1239 3831 1292 Ananias

2230 1331 2398 1402 gloria
2455 1333 2566 1388 Dei.
2601 1333 2874 1394 Christus,
2899 1350 3115 1404 quoque
3149 1332 3396 1389 fidelibus
3441 1332 3556 1387 suis
3593 1332 3827 1395 indicat,

2231 1425 2357 1498 quia
2399 1425 2511 1495 ipse
2560 1415 2643 1479 est
2687 1425 2752 1479 de
2806 1440 2912 1494 quo
2955 1425 3156 1478 dicitur
3194 1441 3206 1478 :
3247 1441 3264 1474 ι
3305 1421 3532 1492 Adjutor
3579 1437 3736 1476 meus
3773 1431 3832 1475 et

2232 1517 2490 1570 liberator
2540 1531 2692 1569 meus
2723 1530 2783 1569 es
2840 1522 2918 1578 tu,
2974 1513 3212 1573 Domine,
3261 1528 3329 1568 ne
3373 1513 3600 1567 moreris
3645 1510 3828 1583 (Psal.

2231 1608 2403 1678 Lxlx).
2441 1628 2458 1659 ι
2504 1631 2520 1659 ι
2561 1607 2623 1662 Ει
2652 1608 2885 1662 vidimus
2919 1606 3148 1677 gloriam
3188 1603 3338 1674 ejus,
3369 1605 3528 1676 quasi
3552 1603 3827 1675 unigeniti

2231 1715 2262 1754 a
2283 1700 2444 1754 Patre
2473 1699 2653 1772 (Joan.
2680 1701 2740 1772 I).
2778 1719 2796 1753 ι

2300 1793 2462 1847 Vens.
2491 1793 2583 1847 2'2.
2616 1824 2686 1833 —
2719 1813 2737 1844 ι
2785 1793 2936 1847 'l‘nnc
2973 1792 3197 1863 paratis.
3230 1811 3250 1846 ι
3293 1791 3472 1862 (Dem.
3498 1790 3586 1845 ubi
3611 1789 3831 1861 supra.)

545 1877 617 1931 tia
649 1877 844 1946 quibus
877 1876 1187 1930 dominatur
1213 1885 1468 1931 exeaECat.
1495 1875 1630 1928 ΝῆιΙο
1662 1873 1984 1928 hirundineu
2013 1886 2138 1939 sup—
2165 1871 2213 1930 Β
2241 1884 2545 1956 Αρρεηιριηε
2577 1885 2802 1940 nomino
2834 1886 2886 1940 ίη
2914 1900 3098 1948 ειη-ηε,
3122 1893 3256 1949 δια,
3285 1899 3446 1954 usque
3471 1882 3541 1938 ad
3571 1892 3625 1936 ει
3655 1883 3737 1938 sic
3759 1882 3834 1937 ad

545 1969 756 2038 positus
779 1969 997 2033 dormit,
1028 1985 1118 2038 qm
1149 1969 1353 2022 levitati
1390 1968 1645 2030 lasciviae,
1681 1981 1746 2020 ac
1777 1963 2044 2034 superbiae
2075 1979 2132 2017 se

546 2059 797 2113 incautus
837 2058 1073 2128 sulijicit.
1119 2058 1242 2112 llaec
1270 2059 1487 2114 caecitas
1511 2057 1705 2127 populo
1733 2056 1920 2117 Israel,
1957 2055 2134 2108 immi-

547 2161 707 2206 nente
751 2152 960 2205 Domini
1003 2153 1235 2206 adventu
1272 2154 1324 2207 in
1364 2168 1546 2216 carne,
1578 2151 1811 2205 maxime
1833 2149 2130 2220 praevaluit,

545 2259 666 2298 cum
727 2260 965 2298 romana:
1015 2243 1289 2297 servitutis
1323 2251 1450 2313 jngo
1492 2242 1793 2308 laboraret,
1845 2251 1901 2295 et
1940 2240 2134 2293 divinae

547 2335 680 2405 legis
711 2345 978 2404 pra-cepta
1015 2335 1154 2389 male
1185 2336 1414 2389 vivendo
1440 2334 1690 2390 violaret.

617 2426 778 2481 Vens.
817 2427 899 2482 Η.
931 2457 996 2466 -
1038 2446 1055 2478 ι
1091 2427 1195 2484 Sed
1225 2428 1538 2492 immobilis,
1576 2447 1594 2478 ι
1631 2437 1737 2482 etc.
1764 2426 1900 2494 Quia
1924 2444 1951 2479 a
1976 2427 2134 2480 domo

545 2518 640 2572 Dei
671 2518 1160 2588 incipitjndicium.
1197 2517 1348 2574 Unde
1380 2537 1392 2570 :
1432 2539 1449 2568 ι
1486 2519 1530 2572 Α
1562 2518 1876 2572 sanctuario
1905 2531 2024 2571 meo
2048 2517 2132 2570 in-

545 2609 707 2678 cipite
733 2607 948 2676 (Ezech.
979 2607 1076 2678 Ix).
1110 2629 1127 2660 ι
1155 2608 1254 2675 Qui
1283 2625 1387 2663 non
1413 2610 1705 2679 corripitur
1727 2625 1830 2662 non
1855 2621 1931 2662 est
1959 2607 2129 2661 ﬁlius:

558 2719 574 2748 ι
611 2699 712 2765 Qui
741 2700 913 2768 parcit
952 2700 1134 2770 virgae,
1163 2700 1275 2754 odit
1311 2700 1480 2753 lilium
1531 2700 1710 2766 (Prov.
1741 2701 1881 2770 xm).
1932 2699 2134 2755 Paulus

554 2799 812 2859 tanquam
844 2805 978 2860 puer
1011 2789 1402 2860 colaphizatar,
1437 2799 1693 2861 tanquam
1719 2789 1936 2860 juvenis
1956 2789 2130 2844 extol-

554 2881 703 2934 litur.

623 2973 958 3029 \‘sns.15.—
984 2992 1001 3024 ι
1031 2974 1366 3029 lnsultahant
1391 2988 1562 3046 reges,
1593 2995 1610 3026 ι
1643 2983 1750 3030 etc.
1775 2974 1953 3047 (820..
1977 2973 2131 3045 ibid.)

550 3066 719 3120 Erant
755 3067 807 3120 in
840 3067 1057 3136 populo,
1101 3077 1232 3132 etc.,
1280 3085 1440 3136 usque
1470 3067 1538 3121 ad
1582 3068 1726 3122 unde
1767 3086 1780 3122 :
1826 3089 1844 3120 ι
1882 3067 2132 3124 Charitas

548 3159 760 3227 patiens
788 3169 896 3226 est,
923 3160 1154 3230 benigna
1187 3169 1270 3213 est
1293 3159 1372 3228 (ll
1405 3157 1528 3213 Cor.
1562 3162 1704 3231 xm).
1745 3180 1762 3212 ι

1171 3293 1398 3349 CAPUT
1425 3294 1509 3348 lll.

624 3407 786 3463 Vens.
813 3407 966 3462 7.--ι
998 3407 1062 3462 Ut
1094 3406 1248 3472 Sara,
1267 3417 1373 3462 etc.
1400 3427 1418 3460 ι
1439 3408 1615 3479 (Βειιη
1645 3411 1699 3464 in
1726 3409 1852 3464 Tob.
1885 3419 2017 3466 tom.
2044 3410 2134 3482 ll.)

550 3502 786 3560 Turbam
831 3503 1109 3557 notiouum
1138 3505 1332 3574 signat,
1382 3512 1516 3568 etc.,
1557 3521 1719 3576 usque
1756 3505 1825 3558 ad
1859 3503 2046 3559 Daniel
2083 3506 2137 3559 in

551 3596 828 3652 ccenaculo
855 3605 1005 3658 orat,
1033 3607 1088 3649 et
1115 3595 1338 3651 Elisaaus
1377 3596 1539 3650 habet
1563 3595 1868 3662 cuenacula,
1898 3604 1955 3651 et
1981 3595 2136 3651 Chri-

551 3697 667 3742 stus
696 3687 752 3740 in
783 3685 1062 3742 cceuaculo
1087 3689 1289 3758 pascha
1321 3687 1584 3743 celebrat.

1173 3819 1401 3877 CAPUT
1439 3819 1528 3874 Π.

621 3935 785 3990 V'nns.
813 3937 868 3991 5.
895 3965 965 3976 —
994 3955 1012 3988 ι
1047 3935 1256 4006 Corpus
1283 3950 1461 3990 meum
1491 3934 1678 4007 sepeli.
1723 3954 1746 3988 ι
1779 3934 2020 4006 Corpora
2048 3951 2136 3992 se-

551 4031 802 4104 peliendo
831 4030 986 4102 quasi
1014 4041 1425 4086 sacrosanctum
1468 4029 1778 4098 depositum
1809 4038 1971 4085 terra:
1996 4045 2140 4085 com-

551 4125 896 4190 mendamus,
925 4141 1045 4194 qua:
1089 4123 1362 4178 reddenda
1405 4132 1461 4179 et
1493 4122 1846 4194 gloriﬁcanda
1875 4123 1931 4178 in
1954 4137 2139 4180 resur-

553 4220 794 4276 rectione
818 4218 1109 4273 credimus.

1178 4327 1409 4385 CAPUT
1448 4327 1512 4384 ν.

623 4473 790 4529 Vens.
820 4469 1064 4525 7.-—cEx
1097 4469 1221 4525 ﬁliis
1248 4468 1467 4524 Israel.»
1513 4467 1645 4522 Erat
1671 4467 1815 4523 enim
1845 4481 1913 4522 ex
1944 4483 2136 4523 nume-

548 4580 612 4621 ro
634 4564 969 4634 angelorum,
1013 4562 1121 4632 qui'
1143 4571 1270 4616 sunt
1305 4561 1399 4615 ﬁlii
1435 4559 1621 4620 lsrael.
1667 4559 1791 4630 quia
1825 4574 2040 4630 semper
2063 4559 2139 4614 vi-

550 4662 680 4716 dent
703 4659 869 4712 Deum
893 4657 1030 4711 facie
1061 4657 1128 4710 ad
1161 4655 1379 4714 faciem.
1403 4664 1459 4710 et
1479 4669 1620 4725 saepe
1656 4655 1944 4709 mittuntur
1969 4654 2022 4709 in
2045 4670 2140 4709 cu-

549 4752 725 4810 stodia
750 4750 979 4804 ﬁliorum
1005 4749 1194 4814 Israel,
1218 4751 1269 4803 id
1293 4757 1375 4804 est
1399 4748 1694 4802 videntium
1720 4748 1907 4802 Deum.
1946 4746 2097 4802 Unde
2121 4765 2134 4802 :

555 4864 575 4898 ι
611 4843 877 4900 Constitui
923 4841 1182 4896 terminos
1229 4839 1544 4910 populorum
1588 4837 1744 4910 juxta
1771 4853 2060 4893 numerum
2083 4838 2142 4893 ﬁ-

551 4936 748 4991 liorum
776 4931 940 4988 Israel
969 4931 1150 5004 (Deut.
1177 4931 1294 5002 ιιι).
1329 4950 1347 4982 ι

625 5028 787 5082 Vens.
825 5023 910 5080 10.
940 5051 1002 5064 -
1042 5041 1061 5075 ι
1105 5021 1258 5077 Tunc
1295 5023 1596 5092 ingressus,
1634 5041 1654 5074 ι
1686 5029 1792 5076 etc.
1839 5019 2018 5091 (830.,
2051 5021 2139 5075 ubi

549 5120 754 5192 supra.)
779 5117 1044 5188 Apparuit
1068 5115 1291 5186 angelus
1311 5113 1498 5170 Tobiae
1518 5123 1576 5169 et
1595 5114 1800 5170 socium
1827 5128 1886 5168 se
1911 5113 2140 5186 praebuit

551 5220 607 5267 et
635 5209 804 5264 Filius
828 5209 921 5264 Dei
947 5209 1222 5265 hominem
1244 5207 1561 5275 assumpsit,
1616 5215 1672 5261 et
1696 5207 1984 5262 visibiliter
2014 5222 2138 5262 cum

559 5299 870 5356 hominibus
907 5307 1264 5354 conversatus
1302 5299 1597 5353 humanum
1659 5313 1828 5369 genus
1883 5298 2132 5353 salvavit.

551 5393 852 5448 Introduxit
881 5390 1080 5447 Tobias
1123 5391 1372 5462 angelum
1413 5390 1479 5444 ad
1521 5400 1752 5460 patrem,
1782 5398 1914 5454 etc.,
1943 5397 1999 5445 et
2026 5391 2133 5444 Do-

553 5487 734 5541 minus
755 5499 853 5555 per
875 5485 1136 5539 miracula
1164 5499 1284 5553 qua:
1307 5485 1360 5538 in
1383 5497 1546 5538 carne
1562 5483 1692 5538 fecit
1716 5481 1911 5552 populo
1923 5481 2136 5537 Judaeo-

555 5594 694 5641 rum.
745 5593 811 5631 ex
857 5593 965 5647 quo
1017 5593 1235 5632 carnem
1291 5585 1626 5644 susceperat,
1681 5577 1963 5631 ostendit:
2008 5578 2136 5646 quia

554 5680 639 5725 est
667 5667 807 5723 ﬁlius
834 5679 890 5722 et
913 5669 1155 5738 angelus,
1183 5669 1233 5722 ial
1265 5677 1348 5723 est
1381 5669 1601 5721 nuntius
1627 5675 1866 5738 paternae
1894 5668 2139 5724 volunta-

556 5762 648 5826 tis,
675 5762 760 5815 cui
789 5762 954 5814 etiam
985 5761 1238 5830 gaudium
1286 5767 1556 5830 perpvtiiae
1587 5759 1773 5813 salutis
1801 5759 2134 5829 praedicavit,

557 5850 791 5908 dicens:
826 5870 846 5908 ι
900 5851 1284 5910 Paenitentiam
1323 5851 1485 5922 agite,
1513 5854 1964 5938 appropinquavit
1989 5853 2134 5912 enim

2234 1980 2462 2036 salutem
2495 1981 2732 2052 gentium
2764 1995 2861 2050 per
2896 1979 3166 2050 apostolos
3199 1979 3466 2051 pervenit.

2858 2111 3087 2169 CAPUT
3109 2111 3195 2168 Vl.

2305 2248 2469 2304 Vens.
2492 2250 2542 2304 1.
2563 2275 2636 2288 -
2669 2266 2688 2300 ι
2715 2249 2997 2305 Profectus
3017 2257 3119 2315 est,
3158 2269 3175 2300 ι
3206 2257 3312 2304 etc.
3337 2247 3528 2321 (BEDA,
3552 2248 3605 2303 in
3631 2248 3829 2316 Eadm,

2237 2351 2367 2398 tom.
2399 2343 2486 2414 ll.)
2522 2343 2748 2398 Domino
2767 2343 3016 2399 veniente
3047 2345 3112 2398 ad
3144 2353 3331 2414 gentes
3353 2343 3660 2404 salvandas.
3691 2353 3830 2406 etc.,

2236 2450 2398 2503 usque
2429 2434 2498 2486 ad
2539 2444 2593 2488 et
2620 2449 2749 2489 oves
2781 2433 3089 2505 Spirituales
3116 2452 3144 2489 a
3187 2433 3395 2489 furibus
3417 2443 3474 2490 et
3506 2434 3840 2490 bestialibus

2237 2525 2514 2594 spiritibus
2553 2535 2602 2578 el
2635 2526 2906 2580 haereticis
2935 2525 3245 2581 defendunt.

2311 2617 2469 2672 Vens.
2495 2618 2548 2671 2.
2582 2647 2652 2658 -
2685 2638 2704 2670 ι
2736 2619 2804 2673 Et
2830 2633 2956 2673 ecce
2985 2619 3179 2689 piscis,
3213 2637 3230 2671 ι
3266 2625 3369 2674 etc.
3403 2618 3593 2688 (880A,
3623 2618 3710 2671 ubi
3736 2635 3836 2671 su-

2234 2711 2376 2782 pra.)
2427 2710 2718 2766 Dominicaze
2765 2711 3034 2781 passionis
3089 2721 3487 2767 sacramentum
3535 2709 3838 2766 manifeste

2237 2802 2605 2870 signiﬁcatur,
2665 2810 2796 2868 etc.,
2849 2820 3012 2874 usque
3067 2805 3136 2857 ad
3191 2818 3289 2860 nec
3345 2804 3400 2859 in
3453 2817 3524 2860 eo
3571 2803 3836 2874 princeps

2238 2894 2424 2948 mundi
2471 2895 2692 2950 veniens
2721 2896 3014 2966 quidquam
3046 2896 3252 2951 habuit.

2314 3004 2332 3034 ο
2366 2984 2563 3040 Exivit.
2593 3008 2611 3039 ι
2647 2987 2769 3060 (lo.,
2802 2988 2955 3060 ibid.)
2982 2989 3231 3044 Christus
3259 2998 3488 3044 mortem
3514 2989 3598 3044 cui
3627 2989 3704 3044 nil
3726 2990 3836 3045 de-

2236 3075 2400 3131 bebat
2422 3079 2650 3149 accepit,
2677 3089 2732 3133 ut
2767 3084 2952 3151 pedes,
2978 3082 3186 3137 scilicet
3211 3097 3359 3145 suos,
3389 3083 3443 3138 id
3465 3092 3547 3137 est
3581 3084 3832 3137 membra

2243 3184 2340 3224 sua
2363 3175 2725 3243 acontagione
2753 3176 2960 3244 peccati
2985 3183 3039 3231 et
3063 3178 3256 3231 mortis
3280 3175 3540 3231 ablueret.
3569 3173 3836 3231 Occurrit

2167 3237 2214 3301 C
2246 3265 2408 3335 piscis
2436 3280 2559 3320 eum
2601 3268 2863 3323 devorare
2900 3269 3154 3338 cupiens,
3195 3278 3249 3323 et
3291 3269 3518 3326 Domino
3561 3270 3615 3324 in
3663 3285 3836 3331 cruce

2237 3370 2400 3425 passo
2446 3356 2714 3423 diabolus,
2755 3374 2864 3428 quo
2913 3368 3159 3414 movente
3185 3359 3474 3415 cruciﬁxus
3495 3367 3637 3424 erat,
3668 3359 3837 3414 adve-

2239 3447 2343 3512 nit,
2371 3462 2620 3516 quaarens
2650 3448 2696 3503 si
2723 3449 2852 3519 quid
2879 3451 3092 3520 peccati
3124 3451 3178 3504 in
3201 3465 3266 3505 eo
3289 3449 3607 3506 invenisset.

2312 3539 2478 3596 Vens.
2507 3541 2561 3595 5.
2585 3573 2654 3582 -
2687 3560 2704 3593 ι
2743 3542 2915 3611 Quem
2943 3558 3342 3615 expavescens,
3385 3565 3402 3596 ι
3432 3553 3542 3600 etc.
3571 3543 3832 3600 Christus

2193 3665 2200 3672 -
2241 3631 2556 3688 imminente
2596 3634 2787 3688 mortis
2817 3634 3044 3690 articulo
3096 3635 3260 3704 cwpit
3289 3650 3485 3704 pavere
3514 3644 3570 3690 et
3602 3636 3822 3700 taedere,

2241 3740 2350 3779 non
2376 3726 2670 3791 diabolum,
2702 3727 2796 3781 sed
2832 3739 3084 3794 mortem,
3123 3743 3243 3798 qua:
3271 3728 3474 3783 invidia
3504 3728 3706 3784 diaboli
3736 3729 3822 3782 in-

2244 3817 2409 3872 travit
2445 3818 2498 3872 in
2536 3819 2722 3873 orbem
2745 3859 2761 3884 ,
2810 3820 3040 3874 naturali
3069 3819 3249 3875 carnis
3281 3819 3567 3890 fragilitate
3598 3822 3828 3891 perhor-

2244 3926 2465 3967 rescens
2505 3930 2519 3978 ;
2567 3913 2710 3966 unde
2751 3931 2764 3966 :
2811 3930 2830 3963 ι
2877 3911 3068 3980 Pater,
3115 3911 3350 3969 transfer
3402 3913 3625 3968 calicem
3679 3913 3826 3968 hunc

2242 4019 2274 4058 a
2316 4019 2403 4060 me
2449 4003 2642 4076 (Marc.
2693 4003 2826 4077 XIV).
2878 4025 2896 4058 ι
2996 3995 2998 3997 ι

2313 4097 2477 4153 Vens.
2498 4096 2552 4150 4.
2577 4127 2637 4138 -
2662 4117 2679 4148 ι
2701 4097 3059 4168 Apprehende
3085 4099 3426 4164 branchiam,
3461 4117 3481 4152 ι
3505 4106 3611 4155 etc.
3642 4099 3822 4169 (850.,

2243 4189 2778 4260 ibid.)Apprehendit
2807 4188 3055 4246 Christus
3072 4191 3124 4246 di
3163 4190 3342 4246 bolum
3357 4191 3448 4262 qui
3473 4207 3597 4246 eum
3624 4207 3824 4262 capere

2244 4282 2298 4335 in
2325 4297 2487 4336 cruce
2506 4280 2694 4345 voluit,
2723 4289 2780 4334 et
2811 4282 3088 4337 moriendo
3110 4284 3260 4337 vicit.
3286 4282 3656 4352 Apprehendit
3689 4299 3824 4355 ergo

2243 4379 2583 4445 branchiam,
2615 4385 2673 4432 ut
2694 4387 2856 4449 caput
2881 4379 3270 4448 nequissimum
3296 4394 3327 4433 a
3355 4393 3600 4450 corpore,
3635 4389 3829 4450 poten-

2245 4476 2333 4528 tiae
2357 4489 2468 4528 suae
2496 4473 2719 4528 dextera
2749 4482 3047 4542 separaret,
3089 4473 3138 4526 id
3170 4481 3254 4528 est
3285 4473 3581 4543 nequitiam
3613 4473 3830 4542 antiqui

2244 4564 2418 4619 hostis
2439 4564 2507 4619 ab
2531 4563 2649 4629 his,
2679 4580 2816 4634 quos
2849 4564 2951 4618 sibi
2985 4578 3180 4634 corpus
3205 4563 3443 4630 fecerat,
3474 4563 3746 4628 auferret,
3775 4574 3834 4619 et

2246 4657 2343 4711 hos
2367 4655 2580 4725 corpori
2611 4671 2730 4720 suo,
2755 4654 2808 4710 id
2839 4663 2921 4710 est
2946 4655 3201 4710 Ecclesiae
3223 4654 3466 4711 inferret.
3495 4654 3826 4711 Braucbiam

2243 4751 2387 4806 enim
2423 4749 2584 4804 habet
2607 4749 2773 4819 piscis
2799 4749 2851 4804 in
2874 4747 3109 4803 conﬁnio
3136 4749 3328 4820 capitis
3349 4757 3404 4803 et
3433 4749 3676 4819 corporis
3697 4789 3714 4816 ,
3741 4763 3833 4806 est

2243 4852 2424 4897 autem
2473 4840 2723 4896 Christus
2770 4849 2931 4910 caput
2987 4840 3272 4904 Ecclesiae,
3322 4855 3443 4909 quae
3489 4849 3576 4896 est
3627 4855 3831 4910 corpus

2243 4934 2389 5005 ejus,
2444 4944 2500 4991 et
2543 4935 2786 4991 diabolus
2835 4941 2997 5004 caput
3043 4934 3386 5006 iniquorum,
3429 4935 3522 5006 qui
3551 4945 3682 4990 sunt
3705 4951 3833 4991 cor-

2242 5045 2343 5100 pus
2391 5026 2523 5098 ejus.

2321 5138 2340 5172 ι
2376 5119 2531 5187 Quod
2563 5135 2688 5176 cum
2719 5118 2952 5174 fecisset.
2988 5137 3009 5172 ι
3041 5117 3178 5186 Quia
3199 5133 3321 5174 cum
3348 5118 3607 5174 Dominus
3629 5111 3828 5188 nequi-

2243 5214 2370 5268 tiam
2414 5212 2614 5267 diaboli
2646 5209 3039 5276 manifestaret,
3070 5209 3288 5266 molitus
3322 5219 3406 5266 est
3439 5210 3619 5265 adhuc
3637 5209 3830 5265 electis

2239 5303 2354 5358 suis
2378 5303 2814 5373 persecutionem
2843 5316 3187 5358 commovere
3211 5320 3224 5357 :
3260 5303 3314 5357 hi
3343 5302 3488 5357 enim
3510 5309 3638 5357 sunt
3662 5301 3828 5371 pedes

2237 5392 2352 5462 ejus
2379 5409 2473 5462 per
2494 5409 2631 5464 quos
2659 5393 2898 5448 ambulat
2929 5393 2984 5448 in
3015 5403 3161 5449 terra
3194 5394 3285 5464 qui
3305 5407 3402 5463 per
3427 5393 3610 5448 omnia
3634 5400 3830 5463 regnat

2237 5485 2292 5540 in
2318 5485 2476 5539 coelo.

2315 5576 2472 5631 Vens.
2510 5577 2565 5631 εἰ.
2606 5609 2678 5620 -
2720 5595 2738 5629 ι
2777 5577 3046 5635 Exentera
3080 5579 3225 5634 hunc
3248 5579 3472 5651 piscem.
3514 5600 3533 5632 ι
3563 5579 3828 5635 Dominus

2241 5671 2443 5739 piscem
2491 5671 2857 5736 exenteravit,
2902 5688 3024 5726 cum
3076 5673 3368 5742 nequitiam
3415 5672 3614 5728 diaboli
3661 5671 3826 5728 latius

2241 5762 2442 5817 sanctis
2468 5762 2678 5832 aperuit
2709 5771 2801 5817 :et
2833 5764 2985 5833 quasi
3011 5779 3210 5818 arcana
3238 5764 3555 5818 insidiarum
3588 5762 3707 5833 ejus
3741 5779 3825 5817 re-

2241 5853 2461 5920 seravit.
2489 5853 2749 5926 Reposuit
2775 5855 2877 5914 sibi
2900 5871 2995 5912 cor
3016 5853 3154 5932 ejus,
3182 5857 3309 5938 quia
3332 5853 3683 5924 calliditatem
3705 5857 3822 5938 ejus
