4122 6350
350 474 456 535 τεο

1336 463 1603 523 GLOSSA
1642 459 2036 519 ORDINARIA.
2076 492 2147 503 —
2182 461 2309 517 LIB.
2348 460 2593 518 TOBIJE.

3493 458 3599 518 Ἱδῦ

350 584 409 640 in
456 579 755 652 Scripturis
786 577 1072 644 indicavit,
1114 577 1182 633 de
1217 591 1326 647 quo
1353 573 1553 629 dicitur
1582 589 1597 627 :
1632 590 1652 623 ε
1691 558 1927 641 Serpens
1952 568 2234 633 A‘Cantus
2256 570 2521 641 pullorum
2540 610 2556 635 ,
2581 576 2710 635 etc.,
2738 584 2899 641 usque
2924 570 2995 625 ad
3031 570 3300 626 veraciter
3322 569 3603 632 Christum

347 682 471 732 erat
496 670 743 729 callidior
767 669 978 725 cunctis
1007 666 1369 722 animantibus
1398 673 1558 721 terra:
1581 658 1733 735 (Gen.
1760 660 1864 731 ιιι),
1898 676 1918 709 ι
2025 661 2182 717 hoste
2226 669 2478 733 superato
2512 675 2768 733 sponsum
2806 674 2927 717 esse
2966 654 3169 718 sanctae
3209 660 3464 719 Ecclesia}
3504 663 3603 719 ω.

348 774 405 821 et
428 762 554 820 alibi
584 779 598 816 :
633 778 652 812 ‹
673 758 811 814 Num
838 758 1150 830 ignoramus
1169 755 1397 811 astutias
1416 752 1532 821 ejus
1555 749 1635 824 (11
1655 747 1778 804 Cor.
1801 747 1885 818 ιι).
1899 764 1917 799 ι

2046 763 2340 826 moverunt.

350 856 447 913 Fel
485 868 700 927 quoque
749 849 1024 922 reposuit,
1071 849 1200 921 quia
1244 854 1449 918 quanto
1485 840 1704 900 malitiae
1744 838 1927 895 furore

351 959 545 1008 contra
570 960 742 1018 genus
767 944 1059 999 humanum
1084 942 1271 997 saeviat
1293 981 1310 1006 ,
1346 938 1412 994 ad
1443 936 1667 994 cautelae
1687 932 1927 989 studium

354 1040 519 1099 scribi
549 1048 605 1095 et
628 1036 940 1095 conservari
974 1034 1160 1090 voluit.
1181 1031 1344 1089 Jecur
1365 1029 1636 1102 reposuit,
1658 1025 1784 1097 quia
1814 1040 1930 1079 ma-

353 1134 499 1205 ligna
528 1131 648 1203 ejus
673 1127 897 1184 consilia
939 1127 1226 1182 adversum
1264 1139 1363 1180 nos
1388 1138 1486 1193 per
1514 1122 1768 1177 doctores
1791 1116 1931 1172 veri-

354 1225 486 1282 tatis
511 1220 806 1279 insinuavit
836 1236 850 1274 :
881 1219 1048 1274 Aiunt
1073 1215 1450 1289 enimphysici
1475 1232 1490 1270 :
1517 1213 1644 1285 quia
1680 1211 1858 1267 calore
1877 1217 1934 1266 et

354 1313 566 1372 occulta
611 1311 809 1366 virtute
851 1309 1055 1380 jeeoris
1097 1314 1467 1377 excoquantur
1509 1312 1566 1359 et
1616 1302 1932 1373 digerantur

354 1409 482 1466 cibi.
522 1405 656 1462 Cum
684 1418 816 1459 vero
842 1418 964 1473 quae
993 1416 1155 1472 agere
1178 1400 1543 1471 disponimus,
1577 1394 1761 1451 sedula
1780 1393 1931 1466 cogi—

354 1498 560 1555 tationc
580 1537 597 1562 ,
639 1509 745 1565 quo
773 1494 964 1548 ordine
991 1493 1100 1549 sint
1131 1492 1337 1563 agenda
1372 1488 1700 1560 requirimus
1719 1527 1734 1552 ,
1777 1484 1930 1556 quasi

356 1598 607 1659 acceptos
651 1585 708 1643 in
752 1597 1035 1643 Stomacnu
1082 1583 1266 1651 cibos,
1321 1581 1519 1638 ardore
1536 1577 1744 1648 iecoris
1771 1590 1934 1632 exco-

357 1680 595 1752 qubnus.

432 1792 451 1824 ι
481 1769 621 1829 Sunt
654 1768 801 1828 enim
836 1768 952 1826 haec
980 1768 1308 1825 necessaria.
1349 1784 1370 1819 ο
1403 1763 1614 1821 Astutia
1656 1760 1852 1817 diaboli
1878 1767 1937 1815 et

356 1863 595 1935 nequitia
656 1859 873 1933 cognita
936 1860 1091 1916 nobis
1148 1860 1216 1915 ad
1276 1857 1537 1915 medelam
1595 1853 1930 1927 proﬁciunt:

2099 848 2267 906 Vsus.
2304 849 2386 904 l7.
2415 879 2487 891 —
2514 867 2534 899 ι
2580 847 2958 905 Benedicimus
3001 854 3084 914 te,
3118 848 3346 905 Domine
3385 848 3543 905 Deus.
3579 866 3599 901 ι

2030 944 2151 1016 (ln.,
2182 941 2335 1014 ibid.)
2352 940 2591 1021 Laetatur
2609 939 2812 1010 Ragnel
2838 940 2903 994 de
2922 940 3033 994 vita
3059 938 3261 1004 Tobiae,
3286 948 3418 1002 etc.,
3444 955 3606 1009 usque

2029 1034 2100 1089 ad
2125 1042 2249 1088 sunt
2277 1031 2451 1088 crassi
2472 1031 2647 1102 gratia
2667 1044 2914 1100 supernae
2939 1029 3241 1085 dilectionis
3263 1028 3473 1084 referti.

2101 1123 2265 1180 Vens.
2312 1121 2404 1179 ‘22.
2448 1152 2520 1163 -
2557 1140 2576 1173 ι
2610 1122 2754 1177 Duas
2792 1137 3028 1193 quoque,
3080 1140 3101 1174 ι
3135 1130 3242 1177 etc.
3298 1121 3423 1189 (ιιι,
3451 1121 3605 1194 ibid.)

2029 1216 2316 1289 Apostolus
2341 1214 2581 1287 gentium
2610 1226 2706 1269 eos
2733 1213 2826 1283 qui
2866 1214 2934 1271 ad
2965 1213 3127 1269 ﬁdem
3153 1224 3447 1277 venerant,
3473 1221 3604 1278 etc.,

2032 1328 2194 1384 usque
2223 1311 2291 1365 ad
2313 1310 2404 1381 qui
2428 1308 2615 1380 epulas
2634 1321 2702 1363 ex
2723 1306 2804 1363 eis
2826 1322 3055 1377 quorum
3081 1306 3398 1363 reﬁciuntur
3424 1318 3610 1361 exem-

2031 1406 2136 1478 plis
2158 1403 2448 1474 accipiunt.

2080 1508 2085 1515 ‘
2109 1513 2129 1547 ι
2157 1494 2398 1562 Quatuor
2426 1492 2644 1548 arietes.
2677 1508 2697 1542 ι
2723 1489 2857 1558 Quia
2878 1488 3052 1545 sancti
3072 1489 3322 1545 doctores
3335 1496 3393 1543 et
3414 1493 3614 1557 marty-

2033 1602 2122 1643 res
2141 1584 2550 1657 quatuorlibros
2578 1580 2854 1653 Evangelii
2874 1579 2980 1636 ﬁde
3000 1588 3055 1636 et
3072 1594 3238 1651 opere
3259 1583 3607 1643 conservant,

2032 1679 2338 1753 prudentia,
2355 1676 2585 1749 iustitia,
2614 1673 2949 1740 fortitudine,
2973 1670 3331 1743 temperantia
3356 1669 3612 1725 muniun-

2034 1783 2152 1834 tur,
2209 1780 2264 1826 et
2310 1765 2834 1841 quatuorvpartibus
2877 1766 3064 1821 mundi
3110 1765 3389 1821 instruunt
3430 1761 3614 1816 Eccle-

2038 1863 2177 1920 siam
2214 1861 2331 1917 Dei.

357 1934 562 2029 quanto
611 1954 757 2011 enim
790 1968 855 2009 ea
890 1953 1095 2011 certius
1135 1951 1514 2023 cxploramus,
1562 1953 1712 2002 tanto
1736 1946 1940 2002 certius

2125 1974 2144 2006 ι
2182 1952 2368 2011 Occidi
2392 1950 2538 2007 fecit.
2573 1970 2593 2004 ι
2624 1949 2764 2019 Quia
2796 1947 2886 2004 alii
2917 1953 3109 2018 sponte
3136 1941 3464 2000 mortiﬁcant
3495 1955 3617 1997 cor-

359 2046 692 2102 declinamus

430 2139 591 2196 Vsas.
619 2137 673 2194 6.
696 2168 767 2179 —
793 2154 813 2190 ι
844 2136 1063 2193 Assavit
1091 2151 1284 2193 carnes
1304 2134 1438 2205 ejus,
1460 2153 1479 2186 ι
1504 2142 1608 2189 etc.
1634 2132 1824 2205 (Βεω,
1849 2128 1939 2184 ubi

361 2230 567 2301 supra.)
595 2225 862 2297 Quidquid
884 2225 986 2281 sibi
1014 2240 1082 2280 ex
1100 2226 1203 2281 hoc
1229 2225 1377 2296 pisce
1401 2219 1779 2291 assumpserit,
1807 2226 1935 2283 etc.,

358 2337 522 2391 usque
565 2320 634 2373 ad
671 2318 843 2374 donec
888 2316 945 2373 in
993 2316 1243 2387 gentibus
1289 2313 1545 2370 Ecclesiae
1588 2309 1940 2365 fundamenta

359 2413 689 2468 locarentur.

431 2502 594 2557 Vens.
626 2502 714 2559 12.
737 2533 800 2544 --
824 2520 843 2555 ι
881 2502 947 2558 Et
974 2507 1207 2573 oportet.
1245 2519 1265 2552 ι
1295 2498 1419 2571 (ln.,
1447 2496 1598 2569 ibid.)
1624 2494 1827 2567 Raguel
1851 2508 1943 2566 po-

358 2594 543 2666 pulum
582 2594 822 2665 gcntium
862 2593 1070 2667 signat,
1103 2601 1236 2659 etc.,
1261 2606 1423 2662 usque
1455 2589 1524 2643 ad
1550 2596 1605 2643 et
1632 2586 1724 2659 qui
1755 2586 1942 2642 audire

362 2687 557 2759 dignus
576 2688 687 2744 sit:
719 2705 741 2742 ι
768 2684 889 2744 Jam
914 2701 1025 2744 non
1045 2684 1226 2744 dicam
1251 2698 1351 2741 vos
1378 2694 1585 2748 servos,
1615 2678 1712 2736 sed
1737 2678 1942 2734 amicos

364 2799 516 2841 meos
537 2780 720 2855 (Joan.
748 2780 860 2856 xv).

960 2888 1188 2948 CAPUT
1226 2885 1336 2945 V11.

434 3028 603 3085 Vens.
632 3027 718 3082 lt.
748 3055 820 3068 —
846 3043 864 3078 ι
894 3022 1013 3091 Quo
1039 3021 1222 3077 audito
1240 3018 1407 3076 verbo
1425 3016 1630 3089 Raguel
1647 3014 1887 3087 eXpavit,
1917 3032 1938 3065 ι

363 3129 469 3177 etc.
495 3118 683 3191 (Βεω,
713 3115 801 3171 ubi
828 3114 1033 3185 supra.)
1059 3112 1296 3167 Audiens
1308 3108 1535 3181 populus
1555 3106 1794 3179 gentium
1816 3120 1945 3161 ver-

366 3211 494 3267 bum
552 3208 706 3275 ﬁdei,
756 3216 886 3274 etc.,
929 3219 1094 3277 usque
1146 3201 1216 3257 ad
1252 3210 1311 3257 ut
1348 3200 1443 3271 qui
1483 3198 1647 3255 stulta
1679 3197 1943 3262 dicerent,

367 3302 531 3359 stulte
549 3301 808 3372 perirent.

962 3385 1193 3446 CAPUT
1214 3383 1350 3443 V111.

442 3527 605 3584 Vsus.
635 3526 686 3580 ι.
709 3554 778 3567 -
804 3540 825 3577 ι
858 3523 1152 3593 Postquam
1198 3533 1329 3574 vero
1354 3522 1729 3581 casnaverunt,
1770 3514 1817 3568 ι’
1837 3520 1945 3569 etc.

381 3621 575 3692 (Beas,
598 3620 653 3674 in
686 3617 925 3683 Tobiam,
952 3624 1083 3671 tom.
1100 3610 1189 3684 ιι.)
1201 3610 1543 3669 introductus
1557 3606 1753 3663 Tobias
1770 3606 1836 3661 ad
1859 3618 1952 3661 cu-

371 3712 608 3769 biculum
637 3708 878 3783 protulit,
916 3718 1023 3763 etc.
1051 3706 1197 3761 Deus
1213 3712 1534 3774 accepturus
1561 3698 1859 3755 Ecclesiam
1883 3694 1950 3752 de

373 3808 654 3881 gentibus,
686 3805 739 3860 in
779 3799 1213 3875 desponsationis
1232 3796 1420 3862 initio,
1461 3794 1615 3866 jubet
1641 3805 1762 3846 eam
1784 3790 1951 3869 abre-

373 3879 626 3956 nuntiare
666 3892 880 3952 diabolo
896 3934 913 3961 ,
935 3902 992 3948 et
1015 3889 1268 3949 omnibus
1287 3886 1501 3961 pompis
1526 3884 1645 3951 ejus
1687 3891 1742 3938 et
1776 3879 1947 3937 conﬁ-

374 3991 476 4045 teri
506 3988 664 4044 ﬁdem
689 3994 891 4042 sancta:
910 3981 1195 4039 Trinitatis
1220 3980 1274 4035 in
1298 3975 1671 4034 remissionem
1695 3978 1948 4044 peccato-
1994 3986 1997 3987 ν

372 4095 494 4137 rum
535 4096 550 4133 :
586 4077 731 4150 quod
756 4084 841 4132 est
862 4073 1052 4130 intima
1080 4069 1247 4143 piscis
1283 4067 1496 4124 viscera
1540 4063 1676 4120 vivis
1701 4075 1950 4118 cremare

374 4169 719 4228 carbonibus.

448 4263 637 4336 (Βεω,
684 4260 773 4315 ubi
819 4256 1024 4330 supra.)
1075 4253 1212 4323 Quia
1268 4259 1390 4324 post
1424 4246 1948 4307 abrenuntiationem

374 4354 602 4420 diaboli,
664 4360 788 4424 post
830 4348 1225 4405 confessionem
1285 4358 1429 4399 veras
1485 4341 1638 4405 ﬁdei.
1707 4338 1953 4410 sequitur

373 4453 722 4518 peccatorum
764 4438 1037 4502 remissio,
1075 4451 1173 4507 per
1194 4448 1388 4505 aquam
1435 4429 1688 4503 baptismi
1727 4427 1952 4500 expulso

377 4534 590 4593 diabolo
614 4574 631 4600 ,
676 4530 947 4588 diabolum
969 4528 1154 4599 ligavit
1187 4525 1353 4596 :quia
1392 4539 1424 4579 a
1466 4522 1701 4578 ﬁdelium
1734 4519 1953 4576 ltesione

1968 3294 2016 3359 C

2040 2061 2173 2117 pora
2227 2048 2353 2110 sua,’
2400 2053 2463 2099 ut
2502 2042 2611 2098 sint
2652 2039 2830 2097 hostia
2877 2038 3002 2093 viva
3051 2054 3064 2090 :
3103 2033 3195 2090 alii
3239 2032 3378 2089 inter
3426 2045 3617 2087 manus

2040 2134 2336 2193 inﬁdelium
2380 2134 2613 2189 subeunt
2649 2129 2953 2201 martyria:
2987 2141 3086 2198 per
3134 2138 3283 2179 arma
3313 2119 3539 2191 iustitiae
3584 2136 3616 2175 a

2040 2227 2247 2286 dextris
2267 2234 2323 2282 et
2339 2240 2371 2281 a
2394 2222 2632 2280 sinistris
2652 2264 2665 2290 ,
2699 2222 2751 2277 id
2772 2229 2855 2276 est
2872 2259 2889 2286 ,
2919 2219 2975 2275 in
2995 2214 3272 2290 prosperis
3290 2222 3350 2268 et
3374 2210 3618 2268 adversis

2041 2323 2250 2379 hostem
2289 2319 2570 2375 vincentes
2590 2315 2890 2384 antiquum.

2113 2411 2277 2467 Vsus.
2321 2409 2412 2465 25.
2454 2436 2525 2450 —-
2559 2426 2579 2460 ε
2621 2406 2689 2461 Ει
2743 2400 3010 2471 adjnravit
3059 2397 3264 2472 Raguel
3308 2395 3556 2452 Tobiam.
3591 2413 3611 2448 ο

2043 2503 2234 2578 (Bene,
2268 2501 2422 2573 ibid.)
2452 2497 2780 2568 Adjuramus
2806 2493 3079 2551 Christum
3104 2500 3165 2546 ut
3188 2498 3405 2546 maneat
3433 2487 3619 2544 nobis-

2042 2611 2188 2660 cum,
2225 2592 2397 2648 donec
2422 2588 2804 2661 perfectionem
2828 2585 3025 2656 quietis
3051 2596 3151 2654 per
3182 2580 3417 2653 Spiritus
3442 2577 3618 2635 sancti

2043 2684 2274 2758 gratiam
2315 2692 2730 2749 consequamur,
2762 2692 2867 2748 qua
2900 2673 3302 2744 requiescamus
3336 2678 3390 2725 et
3434 2686 3463 2724 a
3497 2682 3623 2740 pec-

2044 2778 2178 2836 catis
2236 2776 2290 2832 in
2347 2787 2602 2845 corpore,
2657 2778 2714 2828 et
2762 2786 2794 2827 a
2846 2767 3031 2842 pravis
3084 2763 3504 2839 cogitationibus
3561 2762 3617 2817 in

2044 2876 2245 2928 mente.

2652 2930 2880 2991 CAPUT
2918 2929 3012 2987 1X.

2114 3060 2280 3117 Vsus.
2310 3057 2440 3113 5.—
2478 3072 2497 3106 ι
2526 3051 2731 3108 Tamen
2750 3048 2977 3104 obsecro
3006 3052 3078 3100 te.
3114 3062 3134 3096 ι
3160 3041 3350 3114 (Βευλ,
3372 3053 3437 3093 ex
3460 3035 3619 3108 Isid.)

2047 3153 2275 3224 Aliquos
2296 3150 2362 3205 de
2383 3146 2730 3204 credentibus
2765 3140 3059 3197 servientes
3090 3137 3185 3193 tibi
3216 3133 3409 3205 quibus
3430 3129 3624 3202 praedi—

2046 3243 2207 3300 candi
2228 3240 2536 3296 committas
2560 3233 2796 3291 ollicium
2821 3230 2888 3287 ad
2910 3227 3239 3300 colligendas
3261 3234 3471 3295 gentes,
3502 3235 3624 3291 quae

2047 3334 2284 3393 nondum
2316 3330 2438 3388 ﬁdei
2466 3327 2781 3401 mysterium
2804 3327 3181 3393 susceperunt,
3210 3316 3305 3372 sed
3336 3324 3515 3369 tamen
3541 3310 3623 3365 fa-

2044 3442 2190 3485 mam
2216 3424 2505 3480 audierunt
2532 3437 2547 3475 :
2571 3427 2628 3476 et
2652 3416 2912 3473 talentum
2939 3411 3087 3468 verbi
3116 3407 3258 3481 quod
3301 3405 3449 3460 fama
3476 3401 3619 3458 didi-

2045 3526 2254 3583 cerunt,
2288 3531 2386 3587 per
2416 3514 2542 3570 ﬁdei
2567 3508 2929 3567 obedientiam
2968 3504 3216 3560 reddant.
3248 3498 3429 3555 Novus
3450 3494 3627 3567 quoti-

2046 3614 2135 3675 die
2178 3609 2404 3681 p0pu|us
2452 3607 2507 3661 in
2552 3601 2788 3659 Ecclesia
2846 3595 3146 3668 colligitur,
3205 3596 3387 3664 potest
3440 3596 3623 3642 tamen

2047 3677 2358 3777 specialiter
2396 3695 2652 3767 intelligi,
2696 3694 2787 3765 qui
2835 3691 3070 3747 litteram
3102 3684 3244 3777 legis
3288 3677 3624 3777 septuaginta

2048 3764 2371 3864 interpretes
2423 3764 2776 3860 acceperunt,
2832 3790 2890 3840 et
2945 3781 3068 3837 ideo
3102 3764 3273 3832 ﬁdem
3321 3771 3483 3829 citius
3535 3782 3627 3823 su-

2049 3872 2371 3960 sceperunt.
2666 3943 2893 4005 CAPUT
2927 3942 3001 3999 Χ.

2121 4070 2285 4127 Vnus.
2311 4066 2365 4124 8.
2402 4094 2476 4108 —-
2500 4081 2520 4116 ι
2554 4058 2626 4118 At
2644 4074 2775 4117 vero
2837 4051 3075 4127 Ragnel,
3112 4069 3132 4105 ι
3163 4056 3271 4106 etc.
3320 4043 3497 4120 (Ben,
3534 4038 3626 4096 ubi

2047 4160 2254 4234 supra.)
2281 4159 2416 4217 Cum
2436 4154 2711 4231 plenitudo
2727 4150 2964 4225 gentium
2990 4143 3288 4234 intraverit,
3322 4153 3482 4234 nemo
3504 4150 3628 4207 pro-

2048 4227 2455 4322 hibere'potest,
2495 4247 2625 4318 quin
2663 4242 2920 4300 Dominus
2942 4236 3172 4294 salutem
3197 4228 3366 4289 Israel
3396 4227 3624 4322 tribuat,

2050 4356 2105 4405 et
2134 4317 2434 4401 caecitatem
2471 4317 2611 4412 ejus,
2639 4350 2760 4408 quae
2784 4349 2851 4389 ex
2877 4338 3029 4402 parte
3055 4321 3314 4395 contigit,
3342 4317 3620 4388 respiciat.

2051 4437 2354 4497 Recordata
2408 4442 2494 4491 est
2551 4431 2694 4488 enim
2740 4426 2921 4483 divina
2983 4417 3306 4481 clementia,
3364 4412 3622 4484 quoniam

2053 4528 2270 4586 tristitia
2293 4538 2485 4595 magna
2510 4529 2568 4577 et
2590 4519 2879 4575 continuus
2907 4511 3057 4569 dolor
3082 4504 3381 4566 est'Judaais
3402 4502 3627 4561 creden-

376 4625 639 4684 cessando
681 4622 1047 4693 compescuit,
1094 4633 1231 4691 quos
1273 4615 1375 4673 etsi
1403 4613 1706 4685 aliquando
1742 4620 1951 4668 tentare
1977 4654 2031 4715 Ι)
2055 4621 2201 4676 tibus
2226 4631 2326 4688 pro
2348 4613 2602 4670 fratribus
2626 4606 2947 4665 inﬁdelibus.

375 4721 747 4794 probationem
813 4715 1172 4789 permittitur,
1229 4723 1486 4783 superare
1543 4717 1725 4764 tamen
1760 4703 1950 4776 prohi-

375 4813 611 4955 beatis.
636 4898 692 4953 ὅ.
715 4927 791 4941 -
819 4914 840 4951 ‹
870 4894 1157 4968 Beligavit.
1208 4910 1230 4946 ι
1266 4891 1550 4947 Desertum
1583 4894 1641 4943 ct
1684 4883 1952 4957 Egyptus

377 4991 543 5049 corda
577 4990 873 5047 inﬁdelium
922 4986 1261 5060 signiﬁcant,
1310 4998 1430 5055 quae
1469 4997 1501 5039 a
1549 4982 1660 5036 Deo
1696 4980 1947 5036 deserta;

375 5084 503 5155 quia
526 5082 642 5152 eius
665 5080 999 5138 habitatione
1021 5078 1239 5148 indigna
1256 5116 1272 5143 ,
1302 5082 1357 5131 et
1372 5072 1527 5143 juxta
1550 5070 1950 5141 interpretatio-

376 5190 501 5232 nem
531 5172 753 5247 IEgypti
774 5170 1014 5244 perﬁdia:
1034 5184 1146 5225 suae
1166 5167 1404 5223 tenebris
1423 5166 1728 5221 obscurata.
1763 5160 1956 5217 Merito

379 5277 560 5323 autem
595 5275 653 5322 et
673 5265 767 5337 qui
792 5282 823 5319 a
848 5262 960 5319 Deo
1003 5261 1273 5318 deseritur
1311 5274 1343 5314 a
1378 5254 1648 5313 daemonio
1694 5252 1952 5324 repletur.

374 5358 615 5430 Angelus
632 5372 762 5414 vero
783 5358 1079 5413 daemonem
1101 5351 1194 5424 qui
1213 5350 1434 5408 Tobiam
1456 5347 1706 5404 occidere
1720 5343 1955 5414 volebat,

379 5452 434 5507 in
456 5451 672 5509 deserto
690 5449 898 5522 ligavit,
927 5447 1019 5519 qui
1048 5445 1344 5503 cohibitum
1370 5458 1400 5498 a
1427 5442 1691 5506 ﬁdelibus,
1711 5439 1804 5511 qui
1830 5447 1958 5496 sunt

380 5542 625 5597 membra
653 5539 879 5603 Christi,
907 5537 1179 5594 diabolum
1200 5538 1257 5591 in
1290 5531 1596 5590 inﬁdelibus
1624 5539 1830 5586 tantum
1855 5527 1954 5586 do-

379 5630 573 5687 minari
616 5629 911 5701 permittit,
950 5628 1005 5683 in
1040 5626 1237 5698 quibus
1271 5632 1450 5680 tamen
1485 5630 1632 5678 tenet
1664 5635 1788 5677 eum
1821 5619 1953 5693 liga-

380 5731 522 5788 tum,
549 5721 676 5791 quia
704 5735 805 5777 nec
826 5722 972 5791 ipsos
993 5727 1199 5776 tantum
1220 5717 1415 5774 laedere
1438 5714 1771 5788 permittitur
1788 5727 1954 5784 quan-

381 5826 498 5875 tum
530 5815 737 5872 nititur.

455 5906 749 6002 1:88.”.
786 5905 917 5962 --'¢
952 5905 1020 5975 Et
1060 5904 1263 5972 tactum
1304 5912 1411 5983 est,
1452 5920 1477 5962 ι
1515 5900 1765 5983 otc.(Io.,
1797 5894 1955 5985 ibid.)

2128 4683 2511 4765 Vens.10.——
2545 4721 2564 4754 ι
2610 4697 2877 4762 Tradidit,
2924 4713 2945 4749 ι
2996 4688 3525 4752 etc.-Remittuntur
3570 4683 3626 4740 ιιι

2058 4800 2164 4856 ﬁne
2186 4799 2433 4854 doctores
2465 4790 2717 4848 Ecclesiae
2739 4788 2806 4844 ad
2835 4784 3129 4849 Christum,
3152 4796 3276 4838 cum
3305 4778 3422 4849 ipsa
3452 4774 3627 4831 Eccle-

2056 4890 2138 4946 sia
2154 4929 2171 4955 ,
2201 4887 2462 4942 virtutum
2486 4880 2687 4938 divitiis
2712 4879 2870 4951 plena
2886 4917 2903 4941 ,
2936 4875 3006 4932 ad
3040 4872 3201 4930 ﬁdem
3226 4865 3626 4931 illustrandam,

2056 4984 2432 5049 honorumque
2454 4989 2676 5048 operum
2698 4969 2999 5029 substantia
3027 4965 3304 5023 ditandam
3320 4959 3629 5017 Iudaeorum

2059 5082 2270 5149 gentem
2286 5111 2303 5138 ,
2337 5085 2407 5127 ex
2429 5083 2535 5140 qua
2564 5066 2658 5123 Dei
2677 5063 2849 5120 Filius
2868 5060 3097 5134 sumpsit
3120 5068 3358 5115 carnem.

2656 5153 2883 5214 CAPUT
2935 5151 3023 5209 X1.

2126 5254 2290 5311 Vens.
2332 5252 2388 5308 5.
2415 5282 2487 5294 -
2512 5270 2534 5302 ε
2569 5248 2962 5306 Praecedamus.
2987 5263 3007 5297 ι
3054 5241 3257 5313 (Bina,
3286 5235 3377 5294 ubi
3408 5232 3626 5306 supra.)

2057 5349 2349 5420 Postquam
2371 5343 2705 5400 illuminatus
2733 5347 2818 5395 est
2847 5335 3070 5410 populus
3088 5331 3346 5420 gentium,
3373 5325 3630 5420 praecedit

2059 5419 2237 5498 divina
2258 5437 2433 5510 gratia
2463 5435 2530 5490 ad
2551 5430 2956 5489 illuminandam
2978 5426 3276 5481 caecitatem
3292 5419 3626 5510 Judaeorum,

2058 5537 2121 5586 ut
2149 5529 2203 5585 in
2232 5506 2387 5585 libris
2421 5526 2534 5582 suis
2573 5527 2903 5596 cognoscant
2937 5515 3208 5573 Christum
3237 5524 3428 5568 verum
3457 5506 3623 5596 homi-

2057 5635 2183 5677 nem
2203 5627 2257 5675 et
2284 5632 2471 5675 verum
2494 5595 2687 5679 Deum,
2708 5622 2763 5668 et
2782 5610 2865 5666 sic
2890 5606 3105 5665 tandem
3127 5601 3283 5675 quasi
3300 5600 3419 5654 viso
3438 5595 3630 5668 angelo

2057 5720 2111 5767 et
2155 5709 2264 5766 ﬁlio
2306 5724 2406 5766 suo
2449 5722 2588 5779 quos
2630 5705 2721 5759 diu
2758 5716 2868 5757 non
2916 5700 3184 5763 viderant,
3230 5691 3456 5749 multum
3495 5704 3630 5762 gau-

2064 5804 2253 5865 deant;
2299 5800 2535 5863 tandem,
2574 5794 2804 5860 scilicet,
2853 5807 2912 5849 se
2944 5787 3199 5846 Ecclesia:
3241 5785 3309 5842 de
3356 5781 3626 5854 gentibus,

2061 5904 2399 5983 congregata
2425 5889 2808 6009 mysteriorum
2835 5884 3213 5976 communione
3232 5879 3542 5985 malum).
