4122 6350
1762 318 1780 328 ι-
1822 316 1866 329 5r

504 389 603 451 ’131

996 389 1395 471 .WALAFRIDI
1434 391 1683 451 STRABI
1722 389 1927 448 FULD.
1969 388 2136 447 MON.
2175 389 2327 449 OPP.
2365 390 2547 449 PARS
2583 392 2624 449 l.
2667 421 2736 432 —
2770 390 3225 455 THEOLOGICA.

3660 397 3793 459 732

558 504 725 565 Vens.
776 506 830 566 9.
853 534 921 545 -
958 523 975 557 ι
1010 503 1410 560 Blandimento.
1444 523 1464 558 ι
1505 503 1698 577 (831).,
1724 502 1813 559 ubi
1856 519 2033 575 supra.
2184 505 2347 562 Pater
2389 506 2443 561 in
2466 505 2602 563 Filio
2639 508 2725 563 sit.
2768 505 3007 583 Angelus
3031 506 3184 565 tredit
3227 508 3294 564 ad
3326 508 3513 577 Deum,
3564 511 3788 566 Tobias

503 597 668 654 Canis
690 596 961 669 gaudebat
992 596 1120 650 dum
1142 604 1286 650 tecta
1319 593 1660 651 dominorum
1689 593 1779 650 diu
1807 594 1978 649 invisa
2002 582 2083 649 re;

501 691 723 746 viseret.
753 688 1003 744 Gaudent
1029 688 1277 742 doctores
1306 685 1372 740 dc
1396 684 1589 741 effectu
1615 686 1696 743 sui
1728 686 1927 755 operis,
1958 701 2082 740 cum

502 779 743 838 Judaeam
780 796 808 834 a
855 780 1083 835 Domino
1116 777 1531 850 recoliigendam
1578 778 1896 850 intelligant.
1941 776 2083 834 Gau-

503 871 634 928 dent
681 871 747 925 de
800 870 1021 941 przemio
1072 868 1197 925 vita:
1248 878 1487 936 aeternae,
1534 878 1589 925 et
1642 869 1850 925 cunctis
1893 868 2083 925 eodem

501 961 725 1034 praemio
748 962 912 1016 corda
941 959 1292 1015 exhilaranda
1333 961 1634 1030 pnedicunt
1654 1001 1669 1027 ,
1695 969 1751 1016 et
1778 960 1961 1015 statim
1989 958 2084 1015 ad-

501 1062 784 1110 venturam
808 1053 1034 1124 gratiam
1058 1053 1230 1107 sancti
1261 1051 1499 1123 Spiritus
1524 1053 1713 1109 edunt.

571 1141 737 1198 Vnus.
775 1142 863 1197 10.
885 1173 958 1183 -
990 1160 1008 1193 ‹
1043 1143 1372 1215 Exsurgens.
1410 1163 1428 1195 ι
1469 1144 1666 1199 Audito
1705 1161 1735 1200 a
1772 1146 2083 1202 doctoribus

498 1233 666 1289 verbo
693 1233 900 1303 salutis,
915 1235 1157 1304 exsurgit
1176 1233 1402 1305 populus
1423 1233 1729 1290 Judaeornm
1752 1235 1819 1291 de
1842 1236 2081 1308 perfidiae

500 1339 613 1379 sua:
625 1325 869 1380 caecitate
886 1323 1063 1395 longa,
1081 1333 1136 1379 et
1156 1340 1342 1379 amore
1362 1325 1535 1380 currit
1554 1326 1619 1380 ad
1642 1326 1928 1381 Dominum
1948 1344 1962 1393 ;
1986 1328 2084 1383 sed

497 1415 774 1472 offendens
788 1416 1063 1489 gressibus
1083 1431 1328 1487 operum,
1348 1416 1518 1471 donec
1539 1426 1758 1472 renatus
1784 1418 2079 1475 instructus

498 1509 553 1564 in
581 1508 815 1575 Christo,
844 1508 967 1565 ﬁdei
999 1520 1053 1566 et
1078 1512 1411 1585 operationis
1439 1511 1619 1566 lumen
1648 1513 1927 1584 percipiat.

568 1600 734 1659 Vens.
761 1603 847 1658 l5.
869 1634 943 1644 —
969 1623 987 1656 ι
1017 1598 1170 1659 Tunc
1213 1620 1454 1661 sumens.
1485 1624 1504 1657 ι
1545 1604 1746 1671 (ΒεοΑ,
1793 1605 1948 1675 ibid.)
1979 1605 2085 1661 Do-

497 1697 675 1752 minus
717 1699 1066 1755 credentibus
1094 1708 1280 1771 aperte
1311 1700 1516 1756 revelat
1545 1708 1745 1770 quanta
1778 1700 1849 1755 sit
1878 1701 2081 1773 antiqui

497 1789 668 1844 hostis
694 1790 926 1854 malitia,
953 1791 1047 1860 qui
1071 1791 1247 1860 ipsum
1275 1792 1328 1845 in
1356 1793 1607 1860 passione
1633 1791 1891 1846 devorare
1917 1792 2079 1863 gesti-

2182 605 2427 653 remanet
2465 596 2603 669 apud
2637 596 2877 663 Patrem,
2911 607 2966 652 et
3001 597 3249 653 Christus
3288 613 3319 653 a
3356 598 3607 655 ﬁdelibus
3652 602 3792 658 suis

2180 688 2502 760 intelligitur
2528 690 2808 747 divinitate
2839 688 2985 775 Patri
3017 690 3262 765 aequalis,
3300 691 3640 750 humanitate
3670 696 3779 751 ho-

2182 772 2420 841 minibus
2458 772 2955 840 consubstantialis.

2761 914 2990 973 CAPUT
3028 913 3167 971 XIII.

2253 1023 2419 1080 Vnns.
2454 1022 2507 1079 l.
2533 1054 2607 1067 —
2636 1040 2657 1075 α
2689 1022 2956 1095 Aperiens
2991 1030 3169 1078 autem
3202 1024 3402 1081 Tobias
3434 1038 3498 1082 os
3528 1040 3713 1080 suum.
3752 1046 3777 1080 ι

2183 1114 2439 1188 (ΒευΑ,ἰη
2471 1113 2732 1187 Tobiam.)
2762 1113 3053 1170 Confessus
3075 1121 3158 1169 est
3176 1115 3458 1170 veritatem
3479 1124 3537 1172 et
3548 1117 3779 1171 miseri-

2182 1210 2441 1275 cordiam,
2467 1218 2597 1277 etc.,
2625 1224 2788 1282 usque
2816 1209 2886 1264 ad
2915 1209 3152 1267 coelestia
3182 1211 3372 1282 patrie
3401 1209 3599 1283 gaudia
3624 1224 3785 1281 pre-

2182 1299 2431 1355 dicando.

2672 1438 2679 1443 .
2775 1388 3003 1447 CAPUT
3024 1388 3144 1446 XIV

2253 1499 2416 1557 Vens.
2468 1500 2519 1556 1.
2547 1518 2662 1554 -‹
2694 1500 2762 1557 Et
2799 1512 3084 1574 postquam
3140 1503 3476 1558 illuminatus
3519 1511 3607 1560 est
3658 1503 3776 1561 To-

2189 1614 2208 1649 ι
2242 1596 2384 1661 bias,
2413 1615 2432 1646 ι
2464 1603 2597 1661 etc.,
2640 1594 3104 1665 quadragenarius
3150 1612 3408 1651 numerus
3462 1595 3785 1653 laboriosus

2183 1696 2285 1753 est,
2304 1687 2494 1759 jejuuii
2530 1696 2586 1744 et
2625 1688 2982 1743 abstinentiae.
3018 1687 3125 1743 Nos
3158 1697 3339 1744 autem
3380 1703 3572 1743 omnes
3608 1689 3782 1760 hujus

2181 1782 2308 1835 vitae
2339 1780 2556 1837 labores
2582 1781 2839 1836 debemus
2859 1781 3146 1845 sustinere,
3174 1797 3297 1837 cum
3324 1780 3420 1837 Dei
3448 1788 3503 1837 et
3532 1783 3783 1851 proximi

496 1879 608 1944 vit;
653 1879 747 1933 sed
778 1895 875 1948 per
902 1880 1006 1935 hoc
1034 1881 1266 1946 occisus,
1313 1880 1557 1937 membra
1587 1896 1707 1947 sua,
1744 1880 1797 1935 id
1836 1860 1941 1946 est,
1984 1898 2079 1939 eos

2180 1871 2485 1937 dilectione,
2515 1879 2570 1926 et
2598 1871 2677 1927 sic
2705 1870 3170 1929 fructificabimus.

495 1987 634 2043 quos
655 1980 781 2028 ante
805 1973 1042 2041 tenebat,
1072 1972 1274 2030 amisit.
1789 2022 1811 2039 ,

569 2064 734 2121 Vens.
766 2065 852 2125 14.
874 2095 945 2106 -
971 2084 991 2121 ι
1018 2065 1251 2137 Albugo.
1273 2085 1292 2118 ι
1315 2066 1492 2138 (Bem,
1514 2066 1669 2141 ibid.)
1701 2066 1874 2124 Habet
1901 2068 2080 2127 adhuc

493 2154 724 2231 populus
743 2154 1049 2215 Judteorum
1078 2158 1324 2215 velamen
1344 2166 1471 2215 ante
1495 2159 1688 2219 faciem
1716 2162 1915 2229 cordis,
1944 2156 2078 2231 etei,

494 2262 656 2318 usque
678 2247 749 2301 ad
776 2248 866 2317 qui
900 2256 1081 2303 autem
1112 2246 1422 2319 fragilitatis
1444 2258 1501 2305 et
1528 2250 1849 2322 ignorantia:
1876 2254 2080 2310 conscii

2250 1964 2414 2021 Vsns.
2443 1965 2496 2020 ’5.
2530 1994 2597 2003 -—
2630 1983 2649 2016 ι
2683 1965 3082 2038 Quinquaginta
3124 1980 3358 2037 namque
3383 1973 3439 2022 et
3466 1980 3562 2022 sex
3594 1982 3749 2024 anno
3776 2004 3783 2009 ρ

2185 2080 2205 2114 ι
2245 2076 2367 2115 rum
2394 2060 2577 2115 lumen
2606 2061 2885 2115 oculorum
2912 2061 3117 2126 amisit,
3156 2080 3175 2111 ›
3210 2069 3316 2121 etc.
3348 2059 3635 2118 Sacratum
3664 2080 3781 2118 nu-

2178 2165 2388 2207 merum
2428 2149 2951 2222 quinquagenarium
2980 2148 3290 2218 transierat,
3321 2166 3424 2207 nec
3450 2152 3517 2207 ad
3540 2166 3781 2224 sexage-

2180 2240 2420 2308 narium,
2451 2241 2543 2312 qui
2569 2241 2978 2312 perfectionem.
3009 2250 3229 2315 propter
3257 2244 3552 2311 senarium,
3578 2243 3637 2301 in
3660 2261 3782 2319 quo

494 2337 715 2407 dicunt,
758 2339 985 2399 Domine
1010 2339 1176 2407 Deus,
1222 2340 1464 2407 illumina
1515 2343 1769 2401 tenebras
1810 2359 1997 2413 meas;
2048 2358 2080 2398 a

2178 2332 2358 2388 omnia
2385 2332 2527 2388 facta
2555 2341 2700 2400 sunt,
2738 2333 3034 2405 significat,
3057 2344 3401 2404 pervenerat.

496 2430 728 2488 Domino
752 2431 1142 2488 illnminantur.

565 2522 732 2581 Vsus.
756 2522 840 2580 18.
868 2552 938 2562 -
962 2540 981 2573 ι
1005 2521 1251 2594 lngressa
1293 2528 1410 2591 est,
1444 2542 1464 2576 ι
1492 2532 1598 2581 etc.
1625 2524 1768 2598 ([0,,
1796 2524 1951 2599 ibid.)
1979 2526 2080 2583 Lu-

494 2627 614 2669 cem
640 2613 828 2682 gratite
856 2612 1185 2685 spiritualis,
1226 2629 1345 2683 quae
1374 2613 1708 2685 septiformis
1737 2624 1840 2681 est,
1877 2616 2082 2689 signiﬁ-

496 2712 606 2761 cat.
662 2702 794 2758 Post
865 2712 1073 2775 septem
1132 2704 1248 2773 dies
1309 2703 1720 2777 illuminationis
1780 2707 2083 2777 ingreditur

496 2811 680 2849 uxor:
714 2795 838 2865 quia
870 2803 1155 2865 postquam
1196 2778 1383 2850 Iudaea
1430 2808 1528 2864 per
1569 2792 1731 2849 ﬁdem
1781 2794 2081 2852 illuminata

500 2882 685 2948 fuerit,
736 2892 1019 2955 postquam
1046 2885 1275 2956 gratiam
1307 2883 1544 2956 Spiritus
1571 2887 1743 2942 sancti
1776 2889 2077 2959 acceperit;

498 2975 828 3047 ingredietur
865 2976 934 3035 ad
971 2991 1091 3031 eam
1122 2976 1393 3043 Ecclesia,
1442 2986 1501 3033 ut
1537 2977 1612 3052 sit
1644 2994 1810 3034 unum
1846 2979 1986 3035 ovile
2026 2987 2081 3035 et

497 3082 637 3122 unus
662 3074 877 3137 pastor,
924 3075 980 3122 et
1019 3067 1090 3124 sit
1116 3068 1309 3123 domus
1345 3067 1547 3127 Christi
1590 3085 1718 3137 una,
1761 3086 1868 3128 uno
1906 3068 2081 3144 lapide

496 3158 739 3230 angulari
766 3157 1000 3214 ﬁrmata.

1101 3251 1331 3311 CAPUT
1368 3252 1482 3311 XII.

563 3343 728 3411 Vsus.
784 3346 1013 3419 14.-ς
1040 3347 1273 3429 Ειτηιῃιο
1294 3390 1309 3415 ,
1344 3369 1363 3402 ι
1391 3358 1493 3407 etc.
1513 3348 1701 3423 (Beas,
1728 3348 1782 3404 in
1817 3348 2079 3421 Tobiam.)

492 3438 790 3499 Rediturus
839 3441 894 3513 ip
939 3441 1135 3497 malum
1184 3438 1408 3514 angelus
1456 3442 1696 3513 apertius
1738 3442 1868 3519 quid
1910 3443 1981 3498 sit
2027 3449 2082 3497 et

494 3548 664 3606 quare
710 3536 955 3601 venerit,
1002 3544 1058 3591 et
1101 3550 1212 3609 quo
1255 3550 1574 3592 reversurus
1618 3536 1689 3591 sit
1729 3536 1994 3607 exponit:
2025 3542 2081 3591 et

494 3623 744 3699 Christus
769 3628 942 3699 eidem
974 3622 1171 3699 populo
1195 3626 1355 3681 latins
1381 3623 1685 3697 proﬁcienti
1715 3625 2079 3683 conditionem

493 3726 649 3773 suam
686 3715 965 3795 patefecit,
1004 3717 1314 3785 ostendens,
1365 3715 1509 3787 quod
1550 3716 1751 3789 ipsein
1798 3716 1974 3781 Patre,
2026 3725 2083 3773 et

2252 2423 2418 2481 Vens.
2462 2423 2516 2481 5.
2546 2453 2619 2465 -
2649 2443 2668 2479 ι
2695 2423 2754 2479 ln
2787 2424 2922 2481 hora
2965 2432 3148 2481 autem
3180 2425 3375 2481 mortis
3416 2440 3526 2482 suae
3553 2428 3783 2484 vocavit

2188 2534 2208 2567 ι
2241 2516 2307 2571 ad
2344 2530 2402 2571 se
2430 2514 2677 2571 Tobiam.
2715 2536 2734 2570 ι
2776 2516 2980 2590 (Βεω,
3030 2519 3086 2573 in
3132 2518 3418 2592 Esdram.)
3468 2518 3684 2587 Tobias,
3710 2523 3776 2576 id

2182 2615 2286 2673 est,
2321 2604 2571 2662 doctores
2610 2602 2939 2675 Judaeornm,
2971 2610 3061 2681 qui
3105 2609 3171 2666 de
3205 2611 3310 2667 hoc
3338 2611 3541 2667 mundo
3566 2612 3777 2670 exituri

2181 2699 2502 2771 propinquis
2529 2699 2643 2755 suis
2679 2701 3006 2756 annuntiant
3046 2718 3059 2756 :
3091 2703 3216 2772 quia
3249 2702 3482 2759 mundus
3509 2703 3575 2759 ad
3604 2703 3779 2761 ﬁnem

2182 2792 2600 2863 appropinquat,
2615 2799 2671 2846 et
2688 2790 2881 2847 futurae
2908 2793 3032 2848 vitae
3054 2794 3196 2849 bona
3217 2795 3273 2848 in
3295 2794 3543 2866 proximo
3566 2794 3774 2868 futura.

2253 2884 2419 2939 Vsns.
2464 2882 2644 2937 M.—
2676 2900 2695 2935 ι
2728 2882 2926 2938 Tobias
2972 2883 3238 2939 abscessit
3281 2900 3347 2940 ex
3400 2884 3591 2941 Ninive
3643 2899 3778 2943 cum

2189 2998 2211 3034 ι
2244 2994 2418 3039 uxore
2465 2993 2585 3044 sua.
2631 2987 2689 3041 et
2731 2977 2857 3041 ﬁliis
2884 2987 2939 3043 et
2976 2979 3212 3045 ﬁliorum
3260 2978 3407 3047 filiis,
3435 2999 3457 3033 ι
3502 2987 3607 3037 etc.
3640 2981 3776 3053 (ι...

2181 3070 2350 3143 ibid.)
2395 3069 2511 3133 Hoc
2540 3069 2783 3147 quotidie
2826 3069 2955 3133 facit
2998 3069 3268 3139 Christus,
3315 3079 3447 3137 etc.,
3492 3088 3655 3145 mea
3698 3072 3776 3127 ad

2184 3167 2275 3225 diu
2301 3164 2491 3223 vivens
2514 3164 2680 3223 animi
2708 3162 2985 3227 levitatem
3014 3179 3121 3227 non
3146 3164 3365 3225 deserit.

2108 3249 2155 3312 C
2255 3255 2421 3312 Vens.
2453 3255 2538 3310 16.
2568 3285 2639 3297 --
2672 3274 2691 3306 ι
2712 3253 3071 3324 Sepelierunt.
3100 3274 3121 3309 ο
3164 3254 3451 3326 Sepultum
3492 3253 3677 3315 Tobiae
3704 3255 3773 3311 ῆς

2181 3363 2306 3405 nem
2331 3347 2517 3403 mundi
2548 3346 2814 3417 designat,
2848 3360 2959 3415 quo
2988 3344 3251 3415 ﬂoruimus
3281 3356 3470 3403 noster
3491 3362 3613 3403 cum
3644 3362 3771 3404 cor.

2181 3456 2312 3513 pore
2354 3455 2470 3502 suo,
2506 3437 2649 3517 quod
2680 3446 2767 3493 est
2797 3437 3063 3504 Ecclesia,
3095 3439 3148 3494 in
3178 3439 3426 3515 requiem
3476 3440 3645 3494 intrat
3676 3455 3770 3495 au-

2182 3534 2317 3607 gelis
2372 3534 2438 3590 de
2487 3533 2745 3593 societate
2797 3533 3074 3591 hominum
3132 3532 3653 3606 congratulantibus,
3712 3542 3774 3590 et

2182 3612 2421 3708 singulos
2476 3640 2572 3703 per
2625 3624 2869 3680 diversas
2924 3625 3235 3680 mansiones
3294 3639 3394 3698 pro
3444 3625 3772 3681 meritorum

2181 3715 2444 3786 qualitate
2470 3715 2881 3775 collocantibus.

1710 3939 2044 4033 LIBER
2099 3940 2527 4019 JUDITH.

1932 4056 2327 4075 ..Ἢ

1373 4118 1746 4189 PROLOGUS
1782 4120 2169 4181 HlERONYMl
2206 4120 2275 4177 ΙΝ
2315 4119 2579 4177 LIBRUM
2612 4118 2883 4177 JUDITH.

1424 4250 1587 4326 (Vide
1608 4253 1746 4309 inter
1765 4268 1924 4309 onera
1951 4253 2087 4308 beati
2113 4252 2448 4325 Hieronymi,
2479 4261 2604 4309 tom.
2650 4250 2844 4328 VIII.)

1086 4466 1479 4537 ΡΒᾸΞΕἊἸἸΟ.

566 4583 754 4657 (ΗΑΒ.
798 4600 976 4655 cmpos.
1026 4580 1083 4640 iri
1115 4586 1206 4641 lib.
1236 4586 1455 4657 Iudith,
1501 4596 1634 4645 tom.
1686 4589 1820 4662 lli.)
1873 4590 2080 4660 Quatri-

496 4684 587 4733 tur
641 4690 751 4746 quo
806 4682 1049 4746 tempore
1101 4677 1367 4747 quibusve
1423 4680 1640 4752 regibus
1697 4681 1924 4737 historia
1984 4682 2079 4738 Ju-

495 4767 611 4821 dith
660 4765 855 4833 fuerit,
886 4774 992 4821 etc.
1014 4806 1031 4833 ,
1078 4784 1240 4840 usque
1275 4769 1344 4824 ad
1384 4770 1492 4826 nisi
1522 4770 1661 4826 forte
1693 4772 1910 4827 dicatur
1933 4773 2081 4843 quod

496 4856 789 4930 Cambyses
857 4860 951 4932 qui
1009 4870 1198 4930 gentes
1259 4862 1520 4921 ﬁnitimas
1578 4865 1926 4936 impugnasse
1955 4907 1970 4931 ,
2026 4875 2083 4922 et

496 4950 783 5023 Egyplum
834 4958 1119 5026 superasse
1148 4954 1365 5021 dicitur,
1408 4970 1533 5013 cum
1573 4972 1795 5028 regnum
1829 4958 2081 5030 Assyrio-

496 5059 614 5098 rum
663 5053 827 5117 atqne
865 5044 1152 5103 Persarum
1200 5062 1367 5102 unum
1407 5056 1568 5109 esset.
1616 5049 1853 5120 aliquem
1898 5063 2079 5122 regem

495 5136 714 5193 nomine
764 5139 1044 5208 Arphaxat
1096 5139 1151 5194 in
1196 5138 1368 5194 Media
1417 5150 1807 5214 repugnantem
1863 5143 2075 5209 vicerit,

497 5238 661 5299 atque
682 5242 781 5285 suo
809 5230 1037 5300 imperio
1071 5231 1458 5302 subjngaverit.

1005 5363 1233 5422 CAPUT
1271 5363 1591 5451 ramuli»

566 5479 730 5538 Vas.
757 5480 809 5535 1.
837 5508 908 5520 —-
936 5497 953 5537 ι
984 5479 1282 5550 Arphaxat.
1309 5498 1329 5535 ›
1364 5468 1547 5551 (Rm,
1586 5477 1672 5533 ubi
1715 5478 1923 5551 supra.)
1963 5478 2078 5555 My-

2099 4480 2156 4542 D
2180 4478 2445 4550 superbia
2474 4492 2491 4537 :
2527 4495 2547 4531 ι
2577 4476 2752 4547 Quam
2781 4476 3093 4551 appellavit.
3125 4498 3146 4537 ι
3182 4479 3313 4556 θυῖε
3338 4481 3524 4540 Hediae
3541 4487 3771 4557 provin-

2180 4570 2280 4626 ciae
2335 4569 2652 4640 metropolis
2699 4580 2819 4638 est,
2868 4587 3029 4642 quam
3070 4574 3299 4635 Deiocus
3339 4577 3615 4637 Medorum
3670 4597 3773 4643 rex

2180 4661 2439 4727 condidit,
2463 4662 2557 4718 sed
2579 4663 2862 4734 Arphaxat
2886 4664 3211 4725 mirabiliter
3231 4668 3603 4739 ampliﬁcavit,
3627 4673 3773 4729 sicut

2180 4752 2366 4807 Daniel
2431 4753 2695 4823 propheta
2721 4794 2736 4820 ,
2796 4755 3091 4809 secundum
3156 4755 3451 4828 Josephum
3505 4762 3604 4835 sub
3663 4761 3771 4817 Da-

2184 4843 2265 4899 rio
2295 4858 2419 4915 rege
2456 4844 2511 4897 in
2545 4843 2734 4901 eadem
2762 4844 2979 4907 civitate
3000 4844 3187 4905 Medias
3217 4848 3573 4911 mausulaaum
3608 4853 3766 4910 valde

2182 4937 2500 5009 praeclarum
2515 4947 2884 4995 constructum
2918 4941 3054 5005 mira
3078 4950 3195 4998 arte
3231 4945 3431 5014 posuit,
3458 4946 3602 5018 quod
3626 4963 3765 5019 qna-

2183 5045 2396 5101 cunque
2435 5031 2524 5089 die
2569 5032 2816 5091 cernitur
2867 5036 3057 5093 eadem
3096 5045 3469 5099 constructum
3507 5051 3767 5111 putatur,

2180 5122 2305 5192 quia
2326 5122 2404 5181 sic
2423 5122 2768 5193 pulchritudo
2796 5139 2935 5180 nova
2956 5134 3010 5185 et
3030 5129 3256 5187 materia
3278 5130 3469 5195 solida.
3494 5131 3571 5187 lbi
3595 5147 3771 5205 usun

2181 5211 2342 5271 hodie
2384 5228 2540 5283 reges
2586 5212 2876 5271 Persarum
2913 5224 3076 5287 atque
3115 5218 3393 5281 Medorum
3431 5222 3769 5294 mpelinntur

2181 5312 2237 5375 et
2261 5305 2347 5363 eui
2372 5305 2490 5363 haec
2516 5320 2647 5361 cura
2672 5306 3043 5373 committetur
3065 5312 3323 5373 sacerdos
3341 5311 3559 5379 Judaus
3585 5323 3690 5371 est.

2262 5396 2365 5453 tln
2403 5394 2593 5467 gloria.
2633 5415 2653 5453 ι
2688 5395 2754 5453 Hi
2790 5396 2847 5453 iu
2883 5399 3136 5461 curribus
3169 5408 3227 5459 et
3267 5402 3325 5458 bi
3354 5402 3410 5459 in
3438 5403 3618 5475 equis,
3652 5411 3765 5462 etc.

2183 5487 2289 5553 Sed
2318 5487 2462 5545 Deus
2488 5503 2706 5545 currum
2735 5489 3035 5553 Pharaonis
3061 5501 3119 5559 et
3155 5496 3452 5555 exercitum
3496 5495 3613 5567 ejus
3632 5484 3771 5569 pro4

498 5571 650 5636 uice,
690 5587 788 5642 per
822 5572 1103 5641 Arphaxat
1147 5572 1364 5642 superbi
1408 5571 1806 5641 exprimuntur,
1845 5588 2075 5643 quorum
2177 5580 2309 5652 iecit
2328 5579 2382 5633 in
2400 5582 2834 5653 marezergoqui
2856 5583 3209 5655 gloriatur,in
3232 5585 3460 5649 Domino
3479 5587 3764 5660 glorietur.

502 5672 727 5721 conatus
745 5672 801 5719 et
820 5663 972 5723 labor
1004 5664 1097 5734 qui
1128 5679 1225 5733 per
1251 5672 1464 5720 vastum
1494 5663 1721 5721 tumoris
1748 5672 1800 5718 et
1826 5664 2072 5727 elationis

498 5757 679 5826 agitur
712 5755 875 5821 facile
916 5757 969 5815 in
1001 5764 1321 5829 potestatem
1348 5756 1867 5823 Nabuchodonosor,
1904 5760 1958 5815 id
1992 5770 2080 5831 est

501 5846 701 5921 diaboli
743 5849 889 5923 «ωλι
911 5865 926 5903 :
950 5850 1069 5923 ipse
1111 5857 1199 5913 est
1226 5848 1374 5915 enim
1401 5863 1497 5911 rex
1521 5863 1687 5927 uapor
1726 5864 1919 5921 omnes
1937 5852 2079 5921 tilias

2254 5670 2420 5733 Vsus.
2442 5671 2496 5729 6.
2520 5702 2591 5713 —
2611 5690 2630 5727 ι
2650 5671 2707 5733 In
2732 5688 2925 5746 campo
2948 5691 3160 5749 magno.
3192 5698 3211 5735 ι
3243 5677 3421 5750 (Ihm,
3438 5679 3526 5737 ubi
3554 5678 3764 5752 supra.)

2188 5764 2508 5821 Nominibus
2536 5765 2801 5832 locorum,
2823 5776 2956 5834 etc.,
2978 5786 3140 5841 usque
3161 5770 3234 5825 ad
3261 5778 3317 5826 et
3336 5771 3550 5839 demum
3593 5771 3767 5835 victo-

2187 5858 2301 5927 rias
2324 5857 2393 5925 ad
2418 5855 2696 5927 absidem
2716 5857 2807 5929 vel
2830 5857 3089 5929 Amico
3112 5861 3500 5931 memerita
