4122 6350
340 402 453 476 ’πε

1346 408 1614 469 caussa
1648 407 2052 481 uncinata.
2092 436 2165 455 «-
2201 411 2328 483 ua
2364 411 2629 483 lUDl'l‘ll.

3517 421 3629 491 7H

424 552 442 585 ς
477 530 630 590 Tunc
654 529 953 587 exaltatum
978 536 1080 585 est.
1118 546 1137 581 ι
1168 525 1305 587 Cum
1333 523 1581 589 diabolus
1600 523 1935 595 perditorum
1963 527 2011 597 Α
2041 534 2255 585 durum
2286 526 2626 593 corroborat,
2669 525 2810 585 unde
2851 524 2952 587 Job
2982 525 3132 603 (Cap.
3166 529 3267 607 sit)
3294 547 3307 586 :
3337 529 3621 603 Institutas

346 624 749 684 multitudinem
810 636 922 683 sitae
966 619 1231 679 voluntati
1278 617 1517 689 subiicit,
1556 617 1798 681 elevatur
1835 633 1932 673 cor

345 722 487 793 ejus,
505 718 739 793 propria:
765 715 895 771 illud
916 714 1201 784 assignans
1222 712 1433 777 virtuti,
1450 727 1554 773 non
1587 711 1783 771 divina
1809 726 1932 782 par-

346 812 593 872 missioni
627 829 641 864 :
672 817 727 866 et
748 824 815 865 eo
848 807 1022 878 magis
1049 804 1287 861 ardescit
1308 804 1376 859 ad
1409 803 1764 874 plurimorum
1808 818 1945 875 per-g

346 908 581 963 diturum
595 903 1042 966 destructionem,
1058 914 1167 970 quo
1187 914 1246 954 se
1271 898 1417 953 videt
1445 898 1766 968 quihusdam
1790 913 1931 967 prm-

344 998 525 1054 valere
561 1012 660 1068 per
686 1009 906 1066 pravam
932 992 1357 1064 suggestionem,
1394 992 1536 1046 unde
1574 990 1856 1060 sequitur:

419 1111 437 1144 σ
476 1090 544 1147 Et
580 1088 729 1145 misit
754 1087 823 1141 ad
845 1100 1054 1140 omnes.
1093 1103 1112 1137 ι
1145 1084 1327 1156 (liam,
1361 1081 1514 1151 ibid.)
1552 1079 1806 1135 Diabolus
1832 1095 1933 1151 per

342 1184 591 1239 diversas
630 1178 943 1252 provincias
986 1178 1196 1248 legatos
1252 1176 1444 1239 mittit,
1469 1182 1612 1236 etc.,
1645 1189 1810 1244 usque
1859 1171 1929 1227 ad

342 1277 483 1333 unde
517 1294 531 1332 :
565 1294 585 1327 ‹
630 1274 834 1331 Omnes
860 1286 971 1327 uno
1013 1272 1197 1327 animo
1230 1269 1715 1333 contradixerunt,
1756 1276 1867 1321 etc.
1904 1285 1923 1318 ι

412 1366 577 1423 Vsus.
610 1364 697 1418 η.
736 1393 808 1404 -
854 1379 873 1413 t
936 1362 1088 1419 Tunc
1132 1362 1440 1427 indignatus
1491 1358 1927 1414 Nabuchodono-

339 1474 451 1515 sor.
486 1478 507 1512 ι
538 1454 795 1513 Diabolus
821 1454 1042 1526 propria
1072 1454 1321 1524 superbia
1353 1460 1677 1515 excaecatus,
1711 1458 1932 1522 arrogat

337 1549 441 1605 sibi
468 1548 750 1619 imperium
782 1547 948 1603 totius
975 1536 1142 1610 orbis,
1165 1546 1503 1601 contendens
1535 1553 1592 1599 ut
1619 1546 1926 1599 abstractos

337 1655 367 1694 a
408 1640 555 1695 cultu
598 1639 841 1710 pietatis,
871 1648 1154 1694 consortes
1203 1651 1315 1692 sure
1362 1636 1527 1691 faciat
1576 1636 1870 1707 impietatis
1909 1655 1922 1692 :

335 1732 427 1802 qui
451 1733 518 1786 de
550 1732 790 1802 potth
814 1731 961 1802 regni
992 1728 1290 1796 exsultans,
1318 1730 1396 1784 ait
1425 1747 1438 1782 :
1471 1747 1490 1781 ι
1527 1727 1831 1784 Ascendam
1870 1729 1926 1785 in

334 1825 555 1891 omium,
580 1833 635 1879 et
669 1838 869 1896 ponam
890 1824 1075 1879 sedem
1104 1838 1280 1879 meam
1319 1822 1373 1876 in
1401 1820 1745 1892 Aquilonem,
1770 1830 1825 1876 et
1850 1821 1924 1877 si-

2032 628 2183 679 tam
2213 629 2392 675 contra
2415 637 2515 687 me,
2544 630 2600 677 et
2622 621 2820 681 Paulus
2840 622 2905 679 ad
2936 620 3189 680 Hebraeos
3214 624 3338 687 fidei
3362 626 3621 697 virtutem

2030 708 2258 769 laudans
2285 719 2500 785 patrum
2549 713 2777 796 copiosa.
2812 714 3027 787 induxit
3075 717 3342 789 exempla,
3395 719 3488 793 qui
3521 734 3621 793 per

2032 802 2190 867 fidem
2221 804 2471 869 vicerunt
2501 821 2687 878 regna,
2719 808 2923 878 operati
2956 816 3081 875 sunt
3102 809 3390 883 justitiam.

2657 919 2885 979 CAPUT
2923 920 2989 977 ν.

2102 1012 2269 1067 Vitas.
2310 1012 2363 1068 5.
2398 1042 2470 1055 -—
2514 1030 2533 1065 ι
2589 1013 2740 1071 Tunc
2776 1015 2982 1072 Achior
3025 1017 3132 1072 dux
3158 1058 3175 1085 ,
3226 1035 3246 1071 ο
3293 1024 3400 1075 etc.
3451 1018 3617 1089 Quasi

2029 1106 2280 1177 princeps
2308 1107 2686 1164 hmreticorum
2728 1110 2956 1179 quiiibet
3010 1111 3328 1173 idololatriae
3379 1115 3617 1185 deditus,

2030 1197 2122 1267 qui
2154 1198 2219 1251 de
2245 1198 2443 1253 divinis
2479 1199 2737 1269 operibus
2780 1209 2837 1255 et
2878 1202 3158 1260 miraculis
3205 1208 3461 1274 cognovit
3497 1220 3619 1278 qua

2032 1303 2173 1358 suane
2206 1288 2326 1345 aliis
2352 1289 2503 1355 dicit,
2534 1292 2789 1360 quamvis
2827 1293 2986 1357 tidem
3017 1297 3341 1355 catholicam
3379 1301 3616 1370 perfecte

2031 1394 2139 1434 non
2167 1380 2438 1448 didicerit,
2463 1390 2519 1437 et
2545 1381 2751 1439 Christi
2776 1383 3101 1455 baptismate
3136 1400 3355 1449 renatus
3390 1407 3498 1449 non
3522 1392 3612 1450 sit.

2032 1470 2127 1527 Vel
2156 1488 2254 1541 per
2278 1473 2480 1528 Acbior
2514 1475 2755 1532 haeretici
2799 1478 3176 1548 designantur,
3208 1484 3302 1555 qui
3348 1484 3476 1540 licet
3520 1500 3618 1555 per

2029 1564 2211 1618 omnia
2228 1564 2371 1619 viam
2391 1567 2637 1622 veritatis
2662 1584 2768 1623 non
2800 1577 3043 1638 teneant,
3092 1582 3271 1631 tamen
3296 1576 3349 1633 in
3370 1576 3615 1633 doctrina

2030 1670 2127 1710 sua
2155 1655 2324 1711 multa
2348 1672 2473 1712 vera
2504 1660 2828 1728 prtedicant,
2853 1677 2975 1732 quae
3011 1674 3215 1721 nostra:
3242 1665 3365 1723 fidei
3391 1682 3613 1724 concor-

2028 1746 2177 1802 dant.
2206 1746 2273 1802 Hi
2310 1759 2499 1803 contra
2539 1750 2837 1807 Ecclesium
2861 1755 3186 1813 catholicam
3228 1770 3492 1830 pugnant,
3519 1761 3616 1818 sed

2030 1838 2239 1895 ratione
2263 1842 2504 1912 superati
2530 1844 2811 1900 ieritatem
2833 1848 3059 1904 omnino
3082 1864 3188 1905 non
3215 1852 3412 1915 celant,
3442 1852 3618 1909 haere~

333 1916 480 1972 milis
506 1931 602 1971 ere
634 1891 933 1971 Altissimo.
970 1934 990 1967 ι
1026 1915 1092 1969 Et
1115 1915 1171 2011 in
1211 1914 1504 2011 Evangelia
1536 1931 1550 1967 :
1592 1931 1613 1967 t
1650 1913 1778 1970 Bac
1802 1929 1925 1969 om-
1952 1891 2001 1959 Β

333 2008 424 2064 nia
456 2008 551 2064 tibi
572 2008 731 2074 dabo,
757 2007 802 2063 si
839 2007 1040 2063 cadens
1064 2006 1375 2062 adoraveris
1397 2019 1504 2061 me.
1541 2024 1561 2059 ι

852 2167 873 2184 ο
949 2092 1179 2195 CAPUT
1228 2138 1294 2193 n.

403 2251 567 2317 Vsus.
601 2251 652 2309 '1.
694 2280 766 2293 —
807 2268 827 2303 ι
884 2249 1037 2311 Tunc
1087 2249 1426 2317 Holofernes.
1470 2249 1672 2322 (liam,
1705 2251 1775 2317 in
1829 2250 1920 2306 tib.

331 2343 544 2409 Iudith,
577 2351 707 2401 tom.
739 2342 849 2416 lli.)
883 2340 1206 2399 Holofernes
1234 2342 1326 2397 ille
1356 2342 1631 2415 principes
1655 2344 1919 2415 gentium,

333 2439 426 2508 qui
455 2439 751 2505 Ecclesium
791 2439 1061 2511 persecuti
1118 2446 1246 2507 sunt
1288 2439 1577 2511 signiﬁcat,
1602 2448 1734 2508 etc.,
1762 2456 1925 2510 usque

332 2532 405 2587 ad
437 2540 498 2593 ut
533 2548 722 2593 omnes
756 2535 986 2599 adorent
1026 2534 1338 2601 disceum.
1387 2532 1481 2603 qui
1520 2533 1711 2599 bestiae
1758 2532 1921 2591 talem

334 2624 486 2683 dedit
511 2633 854 2697 pulsantem.

406 2719 569 2776 Vens.
593 2719 681 2775 12.
706 2751 777 2760 -
801 2739 820 2771 ι
846 2717 1089 2789 Cumque
1122 2718 1529 2790 pertransisset.
1569 2738 1588 2772 ι
1617 2717 1742 2790 (Ιυ.,
1764 2718 1919 2791 ibid.)

332 2808 438 2869 Per
463 2810 704 2875 inversas
728 2811 1059 2881 provincias,
1091 2819 1147 2871 et
1176 2811 1397 2875 nomina
1425 2809 1685 2875 locorum,
1716 2825 1837 2881 quae
1863 2812 1920 2866 in

335 2900 561 2961 historia
626 2901 995 2966 continentur,
1032 2916 1388 2972 personarum
1438 2900 1810 2969 distinctiones
1864 2909 1922 2968 et

331 2993 633 3064 graduum,
674 3003 732 3049 et
786 2994 1135 3062 dignitatum,
1174 2992 1560 3063 designantur,
1608 3007 1678 3055 es
1720 2993 1921 3063 quibus

332 3085 578 3143 diabolus
625 3084 865 3141 vindicat
912 3084 1016 3141 sibi
1071 3083 1305 3154 aliquam
1334 3093 1569 3154 partem,
1595 3097 1698 3151 nec
1727 3098 1919 3155 pugnat

2025 2018 2167 2075 mala
2194 2021 2457 2089 dicerent,
2485 2022 2653 2082 latere
2676 2038 3066 2098 nonpossent;
3098 2031 3239 2087 sicut
3289 2033 3383 2104 qui
3421 2034 3614 2091 veneni

2023 2111 2277 2180 poculum
2318 2117 2570 2189 porrigit,
2613 2118 2825 2174 labrum
2868 2121 3056 2178 calicis
3101 2123 3262 2179 melle
3314 2130 3505 2195 tangit,
3555 2130 3617 2184 ut

2024 2202 2169 2271 quod
2219 2204 2375 2261 dulce
2420 2214 2538 2274 est,
2564 2209 2744 2278 primo
2779 2212 3063 2277 sentiatur,
3090 2228 3159 2268 ne
3194 2216 3340 2284 quod
3363 2214 3613 2272 mortife-

2025 2308 2146 2348 rum
2172 2307 2255 2351 est
2282 2297 2560 2354 timeatur.
2583 2298 2888 2377 Aliquando
2925 2311 3107 2361 tamen
3134 2306 3372 2361 correcti
3396 2306 3613 2362 salvan-

2026 2396 2135 2454 tur,
2173 2389 2314 2445 sivut
2355 2392 2558 2447 Achior
2604 2393 2792 2449 videns
2835 2395 3120 2451 victoriam
3160 2396 3369 2464 Judith,
3418 2414 3611 2456 conso-

2023 2480 2198 2537 elatus
2222 2483 2421 2553 populo
2441 2484 2536 2539 Dei
2561 2484 2905 2542 circumcidit
2938 2498 3159 2543 carnem
3199 2488 3445 2561 praeputii
3473 2491 3557 2546 sui
3592 2509 3607 2547 :

2020 2571 2219 2642 lepmsi
2245 2586 2462 2645 quoque
2488 2577 2784 2649 evangelici
2829 2579 3114 2636 haereticos
3157 2583 3493 2652 exprimunt,
3517 2583 3612 2656 qui

2024 2666 2148 2721 dum
2181 2668 2343 2724 rectis
2392 2682 2560 2739 prava
2611 2669 2878 2739 inserunt,
2928 2673 3087 2744 quasi
3136 2673 3373 2730 colorem
3415 2690 3610 2732 sanum

2024 2758 2249 2813 maculis
2277 2767 2592 2830 aspergunt.

2627 2893 2857 2953 CAPUT
2909 2896 2997 2955 Vl.

2091 2980 2257 3040 Vsus.
2301 2982 2389 3040 i0.
2419 3013 2490 3027 -
2512 3004 2531 3037 ι
2566 2984 2739 3042 Porro
2762 2986 2858 3043 filii
2890 2986 3056 3045 Israel
3105 2986 3498 3059 descendentes
3543 2991 3611 3059 de

2020 3072 2263 3131 Belliulia
2323 3087 2609 3135 venerunt.
2658 3097 2678 3131 ι
2717 3078 2841 3135 Filii
2875 3098 2890 3136 :
2931 3082 3185 3151 doctores
3227 3082 3491 3153 Ecclesia:
3541 3086 3611 3155 ad

330 3175 588 3232 formidat
613 3174 1013 3240 difﬁcultatem,
1048 3175 1145 3231 sed
1182 3175 1405 3245 grandis
1451 3176 1707 3246 potentia:
1755 3191 1919 3247 grau-
1958 3249 1989 3253 _
2018 3170 2273 3229 arborem
2315 3170 2539 3245 ligatum
2561 3172 2806 3241 solvunt,
2829 3190 2954 3231 cum
2988 3179 3410 3249 catechumenos
3439 3196 3609 3253 suos,

328 3268 453 3324 dem
483 3276 657 3324 certat
690 3265 901 3323 eiiicere
937 3268 1171 3327 ruinam.

400 3362 564 3419 Vens.
589 3362 675 3423 15.
699 3393 771 3403 —
796 3380 816 3413 ι
848 3361 1222 3439 Praedavitque
1244 3378 1453 3421 omnes.
1483 3384 1501 3416 ι
1529 3361 1782 3420 Scientize
1805 3362 1916 3421 uti-

327 3454 533 3509 litatem
578 3452 849 3520 auferens,
880 3462 934 3507 et
983 3460 1179 3508 caetera
1220 3454 1415 3525 quibus
1463 3454 1672 3509 servire
1716 3452 1918 3510 debue-

328 3554 450 3601 rant
487 3544 595 3601 Deo
625 3564 639 3597 ι
679 3552 733 3599 et
767 3545 819 3599 in
851 3561 1004 3600 llSlllll
1032 3545 1237 3600 servitii
1262 3546 1345 3601 sui
1386 3552 1711 3603 convertens
1737 3563 1749 3599 :
1779 3545 1916 3600 resi-

326 3648 534 3694 stentes
568 3638 767 3694 occidit
795 3639 846 3693 in
889 3653 984 3693 ore
1015 3637 1207 3709 gladii,
1237 3639 1361 3709 quia
1398 3655 1535 3710 quos
1590 3637 1806 3694 ﬂectere
1846 3638 1915 3694 ad

323 3745 489 3787 conse
530 3746 650 3785 sum
680 3752 690 3781 l
716 3730 883 3800 equit,
909 3729 1264 3801 corporaliter
1293 3730 1513 3786 occidit.

396 3823 563 3878 Vsus.
612 3822 697 3876 l'l.
727 3852 798 3862 —
829 3839 847 3872 ι
883 3821 1170 3876 Descendit
1195 3821 1249 3875 in
1279 3836 1519 3892 campos.
1561 3840 1579 3871 ι
1613 3822 1909 3877 Damascus

322 3921 484 3985 potus
503 3911 781 3984 sanguinis
801 3911 1208 3983 interpretatur,
1251 3912 1303 3966 in
1334 3927 1439 3983 qua
1462 3912 1738 3984 principes
1776 3928 1911 3983 gen-

325 4006 458 4061 tium
484 4006 885 4076 exprimuntur,
910 4006 1000 4077 qui
1029 4006 1221 4061 sitiunt
1252 4006 1571 4076 sanguinem
1623 4005 1861 4060 fidelium
1888 4023 1903 4060 :

322 4099 558 4155 maxime
579 4099 635 4155 in
658 4107 900 4171 tempore
918 4099 1134 4163 messis,
1151 4098 1205 4152 id
1234 4108 1339 4165 est,
1364 4098 1415 4152 in
1440 4100 1909 4154 consummatione

320 4192 502 4249 steculi
557 4192 924 4249 debacchante
978 4207 1073 4263 per
1118 4191 1461 4249 latitudinem
1526 4192 1673 4248 orbis
1726 4189 1910 4247 furore

317 4283 663 4341 Antichristi.

926 4370 1154 4433 CAPUT
1200 4374 1288 4431 lli.

393 4467 555 4523 Vens.
584 4464 635 4521 l.
668 4498 739 4508 —
776 4484 796 4519 ι
830 4466 985 4522 Tunc
1013 4464 1148 4521 mlse
1179 4473 1295 4531 unt,
1334 4483 1353 4518 ι
1382 4473 1489 4521 etc.
1520 4462 1776 4520 Potentes
1801 4479 1904 4521 sre—

318 4558 502 4615 culiet
535 4558 868 4630 \quptatum
920 4565 1215 4629 amatores,
1235 4555 1327 4626 qui
1376 4550 1679 4626 principem
1718 4556 1903 4611 mundi

317 4652 535 4708 student
582 4650 930 4708 reconciliare
978 4651 1102 4715 sibi,
1154 4659 1211 4704 ut
1264 4651 1455 4705 mortis
1499 4651 1800 4722 periculum
1853 4656 1908 4707 et

316 4734 581 4815 voluptati
616 4786 632 4812 ,
655 4746 1033 4801 detrimentum
1071 4744 1299 4799 evadere
1330 4752 1574 4815 poss'nt;
1618 4745 1684 4799 de
1710 4745 1908 4814 quibus

317 4836 559 4892 dicitur:
590 4856 608 4889 ι
654 4837 755 4904 Qui
802 4837 913 4891 vult
934 4852 1053 4892 esse
1080 4836 1286 4891 amicus
1316 4834 1475 4906 hujus
1498 4836 1701 4903 saeculi,
1732 4837 1907 4892 inimi-

318 4943 414 4983 cus
448 4929 539 4984 Dei
567 4929 931 4984 constituitur.
968 4948 987 4981 ι
1029 4926 1086 4981 in
1128 4924 1213 4983 his
1234 4928 1376 4982 enim
1409 4928 1528 4983 solli
1566 4928 1715 4983 itudo
1743 4926 1904 4996 hujus

317 5019 523 5085 saeculi,
545 5030 599 5075 et
621 5019 795 5077 fallaci
854 5020 1167 5079 divitiarum
1192 5019 1421 5081 suﬂncat
1444 5020 1689 5085 verbum,
1715 5030 1767 5083 et
1792 5018 1904 5085 fru-

316 5123 463 5168 cutm
495 5128 602 5169 non
642 5112 792 5180 facit,
822 5113 877 5177 bi
916 5114 1059 5171 enim
1110 5113 1406 5175 secundum
1454 5114 1671 5171 nomina
1710 5113 1905 5177 barum

314 5204 719 5275 provinciarum
760 5205 1013 5277 superbia
1063 5204 1436 5271 extolluntur,
1482 5206 1777 5263 vanitatem
1820 5220 1908 5261 se-

314 5312 554 5372 quuntur
584 5319 599 5356 :
631 5312 834 5357 terram
864 5302 1072 5357 duabus
1105 5302 1207 5359 viis
1248 5302 1665 5373 ingrediuntur,
1698 5308 1752 5359 et
1795 5315 1906 5356 ca:-

314 5404 427 5449 tum
462 5395 762 5467 lugentium
800 5394 885 5450 vel
922 5395 1146 5449 luxuriae
1184 5409 1293 5451 suae
1323 5410 1511 5464 pinnas
1540 5393 1802 5453 utentium
1846 5393 1903 5457 in

315 5484 529 5542 inferno
552 5487 905 5543 sociabuntur
931 5500 945 5541 :
983 5486 1076 5543 ubi
1098 5486 1167 5545 ad
1193 5485 1431 5545 calorem
1464 5486 1689 5547 nimium
1721 5495 1900 5547 trans-

313 5573 469 5631 ibunt
496 5576 565 5631 ab
590 5577 746 5647 aquis
768 5577 997 5639 nivium.
1034 5595 1051 5635 t
1089 5586 1145 5637 et
1173 5576 1373 5637 vermis
1400 5591 1589 5637 eorum
1629 5592 1737 5633 non
1782 5590 1902 5630 mo-

311 5664 505 5733 detur,
518 5675 575 5723 et
592 5667 736 5739 ignis
753 5683 860 5725 non
886 5667 1280 5737 exstinguetur.
1322 5688 1339 5721 ι

932 5779 1160 5838 CAPUT
1198 5778 1286 5836 iV.

381 5869 548 5936 Vsus.
580 5871 669 5927 15.
701 5901 775 5914 -
806 5870 1062 5927 Mentorea
1099 5880 1282 5931 estote.
1332 5870 1437 5930 Per
1477 5872 1722 5947 exempla
1772 5887 1907 5935 sana

1944 3249 1991 3321 C
2022 3276 2122 3319 nec
2143 3272 2552 3333 persecutorum
2576 3267 2806 3339 rabiem,
2836 3282 2935 3323 nec
2966 3277 3198 3337 mortem
3222 3249 3609 3343 pertimescere

2020 3352 2233 3411 docent.
2258 3354 2423 3425 Quasi
2475 3357 2543 3417 ad
2589 3358 2840 3429 arborem
2882 3357 3105 3433 ligatum
3148 3363 3385 3429 solvunt,
3416 3377 3539 3431 cum
3576 3378 3608 3431 ε

2018 3442 2312 3502 formidine
2330 3448 2513 3504 crucis
2543 3456 2778 3505 mentem
2812 3451 3060 3521 pavidam
3087 3462 3310 3523 eruunt,
3333 3462 3389 3519 et
3408 3454 3476 3513 ad
3506 3469 3607 3525 pa-

2019 3538 2259 3609 tiendum
2284 3541 2578 3609 instruunt,
2608 3542 2711 3599 hoc
2746 3554 2927 3611 autem
2960 3545 3150 3615 melius
3183 3545 3270 3609 iit.
3300 3546 3345 3615 si
3386 3544 3607 3619 (exem-

2016 3632 2105 3707 plo
2133 3632 2278 3689 Ozite
2309 3642 2367 3691 et
2392 3632 2612 3691 Carmin
2639 3634 2729 3705 qui
2760 3633 3132 3695 confer-tantes
3169 3637 3391 3703 Achior,
3416 3653 3607 3711 preces

2016 3725 2240 3783 devotas
2268 3741 2391 3783 eum
2432 3726 2581 3785 omni
2606 3726 2803 3797 populo
2846 3727 3074 3789 Domino
3122 3728 3449 3804 eil‘uderunt)
3489 3746 3606 3803 ma.-

2014 3817 2065 3888 gi
2104 3817 2168 3872 tri
2201 3816 2456 3873 Ecclesiae
2488 3833 2609 3873 cum
2641 3819 2856 3875 czeteris
2896 3819 3142 3885 ﬁdelibus
3169 3821 3445 3887 audito-es
3477 3839 3608 3895 suos

2014 3911 2249 3977 Domino
2276 3913 2776 3971 commendavi-rint
2814 3913 3026 3987 devotis
3083 3914 3356 3989 precibus,
3388 3924 3446 3977 ut
3488 3913 3603 3989 «jus

2016 4006 2157 4073 dono
2180 4005 2466 4073 habeatur,
2484 4007 2629 4083 quod
2647 4005 2881 4073 humana
2898 4006 3187 4075 infirmitas
3209 4023 3315 4063 non
3338 4017 3599 4077 meretur.

2084 4096 2251 4155 Vens.
2298 4097 2382 4153 l9.
2435 4128 2505 4139 —
2541 4116 2559 4149 ι
2616 4099 2681 4153 Ει
2740 4100 2869 4157 fecit
2924 4100 2975 4155 ei
3020 4114 3232 4169 cenam
3264 4114 3534 4169 magnam.
3573 4119 3595 4155 ι

2011 4189 2237 4269 Expleto
2251 4191 2458 4265 jejunio
2485 4191 2633 4257 facit,
2666 4192 2759 4265 qui
2786 4193 3027 4257 animam
3061 4193 3150 4249 diu
3186 4191 3516 4263 languidam,
3546 4201 3602 4261 et

2009 4299 2150 4356 pane
2180 4284 2329 4339 verbi
2362 4285 2575 4343 Domini
2599 4294 2847 4357 egentem
2878 4325 2894 4351 ,
2921 4285 3225 4357 ewngelics
3256 4285 3500 4345 doctrina
3544 4292 3601 4341 et

2011 4376 2237 4449 dapibus
2261 4377 2524 4445 virtutum
2556 4377 2746 4435 reiicit.
2787 4376 2926 4447 Huic
2970 4376 3219 4445 convivio
3267 4378 3601 4435 advocantur

2008 4483 2200 4539 enices
2244 4468 2590 4541 presbyteri,
2645 4477 2705 4527 ut
2755 4483 2942 4535 eorum
3014 4467 3481 4531 ethortationibus
3541 4475 3600 4535 et

2009 4562 2272 4632 exemplis
2295 4562 2719 4619 corroborentur
2742 4561 3001 4634 neophyti
3025 4561 3094 4631 ad
3133 4560 3296 4631 ﬁdem
3321 4562 3598 4635 accipien~

2012 4654 2135 4711 dam
2172 4655 2253 4709 vel
2283 4654 2730 4721 conservandam.

2612 4766 2841 4823 CAPUT
2864 4766 2971 4845 ,vu

2084 4858 2250 4915 Vana.
2278 4860 2331 4913 7.
2364 4890 2434 4899 —
2460 4878 2481 4915 ο
2510 4857 2678 4915 Erant
2704 4868 2884 4917 tamen
2917 4875 3027 4917 non
3046 4859 3204 4933 longe
3229 4875 3260 4916 a
3290 4861 3460 4917 muris
3479 4860 3598 4917 fou-

2011 4963 2112 5009 tes.
2145 4973 2163 5006 »
2202 4953 2357 5009 Sicut
2384 4954 2435 5008 in
2459 4953 2599 5009 libro
2627 4953 2833 5026 Regum
2886 4952 3213 5011 Pliilisthiim
3269 4956 3451 5010 fabros
3492 4953 3599 5010 fer-

2010 5049 2184 5103 rarios
2227 5046 2504 5113 auferum,
2554 5063 2620 5102 ne
2667 5046 2870 5103 faciant
2910 5048 3151 5104 Hesz
3190 5058 3282 5102 aut
3328 5047 3590 5114 lanceam,

2009 5148 2103 5194 aut
2150 5139 2410 5210 gladium.
2458 5139 2526 5194 Et
2582 5141 2862 5197 descendit
2907 5142 3084 5201 cunnis
3134 5139 3298 5195 Israel
3334 5141 3402 5197 ad
3434 5139 3595 5197 Phili-

2007 5230 2212 5297 stbiint,
2246 5239 2305 5285 ut
2330 5242 2619 5287 exacueret
2658 5247 2953 5298 vomerem,
2975 5242 3030 5291 et
3055 5231 3286 5302 ligonem
3334 5239 3391 5285 rt
3438 5247 3593 5288 secu-

2008 5327 2132 5389 rim,
2150 5334 2207 5380 et
2230 5327 2525 5381 sarculum.
2551 5325 2666 5382 Hoc
2683 5327 2827 5382 enim
2856 5327 3091 5382 maxime
3118 5324 3367 5381 diabolus
3388 5328 3587 5394 studet,

2005 5427 2067 5473 ut
2095 5419 2359 5474 doctrinm
2385 5416 2587 5474 fluenta
2621 5426 2673 5474 et
2708 5420 2968 5473 virtutum
2996 5412 3149 5471 artua
3177 5416 3406 5482 auferat,
3426 5426 3481 5471 et
3510 5419 3591 5477 sic

2006 5509 2304 5579 nequitiam
2329 5524 2483 5567 suam
2508 5511 2561 5565 in
2586 5510 2864 5565 interitum
2893 5522 3173 5583 servorum
3201 5508 3295 5564 Dei
3330 5508 3593 5569 velociter

2006 5602 2222 5673 expleat
2252 5622 2264 5656 :
2296 5602 2423 5661 hinc
2444 5604 2717 5673 principes
2742 5602 2982 5673 gentium
3003 5610 3058 5656 et
3077 5601 3322 5659 Julianus
3352 5610 3593 5671 apostata

2007 5709 2114 5750 non
2142 5692 2313 5749 solum
2347 5694 2607 5757 divinam,
2636 5695 2729 5748 sed
2751 5702 2808 5749 et
2837 5691 3127 5751 humanam
3156 5691 3481 5750 Christianis
3508 5694 3593 5749 in.

2009 5784 2281 5841 terdicunt
2305 5784 2725 5856 philosophiam.

2079 5873 2243 5935 Vsus.
2273 5874 2361 5946 ιε.
2396 5906 2468 5921 -
2500 5893 2523 5930 ι
2554 5874 3366 5959 Τιιοοιᾶθιίωωικημιί.
3405 5896 3423 5932 ι
3458 5876 3593 5937 (lavo
