4122 6350
506 427 612 486 7⁸⁸

1006 422 1398 480 WALAFRIDI
1434 423 1683 479 STRABI
1720 421 1925 479 FULD.
1967 418 2138 478 ΜΟΝ.
2175 418 2331 476 OPP.
2372 418 2553 475 PARS
2588 420 2630 476 1.
2672 449 2741 460 -
2779 416 3238 474 THEOLOGICA.

3651 415 3764 470 756

508 544 660 602 nales
678 543 772 616 qui
798 543 985 598 dicunt
1013 561 1032 593 ι
1068 541 1316 606 Domine,
1351 541 1605 606 Domine,
1629 555 1724 596 cor
1766 547 1948 594 autem
1984 551 2082 593 e0'-
2108 544 2159 603 Α
2187 533 2281 588 lui.
2311 530 2408 587 Cui
2430 532 2516 586 vir
2537 548 2666 588 suus
2692 531 2908 603 reliquit
2952 531 3165 585 divitias
3206 529 3505 600 spiritualis
3545 529 3768 599 sapien-

508 651 630 692 rum
655 635 812 706 longe
848 643 933 691 est
969 649 1000 688 a
1043 648 1131 688 me
1175 631 1386 703 (Matth.
1416 648 1521 697 vn,
1549 631 1660 703 xv).
1695 651 1713 683 ι
1748 631 1883 686 Sunt
1937 631 2081 686 enim

510 727 564 783 in
591 725 1019 798 sagena'Domini
1050 733 1101 779 et
1141 724 1264 778 boni
1293 734 1347 778 et
1381 723 1506 777 mali
1551 724 1744 793 pisces,
1791 737 1962 792 usque
2016 723 2086 777 ad

509 818 663 876 littus
697 817 861 874 futuri
885 817 1105 889 judicii,
1136 817 1226 886 qui
1271 817 1552 887 praesentis
1583 816 1705 872 vita:
1749 817 2085 871 incommoda

512 893 748 981 graviter
775 910 1026 972 ferentes,
1055 909 1259 964 malunt
1307 909 1660 979 praesentibus
1708 909 1787 963 uti
1841 908 2084 974 deliciis,

512 1017 675 1073 quam
704 1002 942 1057 ctelestia
967 1003 1104 1056 bona
1131 1003 1232 1056 sibi
1267 1003 1319 1056 in
1346 1002 1524 1056 futuro
1552 1001 1839 1062 reservari,
1861 1001 1951 1071 qui
1979 1016 2087 1054 ma-

512 1094 711 1164 gistros
753 1109 878 1149 suos
929 1093 1248 1163 importunis
1299 1093 1667 1162 quierimoniis
1719 1092 1987 1161 allbgunt.
2034 1099 2091 1146 et

513 1185 613 1239 sibi
638 1186 706 1239 ad
723 1185 905 1239 luxum
929 1185 1385 1239 seaculiassentire
1411 1197 1625 1256 cogunt,
1648 1184 1787 1238 unde
1808 1186 2084 1253 sequitur:

585 1279 744 1334 Vens.
769 1279 975 1334 ‘23.—¢
1001 1279 1066 1332 Et
1094 1280 1190 1334 bos
1211 1279 1448 1349 quinque
1474 1279 1607 1342 dies,
1647 1301 1664 1331 ι
1697 1288 1804 1334 etc.
1840 1279 2091 1348 Quinque

514 1369 629 1424 dies
656 1371 892 1440 quinque
933 1385 1123 1424 sensus
1151 1372 1416 1439 corporis,
1451 1371 1647 1440 quibus
1696 1386 1934 1440 praesens
1979 1370 2090 1424 vita

513 1458 750 1522 ducitur,
792 1459 946 1529 quasi
971 1460 1208 1529 quinque
1227 1459 1435 1515 dierum
1463 1445 1705 1516 inducias
1733 1464 1921 1515 doctor
1945 1461 2092 1516 iners

515 1552 736 1622 expetit,
777 1553 867 1623 qui
902 1553 1182 1624 corporale
1223 1554 1413 1608 vitium
1461 1555 1709 1609 solatium
1757 1554 2092 1610 auditoribus

512 1645 802 1700 indiscrete
822 1646 1106 1717 promittit,
1133 1647 1286 1716 quasi
1310 1647 1365 1701 in
1395 1656 1660 1717 potestate
1690 1663 1786 1701 sua
1834 1647 1902 1700 sit
1948 1662 2094 1700 sum-

512 1737 585 1790 mi
634 1737 836 1792 datoris
873 1738 1291 1807 magniﬁcentia,
1337 1753 1460 1793 cum
1513 1738 1685 1808 magis
1731 1747 1938 1807 tempus
1993 1738 2092 1792 tri-

2188 624 2275 677 tiaa
2301 632 2354 677 ct
2376 623 2593 680 virtutis
2620 643 2632 678 :
2663 633 2717 680 et
2743 624 3021 688 familiam,
3070 624 3125 679 id
3153 632 3238 678 est
3288 623 3529 694 gentium
3581 623 3772 678 multi-

2187 712 2448 779 tudinem,
2477 716 2804 785 aggregavit.

2257 802 2417 858 Vens.
2449 805 2584 858 7.—
2603 827 2620 856 ι
2651 807 2745 860 Cui
2777 805 2859 860 vir
2886 820 3015 860 suus
3036 805 3332 874 reliquerat
3355 806 3571 861 divitias
3621 806 3775 860 mul-

2186 902 2288 947 tas.
2319 913 2340 948 ι
2367 895 2443 948 Ex
2471 897 2668 950 veteris
2689 897 2821 967 legis
2840 906 2896 950 et
2914 911 2978 952 ex
3003 896 3353 967 philosophiae
3382 897 3770 962 instructione,

2187 987 2514 1055 moralisquc
2545 988 2859 1057 disciplinas,
2897 988 3220 1056 multiplices
3237 1003 3368 1057 opes
3395 988 3463 1043 ad
3485 988 3774 1044 Christum

2188 1077 2408 1130 veniens
2439 1077 2618 1131 attulit
2649 1078 2922 1142 Ecclesia;
2951 1082 3093 1131 unde
3122 1087 3176 1133 et
3196 1077 3395 1133 Paulus
3423 1093 3481 1133 se
3506 1080 3572 1133 ad
3600 1079 3777 1148 pedes

2188 1169 2446 1225 Cainaliel
2487 1173 2747 1226 nutritum
2793 1171 3073 1240 gloriatur,
3122 1180 3178 1225 et
3229 1170 3440 1242 Moyses
3481 1172 3628 1226 omni
3677 1187 3774 1226 sa—

2189 1260 2386 1328 pientia
2417 1260 2792 1332 Aﬁgyptiorum
2835 1260 3078 1315 eruditos
3101 1259 3313 1330 legitur.

2260 1353 2656 1407 Vens.12.—¢
2689 1352 2803 1407 Non
2831 1362 2914 1407 est
2967 1353 3068 1406 iste
3108 1367 3306 1407 sermo.
3343 1371 3361 1403 ι
3404 1353 3539 1408 Cum
3585 1353 3780 1408 aﬁlicti

2191 1460 2396 1508 sumus,
2438 1460 2536 1498 nec
2565 1453 2798 1514 tempus,
2851 1458 2950 1498 nec
3002 1444 3218 1497 modum
3265 1446 3616 1513 przescribere
3667 1446 3782 1499 Do-

2192 1534 2338 1587 mino
2367 1533 2650 1600 debemus,
2689 1534 2782 1589 sed
2813 1535 2984 1605 magis
3011 1535 3237 1589 arbitrio
3255 1534 3369 1604 ejus
3394 1547 3588 1591 cuncta
3617 1539 3788 1593 relin-

2192 1640 2441 1693 quamus.
2471 1625 2623 1681 Unde
2643 1626 2861 1695 quidam
2880 1634 3094 1695 patrum
3112 1626 3167 1679 in
3185 1628 3431 1681 oratione
3452 1643 3547 1682 sua
3569 1630 3784 1684 dixisse

2193 1715 2388 1786 legitur
2421 1734 2433 1770 :
2465 1734 2480 1764 ε
2513 1716 2612 1771 Fili
2646 1717 2774 1781 Dei,
2814 1717 2885 1771 fili
2919 1717 3043 1783 Dei,
3080 1718 3218 1774 sicut
3242 1719 3382 1784 scis,
3413 1729 3471 1775 et
3497 1720 3638 1775 sicut
3669 1722 3783 1787 vis,

510 1825 730 1891 huendi,
747 1837 801 1881 et
816 1829 1024 1892 modus,
1045 1828 1099 1882 in
1121 1829 1300 1883 dantis
1314 1843 1475 1898 quam
1493 1807 1808 1898 accipientis
1826 1837 2094 1897 potestate

2195 1807 2453 1862 miserere
2492 1808 2595 1862 mei
2649 1808 2866 1879 (Matth.
2921 1809 3016 1880 v1).
3057 1829 3076 1860 ι
3137 1809 3382 1880 Regnum
3428 1820 3633 1866 tantum
3683 1812 3788 1867 Dei

513 1915 774 1969 consistat
800 1933 812 1968 :
837 1917 882 1969 si
911 1918 1052 1971 enim
1088 1893 1369 1988 praesentis
1396 1920 1520 1973 vitae
1557 1893 1785 1988 negatur
1815 1893 2088 1986 solatium,
2123 1893 2168 1953 Β
2197 1913 2439 1967 quam”
2490 1899 2767 1962 debemus,
2821 1911 2878 1954 (δι
2915 1901 3096 1954 omnia
3141 1899 3483 1972 θάἱίθίθηιυτσ
3534 1902 3790 1958 Pramus

517 2004 761 2061 subditos
779 2007 1057 2072 deserunt,
1083 2019 1141 2064 ut
1169 2010 1424 2064 cedentes
1444 2010 1928 2080 persecutionibus,
1965 2027 2090 2066 cor-

516 2095 700 2164 porale
733 2098 969 2154 devitent
997 2101 1339 2170 supplicium.
1369 2101 1520 2157 Hanc
1546 2103 1962 2158 conventionem
1991 2118 2092 2158 no-

519 2194 636 2242 stra
656 2187 865 2257 Juditb,
895 2191 948 2247 id
979 2202 1063 2248 est
1085 2193 1346 2259 Ecclesia,
1386 2196 1593 2265 respuit
1617 2204 1674 2251 et
1699 2197 2018 2251 contemnit.

1089 2325 1317 2383 CAPUT
1355 2326 1488 2384 Vill.

588 2455 750 2510 Vens.
784 2457 960 2510 l.-—«
991 2457 1058 2512 Et
1077 2457 1280 2513 factum
1317 2470 1402 2514 est
1435 2478 1579 2524 cum,
1618 2481 1637 2514 ι
1671 2472 1801 2529 etc.,
1848 2464 2096 2534 sequitur

539 2581 548 2592 ,
594 2561 612 2593 ι
654 2543 786 2598 Filia
819 2543 1028 2600 Merari.
1080 2566 1099 2599 ι
1159 2547 1215 2602 ld
1266 2557 1350 2604 est
1390 2551 1788 2607 amaritudinis.
1852 2553 2095 2609 Ecclesia

513 2634 658 2687 enim
685 2650 780 2704 per
804 2636 1218 2692 amaritudinem
1263 2649 1317 2695 et
1359 2640 1760 2697 tribulationem
1803 2645 1869 2698 ad
1900 2645 2096 2712 futurae

518 2726 641 2779 vita:
670 2727 861 2796 gaudia
909 2740 1198 2795 generatur
1232 2749 1244 2786 :
1281 2733 1369 2786 ubi
1423 2735 1708 2790 Dominum
1754 2736 1992 2792 laudabit
2041 2740 2096 2794 in

517 2824 801 2871 aeternum.
849 2817 1003 2886 Quod
1045 2821 1189 2875 enim
1221 2823 1528 2892 quindecim
1571 2827 1917 2897 generatione
1967 2844 2095 2898 pro-

520 2908 698 2977 genita
725 2919 1000 2976 narratur,
1024 2913 1294 2982 signiﬁcat
1321 2918 1461 2985 quod
1490 2917 1724 2974 Ecclesia
1746 2936 1843 2990 per
1862 2921 2098 2975 bebdoa-

519 2998 640 3053 dem
673 2999 805 3069 legis
826 3011 881 3056 et
907 3004 1201 3072 ogdoadem
1231 3011 1512 3078 evangelii,
1562 3011 1628 3066 de
1673 3014 2000 3082 patriarchis
2044 3023 2099 3069 et

518 3089 773 3158 apostolis
801 3101 887 3147 est
905 3094 1070 3159 edita,
1108 3105 1163 3150 et
1200 3100 1266 3152 ad
1307 3101 1580 3156 ctelestem
1641 3103 1868 3171 gratiam
1910 3119 2099 3159 ascen-

517 3197 672 3245 sura;
698 3185 839 3240 unde
873 3185 960 3241 hic
983 3203 1238 3244 numerus
1272 3192 1535 3258 graduum
1563 3194 1616 3248 in
1656 3193 1916 3250 Psalterio
1943 3197 2098 3266 poni-

517 3281 624 3335 tur.
650 3273 842 3330 futura:
885 3275 1160 3334 ad'cmlos
1203 3284 1537 3340 ascensionis
1588 3287 1924 3356 ligurativus,
1988 3305 2096 3360 quo

518 3365 690 3419 sancti
731 3366 1012 3424 venientes
1040 3371 1234 3426 merito
1261 3371 1468 3440 dicunt,
1507 3391 1524 3424 ι
1560 3375 1699 3431 Ecce
1739 3392 1883 3432 nunc
1933 3378 2099 3432 bene-

518 3454 679 3512 dicite
706 3457 951 3515 Domino.
993 3480 1012 3514 ι

593 3548 749 3604 Vsus.
774 3550 949 3604 2.—¢
977 3552 1041 3607 Et
1067 3554 1150 3608 vir
1167 3556 1283 3627 ejus
1309 3556 1410 3612 fuit
1433 3557 1728 3623 Manasses,
1767 3581 1787 3614 ι
1835 3569 1944 3617 etc.
1991 3561 2100 3616 Ma-

518 3655 706 3696 nasses
753 3642 1138 3714 interpretatur
1177 3649 1472 3706 obliviosos
1515 3654 1597 3706 vel
1645 3654 1960 3717 necessitas,
2011 3655 2097 3709 cui

515 3735 699 3792 Judith
728 3738 976 3811 conjugio
1003 3745 1250 3812 copulata
1277 3747 1431 3816 quasi
1457 3747 1710 3818 decalogo
1740 3749 1870 3820 legis
1899 3749 1981 3803 vel
2026 3751 2100 3804 ri-

519 3829 664 3882 tibus
704 3829 984 3897 gentilium
1033 3835 1288 3889 obuoxia.
1347 3836 1454 3892 Sed
1495 3839 1742 3892 veniente
1788 3840 2006 3893 Christo
2044 3849 2099 3893 et

517 3918 639 3974 luce
677 3921 950 3994 Evangelii
989 3925 1320 3983 clarescente
1351 3930 1400 3983 iu
1429 3932 1649 3995 mundo,
1681 3932 1858 3985 omnis
1885 3931 1972 3984 illa
2008 3933 2100 3985 ob-

523 4015 797 4068 servantia
839 4018 1024 4082 cessit,
1053 4029 1106 4073 et
1127 4021 1277 4088 quasi
1311 4021 1431 4074 vilis
1454 4023 1700 4077 collectio
1729 4023 1922 4077 messis
1951 4023 2098 4077 velo-

517 4103 654 4158 citer
675 4107 918 4173 transiit;
950 4111 1089 4164 unde
1111 4111 1434 4178 Apostolus:
1467 4130 1486 4162 ‹
1519 4113 1616 4167 Ubi
1643 4114 1790 4166 venit
1813 4114 1966 4177 ﬁdes,
1985 4115 2098 4184 jam

444 4197 448 4202 ’
518 4210 625 4250 non
654 4213 841 4253 sumus
861 4201 962 4254 sth
987 4201 1294 4270 paedagogo.
1323 4199 1523 4258 Omnes
1549 4205 1693 4258 enim
1724 4204 1816 4258 filii
1849 4205 1938 4258 Dei
1967 4207 2100 4261 estis

516 4303 618 4361 per
642 4292 800 4346 ﬁdem
822 4293 874 4345 in
903 4290 1119 4347 Christo
1147 4291 1272 4348 Jesu
1298 4293 1438 4366 (Gal.
1471 4297 1576 4368 Ill).
1604 4317 1622 4348 ι
1650 4297 1716 4351 Ει
1736 4297 1801 4351 ad
1829 4297 2101 4354 Romanos

518 4381 634 4434 ait:
664 4400 680 4430 ε
713 4380 1014 4436 Mortiﬁcati
1044 4383 1175 4438 estis
1203 4383 1303 4456 legi
1333 4400 1432 4455 per
1475 4401 1671 4456 corpus
1705 4385 1905 4442 Christi
1945 4387 2097 4455 Jesu,

517 4478 579 4522 ut
625 4470 744 4524 sitis
785 4470 1006 4526 alterius
1045 4474 1137 4544 qui
1185 4489 1252 4530 ex
1296 4477 1529 4531 mortuis
1577 4479 1875 4533 resurrexit
1920 4477 2098 4544 (Rom.

517 4560 638 4631 vn).
667 4580 685 4612 ›
717 4561 785 4614 Ει
810 4562 895 4616 vir
924 4562 1494 4633 Manasses,.Christus
1541 4569 1794 4625 Ecclesiae
1848 4587 2096 4640 sponsus.

518 4653 664 4708 Bene
694 4653 967 4711 Manasses
1001 4659 1212 4724 dicitur,
1241 4662 1364 4732 quia
1402 4677 1502 4718 uos
1527 4663 1656 4717 facit
1678 4663 1921 4718 oblivisci
1953 4665 2096 4720 cala-

519 4749 724 4803 mitatis
750 4749 989 4820 pristinae
1009 4769 1106 4824 per
1129 4756 1555 4812 consolationem
1583 4757 1706 4812 vita:
1728 4756 1943 4812 futuras.
1995 4759 2095 4814 llic

518 4842 574 4898 in
621 4852 863 4915 tempore
913 4847 1106 4904 messis
1152 4849 1487 4916 hordeaceae,
1535 4851 1588 4905 id
1631 4860 1715 4906 est
1763 4851 2096 4908 collectionis

517 4933 692 5004 plebis
713 4933 970 4999 Judaicae,
1003 4954 1126 4992 cum
1155 4939 1396 4996 mitteret
1421 4941 1694 5011 apostolos
1735 4957 1861 4999 suos
1901 4943 2096 5013 praedi-

515 5040 644 5082 care
687 5037 743 5083 et
797 5029 1100 5100 manipulos
1150 5031 1480 5086 credentium
1533 5048 1906 5103 congregare:
1947 5035 2098 5089 venit

516 5129 680 5175 aestus
704 5122 1093 5192 persecutionis
1121 5139 1284 5194 super
1305 5134 1464 5194 caput
1486 5125 1623 5194 ejus,
1652 5125 1704 5180 id
1728 5136 1812 5181 est
1831 5143 1992 5198 super
2009 5127 2093 5181 di-

517 5211 796 5268 vinitatem
824 5212 961 5282 ejus.
996 5234 1014 5264 ι
1045 5212 1220 5284 Caput
1249 5217 1390 5270 enim
1433 5215 1634 5271 Christi
1684 5218 1825 5273 Dens
1862 5217 1942 5289 (11
1969 5217 2090 5272 Cor.

519 5301 601 5373 tl).
657 5321 675 5354 ι
725 5301 852 5356 lude
897 5304 1041 5359 enim
1085 5307 1316 5361 maxime
1359 5307 1865 5364 scandalizabantur
1901 5308 2092 5375 Judaei,

518 5395 660 5464 quod
693 5395 906 5450 dicebat
949 5412 1008 5452 se
1043 5412 1164 5452 esse
1201 5397 1391 5452 Filium
1416 5397 1532 5454 Dei.
1577 5401 1750 5465 Unde,
1780 5418 1799 5450 ‹
1835 5400 1986 5454 Facis
2018 5410 2097 5455 te-

519 5485 692 5556 ipsum
718 5484 883 5540 Deum
916 5487 1093 5554 (Joan.
1129 5487 1203 5558 x).
1240 5508 1257 5541 ι
1294 5488 1360 5543 Ει
1384 5489 1510 5544 alibi
1537 5508 1551 5544 :
1581 5510 1599 5542 ‹
1627 5491 1759 5557 Quia
1786 5489 1975 5544 Filium
2000 5490 2095 5546 Dei

518 5593 580 5635 se
601 5578 730 5633 fecit
763 5578 925 5648 (Ibid.
953 5579 1086 5650 xux).
1129 5600 1147 5632 ι
1181 5581 1378 5636 Passus
1406 5590 1490 5636 est
1513 5581 1670 5636 Jesus
1706 5586 1757 5635 in
1790 5589 1948 5652 gente
1974 5597 2091 5647 sua,

519 5681 575 5727 et
613 5673 852 5742 sepultus
896 5673 946 5727 in
975 5673 1151 5728 horto.
1192 5673 1360 5744 Hujus
1405 5689 1600 5744 sponsa
1654 5675 1830 5729 ablato
1874 5688 2094 5744 Sponso,

515 5764 742 5838 jejunio,
773 5777 830 5821 et
852 5769 1081 5822 orationi
1105 5784 1324 5838 operam
1347 5771 1455 5828 dat.
1484 5783 1652 5838 usque
1674 5769 1740 5822 ad
1759 5782 2098 5824 consumma-

523 5857 727 5930 tionem
750 5860 958 5932 saeculi,
977 5875 1079 5922 nec
1105 5861 1380 5920 erroribus
1410 5860 1680 5934 hereticis
1705 5859 1960 5965 dignatur
1977 5859 2097 5942 polv

2196 1990 2302 2044 vita
2333 1990 2405 2044 sit
2445 1988 2692 2044 ﬁdelibus
2733 1989 2785 2044 in
2828 2007 2946 2052 usu,
2994 1991 3168 2045 futura
3223 1991 3274 2046 in
3317 1991 3520 2047 fructu.
3562 1992 3646 2047 Sit
3693 2008 3792 2047 res

2197 2080 2508 2150 temporalis
2532 2081 2586 2134 in
2610 2081 2827 2148 itinere,
2860 2083 3203 2138 desideretur
3231 2071 3435 2139 aeterna
3460 2086 3515 2140 in
3544 2099 3790 2156 perven-

2197 2173 2362 2228 tione.

2268 2264 2430 2321 Vnns.
2461 2265 2676 2320 28.—¢
2709 2265 2777 2320 Et
2807 2266 3080 2322 dixerunt.
3114 2287 3133 2320 ο
3163 2268 3510 2339 Quaecunque
3537 2269 3793 2339 loquitur

2195 2357 2433 2414 Ecclesia
2458 2358 2512 2412 in
2536 2357 2879 2440 confessione
2902 2360 3024 2414 fidei
3072 2360 3125 2414 in
3179 2360 3425 2415 doctrina
3481 2362 3787 2431 religionis,

2197 2449 2482 2506 laudabilia
2511 2461 2569 2506 et
2590 2452 3084 2522 irreprebensibilia
3106 2462 3252 2518 sunt,
3291 2454 3406 2509 haec
3434 2455 3674 2525 singulos
3721 2455 3795 2508 fi-

2197 2542 2344 2596 deles
2367 2543 2572 2597 orando
2604 2552 2919 2613 praemonet,
2948 2545 2991 2598 si
3015 2545 3243 2614 quisque
3269 2545 3410 2600 sicut
3429 2547 3675 2616 probavit
3699 2563 3798 2601 ve-

2198 2649 2317 2688 rum
2345 2646 2465 2686 esse
2491 2633 2635 2702 quod
2670 2633 2852 2700 docet,
2875 2636 2948 2690 ita
2979 2637 3234 2706 operibus
3260 2636 3446 2706 implet
3463 2655 3477 2692 :
3497 2638 3634 2693 unde
3657 2639 3797 2692 sub-

2200 2725 2342 2778 ditur
2369 2741 2381 2776 :

2271 2816 2433 2873 Vens.
2455 2819 2672 2877 50.—¢
2702 2819 2769 2875 Et
2789 2819 2927 2874 dixit
2948 2818 3053 2874 illis
3080 2817 3284 2874 Iudith.
3323 2837 3342 2872 ι
3373 2818 3581 2885 Judith,
3622 2821 3676 2875 id
3699 2829 3796 2876 est

2199 2907 2464 2977 Eccle~ia,
2491 2911 2833 2968 commendat
2863 2909 3209 2981 pnesbyteris
3241 2919 3472 2980 portam,
3497 2910 3549 2964 id
3584 2922 3668 2965 est
3693 2915 3816 2966 ca-'

2200 3010 2433 3055 strorum
2468 3002 2559 3058 Dei
2584 3003 2869 3058 sollicitam
2901 3001 3223 3068 custodiam,
3260 3009 3315 3055 ut
3342 3001 3588 3070 pervigili
3611 3011 3666 3056 et
3694 3017 3794 3055 so-

2200 3090 2320 3146 lerti
2351 3109 2479 3147 cura
2504 3103 2692 3148 contra
2725 3093 2958 3147 hostium
2985 3092 3209 3147 insidias
3235 3107 3447 3162 semper
3476 3094 3649 3163 parati
3701 3107 3798 3145 as-

2201 3184 2394 3238 sistant
2421 3192 2477 3238 et
2500 3185 2836 3239 orationibus
2859 3183 3072 3238 muniti.

2838 3296 3064 3353 CAPUT
3093 3295 3184 3350 IX.

2270 3407 2434 3464 Vens.
2459 3410 2511 3463 1.
2538 3439 2609 3449 -
2637 3426 2656 3460 ‹
2687 3408 2893 3475 Quibus
2938 3407 3376 3464 abscedentibus.
3417 3428 3436 3463 ι
3490 3409 3794 3480 Postquam

2200 3505 2265 3558 ad
2289 3505 2633 3574 presbyteros
2660 3503 2834 3556 locuta
2852 3512 2956 3568 est,
3000 3502 3297 3556 oratorium
3340 3503 3640 3573 ingreditur
3688 3501 3795 3556 Ju-

2202 3597 2340 3660 dith,
2369 3594 2494 3664 quia
2521 3593 2826 3648 sollicitudo
2862 3601 3168 3648 sanctorum
3221 3599 3344 3663 post
3385 3593 3797 3663 praedicationis

2200 3690 2539 3759 obsequium,
2566 3689 2704 3743 redit
2733 3689 2799 3742 ad
2823 3689 3000 3742 cordis
3031 3687 3113 3740 sui
3143 3695 3436 3751 secretum,
3465 3695 3521 3740 ut
3546 3687 3616 3739 ibi
3640 3702 3796 3740 com-

2200 3785 2343 3854 pleat
2381 3799 2529 3853 purae
2551 3781 2883 3836 ascensionis
2911 3781 3187 3835 incensum
3223 3801 3235 3834 :
3275 3782 3571 3836 secundum
3630 3781 3791 3850 illud,

2202 3878 2335 3933 Cum
2365 3875 2628 3936 oraveris,
2655 3876 2793 3928 intra
2824 3875 2876 3927 in
2901 3875 3207 3928 cubiculum
3235 3885 3406 3927 tuum.

2275 3969 2438 4024 Vsus.
2463 3969 2638 4022 2.-ι
2676 3966 2903 4020 Domine
2927 3967 3085 4020 Dcus.
3122 3986 3140 4019 ι
3177 3965 3320 4021 Bene
3342 3967 3395 4021 in
3420 3967 3667 4022 oratione
3692 3983 3795 4023 ac-

2206 4071 2315 4116 tum
2340 4060 2582 4115 Simonis
2605 4073 2938 4112 comtuemor
2976 4068 3014 4120 t,
3047 4061 3136 4128 qui
3167 4075 3290 4112 cum
3321 4059 3488 4113 fratre
3512 4058 3638 4114 Levi
3666 4069 3790 4113 stu-

2202 4170 2359 4227 prum
2413 4150 2619 4206 sororis
2671 4151 2723 4203 in
2777 4148 3104 4218 alienigenas
3145 4149 3456 4203 vindicavit.
3523 4148 3792 4203 Futurum

2202 4245 2346 4300 enim
2370 4251 2507 4304 erat,
2540 4251 2597 4296 ut
2626 4241 2944 4296 Holofernes
2970 4242 3059 4310 qui
3088 4241 3139 4294 in
3165 4240 3351 4295 Juditb
3379 4242 3542 4295 voluit
3567 4242 3792 4310 explere

2203 4337 2601 4394 immunditiam
2635 4336 2898 4401 libidinis,
2930 4337 3106 4408 gladio
3127 4337 3383 4393 feriretur
3412 4338 3651 4392 ultionis.

2274 4428 2585 4484 Vens.9.—-
2610 4447 2627 4478 ι
2652 4427 2878 4497 Respice
2891 4439 3087 4483 castra.
3112 4449 3130 4480 ο
3151 4428 3793 4484 Sicutluxuriososluxu-

2204 4519 2363 4575 riosis
2376 4527 2676 4588 comparat,
2692 4518 2765 4572 ita
2789 4535 2931 4574 nunc
2953 4520 3198 4590 superbis
3211 4522 3490 4590 superbos,
3509 4520 3788 4590 Assyrios,

2128 4614 2182 4675 D
2208 4614 2415 4669 scilicet
2441 4611 2738 4682 Egyptiis;
2771 4611 2897 4681 quia
2935 4613 3076 4667 sicut
3115 4614 3352 4683 potentia
3385 4614 3565 4668 divina
3609 4625 3692 4666 est
3732 4615 3789 4668 in

2199 4707 2326 4771 illis,
2353 4707 2424 4760 ita
2446 4702 2779 4759 manifestari
2800 4712 2977 4773 potest
2997 4713 3050 4760 et
3075 4706 3158 4759 his
3179 4705 3473 4771 subversis,
3498 4705 3622 4775 quia
3643 4705 3788 4759 idem

2198 4799 2480 4862 Dominus,
2507 4793 2696 4850 eadem
2727 4795 2985 4864 potentia,
3013 4798 3201 4852 eadem
3217 4795 3445 4867 justitia.

2831 4905 3060 4962 CAPUT
3090 4905 3155 4961 Χ.

2268 5025 2425 5080 Vsus.
2460 5024 2634 5079 2.-ι
2664 5024 2901 5080 Abstulit
2943 5038 2975 5077 ει
3027 5036 3084 5077 se
3121 5019 3381 5085 cilicium,
3430 5027 3488 5076 et
3536 5019 3687 5074 exuit
3729 5036 3788 5108 se

2199 5119 2535 5172 vestimentis
2562 5117 2838 5172 viduitatis
2865 5130 2998 5179 suae,
3032 5135 3052 5167 ο
3087 5123 3192 5169 etc.
3222 5112 3356 5182 Quia
3387 5123 3574 5169 sancta
3609 5113 3787 5168 Eccle-

2200 5210 2279 5263 sia
2311 5209 2600 5278 aliquaudo
2647 5225 2744 5279 pro
2785 5207 3024 5279 peccatis
3069 5205 3204 5269 suis,
3261 5206 3596 5276 pteuitentize
3646 5205 3788 5274 gerit

2201 5299 2490 5355 aﬁ‘a-tum-z
2515 5305 2606 5354 sed
2627 5310 2807 5356 tamen
2826 5316 2922 5370 spe
2944 5299 3282 5355 remissionis
3309 5308 3365 5352 et
3388 5296 3553 5353 futuri
3575 5298 3785 5367 praemii

2201 5396 2468 5449 exbilarat
2495 5394 2757 5448 animum.

2273 5483 2632 5540 Vsas.4.—¢
2664 5485 2733 5542 Ut
2755 5485 3165 5556 incomparabili
3192 5485 3410 5540 decore.
3450 5503 3470 5538 ι
3523 5482 3660 5550 Quia
3696 5482 3790 5552 ju-

2200 5589 2339 5635 stum
2371 5589 2475 5645 est,
2500 5580 2671 5650 utqui
2705 5580 2800 5635 Dei
2834 5579 3007 5635 fervet
3051 5595 3254 5643 amore,
3297 5579 3551 5633 omnibus
3581 5577 3782 5632 habea-

2203 5683 2290 5726 tur
2312 5673 2506 5743 dignus
2546 5674 2770 5736 honore,
2803 5672 2941 5727 unde
2975 5689 2988 5725 :
3021 5690 3039 5722 ι
3069 5671 3253 5725 Astitil
3311 5670 3496 5740 regina
3525 5683 3555 5722 a
3579 5666 3790 5722 dextris

2201 5766 2309 5821 tuis
2333 5766 2386 5821 in
2415 5767 2611 5822 vestitu
2633 5766 2913 5829 deaurato,
2953 5763 3288 5832 circumdata
3314 5764 3579 5818 varietate
3605 5757 3780 5832 (Ρδίιι,

2201 5859 2370 5942 μιν).
2403 5878 2423 5928 υ
