4122 6350
362 425 466 481 737

1354 438 1622 498 GLOSSA
1659 440 2054 502 0RDINARIA.
2093 473 2164 488 -—
2197 446 2324 506 LIB.
2361 448 2626 514 JUDITH.

3509 469 3616 527 758

431 537 596 594 Vens.
621 539 796 594 5.-‹
822 539 888 598 Et
915 557 1084 614 panes
1129 557 1184 602 et
1231 563 1470 607 caseum.
1501 574 1520 607 ι
1570 555 1695 612 Haec
1753 559 1930 612 omnia
1960 562 2010 620 Α
2035 557 2188 612 vobis
2214 568 2534 629 potestatem
2561 563 2801 621 calcandi
2831 583 2995 638 super
3029 582 3306 643 serpentes
3355 585 3412 633 et
3465 595 3616 638 scor-

359 631 504 687 Abra
532 647 631 702 pro
647 634 1048 704 dispensatione
1067 640 1298 696 dominae
1310 659 1421 700 suae
1436 646 1703 704 observat.
1721 649 1751 705 J
1757 661 1932 707 ustum

359 735 445 781 est
470 725 638 790 enim,
671 735 731 780 ut
766 728 856 796 qui
903 745 1006 784 non
1050 733 1197 787 novit
1249 737 1614 795 moderamina
1664 743 1789 798 vita:
1823 760 1936 801 sua:

362 823 569 880 tenere,
601 832 708 871 non
732 819 912 876 subito
933 821 1026 876 ﬁat
1049 833 1228 879 rector
1254 826 1461 885 alienae.

439 923 457 954 ‹
483 904 868 978 Dixeruntque,
899 930 919 963 ι
947 923 1053 968 etc.
1085 913 1197 970 Sub
1215 917 1578 976 dominatione
1597 927 1933 982 szecularium

363 997 664 1068 principum
699 1001 864 1059 libere
890 1021 1109 1062 manere
1129 1011 1508 1078 permiserunt.
1547 1013 1701 1071 Sicut
1749 1019 1935 1088 Traja-

364 1107 466 1144 nus
493 1091 615 1146 licet
659 1093 767 1163 inp:
782 1095 904 1151 imis
924 1097 1122 1154 Christi
1145 1100 1496 1161 Confessores
1516 1120 1828 1176 persecutus
1842 1113 1930 1178 sit,

364 1180 537 1235 Plinio
574 1185 809 1239 secundo
843 1188 1183 1256 admonente,
1211 1193 1502 1250 levioribus
1540 1198 1770 1255 decretis
1816 1204 1932 1257 edi-

365 1283 509 1327 etum
537 1289 691 1329 suum
716 1282 1052 1348 temperavit.
1082 1267 1258 1340 [Elius
1289 1303 1505 1358 quoque
1532 1290 1806 1349 Adrianus
1833 1310 1928 1364 per

363 1366 695 1432 Quadratum
745 1371 1064 1441 discipulum
1110 1379 1495 1445 apostolorum,
1549 1393 1604 1437 et
1642 1384 1932 1442 Aristidem

361 1460 743 1516 Atheniensem
778 1464 975 1529 virum,
1011 1469 1078 1523 de
1107 1469 1411 1528 Christiana
1454 1477 1713 1546 religione
1755 1480 1934 1535 erudi-

366 1562 474 1618 tus,
516 1556 584 1609 ad
610 1555 1231 1617 Munitium'Fundanum
1263 1568 1636 1634 proconsulem
1664 1570 1805 1626 Asiae
1827 1573 1934 1642 epi-

363 1648 555 1700 stolam
588 1650 750 1714 misit,
778 1659 834 1704 ut
861 1653 1058 1708 nemini
1087 1656 1271 1712 luceret
1292 1658 1658 1716 Christianum
1686 1664 1803 1720 sine
1822 1667 1934 1721 cri-

365 1742 525 1796 minis
551 1741 854 1812 objectione
877 1757 970 1802 aut
1000 1749 1314 1818 probatione
1336 1754 1610 1812 damnare.

960 1880 1186 1940 CAPUT
1233 1884 1322 1940 XI.

435 1985 598 2044 Vens.
630 1989 807 2044 L—t
835 1991 902 2046 Et
925 1993 1060 2049 dixit
1089 1996 1163 2050 illi
1201 1995 1382 2052 Judith
1433 2018 1445 2053 :
1481 1999 1644 2056 Sume
1689 2005 1876 2070 verba,
1906 2023 1925 2056 ι

361 2089 465 2134 etc.
493 2081 670 2149 (Aue.,
700 2100 856 2139 serm.
882 2085 986 2141 229
1010 2088 1075 2140 de
1097 2092 1274 2160 temp.)
1308 2090 1529 2161 Species
1555 2099 1789 2152 custodit
1815 2113 1935 2167 quae

365 2171 654 2239 blanditur,
685 2185 813 2244 etc.,
842 2195 1004 2250 usque
1027 2182 1095 2234 ad
1128 2183 1222 2236 sed
1250 2199 1412 2254 sopor
1451 2187 1545 2241 tibi
1568 2203 1727 2257 quem
1770 2189 1934 2248 ferias

359 2279 537 2334 pra'pa
547 2267 701 2322 ravit.

431 2356 593 2414 Vens.
620 2359 827 2415 I7.—¢
856 2362 1013 2419 Missa
1044 2381 1182 2421 sum.
1224 2386 1242 2418 ι
1284 2368 1463 2425 Prima
1489 2373 1574 2426 via
1601 2374 1792 2431 salutis
1832 2375 1934 2431 fuit

364 2449 629 2520 gentibus,
673 2453 1058 2522 praedicatores
1082 2457 1359 2530 Evangelii
1387 2473 1666 2532 gratanter
1694 2466 1934 2536 recipere

361 2549 415 2593 et
445 2540 600 2595 ﬁdem
625 2545 884 2612 pnebere,
911 2557 966 2602 et
1010 2564 1107 2620 per
1133 2565 1323 2606 eorum
1349 2554 1651 2610 doctrinam
1679 2558 1748 2613 ad
1777 2559 1932 2629 agni-

360 2630 561 2688 tionem
585 2636 828 2694 veritatis
855 2639 1056 2696 venire.

954 2754 1180 2814 CAPUT
1229 2758 1338 2814 XII.

431 2858 593 2918 VERS.
625 2864 832 2922 19.-‹
863 2868 932 2924 Ει
960 2873 1184 2942 accepit.
1222 2894 1242 2928 ι
1287 2875 1401 2931 Νοη
1431 2877 1746 2950 inquinatur
1787 2882 1925 2937 cibis

358 2955 634 3024 gentilium
661 2969 752 3013 aut
770 2963 1169 3030 superstitione.
1197 2967 1434 3023 Ecclesia
1459 2971 1600 3025 enim
1625 2972 1764 3028 inter
1791 2989 1924 3044 gen-

360 3056 440 3100 tes
475 3048 748 3116 habitans,
777 3052 1076 3110 idololatria
1107 3074 1211 3112 non
1239 3059 1510 3129 polluitur,
1544 3064 1638 3118 sed
1676 3064 1762 3119 his
1810 3080 1929 3134 qua

358 3138 574 3195 devotio
605 3141 839 3199 ﬁdelium
865 3163 962 3216 per
1004 3148 1364 3207 obedientiam
1403 3164 1693 3225 praeparat,
1733 3159 1924 3225 utitur,

356 3229 496 3299 unde
525 3250 538 3284 :
577 3249 596 3283 ι
633 3233 782 3289 Meus
812 3236 964 3293 cibus
988 3249 1070 3295 est
1099 3252 1156 3295 ut
1181 3241 1379 3299 faciam
1426 3246 1757 3303 voluntatem
1810 3249 1928 3320 ejus

356 3322 450 3391 qui
486 3324 634 3379 misit
660 3341 746 3382 me
775 3326 951 3385 Patris
979 3331 1158 3402 (Joan.
1187 3335 1283 3407 ιν).
1312 3355 1333 3388 ι

920 3469 1148 3530 CAPUT
1179 3474 1315 3530 XIII.

428 3579 590 3638 Vens.
617 3583 873 3642 4.-—¢ln
908 3587 1068 3644 lecto.
1101 3612 1120 3643 ι
1156 3591 1409 3650 Nefandae
1437 3597 1766 3664 securitatis,
1819 3615 1925 3670 qua

355 3687 414 3727 se
436 3674 651 3745 impune
674 3694 900 3748 peccare
923 3682 1172 3750 conﬁdit;
1203 3688 1381 3742 unde:
1418 3707 1436 3739 ι
1467 3689 1666 3761 Impius
1713 3709 1836 3749 cum
1871 3695 1926 3750 in

353 3767 676 3835 profundum
731 3783 1073 3842 peccatorum
1119 3779 1346 3847 venerit,
1396 3784 1690 3838 contemnit
1741 3782 1922 3854 (Prov.

354 3859 531 3929 xviii).
555 3881 574 3913 ι

426 3953 585 4010 Vens.
619 3956 824 4011 IL—c
859 3959 1032 4032 Caput
1060 3963 1384 4022 IIolofernis.
1412 3987 1432 4020 ι
1473 3967 1921 4026 Recordationem

353 4049 582 4103 conlecti
613 4050 730 4105 belli
756 4052 984 4110 sollicite
993 4055 1144 4126 jubet
1166 4059 1472 4126 memorari,
1497 4062 1674 4116 unde:
1705 4079 1724 4112 ι
1746 4061 1926 4117 Sobrii

354 4150 522 4196 estote
550 4151 606 4197 et
634 4145 849 4214 vigilate
874 4147 925 4219 (1
952 4149 1093 4203 Petr.
1125 4151 1201 4222 v).

426 4235 586 4290 Vens.
617 4237 824 4291 l5.—«
857 4237 1178 4298 Custodibus
1209 4261 1504 4302 murorum.
1538 4268 1556 4300 ι
1591 4249 1647 4305 Id
1690 4260 1774 4306 est
1820 4252 1917 4307 do-

355 4329 615 4395 ctorihus,
645 4332 738 4401 qui
769 4335 933 4388 verbo
962 4342 1016 4390 et
1040 4339 1284 4408 exemplo
1324 4340 1622 4398 Ecelesiam
1652 4346 1924 4412 muniunt,

354 4427 408 4470 et
435 4423 501 4472 au’
531 4420 691 4476 vitam
711 4432 972 4480 aeternam
1007 4427 1369 4492 introducunt,
1399 4434 1463 4487 de
1483 4435 1674 4502 quibus
1703 4437 1920 4492 dicitur:

361 4529 378 4560 ι
416 4511 590 4581 Super
627 4532 810 4572 muros
862 4530 982 4575 tuos
1028 4521 1324 4578 Jerusalem
1369 4528 1622 4582 constitui
1676 4532 1925 4587 custodes

2031 648 2220 716 piones
2239 659 2293 705 et
2321 668 2484 723 super
2505 669 2693 712 omnes
2732 658 2960 716 virtutes
3009 662 3213 720 inimici
3269 665 3422 737 (Luc.
3464 671 3544 745 x).
3586 690 3606 725 ι

2103 741 2264 796 Vnus.
2297 743 2552 799 19.—Et
2585 761 2731 814 ecce,
2789 769 2807 800 ι
2860 761 2964 808 etc.
3025 753 3230 812 Scitote
3277 741 3613 828 quanta'sit

2031 831 2360 904 malignitas,
2386 845 2586 904 quanta
2618 838 2766 896 fraus
2788 841 2990 900 inimici
3017 848 3210 913 nostri,
3241 858 3448 918 ‘quanta
3491 853 3612 924 pie-

2033 933 2145 979 tate
2173 942 2202 980 a
2224 927 2380 982 nobis
2407 940 2694 998 superatus
2712 935 2801 998 sit,
2834 951 2970 1006 quos
3014 938 3270 997 Dominus
3313 941 3507 1001 illaesos
3543 946 3614 1002 ab

2031 1015 2179 1070 οι]ιηί
2206 1015 2394 1073 fraude
2419 1027 2472 1074 et
2509 1023 2712 1077 erroris
2755 1028 3213 1085 contaminatione
3260 1035 3515 1101 custodit,
3551 1044 3612 1091 ut

2033 1110 2118 1166 his
2153 1111 2410 1182 inspectis
2431 1113 2707 1171 Conditori
2733 1128 2788 1172 et
2815 1118 3157 1191 Redemptori
3185 1134 3369 1180 nostro
3408 1129 3611 1199 gratias

2032 1205 2228 1275 agatis,
2257 1207 2398 1262 unde
2429 1225 2442 1260 :
2478 1226 2496 1258 ι
2531 1207 2704 1264 Sohrii
2737 1221 2907 1267 estote
2935 1224 2991 1268 et
3022 1215 3234 1286 vigilate
3261 1217 3312 1288 (l
3337 1216 3605 1292 Petr.v).i

2032 1293 2138 1348 Et:
2174 1315 2193 1347 ί
2217 1296 2404 1354 Timeo
2435 1315 2500 1354 ne
2521 1301 2660 1356 sicut
2680 1317 2903 1372 serpens
2946 1306 3158 1362 Seduxit
3202 1310 3364 1365 Evam
3414 1312 3610 1368 astutia

2033 1401 2152 1453 Sua,
2181 1389 2253 1443 ita
2285 1399 2340 1445 et
2363 1407 2551 1447 sensus
2583 1397 2751 1448 nostri
2779 1407 3189 1467 corrumpantur
3205 1400 3288 1472 (II
3313 1401 3434 1458 Cor.
3464 1403 3548 1474 ιτ).
3584 1422 3603 1458 ι

2032 1477 2248 1533 Etitem
2279 1497 2294 1530 :
2331 1480 2760 1538 «Confortamini
2802 1487 2856 1540 in
2893 1487 3120 1542 Domino
3167 1500 3221 1544 et
3268 1491 3320 1546 in
3372 1495 3607 1561 potentia

2032 1569 2249 1623 virtutis
2279 1570 2394 1640 ejus
2427 1591 2439 1626 :
2470 1583 2524 1627 et
2552 1574 2757 1630 induite
2788 1593 2882 1632 vos
2917 1593 3065 1633 arma
3093 1581 3188 1635 Dei
3225 1582 3439 1652 (Ep/tes.
3469 1587 3563 1657 γι).
3589 1607 3607 1640 ι

2105 1662 2265 1717 Vens.
2302 1663 2477 1717 251—-
2495 1685 2511 1716 ‹
2535 1666 2670 1732 Quia
2695 1667 2855 1722 hodie
2880 1685 3072 1724 nomen
3107 1680 3276 1738 tuum,
3306 1694 3324 1725 ι
3345 1684 3449 1730 etc.
3469 1676 3610 1731 Laus

2033 1752 2288 1808 Ecclesiae
2321 1771 2424 1809 non
2459 1757 2673 1810 recedet
2696 1758 2762 1812 de
2785 1773 2880 1812 ore
2906 1760 3204 1824 hominum,
3225 1768 3314 1832 qui
3345 1781 3611 1824 memores

2033 1851 2161 1896 sunt
2187 1839 2348 1896 Studii
2373 1853 2429 1898 et
2448 1859 2673 1914 operum
2703 1844 2839 1913 ejus,
2866 1862 2986 1916 quae
3014 1864 3113 1917 per
3138 1851 3480 1910 dilectionem
3515 1857 3610 1914 Dei

1959 1927 2008 1987 B
2035 1941 2088 1989 et
2124 1933 2354 2003 proximi
2394 1944 2686 2004 praesentes
2729 1937 3103 1994 tribulationes
3129 1956 3320 1997 secura
3356 1947 3604 2015 sustinet,

2038 2023 2142 2079 ﬁde
2172 2024 2326 2094 plena
2346 2033 2402 2079 et
2429 2039 2522 2092 spe
2555 2027 2708 2080 ﬁrma
2727 2066 2742 2091 ,
2767 2029 3049 2084 attendens
3069 2032 3417 2089 eminentiam
3449 2037 3611 2092 coele-

2037 2115 2198 2170 stium
2235 2116 2602 2185 praemiorum,
2643 2118 2731 2173 ubi
2774 2121 3069 2176 sociabitur
3091 2122 3410 2181 beatitudini
3447 2143 3611 2198 ange-

2035 2206 2229 2260 lorum.

2107 2297 2270 2354 Vens.
2297 2297 2472 2355 29.-
2488 2319 2509 2353 ι
2533 2300 2730 2357 Videns
2750 2315 2930 2358 autem
2958 2305 3178 2362 Achior.
3219 2328 3238 2362 ι
3278 2308 3382 2367 Per
3406 2311 3610 2371 Achior

2035 2391 2333 2462 principem
2367 2393 2798 2452 Ammonitarum
2837 2403 3027 2472 pagani
3060 2403 3139 2458 vel
3178 2405 3415 2463 haeretici
3466 2411 3610 2466 desi-

2033 2493 2285 2552 gnantur,
2316 2485 2408 2554 qui
2434 2486 2679 2544 videntes
2708 2488 2960 2545 Ecclesia:
2991 2492 3148 2548 ﬁdem
3174 2495 3403 2552 hostium
3449 2515 3608 2571 supe-

2034 2588 2187 2629 rasse
2225 2574 2581 2643 ferocitatem,
2614 2579 2783 2634 nimio
2809 2595 3006 2650 pavore
3037 2587 3416 2643 concutiuntur
3443 2600 3494 2644 et
3525 2609 3610 2648 su-

2031 2667 2272 2736 perbiam
2320 2684 2473 2725 suam
2521 2671 2864 2728 humiliantes
2906 2675 3201 2732 Ecclesiam
3252 2691 3608 2753 venerantur;

2032 2765 2088 2811 et
2108 2772 2368 2826 sequaces
2403 2774 2531 2816 suos
2558 2776 2800 2818 errorem
2849 2766 3154 2837 relinquere
3205 2779 3261 2826 et
3304 2771 3409 2828 ﬁde
3453 2775 3606 2833 liberi

2031 2862 2151 2904 sese
2180 2851 2386 2905 sociare
2423 2851 2736 2921 hortantur;
2792 2856 2932 2912 unde
2961 2857 3128 2916 Isaias
3167 2879 3182 2916 :
3221 2881 3253 2913 ς.
3279 2864 3504 2921 Venient
3537 2869 3604 2924 ad

2031 2948 2084 2994 te
2121 2941 2272 2995 curvi
2308 2941 2401 2996 ﬁlii
2425 2957 2612 2999 eorum
2637 2947 2727 3015 qui
2761 2956 2810 3002 te
2842 2948 3280 3016 humiliaverunt,
3325 2963 3380 3009 et
3407 2956 3604 3012 adora-

2030 3033 2165 3089 bunt
2190 3037 2412 3108 vestigia
2436 3037 2634 3108 pedum
2666 3049 2878 3095 tuorum
2917 3055 3106 3098 omnes
3135 3044 3224 3114 qui
3253 3045 3610 3112 detrahebant

2031 3127 2128 3182 tibi
2155 3127 2415 3199 (lamna).
2446 3147 2465 3180 ι
2559 3201 2562 3206 _

2627 3200 2852 3258 CAPUT
2878 3201 3016 3258 XIV.

1953 3288 1999 3351 C
2099 3311 2262 3368 Vens.
2288 3312 2498 3368 I5.—«
2538 3312 2688 3370 Tunc
2737 3315 3029 3386 ingressus.
3069 3334 3088 3367 ι
3128 3316 3300 3373 Duces
3349 3334 3604 3390 persecu-

2028 3415 2204 3462 torum
2223 3407 2350 3462 deos
2365 3421 2492 3463 suos
2506 3417 2692 3463 contra
2711 3407 3004 3463 Ecclesiam
3020 3418 3304 3480 poscentes
3323 3412 3602 3480 auxilium,

2029 3499 2308 3553 inveniunt
2334 3514 2428 3554 eos
2461 3500 2678 3570 propria
2706 3499 2950 3555 fteditate
2978 3501 3356 3572 spurcissimos
3379 3513 3433 3558 et
3457 3507 3603 3560 omni

2026 3592 2226 3646 virtute
2257 3591 2558 3653 destitutos,
2603 3591 2744 3646 unde
2777 3589 2917 3662 fugin
2948 3607 3006 3647 se
3035 3592 3474 3650 commendantes
3521 3610 3605 3650 re-

2026 3681 2278 3753 linquunt
2323 3697 2404 3737 ea'
2445 3681 2498 3736 in
2553 3681 2748 3750 quibus
2809 3683 3176 3753 temporaliter
3243 3684 3601 3740 conﬁdebant.

2034 3793 2052 3826 ‹
2083 3773 2197 3828 Non
2220 3781 2303 3829 est
2325 3773 2466 3828 enim
2488 3773 2796 3842 prudentia,
2824 3789 2930 3828 non
2953 3785 3034 3829 est
3062 3774 3321 3845 sapientia
3354 3793 3452 3832 nec
3476 3793 3605 3833 cnn-

2026 3866 2207 3922 silium
2237 3874 2423 3920 contra
2450 3866 2646 3930 Deum;
2680 3883 2700 3918 ι
2746 3865 2890 3919 unde
2940 3865 3238 3922 Ilieremias
3285 3869 3398 3922 ait:
3435 3889 3451 3920 ι
3487 3869 3604 3926 Νοη

2027 3957 2198 4028 fugiet
2237 3957 2392 4013 velox
2431 3966 2488 4012 et
2531 3973 2640 4012 non
2684 3956 2986 4012 salvabitur
3019 3957 3194 4025 fortis,
3227 3979 3246 4011 ι
3272 3969 3378 4016 etc.
3425 3960 3602 4030 (Hier.

2025 4051 2195 4122 XLVI).

2626 4119 2856 4176 CAPUT
2885 4118 3003 4175 XV.

2097 4231 2264 4289 Vens.
2314 4233 2368 4288 5.
2415 4262 2483 4274 —
2535 4251 2554 4283 ι
2592 4233 2850 4289 Videntes
2900 4233 3112 4301 itaque,
3146 4253 3165 4286 ›
3225 4241 3327 4288 etc.
3385 4231 3601 4288 Gedeon

2026 4338 2214 4384 contra
2240 4327 2558 4382 Madianitas
2585 4337 2937 4398 pugnaturus,
2971 4343 3075 4380 non
3103 4327 3334 4398 hastam,
3361 4340 3466 4380 non
3497 4327 3606 4397 cly-

2027 4437 2219 4493 peum,
2285 4421 2378 4474 sed
2415 4420 2571 4474 tubas
2619 4428 2675 4472 et
2731 4417 3003 4487 lampades
3051 4416 3202 4480 tulit,
3255 4415 3605 4488 prteﬁguraus

2031 4511 2301 4582 Evangelii
2348 4525 2642 4579 priecones,
2681 4509 2875 4580 quibus
2917 4523 3022 4562 non
3062 4517 3145 4562 est
3172 4508 3480 4564 colluctatio
3509 4512 3604 4564 ad-

356 4601 491 4673 (ιεη.
517 4607 648 4679 ιιι).
673 4629 693 4660 »
744 4609 840 4665 Vel
891 4612 1148 4683 angelicis
1193 4616 1491 4685 spiritibus,
1539 4621 1630 4690 qui
1671 4623 1824 4678 nobis
1869 4623 1924 4678 in
1951 4601 2220 4711 D'Vel‘sus
2260 4617 2476 4659 carnem
2498 4613 2556 4711 fl
2581 4604 2916 4711 εξξιηευίηυην»
2955 4602 3047 4656 sed
3090 4611 3276 4711 contra
3305 4602 3605 4711 spiritu-alia

355 4699 651 4753 custodiam
684 4701 854 4768 missi,
888 4705 1150 4777 malignos
1179 4709 1401 4779 spiritus
1435 4712 1745 4768 excludunt.

429 4808 446 4840 ι
469 4792 688 4860 Aperite
712 4805 914 4866 portas.
949 4817 968 4849 ι
990 4798 1043 4852 Id
1073 4809 1156 4854 est
1176 4803 1510 4858 devotionem
1547 4806 1746 4872 cordis,
1783 4808 1925 4864 unde

353 4883 593 4968 dicitur.
633 4907 651 4939 ι
690 4887 793 4956 Qui
844 4891 1002 4946 habet
1051 4909 1209 4949 aures
1255 4897 1504 4952 audiendi
1554 4900 1752 4963 audiat,
1795 4903 1924 4972 quid

355 4952 591 5045 Spiritus
619 4952 765 5036 dicat
792 4984 1035 5040 ecclesiis
1058 4985 1240 5056 (Apoc.
1268 4987 1326 5060 l).
1365 5007 1385 5041 ι
1424 4952 1921 5047 Secundum'illjud:

361 5085 380 5120 ‹
418 5068 614 5126 Beatus
633 5075 724 5143 qui
750 5091 966 5131 causam
998 5093 1152 5132 suam
1182 5079 1417 5148 loquitur
1451 5082 1503 5136 in
1536 5097 1665 5137 aure
1706 5086 1928 5141 audien-

355 5163 425 5216 tis
449 5164 618 5234 (Eccl.
651 5167 799 5240 xxv).
843 5190 861 5222 ι
893 5169 1150 5226 Dominus
1181 5173 1431 5231 virtutem
1455 5178 1652 5247 populo
1681 5195 1780 5234 suo
1829 5179 1926 5236 da-

353 5255 452 5319 bit,
479 5273 600 5312 cum
625 5274 732 5330 quo
760 5261 981 5327 scilicet,
1004 5265 1210 5334 apicem
1233 5267 1468 5322 C(Bleslis
1489 5270 1638 5340 regni
1663 5273 1927 5337 ascendit,

355 5348 498 5402 unde
527 5366 540 5400 :
579 5369 596 5398 ι
631 5348 797 5407 Nemo
827 5356 1068 5409 ascendit
1094 5356 1145 5410 in
1177 5357 1372 5412 uelum
1404 5360 1507 5414 nisi
1533 5360 1625 5428 qui
1656 5361 1932 5416 descendit

357 5441 424 5496 de
443 5443 583 5498 coelo
616 5443 794 5515 (Joan.
822 5454 925 5514 Ill).
946 5466 966 5502 ι

430 5535 590 5590 Vens.
621 5535 706 5589 16.
727 5555 824 5587 ι-ί
853 5537 942 5592 Illa
968 5549 1144 5594 autem
1177 5543 1491 5598 ascendens.
1525 5562 1542 5592 ›
1583 5544 1661 5598 Ad
1688 5545 1929 5600 ctelestia

358 5629 607 5698 dogmata
657 5643 959 5684 sermonem
1005 5641 1346 5698 convertens,
1388 5643 1443 5688 et
1491 5636 1556 5688 ad
1607 5635 1930 5690 laudandum

357 5722 528 5778 Deum
554 5741 653 5798 pro
678 5727 952 5782 beneﬁciis
972 5728 1084 5784 suis
1111 5729 1384 5783 auditores
1411 5727 1684 5783 attollens.

431 5782 597 5873 Vtilis.
622 5818 827 5874 18.-‹
856 5818 922 5873 Et
954 5782 1239 5875 interfecit.
1279 5840 1298 5873 ι
1429 5834 1535 5889 quo
1566 5836 1578 5871 :
1614 5817 1785 5887 «Ipsa
1806 5782 2018 5869 cont“!

2033 4699 2286 4768 nequitiae
2320 4698 2374 4750 in
2409 4695 2737 4758 cmlestibus,
2775 4702 2905 4760 ete.,
2936 4704 2990 4749 et
3012 4702 3251 4765 pugnant
3273 4696 3608 4765 praedicatio-

2033 4790 2119 4846 nis
2153 4805 2284 4846 voce
2318 4799 2372 4844 et
2398 4788 2780 4844 miraculorum
2807 4787 3030 4858 fulgore.

2111 4897 2131 4932 ι
2163 4879 2348 4936 Omnis
2385 4880 2584 4949 itaque.
2625 4898 2646 4931 ι
2707 4878 2790 4934 Ad
2839 4877 3273 4948 priedicationem
3326 4877 3473 4932 verbi
3510 4877 3607 4932 Dei

2033 4989 2100 5031 ex
2130 4970 2634 5042 singulisogentibus
2661 4977 2716 5026 et
2753 4969 3046 5040 provinciis
3079 4969 3319 5039 probata:
3367 4983 3610 5045 personae

2032 5076 2087 5121 et
2114 5066 2320 5119 viribus
2360 5063 2616 5118 accincta:
2665 5062 2734 5117 ad
2782 5061 3040 5116 malitiam
3083 5062 3290 5116 Domini
3347 5061 3603 5129 veniunt;

2034 5157 2176 5211 unde
2222 5156 2422 5210 Isaias:
2461 5173 2480 5206 ι
2517 5154 2654 5208 Ecce
2701 5154 2790 5209 isti
2834 5155 2899 5208 de
2925 5153 3079 5224 longe
3106 5153 3358 5220 venient,
3403 5161 3459 5210 et
3483 5170 3609 5211 ecce

2036 5246 2108 5301 illi
2141 5249 2207 5301 ah
2233 5246 2498 5317 Aquilone
2533 5254 2587 5300 et
2611 5246 2747 5300 mari
2779 5245 2913 5317 (Isa.
2959 5244 3124 5316 χιιι),
3159 5264 3176 5294 ι
3203 5253 3310 5299 etc.

2105 5341 2267 5396 Vens.
2304 5339 2389 5395 15.
2417 5370 2490 5380 -
2523 5359 2539 5391 ι
2570 5338 2675 5394 Per
2703 5340 2818 5395 dies
2854 5349 3055 5392 autem.
3096 5354 3114 5387 ι
3169 5335 3268 5402 Qui
3302 5336 3606 5391 universum

2037 5437 2316 5505 praesentis
2354 5435 2478 5488 vita:
2507 5443 2714 5504 tempus
2743 5430 3080 5503 signiﬁcant,
3124 5445 3232 5498 quo
3261 5428 3488 5498 populus
3513 5426 3608 5483 Dei

2035 5529 2102 5584 de
2130 5529 2281 5583 hoste
2309 5527 2643 5596 triumphans
2665 5521 3016 5594 spiritualiter
3043 5520 3339 5589 exspoliat;
3378 5519 3518 5576 unde
3545 5519 3613 5577 de

2036 5621 2274 5676 Ecclesia
2321 5619 2555 5674 dicitur:
2609 5636 2627 5668 ι
2661 5614 2898 5671 Conﬁdit
2942 5616 3087 5667 inea
3123 5627 3219 5666 cor
3245 5611 3347 5664 viri
3397 5610 3504 5679 sui,
3557 5617 3614 5666 et

2037 5714 2221 5784 spoliis
2254 5730 2359 5768 non
2389 5712 2649 5783 indigebit
2679 5705 2859 5779 (Prov.
2890 5706 3065 5773 χχχι).
3100 5724 3120 5757 ι
3601 5756 3610 5764 ,

2110 5786 2268 5863 Vens.
2304 5804 2387 5861 14.
2413 5835 2484 5844 —
2515 5822 2534 5854 ί
2567 5801 2735 5856 Porro
2761 5805 2961 5852 autem.
2992 5817 3011 5849 ι
3047 5796 3139 5852 Sic
3166 5794 3394 5868 populus
3423 5794 3516 5850 Dei
3543 5793 3610 5850 ab

359 5917 505 5965 teret
521 5896 835 5982 caput,°etc.
858 5907 1011 5981 (Gen.
1033 5895 1126 5983 ἰι).
1163 5931 1184 5965 ι
1210 5911 1350 5967 Etin
1377 5888 1666 5980 Evangelio
1694 5923 1708 5962 :
1745 5926 1761 5958 ι
1788 5906 1936 5961 Dabo
2041 5901 2272 5972 ΕΒΗ)ιο
2301 5897 2582 5960 recedens,
2614 5893 2784 5962 ipsam
2809 5889 3084 5962 εΡ⁰¹Ῐ³νί⁸ν
3111 5888 3254 5943 “nde
3301 5888 3610 5943 “bemacu'
