4122 6350
555 506 660 565 759

1049 506 1446 567 WALAFRIDI
1482 506 1733 569 STRABI
1771 508 1974 567 FULD.
2014 508 2181 569 “ON.
2218 507 2372 568 OPP.
2412 506 2593 563 PARS
2631 506 2674 563 I.
2713 536 2786 551 —
2822 506 3278 565 THEOLOCICA.

3710 506 3843 569 πο

550 625 665 683 Ium
693 627 1014 685 construxit.
1055 625 1148 683 Sic
1178 643 1331 699 reges
1343 627 1477 697 justi
1511 630 1614 684 sub
1642 628 1989 686 Testamento
2017 629 2126 685 Ve-
2155 636 2201 694 Α
2228 634 2390 689 runt,
2442 625 2509 680 de
2556 624 2752 694 quibus
2785 624 3028 679 nascitur
3061 623 3201 677 fetor
3230 625 3518 680 vermium.
3569 624 3719 682 Caro
3760 637 3839 685 et

554 718 655 776 teri
684 734 805 791 qum
837 720 1083 777 hostibus
1112 721 1481 787 abstulerunt,
1520 722 1575 778 in
1609 723 1913 779 ministerio
1946 723 2130 794 terhpli

552 820 1025 867 consecraverunt.

623 903 789 961 Vns.
820 904 907 961 15.
934 936 1006 951 -—
1037 924 1057 959 I
1087 905 1402 965 Juvenibus.
1443 928 1464 962 ι
1506 907 1642 977 Quia
1670 916 1801 965 tunc
1827 922 2003 979 neque
2026 924 2129 965 nu-

550 997 682 1054 bent
723 1011 898 1067 neque
933 997 1223 1063 habentur,
1268 1000 1393 1069 quia
1424 1008 1706 1071 resurgent
1734 1010 1923 1055 omnes
1964 1000 2017 1054 in
2046 999 2130 1055 vi-

552 1103 672 1145 rum
722 1085 1041 1158 perfectum,
1089 1089 1142 1144 in
1189 1104 1501 1146 mensuram
1556 1090 1732 1145 aetatis
1780 1090 2131 1160 plenitudinis

548 1177 772 1235 Christi.
813 1178 966 1237 Unde
986 1181 1039 1236 in
1064 1185 1461 1240 resurrectione
1483 1184 1716 1249 Domini,
1756 1181 1972 1253 juvenis
2004 1197 2132 1240 coo-

547 1277 733 1341 pertus
753 1269 890 1327 stola
924 1272 1152 1328 candida
1175 1274 1398 1345 angelus
1423 1275 1690 1345 apparuit.

1137 1362 1366 1420 CAPUT
1404 1364 1543 1420 XVI.

618 1449 783 1509 Vsus.
811 1452 899 1509 η.
925 1480 991 1499 «ιν
1022 1472 1043 1507 ι
1074 1454 1433 1512 Horruerunt.
1470 1474 1490 1509 ι
1526 1455 1726 1513 Notare
1751 1457 1910 1513 debet
1936 1456 2127 1524 lector,

545 1554 729 1600 utrum
756 1548 939 1619 opinio
966 1560 1096 1605 vera
1135 1550 1227 1616 sit,
1274 1551 1418 1621 quod
1442 1548 1734 1622 Cambyses
1769 1550 1912 1606 ﬁlius
1938 1549 2065 1622 Cyri
2097 1562 2130 1605 a

543 1636 816 1709 plerisque
843 1638 948 1696 iste
972 1638 1471 1698 Nabuchodonosor
1490 1641 1666 1698 dictus
1692 1642 1781 1707 sit,
1810 1642 1901 1713 qui
1925 1640 2126 1709 Persis,

542 1729 734 1798 Medis,
762 1741 818 1789 et
852 1734 1091 1805 Assyriis
1118 1735 1421 1805 imperavit.

615 1817 779 1877 Vens.
821 1821 908 1877 16.
935 1850 1005 1864 —-
1039 1838 1060 1875 ι
1096 1822 1303 1879 Adonei
1347 1825 1594 1881 Domine.
1628 1844 1651 1879 ι
1700 1823 1880 1881 Unum
1932 1824 2001 1880 de
2039 1824 2131 1879 de-

544 1924 663 1968 cem
686 1913 995 1970 nominibus
1018 1915 1159 1985 apud
1190 1914 1445 1972 Hebraeos
1476 1917 1810 1987 signiﬁcans,
1852 1917 1996 1988 quod
2020 1917 2126 1973 Do-

2234 717 2453 790 sauguis
2482 730 2693 770 vermes
2717 723 2901 769 creat:
2944 715 3069 783 quia
3119 714 3406 769 delectatio
3432 717 3693 783 carnalis,
3730 719 3835 775 cui

2233 812 2310 869 sal
2335 810 2681 867 continentia:
2712 822 2817 863 non
2846 809 3069 873 resistit,
3116 824 3331 878 poenam
3362 820 3619 866 aeternam
3648 830 3837 883 gene-

2232 912 2319 958 rat
2345 902 2674 965 luxuriosis;
2712 900 2893 955 unde:
2948 916 2967 951 ι
3007 899 3220 956 Verinis
3248 916 3438 957 eorum
3473 918 3577 958 non
3612 906 3831 961 morie-

2231 1004 2340 1059 tur,
2370 1004 2427 1050 et
2450 993 2589 1065 ignis
2615 1008 2718 1048 non
2747 994 3123 1064 exstinguetur
3166 993 3300 1063 (lsa.
3328 995 3493 1067 uvn).
3530 1018 3550 1050 ι

2302 1087 2467 1143 Vens.
2510 1085 2602 1140 22.
2631 1116 2701 1126 —
2728 1102 2749 1137 ι
2781 1084 2847 1140 Et
2885 1085 3085 1140 factum
3118 1094 3221 1141 est.
3270 1104 3289 1140 ι
3347 1087 3555 1159 Adepta
3585 1090 3832 1146 victoria

2231 1179 2299 1235 de
2347 1179 2594 1233 hostibus
2644 1177 2798 1244 suis,
2841 1176 3075 1249 quisque
3122 1178 3330 1235 electos
3376 1179 3447 1234 ab
3492 1182 3639 1238 omni
3698 1184 3835 1241 labe

2229 1278 2509 1340 purgatus,
2559 1276 2816 1340 properat
2843 1269 2898 1324 in
2951 1282 3243 1341 supernam
3272 1271 3367 1326 Dei
3393 1271 3699 1341 civitatem,
3730 1276 3832 1332 ubi

2230 1368 2359 1418 vera
2390 1360 2526 1417 visio
2549 1360 2722 1432 pacis,
2748 1360 2839 1416 ubi
2866 1362 3043 1417 reddit
3069 1369 3194 1419 vota
3222 1374 3317 1418 sua
3344 1364 3636 1422 conditori.

2304 1452 2467 1509 Vens.
2489 1453 2580 1509 98.
2604 1478 2681 1496 —-
2710 1471 2730 1506 ι
2759 1453 2988 1510 Centum
3024 1454 3264 1527 quinque
3287 1497 3302 1521 ,
3343 1468 3447 1513 etc.
3478 1456 3586 1515 Pro
3612 1466 3831 1515 aeterna

2229 1545 2561 1602 beatitudine
2597 1547 2943 1604 centenarias
2985 1558 3245 1605 numerus
3288 1564 3318 1605 a
3349 1548 3483 1606 laeva
3529 1554 3731 1609 transit
3768 1555 3831 1610 in

2230 1637 2501 1694 dextram.

2307 1750 2326 1781 ι
2359 1730 2562 1785 Abram
2594 1745 2770 1787 suam.
2805 1750 2825 1785 ι
2880 1730 3082 1789 Abram
3114 1733 3413 1789 carnalium
3440 1738 3829 1793 conversatio-

2231 1836 2378 1886 nem,
2415 1836 2536 1891 quze
2559 1837 2775 1893 semper
2804 1823 2981 1879 timori
3007 1824 3239 1883 obnoxia
3281 1834 3366 1882 est
3408 1826 3461 1880 in
3505 1826 3829 1884 libertatem

2233 1911 2422 1980 gratiae
2445 1922 2501 1965 et
2547 1912 2614 1966 ad
2640 1913 2988 1969 securitatem
3020 1915 3307 1973 charitatis
3358 1917 3604 1972 ducendo
3630 1928 3689 1975 et
3728 1936 3832 1974 ex-

545 1999 726 2057 minus
750 2011 1017 2059 creature
1044 2004 1370 2061 dominetur.
1397 2006 1464 2062 Et
1498 2008 1816 2073 notandum,
1844 2007 1988 2077 quod
2009 2002 2130 2062 ubi-
2158 2017 2206 2079 Β
2232 2004 2499 2062 hortando
2516 2000 2780 2077 perducit,
2807 2015 2864 2062 ut
2887 2024 2994 2063 non
3025 2009 3236 2075 timore,
3265 2006 3357 2066 sed
3378 2026 3566 2068 amore
3592 2024 3829 2069 serviat.

543 2105 761 2163 cinoque
782 2093 867 2150 bis
908 2096 1158 2166 ponitur,
1192 2094 1487 2153 Dominus:
1519 2100 1751 2170 primum
1780 2112 2000 2165 nomen,
2052 2102 2132 2155 ts-

542 2188 962 2254 tragrammaton
985 2195 1087 2252 est,
1124 2195 1180 2244 et
1215 2189 1432 2260 proprie
1476 2188 1543 2244 ad
1570 2188 1738 2244 Deum
1764 2190 2023 2261 pertinet,
2071 2182 2128 2244 et

542 2270 813 2331 ineﬁ‘abile
836 2276 1072 2333 dicitur:
1118 2280 1417 2334 secundum
1459 2294 1764 2345 commune,
1811 2282 1953 2352 quod
1992 2297 2126 2339 eon-

540 2366 691 2423 venit
716 2367 1047 2425 hominibus.
1092 2370 1160 2425 Et
1176 2370 1315 2429 bene
1341 2371 1548 2427 Adonai
1580 2372 1840 2428 Dominus
1865 2374 2007 2430 illius
2028 2373 2126 2430 Dei

541 2458 779 2517 dicitur:
816 2460 944 2531 quia
970 2461 1113 2518 Dens
1140 2470 1197 2517 et
1222 2463 1403 2529 homo,
1432 2460 1691 2518 Dominus
1713 2473 1768 2518 et
1790 2466 1954 2532 Deus,
1979 2465 2125 2536 quod

540 2551 792 2609 omnibus
815 2552 1127 2609 dominetur
1160 2552 1247 2609 vel
1274 2554 1344 2609 ab
1365 2554 1619 2609 omnibus
1645 2553 1920 2609 timeatur.

611 2641 779 2701 Vm.
808 2643 898 2701 2t.
922 2666 994 2689 --
1020 2660 1042 2698 α
1071 2643 1133 2699 la
1178 2654 1373 2700 carnes
1415 2656 1627 2699 eorum.
1657 2663 1678 2697 ι
1715 2642 1862 2712 Quas
1904 2656 2124 2700 amave-

2302 2092 2469 2150 Vsns.
2497 2092 2589 2151 29.
2619 2125 2692 2136 —
2726 2115 2745 2148 ι
2773 2092 3043 2167 Luxitque
3070 2096 3215 2153 illam
3246 2100 3424 2155 omnis
3444 2096 3676 2171 p0pttlus
3701 2098 3833 2157 die-

2230 2185 2332 2243 bus
2359 2196 2585 2257 septem.
2619 2206 2639 2241 i
2698 2186 2866 2243 Electi
2912 2188 3007 2244 Dei
3056 2202 3153 2260 per
3194 2202 3355 2245 omne
3394 2198 3629 2264 tempus,
3675 2196 3832 2263 quod

2230 2287 2439 2350 septem
2486 2279 2678 2336 diebus
2713 2280 3003 2347 evolvitur,
3053 2290 3274 2352 propter
3320 2285 3830 2356 peregrinationem

2225 2364 2509 2441 pmsentis
2539 2368 2795 2425 Ecclesiae
2817 2410 2832 2436 ,
2884 2370 2938 2425 in
2964 2362 3149 2428 dolore
3183 2378 3237 2428 et
3286 2375 3487 2445 gemitu
3542 2392 3648 2431 non
3677 2375 3832 2430 λωί-

2226 2469 2426 2532 guntur
2450 2475 2533 2516 ει·
2566 2458 2966 2532 desperatione,
3009 2460 3103 2519 sed
3156 2462 3350 2520 futurae
3398 2466 3523 2523 vita:
3564 2469 3833 2525 recorda-

2227 2554 2389 2616 tione,
2437 2554 2594 2626 juxta
2631 2550 2805 2611 illud:
2848 2570 2869 2609 ι
2904 2552 3198 2625 Flevimcs,
3243 2560 3368 2617 dum
3401 2558 3835 2618 recordaremur

2227 2644 2359 2703 Sion
2385 2644 2558 2715 (Paul.
2589 2651 2834 2722 cum).
2869 2668 2891 2704 ι

1779 2893 2085 2972 LIBER
2156 2892 2581 2975 ESTHER.

1336 3139 1401 3199 Β.
1439 3136 1831 3200 HIERONYMI
1864 3136 1935 3201 IN
1971 3143 2238 3205 LIBRUM
2275 3145 2555 3204 ESTHER
2592 3145 2989 3209 PROLOGUS.

1492 3272 1659 3350 (Vide
1685 3277 1831 3333 inter
1852 3290 2013 3349 opem
2037 3276 2105 3333 Β.
2138 3272 2472 3353 Hieronymi,
2500 3294 2630 3342 tom.
2667 3285 2854 3361 VIII.)

1042 3492 1271 3560 CAPUT
1307 3492 1598 3556 PRIMUM.

2145 3504 2192 3569 C
2222 3504 2442 3576 nuptias
2469 3504 2581 3562 ﬁlio
2618 3520 2718 3563 suo
2755 3505 2970 3579 (Matth.
2995 3511 3156 3583 xm).
3189 3530 3208 3565 ι
3260 3512 3329 3568 Et
3359 3513 3489 3570 alibi
3524 3534 3537 3572 :
3590 3535 3612 3570 ‹
3645 3519 3826 3581 Homo

606 3623 792 3698 (Βηη
820 3635 1000 3693 cepas.
1025 3618 1082 3674 in
1102 3617 1195 3673 lib.
1225 3614 1438 3683 Esther,
1462 3622 1591 3673 tom.
1614 3610 1725 3688 III.)
1750 3612 1913 3707 Liber
1934 3613 2133 3707 Esther

2231 3593 2451 3663 quidam
2496 3590 2629 3652 fecit
2673 3611 2887 3653 ctenam
2927 3614 3217 3671 magnam:
3271 3600 3325 3660 et
3376 3606 3590 3664 vocavit
3622 3614 3828 3672 multos

531 3685 695 3791 quem
710 3685 921 3771 Hebrmi
949 3711 1090 3767 inter
1118 3707 1483 3781 hagiographa
1516 3685 1820 3772 numerant,
1851 3706 2051 3764 Christi
2075 3716 2131 3764 et
2414 3687 2546 3791 ιπητ
2578 3706 2614 3791 ’_
2649 3686 2819 3761 Huius
2844 3693 3077 3791 convivii
3110 3690 3353 3791 historia,
3387 3714 3640 3774 pompam
3682 3708 3825 3763 divi-

530 3807 791 3867 Ecclesia:
837 3805 1082 3861 continet
1109 3809 1473 3867 sacramenta,
1526 3809 1631 3856 etc.
1660 3840 1677 3867 ,
1718 3817 1880 3871 usque
1923 3800 1993 3855 ad
2034 3802 2127 3873 qui

532 3896 781 3970 regnavit
825 3903 948 3967 post
970 3893 1190 3949 Darium
1218 3899 1470 3964 patruum
1494 3899 1856 3963 cognomento
1882 3888 2127 3949 Nochum

537 3990 695 4046 annis
733 3985 1107 4057 quadraginta.

605 4078 770 4134 Vens.
797 4077 853 4133 2.
889 4105 964 4117 —
994 4091 1014 4127 ι
1051 4072 1229 4131 Susan
1250 4072 1471 4140 civitas,
1506 4091 1526 4126 ι
1562 4079 1668 4129 etc.
1700 4069 1879 4128 Susan
1922 4082 2124 4130 metro-

534 4170 675 4245 polis
701 4177 785 4227 est
809 4169 865 4224 in
903 4166 1153 4233 Perside,
1192 4182 1353 4238 quam
1376 4165 1528 4220 aiunt
1550 4164 1796 4220 historici
1825 4165 2125 4222 Memnonis

534 4261 760 4319 fratrem
786 4252 1156 4324 constituisse,
1207 4265 1262 4311 et
1307 4270 1338 4310 a
1379 4251 1502 4311 Susi
1544 4253 1708 4310 ﬂuvio
1745 4270 1940 4311 nomen
1970 4270 2125 4312 acce-

533 4355 700 4429 pisse.
729 4342 806 4410 Ibi
836 4360 921 4410 est
950 4352 1097 4423 regia
1125 4350 1316 4407 domus
1340 4342 1467 4421 Cyri
1501 4346 1677 4418 lapide
1703 4342 1931 4404 candido
1953 4358 2009 4405 et
2030 4364 2125 4403 va-

532 4448 638 4512 rio,
666 4446 935 4503 columnis
962 4444 1163 4510 aureis,
1206 4453 1263 4499 et
1302 4442 1652 4511 laquearibus
1680 4441 2014 4512 gemmisque
2043 4441 2124 4497 di-

529 4538 767 4597 stincta:
816 4536 940 4594 celi
988 4535 1273 4593 continens
1315 4533 1667 4590 simulacrum
1707 4532 1879 4589 stellis
1918 4534 2122 4590 mican-

529 4630 678 4689 tibus
702 4631 1037 4703 insignitum,
1069 4638 1123 4685 et
1154 4626 1491 4685 incredibilia
1519 4627 1707 4683 multa.
1739 4626 1817 4684 Ibi
1846 4626 2121 4685 Assuerus

530 4721 838 4778 convivium
884 4720 1179 4775 maximum
1217 4718 1457 4785 divitiis,
1505 4728 1560 4774 et
1590 4720 1868 4791 c0piosum
1910 4720 2121 4777 deliciis

526 4814 846 4873 celebravit.
898 4812 1084 4869 Virtus
1136 4828 1370 4883 namque
1412 4810 1554 4869 sacri
1605 4810 1844 4884 eloquii,
1898 4814 1978 4869 sic
2016 4813 2116 4867 ali-

530 4908 748 4980 quando
779 4914 1052 4963 transacta
1084 4913 1292 4971 narrat,
1341 4914 1402 4961 ut
1443 4914 1670 4960 ventura
1698 4905 2004 4975 exprimat:
2038 4906 2116 4961 sic

529 5001 795 5059 factorem
819 4999 1102 5072 approbat,
1157 5007 1217 5055 ut
1248 4998 1296 5054 ei
1326 4997 1379 5052 in
1407 4997 1708 5053 ministerio
1735 4998 2073 5053 contradicat
2097 5016 2111 5053 :

528 5092 612 5150 sic
648 5101 801 5165 gesta
854 5092 1113 5158 damnat,
1160 5097 1218 5145 ut
1264 5090 1383 5146 haec
1424 5090 1653 5164 mystice
1698 5088 1933 5161 gerenda
1984 5106 2113 5146 sua-

529 5184 676 5242 deat.

558 5308 568 5319 -
600 5275 765 5333 Vens.
794 5275 850 5331 ὅ.
875 5303 947 5316 —
979 5291 999 5325 ι
1032 5256 1220 5331 Tertio
1251 5273 1416 5345 igitur
1440 5287 1601 5329 anno.
1631 5290 1651 5325 ι
1688 5270 1974 5342 Tempore,
2006 5272 2113 5327 sci-

528 5370 679 5438 licet,
706 5369 864 5425 istius
910 5368 1092 5425 saeculi
1140 5366 1535 5423 incarnationis
1581 5380 1691 5421 sua?
1716 5373 2118 5421 sacramentum

528 5462 804 5537 patefecit,
830 5470 887 5517 et
913 5460 1225 5533 spirituales
1244 5457 1432 5530 epulas
1463 5456 1884 5528 praedicationis,
1916 5468 1971 5515 et
2000 5474 2122 5517 cor-

524 5557 677 5630 poris
723 5564 783 5612 et
807 5553 1085 5627 sanguinis
1119 5553 1203 5610 sui
1258 5548 1723 5607 abundantissime
1772 5552 2115 5610 ministravit.

526 5646 770 5706 Primum
815 5657 1026 5718 tempus
1072 5654 1199 5703 ante
1245 5643 1439 5717 legent,
1489 5643 1786 5702 secundum
1840 5646 1940 5703 sub
1972 5644 2116 5720 lege,

531 5739 751 5796 tertium
778 5740 879 5796 sub
901 5738 1097 5812 gratia.

608 5847 627 5881 ι
678 5828 894 5887 Grande
945 5830 1251 5887 convivium
1317 5830 1531 5887 cunctis
1591 5832 1944 5904 principibus.
1983 5854 2001 5887 ι
2046 5867 2115 5878 -

536 5937 556 5975 ι
596 5922 782 5978 Simile
809 5932 892 5979 est
914 5937 1134 5987 regnum
1167 5924 1431 5982 caelorum
1460 5924 1664 5984 homini
1697 5930 1810 5996 regi
1851 5929 1942 5991 qui
1988 5927 2119 5986 iecit

2229 3776 2449 3845 tiarum,
2499 3789 2555 3836 et
2598 3780 2785 3838 luxum
2816 3784 2956 3855 regis
2979 3787 3218 3843 ostendit
3243 3808 3255 3844 :
3303 3790 3399 3846 sed
3428 3793 3631 3850 Christi
3661 3799 3824 3867 spiri-

2229 3871 2400 3927 tuales
2425 3872 2647 3930 delicias
2687 3891 2825 3946 quas
2867 3879 3158 3949 Unicuique
3199 3884 3493 3955 dispensat,
3529 3889 3821 3961 allegorice

2227 3964 2514 4036 signiﬁcat.
2567 3967 2816 4025 Christus
2842 3972 2986 4026 enim
3019 3982 3102 4028 est
3135 3974 3225 4031 ille
3250 3977 3551 4035 ditissimus
3573 3998 3692 4047 rex,
3724 3985 3820 4054 qui
3862 4038 3879 4051 ,

2225 4057 2410 4113 uxoris
2455 4074 2585 4125 sum,
2628 4058 2681 4115 id
2710 4066 2791 4117 est
2820 4060 3096 4131 Ecclesiae,
3127 4066 3382 4137 precibus
3409 4084 3685 4139 exoratus,
3725 4074 3823 4130 Ju-

2225 4148 2389 4215 daros,
2445 4151 2497 4205 id
2522 4158 2607 4207 est
2635 4150 2975 4210 confessores
3003 4170 3149 4224 suos,
3178 4159 3244 4213 de
3272 4175 3435 4214 manu
3471 4162 3818 4221 inimicorum

2222 4237 2435 4305 liberat,
2483 4250 2646 4312 atque
2692 4243 2837 4313 ipsos
2880 4244 3025 4319 jnste
3058 4250 3402 4305 condemnat.
3456 4252 3641 4324 Neque
3669 4258 3817 4312 enim

2222 4347 2445 4389 necesse
2480 4342 2582 4400 est,
2634 4344 2694 4391 ut
2739 4337 2783 4391 si
2817 4337 3119 4409 aliquorum
3172 4342 3312 4396 bona
3340 4338 3616 4401 Christum
3647 4348 3821 4418 signi-

2224 4422 2409 4491 ﬁcant,
2465 4438 2652 4480 eorum
2702 4436 2917 4498 quoque
2966 4429 3105 4486 mala
3140 4432 3280 4503 ipsi,
3331 4432 3540 4491 scilicet
3594 4436 3826 4495 Christo

2222 4519 2568 4573 conveniant.
2607 4516 2817 4593 Moyses
2841 4520 2986 4577 enim
3018 4520 3070 4578 in
3113 4524 3297 4583 multis
3326 4526 3603 4584 Christum
3642 4532 3819 4604 signi-

2221 4611 2447 4679 ﬁcavit;
2502 4613 2595 4668 sed
2627 4629 2734 4670 non
2776 4615 2828 4669 in
2868 4616 2992 4679 hoc,
3045 4618 3190 4687 quod
3219 4619 3287 4673 ad
3328 4636 3499 4691 aquas
3542 4625 3827 4679 cantradi-

2221 4702 2416 4757 ctionis
2445 4702 2731 4758 dubitavit.
2763 4703 2871 4759 Sed
2901 4721 3003 4760 nec
3027 4706 3208 4763 Aaron
3244 4709 3451 4764 factura
3486 4712 3654 4766 vituli.
3706 4712 3823 4794 Nec

2223 4793 2477 4849 Salomon
2510 4795 2562 4849 in
2596 4796 2757 4850 sorde
2788 4796 3043 4853 libidinis.
3079 4797 3169 4854 Sic
3196 4800 3464 4856 Assuerns
3500 4803 3550 4856 in
3604 4804 3709 4860 isto
3728 4793 3823 4873 ju-

2223 4887 2385 4950 dicio,
2418 4896 2476 4942 ut
2502 4888 2553 4943 in
2582 4888 2789 4944 liberali
2815 4892 3063 4947 convivio
3091 4892 3368 4950 Christum
3401 4896 3693 4969 signiﬁcat.
3740 4902 3821 4955 si-

2224 4988 2313 5036 cut
2349 4978 2516 5035 Isaias
2542 4980 2595 5034 in
2624 4980 2767 5052 Cyro
2814 4994 2938 5053 rege
2976 4982 3261 5063 Persarum
3305 4986 3581 5042 Christum
3614 4990 3818 5063 signat,

2223 5073 2289 5128 de
2317 5086 2425 5144 quo
2452 5082 2637 5144 postea
2668 5074 2935 5147 subiungit
2968 5096 2979 5131 :
3021 5096 3041 5130 ‹
3081 5078 3304 5135 Accinxi
3335 5088 3384 5135 te
3405 5088 3459 5135 et
3487 5096 3594 5137 non
3618 5098 3822 5155 cogno-

2220 5166 2346 5221 visti
2378 5178 2467 5222 me
2495 5166 2629 5239 (Ita.
2664 5168 2809 5241 ην),
2848 5188 2867 5222 ι
2907 5179 3015 5226 etc.
3069 5166 3127 5227 Si
3166 5174 3311 5228 enim
3342 5182 3495 5248 reges
3545 5176 3717 5250 iniqui
3759 5177 3817 5233 in

2221 5260 2523 5317 malefactis
2549 5262 2820 5318 diabolum
2852 5264 3157 5336 signiﬁcant
3183 5284 3198 5333 ;
3236 5276 3335 5323 cur
3364 5284 3469 5323 non
3502 5282 3657 5340 reges
3679 5268 3817 5338 justi

2223 5351 2276 5406 in
2306 5351 2634 5418 benefactis,
2684 5353 2960 5411 Christum
3005 5356 3422 5415 demonstrant!
3461 5352 3821 5418 Nabuchodo-

2222 5460 2386 5501 nosor
2429 5444 2595 5515 jussit
2641 5448 2867 5518 populos
2911 5450 3095 5506 audita
3131 5444 3574 5524 symphoniarum
3599 5462 3654 5509 et
3693 5470 3817 5509 mu-

2221 5532 2459 5593 sicorum
2489 5554 2619 5595 voce
2650 5548 2953 5611 prostratos
2995 5551 3229 5598 statuam
3284 5560 3530 5600 adorare.
3580 5538 3647 5600 Et
3691 5546 3811 5601 dia-

2220 5624 2375 5685 bolus
2403 5631 2648 5687 molari
2680 5632 2963 5689 dulcedine
2991 5646 3164 5705 genus
3200 5634 3494 5690 humanum
3525 5630 3753 5691 inﬂectit
3780 5652 3813 5689 a
3894 5684 3917 5705 ,

2222 5724 2421 5783 tuentis
2454 5724 2777 5783 rectitudine
2810 5727 2878 5783 ad
2904 5729 3235 5798 sequendam
3266 5729 3547 5785 avaritiam
3580 5742 3699 5799 qua!
3731 5738 3815 5785 est

2222 5814 2632 5873 simulacrorum
2662 5818 2912 5875 servitus.

2298 5910 2457 5967 Vens.
2492 5911 2542 5965 5.
2580 5944 2644 5953 -
2675 5934 2691 5959 ‹
2740 5912 2865 5967 Dies
2894 5913 3144 5969 convivii.
3189 5928 3207 5965 ι
3254 5910 3555 5985 Magnetum
3586 5910 3666 5969 vel
3694 5914 3811 5983 pri-
