4122 6350
334 472 433 534 7M

1318 476 1583 536 GLOSSA
1624 472 2019 536 0RDINARIA.
2057 505 2128 518 —
2159 476 2288 532 LIB.
2326 466 2623 534 ESTHER.

3492 482 3594 543 ιιι

330 571 640 649 mitivorum
692 591 928 647 ﬁdelium
976 593 1137 662 primi
1189 590 1377 648 refecti
1421 602 1564 659 sunt,
1607 595 1902 651 secundum
1929 574 1980 656 Ᾱ
2006 584 2202 662 quibus
2253 598 2379 647 ante
2428 590 2613 648 ﬁdeles
2671 598 2933 665 paverat,
2981 590 3360 650 abundantiori
3416 598 3592 669 gratia

332 685 502 741 illud:
550 701 569 734 1
604 682 721 738 Non
753 698 870 739 sum
918 685 1112 741 missus
1156 685 1260 741 nisi
1312 685 1379 741 ad
1430 698 1585 750 oves,
1625 700 1747 757 quae
1771 686 1913 757 peri-

329 788 491 834 erunt
517 776 707 833 domus
738 776 907 832 Israel
947 766 1163 846 (Matth.
1194 778 1303 850 tv).
1340 796 1358 830 1
1401 778 1461 833 In
1488 778 1912 835 circumcisionis

331 878 669 927 sacramento
703 870 996 925 Dominicae
1024 868 1457 937 resurrectionis,
1484 880 1538 928 et
1558 869 1703 928 Novi
1721 872 1910 928 Testa-

330 962 501 1017 menti
531 967 586 1016 et
628 972 769 1017 verae
802 961 1271 1018 circumeisionis:
1327 968 1385 1019 et
1420 974 1544 1021 octo
1571 966 1694 1020 sunt
1736 964 1911 1020 beati-

333 1052 568 1119 tudines,
600 1053 670 1109 ad
696 1060 833 1124 quas
863 1053 1005 1108 istud
1032 1054 1342 1110 convivium
1384 1056 1646 1126 perducit,
1688 1054 1831 1127 quod
1853 1054 1914 1111 lit

331 1152 540 1200 tantum
578 1144 809 1213 diebus;
857 1143 986 1202 mall
1024 1153 1210 1202 autem
1248 1146 1672 1203 comitabantur
1712 1146 1768 1201 in
1815 1154 1914 1202 tto-

328 1235 524 1291 ctibus.
751 1272 767 1287 .

400 1327 565 1384 Vsus.
610 1325 665 1383 6.
693 1356 766 1369 —
798 1344 820 1383 1
858 1326 924 1383 Et
961 1327 1288 1400 pendebant.
1324 1336 1343 1382 ι
1376 1326 1579 1400 Dyssus
1617 1326 1913 1385 mortiﬁca-

329 1420 531 1475 tionem
575 1420 756 1476 carnis
789 1420 1077 1493 signiﬁcat.
1125 1419 1372 1492 Purpura
1417 1421 1913 1492 sanguinem-mar-

330 1511 476 1583 tyrii.
528 1502 1197 1577 Columnaa‘marmorear,
1244 1512 1557 1569 ﬁrmitatem
1606 1512 1907 1568 doctorum.

328 1603 473 1659 Bene
496 1616 626 1676 ergo
646 1605 846 1660 dicitur
868 1606 1014 1676 quod
1051 1606 1287 1661 tentoria
1319 1606 1519 1663 diversi
1547 1607 1747 1663 coloris
1787 1605 1914 1678 bys-

2014 678 2399 739 manifeStavlt.

2084 775 2246 830 Vsus.
2297 772 2382 830 l2.
2406 807 2480 818 —
2502 776 2634 845 Quae
2658 775 2853 831 renuit.
2884 794 2903 827 1
2958 770 3075 832 Non
3122 778 3295 833 solum
3326 778 3596 853 legatores

2013 865 2337 935 despiciens,
2385 866 2478 921 sed
2529 874 2584 920 et
2612 866 2755 937 regis
2798 866 3118 936 imperium;
3158 866 3298 925 unde
3328 870 3380 923 in
3414 866 3592 925 Evan--

2011 952 2172 1025 gelio,
2201 955 2383 1010 senior
2405 948 2547 1011 Illius
2575 966 2605 1010 a
2638 963 2791 1026 patre
2823 948 3037 1026 rogatus
3065 946 3134 1011 ad
3162 958 3464 1017 convivium
3498 974 3592 1013 no-

2012 1044 2112 1101 luit
2137 1044 2409 1103 introire:
2469 1055 2523 1100 et
2555 1046 2647 1117 qui
2674 1044 2742 1103 ad
2784 1062 2993 1102 caenam
3030 1048 3221 1111 vocali,
3265 1048 3385 1105 aliis
3433 1052 3590 1106 rebus

2012 1142 2284 1211 occupati,
2316 1134 2606 1197 noluerunt
2631 1144 2839 1209 venire,
2865 1142 3020 1214 juxta
3054 1140 3475 1217 indignationem
3506 1162 3594 1218 pa-

2012 1231 2350 1291 trisfamilias
2376 1274 2393 1303 ,
2439 1234 2625 1307 rejecti
2661 1244 2867 1292 suntet
2896 1236 2988 1293 alii
3012 1234 3131 1293 loco
3157 1234 3368 1294 illorum
3393 1240 3565 1295 consti

2013 1324 2135 1380 tuti.

2084 1412 2250 1474 Vsus.
2280 1414 2369 1475 Ιϐ.
2397 1450 2470 1462 -
2495 1439 2515 1473 1
2553 1416 2956 1493 Responditque
2996 1416 3318 1480 Mamuchan
3346 1420 3596 1483 audiente

2017 1526 2037 1561 1
2082 1506 2208 1582 rege
2254 1516 2419 1582 atque
2472 1510 2840 1585 principibus:
2879 1514 2993 1571 Non
3040 1517 3213 1572 solum
3246 1533 3428 1590 regem
3460 1517 3589 1574 laesit

2017 1618 2037 1652 1
2084 1600 2295 1671 regina,
2331 1622 2350 1656 1
2383 1611 2490 1658 etc.
2522 1596 2621 1659 Hic
2646 1605 2970 1662 novissimus
2995 1605 3047 1661 in
3069 1607 3259 1663 ordine
3283 1618 3596 1679 septemsa-

328 1694 463 1751 sinis
486 1703 541 1751 et
568 1697 854 1767 purpureis
882 1694 1101 1753 funibus
1138 1702 1236 1769 per
1282 1696 1514 1754 circulos
1543 1696 1809 1754 eburneos
1855 1696 1908 1752 in
2009 1692 2254 1763 pientum
2272 1694 2941 1760 numeratus,sententiam
2962 1698 3284 1771 promulgat,
3300 1698 3594 1755 etPaulum

326 1784 595 1841 columnis
644 1787 960 1843 marmoreis
1009 1787 1515 1857 suspendebantur;
1569 1788 1695 1858 quia
1748 1786 1913 1844 decor
2009 1785 2308 1856 apostolum
2334 1786 2601 1859 signiﬁcat
2623 1788 2716 1858 qui
2742 1789 2913 1844 dicit:
2973 1808 2993 1841 1
3025 1789 3139 1861 Ego
3165 1792 3285 1845 sum
3337 1790 3594 1845 minimus

328 1874 583 1932 Ecclesiae
628 1874 685 1931 in
728 1877 1005 1949 sapientiae
1050 1878 1404 1935 meditatione
1446 1886 1501 1935 et
1546 1878 1601 1934 in
1648 1879 1908 1934 virtutum
2011 1877 2398 1946 apostolorum,
2436 1868 2530 1952 qui
2565 1892 2671 1936 non
2719 1896 2837 1936 sum
2860 1878 3055 1952 dignus
3102 1881 3285 1936 vocari
3322 1881 3595 1953 apostolus

327 1969 643 2024 ascensiOne
667 1980 765 2039 per
791 1969 970 2026 carnis
1016 1968 1487 2025 mortiﬁcationem
1522 1976 1579 2026 et
1601 1970 1903 2025 mstitatem
1935 1970 1980 2033 Β
2008 1966 2057 2040 (1
2088 1967 2210 2025 Cor.
2240 1971 2352 2042 xv).
2388 1990 2409 2024 1
2447 1966 2516 2027 Et
2541 1968 3036 2030 contradicentibus
3061 1970 3263 2031 Iudaeis
3292 1982 3345 2029 et
3371 1970 3489 2029 zelo
3512 1988 3596 2029 re-
3646 1977 3651 1985 '

325 2068 449 2115 cum
489 2059 737 2131 martyrii
784 2060 1048 2132 dignitate
1096 2061 1151 2116 in
1196 2061 1510 2117 doctoribus
1550 2061 1709 2117 debet
1752 2059 1905 2117 eII'ul-
2006 2061 2165 2133 pletis
2184 2063 2297 2118 ait;
2336 2081 2357 2116 1
2383 2063 2518 2133 Quia
2548 2080 2645 2122 vos
2670 2062 3192 2137 indiguosjudicatis
3212 2066 3335 2122 vitae
3355 2075 3590 2133 eterna,

327 2162 492 2223 gere;
544 2160 600 2208 et
623 2152 863 2222 ipsorum
891 2154 1061 2210 verbo
1096 2160 1152 2210 et
1179 2153 1429 2223 exemplo
1454 2151 1523 2207 ad
1550 2152 1778 2208 aliorum
1810 2166 1907 2209 no-

324 2244 499 2301 titiam
536 2246 860 2317 pervenire:
910 2250 969 2303 ut
994 2247 1064 2301 ab
1088 2244 1175 2301 his
1215 2244 1467 2301 instructi
1491 2252 1547 2302 et
1593 2244 1903 2309 confortati,

325 2336 501 2393 aulam
530 2338 766 2409 paradisi
792 2348 1107 2395 mereantur
1132 2338 1381 2393 introire.

400 2440 423 2480 1
453 2427 521 2482 Et
544 2429 812 2484 columnis
853 2428 1179 2484 marmoreis
1226 2426 1605 2483 iniciebantur.
1638 2444 1657 2479 1
1712 2424 1773 2483 Id
1800 2428 1904 2494 est,

325 2520 636 2577 doctoribus
670 2521 738 2576 de
763 2520 959 2591 quibus
987 2519 1227 2575 dicitur:
1280 2538 1300 2572 1
1332 2518 1446 2591 Ego
1478 2518 1794 2575 confirmavi
1817 2535 1908 2575 co-

322 2612 535 2671 lumnas
562 2612 682 2685 ejus
710 2611 884 2685 (Paul.
908 2615 1111 2695 ustv).
1143 2633 1163 2668 1
1208 2612 1287 2669 E1
1315 2612 1444 2669 alibi
1480 2631 1491 2666 :
1555 2630 1577 2664 1
1613 2610 1906 2669 Columnas

322 2705 450 2764 fecit
476 2710 783 2778 argenteas,
816 2706 1216 2763 reclinatorium
1239 2720 1462 2761 aureum
1488 2702 1669 2777 (Cant.
1702 2708 1811 2777 nt).
1846 2722 1866 2758 1

399 2816 419 2850 1
450 2795 625 2869 Super
645 2798 1036 2869 pavimentum.
1074 2816 1097 2851 1
1136 2795 1471 2867 Smaragdus
1514 2810 1545 2849 a
1574 2795 1743 2850 nimia
1778 2794 1907 2850 viri-

322 2888 492 2946 ditate
539 2890 621 2946 sui
668 2890 751 2946 sic
795 2898 1040 2946 vocatur.
1094 2888 1315 2944 Parium
1341 2927 1356 2953 ,
1406 2898 1575 2959 genus
1618 2885 1908 2941 marmoris

321 2983 785 3040 candidissimum.
838 2981 944 3038 Per
984 2981 1220 3036 virorem
1263 2979 1407 3035 enim
1455 2975 1578 3033 ﬁdei
1611 2984 1666 3033 et
1708 2976 1908 3033 cando-

322 3091 437 3132 rem
468 3075 743 3131 castitatis
770 3071 1107 3130 construitur
1123 3071 1534 3128 fundamentum
1562 3068 1905 3129 humilitatis.

327 3184 348 3221 1
383 3165 535 3222 Beati
562 3166 708 3222 enim
743 3180 1008 3237 pauperes
1026 3165 1244 3236 spiritu,
1272 3164 1527 3235 quoniam
1555 3164 1794 3234 ipsorum
1825 3169 1909 3218 est

320 3274 546 3331 regnum
571 3258 855 3314 ctelorum.
886 3256 1103 3329 (Matth.
1135 3255 1215 3332 v)_.
1249 3274 1270 3307 1
1303 3254 1407 3310 Et:
1441 3271 1461 3307 1
1493 3253 1597 3323 Qui
1643 3268 1704 3310 se
1730 3252 1907 3310 humi-

2006 2168 2134 2211 ecce
2161 2155 2527 2212 convertimur
2555 2156 2623 2213 ad
2651 2166 2839 2228 gentes
2869 2156 3006 2225 (Act.
3043 2156 3188 2230 xm).
3222 2176 3243 2210 1

2632 2284 2862 2344 CAPUT
2898 2285 2964 2342 II.

2079 2419 2242 2476 Vsus.
2268 2412 2324 2475 7.
2348 2447 2421 2460 -
2454 2436 2476 2472 1
2507 2417 2612 2487 Qui
2635 2418 2758 2475 fuit.
2788 2439 2808 2473 1
2844 2418 3044 2495 Esther
3083 2416 3285 2476 dicitur
3313 2418 3594 2489 absconsa,

2007 2508 2220 2574 Edissa,
2251 2507 2684 2565 misericordiam
2716 2504 3027 2565 consecuta.
3074 2509 3199 2567 Hazc
3226 2518 3311 2568 est
3357 2511 3598 2582 gentium

2006 2596 2270 2666 Ecclesia,
2313 2612 2436 2670 qua
2472 2599 2525 2653 in
2551 2599 2866 2656 abscondito
2895 2600 3076 2656 cordis
3105 2602 3348 2657 nutriens
3374 2600 3597 2658 castita-

2006 2700 2115 2748 tem
2158 2691 2301 2756 ﬁdei,
2338 2693 2767 2750 misericordiam
2814 2700 2869 2748 et
2895 2694 3125 2766 gratiam
3176 2706 3360 2750 coram
3412 2692 3589 2750 oculis

2006 2780 2220 2837 Domini
2255 2781 2479 2847 invenit,
2523 2781 2803 2855 repudiata
2853 2798 3125 2856 synagoga
3149 2824 3166 2850 ,
3218 2800 3339 2857 quae
3370 2780 3423 2839 in
3461 2784 3599 2841 Osee

2006 2872 2304 2929 vocabatur
2348 2870 2553 2944 absque
2591 2872 2986 2930 misericordia.
3038 2872 3187 2930 Hanc
3237 2874 3407 2930 nutrit
3451 2872 3595 2929 Mar-

2007 2962 2261 3020 docbaaus
2285 2964 2601 3035 spiritualis,
2629 2972 2683 3020 et
2707 2966 2926 3036 adoptat
2962 2964 3018 3020 in
3061 2964 3229 3021 ﬁliam
3254 2962 3346 3038 qui
3374 2972 3459 3021 est
3494 2960 3590 3022 do-

2006 3062 2131 3111 ctor
2150 3056 2390 3125 gentium
2421 3056 2475 3111 in
2506 3056 2612 3111 ﬁde
2652 3064 2707 3112 et
2748 3057 2998 3124 veritate,
3028 3064 3084 3113 et
3105 3066 3189 3114 est
3222 3060 3288 3116 de
3319 3060 3486 3131 stirpe
3511 3056 3599 3116 Je-

2007 3146 2165 3215 mini,
2200 3146 2303 3203 hoc
2335 3152 2421 3204 est
2447 3144 2515 3203 de
2542 3148 2710 3219 stirpe
2734 3146 3034 3217 Beniamin.

2079 3239 2243 3297 Vsus.
2299 3238 2356 3296 8.
2389 3269 2461 3280 —
2506 3257 2527 3292 1
2566 3238 2783 3295 Esther.
2820 3258 2841 3293 1
2899 3239 3051 3296 Hanc
3099 3239 3599 3300 Nabuchodonosor

323 3330 419 3406 ιω
444 3349 773 3407 exaltabit,"-
810 3347 961 3422 (ιη,
995 3349 1073 3421 χ),
1119 3330 1186 3403 Ει
1208 3346 1381 3403 “ibi;
1419 3364 1440 3400 ε
1476 3346 1680 3406 Discite
1722 3361 1759 3405 ι
1795 3360 1905 3414 ωε,
1934 3334 1981 3403 C
2011 3331 2308 3422 spiritualis
2333 3340 2390 3388 et
2416 3346 2512 3387 rex
2541 3330 2875 3422 confusionis
2905 3334 3189 3388 anaturali
3229 3333 3348 3404 lege
3373 3343 3428 3390 et
3450 3335 3598 3393 cultu

322 3444 450 3514 quia
477 3442 623 3497 mitis
646 3454 765 3496 sum
798 3438 1013 3514 (Matth.
1044 3437 1149 3509 ιι),
1183 3458 1203 3492 1
1242 3450 1351 3495 etc.

394 3533 559 3591 Vsus.
593 3532 646 3587 Ἰ.
669 3561 741 3575 -
771 3551 790 3591 1
824 3530 1044 3587 Vinum.
1074 3549 1093 3583 1
1125 3528 1435 3585 Secundum
1464 3528 1596 3586 illud
1626 3548 1639 3586 :
1674 3547 1694 3583 1
1721 3528 1910 3588 Chari-

327 3633 410 3682 tas
453 3625 550 3681 Dei
593 3623 788 3680 diﬁ'usa
816 3630 900 3679 est
928 3622 983 3678 in
1013 3621 1266 3678 cordibus
1315 3620 1519 3677 nostris
1566 3619 1744 3693 (Rom.
1770 3621 1849 3693 v),
1883 3640 1904 3677 1

323 3726 430 3773 etc.
479 3712 585 3771 Alii
614 3715 776 3771 datur
815 3728 998 3771 sermo
1033 3713 1298 3781 scientiae,
1346 3712 1437 3768 alii
1486 3710 1783 3784 sapientia,
1815 3713 1910 3770 alii

326 3807 482 3873 ﬁdes,
509 3806 602 3863 alii
630 3806 806 3879 gratia
831 3805 1145 3862 sanitatum.

399 3918 418 3953 1
456 3899 711 3956 Nolentes
764 3906 982 3969 cogeret
1032 3897 1102 3952 ad
1149 3896 1461 3964 bibendum,
1513 3918 1533 3952 1
1586 3905 1694 3953 etc.
1740 3895 1910 3953 Nemo

323 3992 535 4065 cogitur
592 3988 870 4063 spirituale
934 3988 1135 4043 Jouum
1211 3990 1459 4058 accipere
1513 4006 1528 4044 ε
1588 3986 1728 4043 ﬁlios
1799 3987 1914 4042 vult

324 4086 491 4153 Deus,
530 4100 637 4141 non
684 4097 870 4140 servos
920 4099 934 4136 :
987 4080 1315 4136 voluntatem
1366 4080 1515 4148 vult,
1556 4096 1663 4136 non
1720 4092 1910 4135 neces-

324 4182 543 4236 sitatem
567 4216 587 4243 ,
641 4175 939 4233 secundum
990 4172 1120 4228 illud
1179 4190 1194 4229 :
1252 4192 1273 4226 1
1341 4172 1443 4242 Qui
1494 4180 1672 4245 potest
1717 4185 1913 4242 capere

325 4266 508 4337 capiat
554 4262 771 4337 (Matth.
822 4259 961 4332 nx).
992 4280 1011 4315 1
1053 4260 1209 4316 Item.
1270 4281 1287 4314 1
1327 4260 1388 4317 Si
1420 4261 1505 4317 vis
1529 4262 1597 4317 ad
1625 4262 1795 4317 vitam
1824 4262 1911 4317 in-

324 4358 500 4431 gredi,
528 4370 684 4412 serva
710 4354 964 4409 mandata
988 4350 1198 4423 (lbid.).
1228 4371 1247 4403 1
1266 4352 1368 4407 Et:
1403 4371 1422 4403 1
1442 4351 1501 4409 Si
1531 4353 1615 4409 vis
1637 4352 1913 4424 perfectus

323 4466 463 4516 esse,
494 4448 631 4504 vade
661 4455 719 4502 et
742 4442 916 4501 vende
943 4444 1125 4501 omnia
1152 4459 1273 4515 quae
1309 4445 1479 4501 habes
1507 4443 1721 4517 (Ibid.),
1748 4463 1768 4497 1
1803 4451 1910 4500 etc.

2008 3424 2169 3480 unius
2195 3418 2291 3479 Dei
2336 3423 2389 3479 in
2429 3416 2800 3480 confusionem
2833 3423 3150 3480 idololatria:
3179 3425 3475 3491 transtulit,
3505 3427 3600 3483 sed

2007 3516 2186 3588 pietas
2216 3514 2395 3571 divina
2433 3510 2501 3571 ad
2529 3514 2672 3571 viam
2702 3514 2947 3571 veritatis
2972 3529 3071 3586 per
3104 3512 3487 3588 praedicatores
3515 3533 3601 3575 re-

2008 3604 2243 3663 vocavit.

2079 3694 2244 3755 Vsus.
2277 3680 2331 3753 9:
2360 3727 2433 3737 —
2463 3713 2482 3749 1
2512 3692 2580 3753 Et
2615 3704 2822 3769 septem
2857 3694 3085 3769 puellas.
3121 3715 3141 3750 1
3196 3696 3252 3754 Id
3280 3706 3385 3766 est,
3416 3694 3600 3759 ﬁdeles

2011 3789 2218 3845 animas
2248 3786 2454 3859 Spiritu
2483 3790 2657 3844 sancti
2699 3788 2873 3861 gratia
2919 3799 3266 3862 regeneratas
3292 3800 3455 3862 atque
3505 3793 3598 3849 de-

2010 3881 2219 3938 dicatas
2251 3897 2368 3953 quae
2410 3880 2528 3952 ejus
2557 3892 2858 3953 sequuntur
2882 3884 3129 3956 vestigia,
3166 3880 3292 3953 ﬁde,
3320 3886 3592 3954 doctrina,

2009 3985 2065 4032 et
2092 3976 2428 4048 operatione,
2487 3976 2553 4031 de
2606 3977 2800 4048 quibus
2827 3976 3063 4035 dicitur:
3116 3995 3135 4030 1
3168 3976 3597 4036 Adolescentula:

2011 4068 2313 4125 dilexerunt
2336 4076 2386 4125 te
2420 4064 2599 4125 nimis.
2632 4089 2652 4123 1

2088 4181 2106 4212 1
2142 4158 2273 4230 Quae
2304 4156 2496 4217 uoluit.
2536 4180 2555 4213 1
2589 4159 2724 4229 Quia
2751 4169 3098 4233 peccatorum
3126 4156 3247 4219 labe
3272 4166 3328 4219 et
3350 4163 3600 4221 sordibus

2012 4246 2327 4307 idololatria
2372 4267 2472 4321 per
2522 4251 2848 4323 baptismum
2900 4253 3199 4319 mundata,
3252 4252 3598 4325 opprobrium

2010 4342 2253 4413 pristina:
2286 4338 2586 4413 iniquitatis
2609 4359 2717 4397 non
2746 4343 3003 4397 sustinuit
3030 4343 3188 4397 ultra.

2083 4434 2248 4493 Vsus.
2303 4432 2388 4489 i3.
2441 4465 2514 4476 --
2568 4455 2588 4487 1
2634 4435 3129 4506 lngredientesque.
3177 4455 3197 4489 1
3256 4432 3602 4509 Quaecunque

400 4542 562 4599 Vsus.
598 4540 651 4596 8.
680 4569 752 4580 -—
778 4538 1161 4608 Unusquisque
1187 4537 1331 4608 quod
1374 4537 1555 4604 vellet,
1587 4556 1607 4590 ι
1664 4545 1769 4592 etc.
1815 4534 1917 4592 se.
2012 4526 2189 4579 anima
2217 4530 2389 4578 certat
2435 4524 2502 4579 ad
2536 4522 2831 4578 thalamum
2858 4522 3059 4579 Christi
3099 4532 3416 4596 properare,
3472 4545 3603 4585 con-

326 4635 563 4693 cundum
611 4631 954 4689 velocitatem
1006 4638 1062 4685 et
1114 4630 1471 4699 capacitatem
1519 4636 1576 4683 et
1621 4628 1971 4699 utilitatem_
2013 4620 2233 4693 dignum
2284 4637 2313 4675 a
2354 4621 2469 4676 suis
2516 4620 2825 4677 doctoribus
2878 4622 3076 4692 accipit
3119 4633 3516 4693 ornamentum,
3546 4635 3604 4684 et

325 4728 682 4800 singulorum.
743 4721 836 4779 Sic
878 4720 1022 4778 enim
1065 4694 1410 4791 temperanda
1455 4728 1540 4776 est
1572 4720 1904 4792 praedicatio,

2011 4728 2117 4783 quo
2143 4714 2315 4784 magis
2339 4728 2397 4769 se
2420 4712 2667 4768 devotam
2697 4712 2764 4768 ad
2791 4714 3119 4785 agnitionem
3159 4712 3315 4783 ﬁdei,
3357 4727 3413 4773 et
3436 4734 3599 4775 excr-

329 4830 388 4875 ut
423 4820 476 4874 in
514 4816 767 4873 omnibus
788 4814 935 4869 utilis
966 4814 1060 4868 ttat
1082 4854 1098 4879 ,
1128 4812 1259 4867 nulli
1290 4821 1508 4877 noceat,
1538 4822 1593 4868 et
1616 4812 1761 4867 inter
1787 4827 1906 4868 om-

327 4914 478 4969 nium
512 4910 669 4976 vitia,
719 4908 874 4981 quasi
902 4906 1111 4979 gladius
1140 4920 1338 4976 anceps
1370 4913 1627 4960 transeat.
1677 4904 1766 4961 Sic
1812 4920 1912 4976 per

329 4998 638 5074 superbiam
670 5000 986 5058 rescindens
1035 4990 1278 5062 auferat,
1332 5004 1520 5054 utnon
1551 5008 1742 5069 augeat
1768 4998 1912 5053 timi-

329 5101 572 5158 ditatem.
631 5094 724 5152 Sic
778 5093 968 5151 otiosis
1013 5101 1068 5148 et
1117 5088 1455 5161 torpentibus
1497 5089 1912 5147 sollicitudinem

329 5190 511 5264 operis
536 5191 836 5260 imponens,
863 5194 923 5241 ut
946 5182 1201 5255 inquietis
1226 5190 1281 5237 et
1310 5180 1541 5237 curiosis
1566 5196 1672 5237 non
1720 5186 1914 5253 augeat

333 5284 693 5353 importunam
717 5278 1008 5341 actionem,
1030 5284 1085 5331 et
1110 5275 1189 5330 sic
1214 5275 1281 5331 de
1305 5274 1535 5331 caeteris.

406 5371 573 5428 Vsus.
601 5366 656 5426 9.
686 5401 759 5411 —
786 5388 805 5421 1
836 5366 891 5423 In
920 5367 1142 5439 palatio,
1174 5366 1264 5421 ubi
1293 5381 1389 5422 rex
1418 5366 1705 5431 Assuerus,
1746 5383 1764 5418 1
1800 5372 1908 5420 etc.

334 5458 692 5529 Hierusalem,
730 5456 821 5517 ubi
850 5461 1105 5531 templum
1128 5467 1184 5514 et
1219 5466 1403 5514 sancta
1437 5465 1772 5523 sanctorum,
1828 5452 1912 5514 vel

334 5556 388 5613 in
422 5562 624 5612 sancta:
653 5552 945 5624 Scriptura!
968 5548 1353 5616 meditatione;
1409 5548 1465 5604 in
1505 5562 1610 5619 qua
1631 5546 1910 5615 divinitas,

333 5650 589 5725 potentia:
614 5664 725 5706 suae
747 5646 933 5702 tribuit
956 5645 1224 5700 notitiam.

408 5734 572 5799 Vens.
608 5741 629 5794 Ι
642 5738 692 5796 1.
726 5769 798 5781 ——
830 5754 849 5790 1
894 5734 965 5794 Ut
1002 5737 1330 5801 ostenderet,
1367 5753 1387 5788 1
1419 5738 1523 5789 etc.
1564 5750 1582 5784 1
1615 5730 1719 5789 Ubi
1763 5732 1914 5788 venit

334 5834 612 5911 plenitudo
658 5830 935 5903 temporis,
967 5824 1119 5885 misit
1168 5828 1310 5883 Deus
1352 5822 1547 5881 Filium
1571 5824 1710 5896 (Gal.
1756 5826 1851 5893 tv),
1888 5847 1903 5876 ι

337 5936 444 5986 etc.
482 5922 631 5985 ‘I‘unc
655 5925 797 5983 enim
826 5920 923 5981 Dei
960 5920 1126 5979 Filius
1149 5920 1461 5978 incarnatus
1489 5916 1622 5991 legis
1652 5919 1908 5990 mysteria

2010 4808 2198 4863 citium
2225 4809 2403 4880 operis
2431 4818 2719 4880 przeparat,
2756 4825 2820 4863 eo
2851 4808 3081 4881 amplius
3113 4828 3142 4865 a
3172 4812 3481 4868 doctoribus
3520 4814 3600 4867 iu-

2010 4901 2259 4967 struitur,
2309 4910 2368 4955 ut
2407 4902 2474 4957 de
2521 4903 2940 4972 competentium
2996 4920 3242 4969 numero,
3289 4905 3357 4960 ad
3395 4913 3597 4961 sanctze

2014 4988 2298 5048 Trinitatis
2346 4993 2609 5066 integram
2652 4993 2810 5049 ﬁdem
2844 5002 2899 5049 et
2945 4993 3339 5051 confessionem
3383 5010 3447 5049 ac
3477 5010 3600 5065 per-

2015 5084 2314 5154 ceptionem
2344 5084 2594 5155 baptismi
2628 5092 2683 5141 et
2708 5084 3017 5141 unctionem
3046 5085 3376 5152 chrismatis,
3408 5094 3469 5142 ut
3495 5098 3601 5143 cm-

2016 5175 2138 5231 lesti
2173 5191 2373 5246 sponso
2410 5177 2676 5231 veraciter
2696 5174 2980 5249 jungatur,
3004 5179 3243 5233 accedat.

2086 5267 2250 5325 Vsus.
2281 5268 2367 5324 Η.
2400 5272 2470 5309 4
2502 5290 2520 5322 1
2554 5270 2728 5341 Atque
2774 5269 2917 5325 inde.
2951 5289 2969 5324 1
3024 5268 3125 5337 Qui
3155 5283 3214 5324 se
3257 5270 3326 5325 ab
3352 5269 3596 5328 Ecclesia

2013 5376 2112 5434 per
2139 5360 2392 5417 vitiorum
2422 5359 2610 5416 sordes
2647 5352 3003 5433 separaverit,
3034 5359 3229 5415 merito
3256 5359 3308 5414 in
3333 5362 3597 5418 secundas

2014 5454 2156 5512 sedes
2206 5454 2507 5511 retruditur
2567 5454 2656 5509 ubi
2706 5454 3020 5510 concubinae
3072 5452 3215 5525 regis
3273 5461 3592 5510 morantur:

2014 5551 2139 5622 quia
2186 5564 2330 5605 sanae
2371 5548 2493 5603 ﬁdei
2521 5563 2679 5603 casus
2723 5546 3039 5604 descensum
3065 5544 3290 5603 honoris
3334 5552 3594 5611 meretur,

2014 5656 2117 5696 nec
2138 5639 2302 5696 habet
2325 5638 2466 5694 ultra
2493 5645 2817 5709 potestatem
2840 5636 2905 5690 ad
2933 5650 3112 5706 regem
3147 5632 3341 5697 redire,
3372 5633 3475 5689 nisi
3506 5650 3597 5689 su-

2011 5749 2180 5807 perna
2202 5733 2372 5806 gratia
2404 5730 2676 5796 visitatus,
2721 5728 2776 5782 in
2824 5724 3069 5797 pristinae
3092 5734 3293 5782 statum
3321 5724 3595 5797 dignitatis

2015 5826 2350 5882 restituatur.

2086 5920 2245 5975 Vsus.
2284 5917 2362 5972 l5.
2396 5948 2457 5957 ~-
2492 5935 2507 5965 1
2545 5912 2772 5968 Evoluto
2799 5916 2997 5965 autem.
3037 5930 3055 5964 1
3091 5910 3147 5967 Id
3174 5919 3277 5978 est,
3306 5908 3594 5967 transactis
