4122 6350
537 423 648 480 ’185

534 630 898 694 processerat,
952 622 1192 680 instabat
1240 637 1393 682 sexta
1439 637 1574 685 aetas
1616 630 1865 686 veniente
1890 629 2123 686 Redem-

536 721 717 784 ptore,
743 713 798 769 in
826 727 936 785 qua
960 713 1201 785 gentium
1226 715 1514 775 multitudo
1540 732 1635 774 oer
1660 717 2007 790 Evangelium
2034 732 2128 773 vo-

540 806 714 862 canda
743 814 881 861 erat.

612 898 776 955 Vens.
804 895 891 953 l6.
918 915 1028 951 -—-t
1054 894 1315 956 Tebeeth.
1342 899 1497 972 Apud
1526 898 1811 968 Hebraeos;
1839 900 2124 969 Xudimos,

541 988 685 1059 apud
710 986 969 1054 Graecos;
1018 985 1310 1045 Ianuarius
1344 999 1428 1046 est
1472 991 1613 1064 apud
1641 992 1885 1049 Latinos.
1919 993 1980 1049 In
2019 1007 2128 1065 quo

540 1076 803 1133 Dominus
827 1078 1143 1134 incarnatus
1168 1088 1360 1136 octavo
1389 1081 1476 1136 die
1517 1076 1874 1140 circumcisus
1897 1099 1926 1139 a
1953 1085 2131 1157 magis

542 1170 823 1236 adoratus,
869 1179 925 1226 et
949 1170 1192 1243 mysticis
1223 1173 1546 1230 muneribus
1592 1185 1676 1232 est
1706 1177 2025 1247 honoratus,
2073 1179 2131 1235 in

542 1277 652 1333 quo
688 1263 853 1320 etiam
880 1279 910 1318 a
938 1261 1145 1319 Joanne
1170 1264 1470 1337 baptizatus
1507 1282 1627 1324 esse
1652 1268 1995 1340 praedicatur.

615 1353 780 1410 Vsus.
818 1352 902 1409 l9.
928 1383 1001 1395 —
1027 1372 1047 1407 ι
1081 1352 1325 1426 Cumque
1368 1365 1425 1411 et
1449 1359 1707 1414 secundo.
1748 1378 1768 1413 ι
1798 1359 1916 1415 Non
1938 1358 2134 1418 sullicit

543 1443 761 1501 Christo
808 1445 1135 1517 pritnitivam
1166 1447 1270 1503 sibi
1318 1449 1531 1505 sociare
1559 1450 1879 1518 Ecclesiam,
1915 1453 2010 1508 sed
2036 1467 2134 1523 per

544 1537 926 1611 praedicatores
972 1538 1039 1595 de
1088 1539 1336 1610 gentibus
1389 1541 1794 1598 multitudinem
1844 1542 2134 1613 acquisivit

545 1628 858 1699 copiosam;
910 1629 1094 1685 unde:
1157 1647 1177 1682 t
1218 1629 1371 1687 Alias
1423 1648 1555 1690 oves
1608 1634 1781 1689 habeo
1830 1649 1952 1706 qua:
2000 1649 2131 1702 non,

544 1730 652 1777 etc.
688 1721 872 1792 (Joan.
906 1721 984 1794 x).
1023 1742 1043 1776 ι

615 1812 779 1868 Vens.
809 1812 900 1867 2|.
929 1843 1002 1854 --
1034 1832 1054 1866 t
1087 1813 1203 1871 Duo
1228 1816 1459 1872 eunuchi
1491 1816 1654 1890 regis,
1684 1835 1703 1869 ι
1750 1824 1856 1874 etc.
1898 1816 2134 1876 Possunt

1043 420 1445 480 WALAFRIDI
1484 420 1733 480 STRABI
1766 421 1973 482 FULD.
2013 420 2180 482 MON.
2217 420 2371 482 OPP.
2408 420 2591 479 PARS
2624 421 2669 478 Ι.
2707 450 2777 464 -
2808 420 3268 481 THEOLOGICA.

534 534 779 606 quinque
821 531 1073 590 aetatibus
1119 536 1327 602 mundi,
1377 536 1572 608 quibus
1623 546 1840 609 patrum
1887 552 2126 610 propago
2150 541 2205 606 Α

3700 422 3821 479 7M

2843 535 3071 595 CAPUT
3108 534 3198 592 Ν.

2297 649 2463 707 Vsus.
2490 664 2545 705 ά.
2570 677 2643 692 -
2667 667 2688 701 ι
2727 648 2911 720 Usque
2938 649 3008 705 ad
3038 647 3206 704 fores.
3234 667 3255 701 ι
3287 646 3387 704 Stc
3418 646 3690 720 magister
3714 647 3831 705 Ec-

2224 739 2404 797 clesia:
2432 740 2822 797 intercessione
2845 741 3066 813 regina,
3092 740 3162 796 de
3187 754 3295 810 qua
3316 739 3513 796 dicitur
3536 756 3552 794 :
3577 757 3599 792 ι
3624 739 3833 796 Astitit

2225 836 2411 905 regina
2439 847 2471 887 a
2494 831 2700 888 dextris
2725 831 2836 887 tuis
2857 828 3031 902 (Paul.
3059 830 3195 902 xw),
3234 848 3255 883 ι
3296 839 3429 897 etc.,
3460 842 3584 901 qua:
3609 833 3826 901 partim

2224 923 2607 994 peregrinatur
2653 924 2707 977 in
2737 922 2962 988 mundo,
3009 930 3066 977 et
3090 923 3289 993 partim
3318 930 3510 995 regnat
3534 938 3665 978 cum
3708 921 3829 979 Do.

2228 1014 2397 1079 mino,
2426 1030 2457 1069 a
2482 1029 2610 1087 rege
2631 1014 2875 1069 omnium
2900 1013 3220 1071 saeculorum
3246 1013 3519 1071 desiderat
3540 1016 3824 1071 exaudiri.

2307 1123 2327 1158 ι
2364 1104 2480 1162 Non
2510 1106 2676 1162 enim.
2704 1124 2727 1161 ι
2761 1104 2952 1162 Nullus
2976 1121 3099 1162 cum
3144 1107 3499 1178 corruptione
3530 1108 3833 1178 ιιι-πεοιιὼ

2229 1197 2356 1255 vitae
2377 1207 2556 1268 potest
2577 1196 2755 1252 aulam
2784 1197 3059 1254 cmlestem
3088 1197 3313 1263 intrare,
3337 1199 3431 1255 sed
3459 1208 3589 1255 ante
3605 1200 3825 1256 obitum

2230 1303 2388 1346 suum
2411 1289 2572 1345 debet
2598 1289 2828 1359 quisque
2873 1289 3119 1360 corporis
3154 1288 3510 1361 castigatione
3536 1298 3597 1346 et
3631 1291 3829 1347 cordis

2232 1380 2646 1450 compunctione
2668 1380 2816 1451 regni
2847 1380 3060 1450 pulsare
3089 1380 3394 1449 introitum,
3429 1390 3491 1437 ut
3514 1391 3640 1452 post
3661 1382 3827 1437 laeta-

2232 1472 2447 1529 bundus
2478 1488 2775 1543 supernum
2826 1474 2988 1529 intret
3036 1473 3317 1544 palatium.
3351 1472 3409 1529 Si
3441 1476 3568 1544 quis
3607 1485 3829 1545 quaerat

2233 1566 2502 1636 quomodo
2535 1581 2629 1622 rex
2650 1564 2988 1636 iustissimus
3019 1575 3289 1623 tormenta
3316 1566 3511 1623 inferat
3550 1569 3826 1624 innocen-

2236 1654 2413 1721 tibus,
2445 1656 2584 1712 sciat
2611 1655 2714 1712 hoc
2758 1670 2864 1711 non
2911 1670 3033 1712 esse
3060 1672 3127 1711 ex
3161 1666 3287 1713 voto
3324 1657 3579 1723 malitiae,
3626 1659 3726 1715 sed
3756 1674 3827 1714 ex

2234 1748 2431 1804 summi
2475 1748 2688 1805 consilii
2734 1761 2867 1804 nutu
2916 1749 3230 1820 procedere.
3276 1771 3296 1803 ι
3352 1748 3632 1821 Sapientia
3669 1752 3825 1806 eim

2233 1838 2405 1893 vincit
2440 1838 2697 1893 malitiam
2725 1837 2878 1909 (Sap.
2912 1837 3033 1910 vn),
3070 1859 3089 1892 ι
3129 1858 3149 1891 t
3184 1840 3403 1911 attingit
3433 1855 3465 1893 a
3500 1839 3607 1895 line
3647 1855 3830 1910 usque

544 1902 599 1958 in
638 1890 1139 1962 duobus'eunuchis
1168 1907 1501 1964 schismatici
1553 1919 1608 1965 et
1651 1909 1889 1967 haeretici
1935 1911 2132 1977 notari,
2162 1903 2211 1964 B
2239 1890 2781 1986 ὦ
2798 1890 3117 1999 ὲῖὝάίέὲἑηίι
3148 1890 3595 1986 o..,.,i;"s.,amer
3624 1890 3825 1999 (15:4,,

544 1994 635 2065 qui
662 1994 866 2050 fraudis
891 2004 948 2051 et
972 1995 1190 2053 malitia:
1210 2014 1474 2054 venenum
1496 1999 1658 2055 corde
1686 2012 1981 2072 geStantes,
2010 2016 2135 2057 con-

546 2092 633 2139 tra
664 2084 947 2141 veritatem
994 2085 1349 2142 consiliantur
1378 2094 1435 2143 ut
1458 2104 1579 2144 eam
1607 2091 1955 2147 credentibus
1980 2094 2133 2148 aule-

543 2184 687 2238 rant,
712 2185 769 2231 et
785 2175 1084 2245 Christum,
1112 2178 1166 2234 id
1193 2188 1274 2234 est
1300 2179 1457 2235 ﬁdem
1482 2181 1706 2249 Christi,
1734 2182 1787 2237 in
1808 2183 1939 2255 ipsis
1968 2183 2136 2240 ﬁdeli-

543 2265 646 2321 bus
679 2267 1047 2324 interficiant:
1080 2270 1176 2328 sed
1222 2286 1412 2328 eorum
1447 2274 1791 2346 iniquitatem
1819 2279 1994 2333 sancti
2039 2280 2135 2334 do-

541 2366 724 2413 ctores
762 2357 1131 2428 manifestam,
1169 2371 1229 2418 ut
1258 2363 1576 2421 innocentes
1612 2366 1919 2435 salventur,
1966 2376 2021 2424 et
2057 2367 2135 2424 illi

538 2450 685 2522 jasta
720 2452 924 2511 ultione
958 2457 1273 2527 puniantur.

615 2543 781 2600 Vens.
807 2544 897 2600 25.
925 2577 996 2588 -—
1026 2566 1045 2599 ι
1082 2548 1339 2607 Historiis
1366 2560 1422 2607 et
1451 2554 1735 2626 annalibus
1760 2555 2013 2611 traditum
2040 2572 2134 2614 co-

547 2650 568 2685 ι
615 2648 732 2688 ram
783 2650 927 2707 rege,
958 2655 977 2689 ι
1030 2648 1138 2694 etc.
1177 2640 1394 2696 Duobus
1420 2639 1810 2709 Testamentis,
1844 2645 1897 2698 in
1933 2644 2133 2715 quibus

540 2723 805 2794 scriptum
850 2736 954 2792 est,
985 2742 1108 2797 quae
1130 2727 1292 2796 justis
1334 2731 1576 2801 praemia,
1627 2748 1747 2802 qum
1773 2732 1992 2803 injustis
2032 2735 2130 2792 de-

542 2813 774 2869 beantur
816 2816 1119 2887 supplicia;
1152 2822 1334 2875 unde:
1385 2838 1406 2872 ι
1435 2821 1592 2877 Ibunt
1635 2823 1691 2878 hi
1720 2826 1775 2878 in
1811 2825 2130 2896 supplicium

542 2914 804 2962 aeternum
835 2926 849 2963 :
882 2909 1013 2978 justi
1073 2917 1252 2965 autem
1305 2910 1359 2967 in
1408 2912 1577 2969 vitam
1619 2924 1878 2971 mternam
1912 2917 2129 2990 (Matth.

542 3000 696 3074 xxv).
732 3021 752 3054 ι
808 3000 876 3057 Et
901 3002 956 3057 in
990 3002 1231 3059 Ezecb.:
1277 3023 1297 3057 ι
1332 3004 1565 3063 Justitite
1607 3006 1739 3077 justi
1773 3024 1937 3079 super
1981 3025 2129 3079 eum,

540 3100 597 3150 et
622 3093 872 3164 impietas
894 3095 1047 3167 impii
1074 3097 1180 3152 erit
1206 3084 1369 3169 super
1392 3114 1518 3155 eum
1546 3099 1763 3171 (Emit.
1795 3099 1974 3176 xvut).
2004 3120 2027 3157 ι

1152 3235 1381 3295 CAPUT
1431 3237 1518 3295 ΠΙ.

614 3366 780 3423 Vens.
850 3406 866 3424 .
892 3398 968 3412 --
996 3387 1017 3423 t
1044 3368 1221 3425 Aman
1242 3369 1432 3427 ﬁlium.
1472 3391 1493 3426 ι
1518 3372 1774 3432 Potentes
1800 3374 2007 3442 saeculi,
2030 3376 2126 3447 qui

541 3459 822 3518 beneficiis
849 3460 1029 3519 divina
1063 3470 1335 3535 potestate
1361 3464 1572 3522 collatis
1619 3465 1906 3524 abutentes
1931 3507 1947 3533 ,
1992 3482 2130 3539 quos

542 3560 821 3608 consortes
871 3552 1075 3609 habent
1105 3564 1312 3611 naturae
1357 3555 1729 3629 dedignantur.
1752 3558 1953 3613 habere
1996 3572 2129 3614 con-

542 3652 718 3700 sortes
745 3644 968 3714 gratiae:
997 3654 1053 3700 et
1083 3646 1343 3703 honorem
1372 3657 1427 3703 et
1457 3649 1818 3704 reverentiam
1840 3665 2005 3720 quam
2029 3651 2129 3706 soli

542 3731 655 3790 Deo
684 3732 1008 3801 debuerunt,
1055 3733 1271 3801 in.sese
1298 3736 1594 3794 transferre
1623 3740 1977 3795 contendunt.
2024 3740 2132 3796 Eos

543 3833 726 3880 autem
772 3827 864 3896 qui
891 3827 1206 3882 consentire
1255 3827 1463 3893 nolunt,
1513 3829 1654 3885 odiis
1700 3839 1755 3885 et
1800 3830 2132 3886 cruciatibus

542 3926 983 3989 persequuntur:
1028 3904 1124 3974 sed
1161 3916 1312 3987 justo
1335 3919 1430 3974 Dei
1451 3919 1658 3990 judicio
1688 3921 1741 3976 in
1769 3922 1982 3978 insidiis
2019 3922 2132 3977 suis

542 4007 831 4078 capiuntur
876 4007 1069 4079 iniqui.
1126 4008 1280 4066 Unde
1319 4010 1555 4065 dicitur:
1594 4028 1614 4062 ι
1646 4009 1834 4068 Justus
1881 4011 2131 4084 angustia

542 4096 827 4163 liberatur,
856 4108 911 4154 et
934 4096 1165 4152 traditur
1186 4098 1384 4169 impius
1407 4113 1505 4170 pro
1528 4115 1595 4156 eo
1626 4097 1809 4173 (Prov.
1836 4103 1936 4173 ιι).
1976 4122 1996 4155 ι
2031 4101 2134 4158 Ρο-

542 4195 650 4243 test
668 4202 766 4259 per
786 4186 965 4243 Aman
988 4187 1171 4259 (quem
1198 4187 1464 4262 Jusephus
1487 4190 1555 4249 de
1579 4193 1748 4265 stirpe
1766 4193 1990 4253 Amalec
2013 4208 2134 4251 esse

541 4279 952 4351 commemorat)
978 4278 1286 4338 Judaaorum
1321 4281 1548 4354 populus
1576 4283 1838 4356 figurari:
1881 4285 1975 4357 qui
2007 4300 2134 4357 pro-

547 4369 740 4440 phetas
759 4370 1096 4439 occiderunt,
1121 4382 1177 4428 et
1199 4372 1483 4430 Dominum
1510 4376 1896 4447 prophetarum
1922 4385 1978 4433 et
2002 4392 2132 4449 apo-

545 4460 733 4523 stolos,
784 4463 901 4533 ejus
924 4464 1138 4534 generis
1169 4464 1504 4522 nobilitatem
1530 4476 1753 4539 propter
1792 4468 2136 4527 incredulita-

544 4556 653 4604 tem
701 4561 755 4605 et
784 4552 1039 4608 duritiam
1083 4555 1263 4612 cordis
1304 4557 1612 4628 perdentes,
1661 4561 1752 4630 qui
1796 4577 1892 4631 per
1935 4562 2133 4619 Isaiam

540 4642 815 4714 principes
844 4643 1202 4702 Sodomorum
1227 4658 1284 4705 et
1322 4650 1555 4722 populus
1598 4651 1916 4710 Gomorrha:
1942 4655 2131 4711 dicun-
2160 4639 2216 4704 Ῑ)

543 4742 653 4790 tur.
699 4735 847 4791 Unde
877 4736 1164 4794 Ezechiel:
1224 4758 1244 4794 ι
1273 4740 1438 4799 Pater
1485 4752 1611 4802 tuus
1652 4745 2029 4817 Amorrbatus,
2076 4759 2133 4806 et

543 4836 719 4884 mater
753 4837 843 4883 tua
872 4826 1107 4885 Cethaaa.
1143 4849 1163 4884 ι

615 4919 781 4975 Vsus.
806 4919 860 4974 7.
886 4949 959 4961 —
987 4939 1006 4972 ι
1044 4921 1205 4977 Missa
1234 4932 1321 4981 est
1350 4941 1489 4984 sors.
1518 4947 1540 4983 ι
1575 4929 1677 4999 Qui
1705 4932 1772 4988 ad
1801 4941 2001 4989 sortem
2026 4932 2130 4991 Do-

543 5010 676 5067 mini
695 5010 989 5083 pertinent,
1011 5013 1352 5083 occiduntur,
1374 5034 1512 5090 quos
1530 5022 1800 5092 significat
1818 5021 1908 5079 ille
1923 5023 2125 5092 hircus,

541 5102 635 5174 qui
663 5104 958 5160 secundum
986 5116 1188 5163 sortem
1225 5108 1439 5168 Domini
1490 5113 1546 5168 in
1577 5112 1693 5185 lege
1720 5116 2088 5174 occidebatur.

618 5191 781 5249 Vsus.
806 5195 894 5251 10.
919 5227 992 5238 -
1016 5216 1037 5249 t
1072 5198 1218 5256 Tulit
1241 5218 1392 5275 ergo.
1426 5225 1447 5258 ι
1480 5204 1633 5262 Sicut
1671 5208 1840 5265 Aman
1867 5213 2127 5281 epistolas

544 5285 816 5358 dirigens,
846 5290 994 5363 regis
1033 5293 1311 5366 signaculo
1356 5313 1450 5355 eas
1495 5300 1709 5359 munire
1755 5313 1988 5361 conatur
2019 5322 2033 5361 :
2068 5298 2129 5361 ut

541 5375 756 5434 facilius
802 5390 990 5438 votum
1039 5385 1340 5457 expleatur,
1384 5389 1463 5445 sic
1509 5390 1675 5448 Judari
1722 5394 1888 5451 libros
1934 5397 2129 5454 divinae

541 5466 680 5542 legis
706 5469 761 5525 in
787 5473 987 5542 quibus
1012 5485 1097 5531 est
1136 5477 1475 5549 signaculum
1510 5486 1704 5539 summi
1733 5486 1905 5556 regis,
1936 5488 1991 5543 id
2021 5500 2124 5555 est,

541 5560 714 5633 gratia
744 5559 980 5634 Spiritus
1008 5570 1181 5625 sancti
1208 5571 1276 5626 ad
1296 5575 1852 5644 comprehendendam
1878 5579 2126 5637 haeresim

543 5663 698 5706 suam
728 5665 1013 5711 assumunt
1042 5657 1096 5710 in
1148 5661 1511 5717 testimonitun
1529 5703 1543 5728 ,
1573 5666 1924 5735 reprobantes
1950 5672 2126 5728 socie-

541 5746 711 5797 tatem
762 5746 1002 5817 gentium
1038 5757 1094 5803 et
1122 5747 1321 5808 Christi
1350 5752 1722 5827 Evangelium,
1744 5760 1902 5830 quasi
1929 5762 2127 5822 divinis

544 5834 832 5906 [innuptis
859 5837 1211 5895 contrarium.

2237 2022 2379 2094 vni).
2412 2040 2431 2074 ι
2469 2041 2488 2073 ι
2522 2020 2715 2078 Omnia
2748 2035 3082 2091 quaecunque
3127 2019 3289 2075 voluit
3330 2019 3460 2076 fecit
3496 2020 3551 2075 in
3581 2020 3729 2077 cudo
3770 2026 3833 2077 et

2237 2113 2489 2170 omnibus
2518 2126 2567 2168 a‘.
2588 2114 2729 2184 j'ssis
2771 2110 2944 2184 (Psal.
2968 2111 3144 2185 cant).
3180 2131 3200 2164 ι
3230 2110 3396 2183 Cujus
3415 2110 3570 2181 justo
3610 2109 3833 2181 judicio

2237 2206 2436 2276 agitur,
2466 2213 2526 2259 ut
2559 2203 2746 2260 ﬁdeles
2787 2203 2842 2258 in
2889 2218 3052 2259 manu
3095 2212 3503 2273 persecutorum
3536 2204 3831 2258 tradantur

2235 2296 2321 2352 vel
2343 2297 2411 2351 ad
2436 2297 2832 2368 purgationem,
2857 2296 2943 2351 vel
2967 2296 3035 2351 ad
3062 2298 3479 2366 correptionem,
3502 2295 3587 2351 vel
3613 2295 3683 2350 ad
3706 2309 3833 2350 me-

2236 2387 2462 2443 ritorum
2489 2387 3019 2459 augmentationem:
3052 2389 3132 2443 sic
3163 2386 3265 2443 Job
3299 2387 3514 2443 Satanae
3554 2387 3828 2454 traditur;

2233 2474 2436 2532 Paulus
2459 2479 2530 2533 ab
2559 2477 2751 2548 angelo
2777 2476 2995 2533 Satanae
3023 2477 3412 2547 colaphizatur.

2311 2587 2330 2620 ι
2364 2566 2728 2639 Rursumque.
2756 2588 2777 2622 ι
2796 2568 2963 2624 Orant
2986 2584 3087 2640 pro
3109 2584 3169 2623 se
3194 2569 3422 2626 invicem
3447 2568 3829 2627 Mardocbaaus

2233 2670 2291 2715 et
2313 2660 2528 2727 Esther,
2556 2660 2611 2716 id
2663 2671 2749 2717 est
2774 2662 3017 2733 magistri
3047 2670 3103 2719 et
3131 2663 3376 2734 discipuli
3401 2704 3419 2730 ,
3448 2673 3587 2720 sicut
3615 2663 3829 2719 Paulus

2232 2768 2331 2825 pro
2356 2753 2632 2826 discipulis
2660 2766 2813 2820 orat,
2845 2764 2902 2811 et
2939 2771 3039 2825 pro
3071 2770 3131 2811 se
3158 2757 3305 2810 orari
3335 2758 3620 2820 obsecrat,
3665 2766 3725 2810 ut
3764 2756 3827 2811 in

2229 2845 2457 2901 Actibus
2488 2845 2850 2917 apostolorum
2885 2848 2954 2903 ab
2988 2846 3230 2903 Ecclesia
3271 2846 3435 2903 fiebat
3472 2849 3654 2904 oratio
3696 2850 3829 2902 sine

2230 2935 2632 2994 intermissione
2655 2952 2756 3010 pro
2782 2936 2969 2994 Petro.

2858 3048 3087 3109 CAPUT
3124 3050 3192 3106 γ.

2300 3162 2465 3219 Vens.
2496 3161 2553 3219 2.
2573 3192 2646 3204 —
2672 3180 2694 3215 ι
2724 3163 2945 3235 Virgam
2975 3179 3217 3220 auream.
3247 3183 3267 3219 ι
3295 3163 3591 3253 Regiminis
3617 3176 3823 3237 poten-

2153 3278 2200 3343 C
2230 3252 2361 3308 tiam
2412 3253 2498 3309 vel
2548 3254 2816 3326 passionis
2863 3271 3115 3322 crucem,
3167 3273 3265 3328 per
3307 3252 3475 3329 quam
3522 3261 3821 3332 acquisivit

2232 3352 2584 3413 potestatem,
2608 3345 2677 3401 de
2706 3360 2813 3416 qua
2842 3347 3044 3403 dicitur
3072 3363 3087 3403 :
3126 3366 3147 3400 ι
3181 3348 3314 3405 Data
3344 3360 3429 3407 est
3454 3352 3585 3407 mihi
3632 3355 3821 3409 omnis

2230 3442 2471 3506 potestas
2515 3435 2570 3491 in
2614 3436 2754 3493 coelo
2801 3446 2857 3493 et
2903 3439 2957 3493 in
2985 3450 3127 3496 terra
3175 3440 3389 3514 (Matth.
3440 3446 3652 3517 ιιγιιι).
3686 3466 3707 3499 ι
3746 3445 3820 3503 Et

2232 3526 2356 3582 alibi
2390 3546 2402 3582 :
2434 3547 2455 3581 ι
2487 3526 2714 3600 Propter
2753 3533 2897 3601 quod
2941 3533 3202 3590 exultavit
3248 3534 3425 3601 illum,
3456 3546 3513 3592 ct
3546 3538 3696 3594 dedit
3736 3540 3819 3595 illi

2230 3632 2428 3675 nomen
2479 3622 2622 3690 quod
2667 3630 2749 3678 est
2794 3638 2957 3695 super
2983 3640 3142 3681 omne
3177 3642 3370 3683 nomen
3408 3626 3629 3700 (Philip.
3660 3632 3749 3701 ιι).
3785 3650 3810 3684 a

2302 3710 2465 3768 Vsus.
2495 3712 2549 3768 8.
2576 3742 2651 3756 —
2680 3734 2699 3767 ι
2733 3713 2791 3770 Si
2820 3716 2998 3772 inveni
3021 3717 3073 3772 in
3101 3730 3413 3790 conspectu.
3442 3739 3462 3774 ι
3486 3720 3684 3775 Dilatio
3713 3737 3817 3793 pe-

2231 3802 2376 3857 tendi
2420 3818 2526 3859 non
2558 3804 2846 3877 deputatur
2878 3809 3154 3878 segnitiei,
3204 3810 3299 3866 sed
3346 3811 3641 3882 patientiae.
3692 3811 3816 3867 Non

2231 3893 2375 3948 enim
2405 3894 2461 3950 in
2488 3897 2740 3967 praesenti
2768 3899 2862 3954 sed
2893 3898 2947 3954 in
2980 3900 3160 3956 futuro
3188 3900 3346 3958 bonis
3376 3910 3434 3957 et
3462 3902 3618 3958 malis
3650 3904 3817 3958 retri-

2232 3981 2427 4037 buetur
2446 3998 2655 4041 merces
2679 4002 2693 4039 :
2715 4001 2838 4042 cras
2865 3988 3008 4043 enim
3038 4004 3136 4059 pro
3157 3987 3341 4045 futuro
3369 3992 3607 4061 ponitur,
3631 3993 3812 4049 unde:

2238 4072 2471 4131 t.Nolite
2514 4076 2727 4132 solliciti
2766 4093 2886 4133 esse
2936 4079 3003 4135 de
3056 4081 3326 4147 crastino;
3382 4101 3403 4134 ι
3449 4090 3503 4138 et
3545 4080 3721 4138 Iacob
3760 4084 3813 4139 in

2234 4163 2431 4221 Genesi
2483 4166 2560 4221 ait
2612 4184 2681 4221 ει
2734 4166 3029 4240 Apparebit
3080 4170 3214 4226 mihi
3260 4187 3386 4228 cras
3428 4172 3641 4243 iustitia
3691 4189 3813 4229 mea

2234 4255 2453 4329 (Matth.
2477 4258 2574 4331 vi).
2610 4279 2630 4313 ι
2658 4258 2725 4315 Et
2748 4261 2816 4317 de
2842 4277 2980 4333 agno
3022 4262 3219 4319 dicitur
3247 4282 3261 4317 :
3293 4282 3313 4316 σ
3356 4261 3474 4319 Νοη
3514 4266 3817 4321 remanebit

2232 4363 2301 4403 ex
2325 4363 2392 4403 eo
2416 4349 2712 4419 quidquam
2737 4367 2907 4422 usque
2930 4368 3086 4408 mane
3110 4353 3261 4425 (Gen.
3292 4353 3404 4425 30).
3442 4375 3463 4410 ι
3503 4358 3639 4413 Cum
3661 4358 3816 4429 judi-

2234 4441 2380 4495 cium
2416 4440 2642 4505 venerit,
2674 4441 2999 4500 revelabitur
3041 4445 3186 4515 quali
3229 4456 3379 4503 veste
3411 4449 3698 4521 quisquam
3746 4449 3816 4506 ad

2239 4531 2545 4587 convivium
2575 4533 2876 4590 intraverit.

2844 4643 3072 4703 CAPUT
3112 4645 3196 4704 Vl.

2308 4759 2475 4816 Vsus.
2504 4758 2655 4814 l.—t
2682 4760 2907 4819 Noctem
2934 4763 3079 4820 illam
3102 4767 3253 4823 duxit
3281 4782 3377 4825 rex
3415 4768 3752 4839 insomnem,
3787 4791 3815 4827 ο

2234 4856 2342 4904 etc.
2391 4847 2450 4903 ln
2491 4865 2550 4905 se
2582 4850 2796 4907 mobilis
2836 4868 3160 4923 permanens
3192 4873 3386 4914 cursus
3428 4867 3734 4931 temporum
3763 4872 3821 4919 et

2236 4950 2390 4996 actus
2424 4941 2666 4997 omnium
2711 4946 3127 5017 contemplatur,
3154 4957 3210 5005 et
3237 4948 3382 5005 nulla
3410 4965 3532 5006 eum
3562 4951 3696 5008 latet
3723 4969 3819 5010 co-

2235 5032 2424 5105 gitatio
2453 5036 2537 5089 cui
2563 5035 2742 5090 omnia
2765 5038 3083 5106 praesentia;
3110 5039 3254 5096 unde
3275 5041 3565 5113 Apostolus
3596 5061 3611 5097 :
3646 5062 3667 5096 ι
3696 5044 3817 5101 Non

2233 5134 2318 5183 est
2364 5127 2416 5181 in
2444 5126 2558 5193 illo,
2586 5135 2753 5185 estet
2790 5128 2923 5196 fuit,
2955 5129 3050 5187 sed
3076 5128 3238 5186 estin
3263 5132 3356 5188 illo
3380 5148 3592 5190 semper
3611 5144 3699 5191 est
3727 5134 3819 5204 (II

2230 5213 2353 5271 Cor.
2382 5215 2442 5289 ι),
2471 5236 2490 5269 ι

2307 5310 2466 5365 Vsus.
2493 5309 2549 5365 2;
2577 5339 2648 5351 ——
2677 5328 2697 5363 ι
2725 5310 2956 5368 Ventum
2982 5321 3084 5370 est.
3120 5335 3139 5369 ι
3167 5313 3330 5373 Gesta
3356 5316 3681 5377 Mardocbaei
3700 5336 3819 5377 me-

2230 5409 2516 5457 morantur
2542 5417 2724 5458 coram
2770 5419 2927 5476 rege;
2957 5406 3084 5477 quia
3121 5407 3262 5464 bona
3295 5423 3460 5480 opera
3498 5420 3818 5469 sanctorum

2230 5490 2511 5548 doctomm
2547 5510 2823 5566 nunquam
2852 5497 3111 5555 ottlivioni
3140 5500 3437 5559 tradentur.
3478 5504 3575 5560 sed
3600 5504 3657 5559 in
3689 5518 3814 5560 me-

2232 5585 2406 5643 moria
2434 5596 2635 5643 a-terna
2663 5590 2769 5644 erit
2797 5587 2997 5659 justus.

2302 5679 2468 5734 Vens.
2506 5680 2592 5735 lt).
2620 5711 2694 5723 —
2722 5699 2742 5733 ι
2787 5681 3027 5740 Festina.
3067 5705 3088 5740 ›
3114 5686 3355 5759 Magistri
3394 5688 3654 5747 Ecclesia
3690 5704 3815 5748 om-

2229 5769 2381 5825 nium
2410 5771 2664 5828 virtutum
2705 5772 2848 5828 cultu
2894 5783 2952 5830 et
2997 5775 3192 5835 decore
3236 5780 3514 5850 sapientia:
3552 5781 3809 5839 illustrati

2228 5857 2567 5918 honorantur
2618 5862 2923 5921 diademate
2963 5866 3125 5938 regiae
3184 5867 3483 5941 dignitatis,
3547 5880 3804 5941 tanquam
