4122 6350
269 365 378 424 745

270 479 520 541 membra
546 477 743 535 summi
777 476 941 551 regis.
971 473 1287 533 Ascendunt
1326 487 1491 544 super
1516 484 1719 542 equum
1766 483 1855 524 re-
1886 476 1932 533 Α

269 574 440 648 gium,
483 570 541 627 id
588 577 697 636 est,
742 581 906 640 super
948 565 1204 639 populum
1253 562 1493 620 ﬁdelium
1523 562 1579 619 in
1628 574 1859 634 quorum

268 663 528 723 cordibus
554 660 760 721 residet
789 673 886 715 rex
916 658 1263 731 angelorum;
1291 656 1436 712 unde
1461 654 1716 711 Habacuc
1734 669 1863 726 pro-

266 757 437 829 pheta
472 771 485 808 :
518 771 537 805 ‹
569 750 887 808 Aseendens
914 764 1079 820 super
1106 763 1276 820 equos
1305 757 1459 815 tuos,
1492 757 1549 803 et
1586 746 1862 818 equitatus

270 857 398 904 tuus
441 846 669 903 sanitas.
728 863 748 897 ι
790 841 888 899 His
931 841 1110 898 Aman
1158 842 1408 914 Specialls
1459 842 1634 898 hostis
1678 841 1865 913 populi

267 940 394 1006 Dei,
424 938 554 994 licet
581 936 746 992 etiam
781 933 985 991 invitus
1009 935 1213 1008 praebet
1236 934 1557 1007 obsequium
1581 950 1706 991 cum
1734 950 1862 1005 per-

269 1041 551 1088 secutores
576 1029 833 1086 Ecclesiae
853 1037 1121 1101 coguntur
1151 1029 1327 1085 eidem
1352 1029 1607 1086 Ecclesiae
1638 1028 1868 1085 reddere

269 1120 680 1192 testimonium,
722 1136 834 1182 non
880 1120 1123 1181 valentes
1168 1120 1446 1181 occultare
1491 1119 1637 1195 quod
1687 1118 1867 1176 mani-

276 1220 482 1274 festum
508 1225 612 1272 est.

350 1332 369 1367 ι
408 1311 554 1370 Tulit
602 1311 806 1382 itaque.
840 1329 860 1364 ι
895 1309 1024 1366 Haec
1065 1308 1295 1365 mutatio
1344 1305 1584 1364 dexterae
1613 1302 1867 1369 Excelsi,

273 1406 371 1477 qui
394 1405 441 1461 si
473 1403 762 1461 videbatur
788 1401 1096 1475 gloriosior,
1125 1400 1267 1455 infra
1299 1398 1437 1455 alios
1464 1405 1690 1468 apparet
1711 1394 1873 1450 vilior

272 1507 334 1555 et
364 1496 614 1564 inferior,
641 1496 935 1552 secundum
958 1493 1089 1549 illud
1119 1511 1133 1548 :
1170 1511 1190 1545 ι
1227 1491 1488 1562 Deposuit
1529 1498 1777 1561 potentes
1803 1487 1873 1545 de

272 1591 427 1655 sede,
482 1595 538 1643 et
582 1586 841 1644 exaltavit
871 1585 1123 1642 humiles.
1170 1603 1190 1637 ι
1242 1583 1507 1639 Similiter
1551 1582 1720 1638 Isaias
1748 1580 1869 1636 ait:

281 1700 303 1735 ι
337 1682 699 1738 Convertetur
730 1678 970 1735 Libanus
1013 1678 1068 1733 in
1107 1675 1388 1743 Chermel,
1432 1683 1488 1732 et
1522 1672 1775 1730 Chermel
1815 1672 1874 1729 in

1251 353 1521 414 GLOSSA
1557 350 1955 412 ORDINARIA.
1997 382 2066 393 -—-
2100 351 2229 408 LIB.
2270 351 2567 411 ESTIIER.

3443 345 3549 402 746

2557 464 2784 523 CAPUT
2817 464 2951 522 VIII.

2035 586 2199 641 Vens.
2234 587 2285 640 I.
2314 617 2385 628 -—
2414 604 2433 638 ι
2486 585 2584 642 Die
2642 584 2752 640 illo.
2808 603 2827 637 ι
2883 583 3054 639 Tenet
3107 582 3302 641 Esther
3335 584 3554 641 domum

1963 679 2162 746 Aman,
2179 679 2351 735 hostis
2375 679 2700 743 Iudaeorum,
2725 692 2849 733 cum
2872 676 3117 733 Ecclesia
3132 677 3370 747 possidet
3395 694 3550 735 mun-

1967 771 2128 837 dum,
2158 786 2320 842 quem
2364 771 2679 841 possederat
2715 769 2981 835 diabolus,
3005 768 3178 825 hostis
3218 768 3556 825 Christiano-

1968 878 2133 930 rum;
2170 862 2312 917 unde
2342 879 2356 916 :
2395 879 2414 913 ι
2449 861 2582 917 Cum
2616 860 2775 916 fortis
2815 867 3055 915 armatus
3097 858 3328 914 custodit
3355 859 3555 914 atrium

1967 968 2123 1008 suum
2170 952 2320 1025 (Luc.
2350 952 2449 1025 xt),
2485 972 2504 1005 ι
2537 960 2641 1008 etc.
2665 951 2972 1023 Ingreditur
2997 958 3123 1006 ante
3165 949 3361 1005 faciem
3413 951 3558 1023 regis

1968 1042 2380 1110 Mardochmus,
2435 1058 2560 1099 cum
2607 1042 2847 1114 quotidie
2904 1052 3217 1098 sanctorum
3253 1042 3447 1098 animae
3491 1042 3560 1098 de

1969 1136 2205 1193 incolatu
2236 1136 2522 1207 prtesentis
2558 1135 2686 1191 vitae
2713 1135 3095 1207 ingrediuntur
3132 1135 3201 1190 ad
3228 1133 3565 1206 contempla-

1969 1230 2174 1285 tionem
2207 1228 2405 1283 divina:
2434 1227 2753 1300 majestatis.

2048 1336 2066 1369 ι
2103 1319 2330 1374 Domum
2372 1318 2569 1373 Aman.
2599 1337 2619 1370 ι
2647 1318 2970 1388 Dignitatem
2996 1325 3051 1373 et
3091 1318 3352 1374 honorem
3397 1334 3560 1389 quem

1971 1407 2381 1465 Judaeiscientia
2408 1408 2564 1479 legis,
2591 1416 2648 1465 et
2670 1412 3079 1480 prophetarum,
3097 1418 3152 1467 et
3175 1410 3321 1466 cultu
3352 1411 3567 1483 religio-

1973 1504 2059 1560 nis
2095 1504 2437 1569 habuerunt;
2474 1503 2619 1559 unde
2667 1503 2723 1557 in
2772 1502 3083 1560 Proverbiis
3126 1519 3142 1559 :
3197 1520 3215 1554 ι
3255 1503 3570 1560 Custoditur

1967 1592 2114 1663 justo
2141 1592 2442 1650 substantia
2464 1594 2744 1665 peccantis
2771 1591 2954 1667 (Prov.
2979 1594 3126 1667 xm).
3160 1614 3179 1647 ι
3207 1595 3275 1651 Ει
3304 1596 3360 1651 in
3391 1595 3567 1651 Evan-

1974 1685 2113 1757 gelio
2142 1700 2157 1738 :
2194 1701 2215 1736 ι
2241 1682 2532 1741 Auferetur
2557 1700 2589 1739 a
2614 1685 2768 1741 vobis
2805 1699 3052 1757 regnum,
3086 1694 3141 1742 et
3166 1687 3384 1742 dabitur
3422 1688 3572 1759 genti

275 1776 478 1833 saltum
525 1772 887 1845 reputabitur.
924 1792 945 1826 ι
971 1770 1065 1828 Sic
1094 1769 1394 1844 synagogas
1442 1780 1754 1839 compressa
1792 1770 1913 1850 est
1976 1775 2197 1833 facienti
2225 1774 2437 1832 fructus
2459 1776 2578 1848 ejus
2602 1774 2818 1848 (Matth.
2842 1776 2980 1850 xxx).
3013 1797 3032 1830 .

277 1866 557 1938 superbia,
591 1864 850 1921 Ecclesiae
880 1862 1159 1921 humilitas
1196 1861 1455 1918 exaltata.
1488 1859 1582 1915 Sic
1617 1872 1875 1930 persecu-
1899 1849 1949 1911 B
2050 1868 2215 1925 vus,
2242 1869 2298 1923 ε,
2326 1898 2399 1909 .-.
2433 1886 2454 1920 ε
2499 1868 2754 1939 Tumque
2797 1884 2915 1925 rex,
2940 1849 2972 1921 ί»
3008 1867 3290 1924 Laudant,
3335 1876 3391 1925 ει
3429 1885 3571 1940 pm-

278 1967 430 2014 tores
467 1956 596 2013 ﬁdei
634 1955 704 2010 ad
759 1954 989 2012 nihilum
1037 1961 1165 2010 sunt
1212 1952 1420 2009 redacti
1462 1966 1477 2005 :
1531 1948 1875 2007 confessores

278 2046 490 2104 Christi
527 2045 587 2101 in
616 2053 729 2101 toto
761 2046 897 2102 orbe
944 2044 1189 2101 exaltati.
1230 2042 1405 2114 Caput
1443 2041 1502 2098 in
1529 2042 1792 2108 caudam,
1818 2048 1877 2097 et

280 2139 459 2195 cauda
481 2138 536 2193 in
566 2143 729 2208 caput
754 2151 912 2194 versa
941 2145 1027 2193 est
1059 2154 1072 2190 :
1106 2154 1125 2188 ι
1157 2134 1296 2204 Quia
1320 2133 1499 2193 omnis
1520 2133 1616 2206 qui
1636 2147 1700 2192 se
1727 2131 1876 2191 exal-

280 2239 387 2301 tat,
415 2228 792 2289 humiliabitur
819 2226 972 2301 (Luc.
1003 2225 1177 2301 xxiv).
1212 2246 1232 2282 ι

889 2362 1119 2421 CAPUT
1155 2360 1269 2419 VII.

368 2521 389 2557 ‹
424 2501 676 2559 Secunda
705 2500 825 2571 die,
859 2519 880 2554 ι
916 2510 1025 2559 etc.
1055 2499 1167 2559 Sed
1202 2500 1295 2557 ubi
1333 2499 1532 2559 Esther
1561 2498 1881 2571 petitionem

287 2610 446 2654 suam
496 2593 743 2664 aperuit,
798 2592 1085 2649 damnatus
1138 2593 1206 2648 ad
1252 2604 1472 2664 pennam
1524 2589 1772 2647 secessit.
1821 2588 1883 2646 In

289 2686 587 2757 Evangelio
635 2685 781 2741 enim
823 2684 1113 2755 prandium
1161 2691 1216 2740 et
1241 2702 1249 2710 ’
1274 2696 1432 2746 coena
1463 2688 1881 2739 'memorantur.

291 2777 593 2836 Prandium
618 2789 858 2849 presens
885 2784 1098 2847 tempus
1127 2773 1386 2832 Ecclesia:
1418 2772 1697 2845 designat,
1727 2785 1886 2828 caena

295 2877 479 2924 autem
504 2875 768 2924 aeternum
806 2874 863 2921 ct
892 2866 1142 2920 ultimum
1179 2862 1509 2919 convivium.
1538 2861 1694 2919 Unde
1730 2860 1887 2917 malis

298 2958 566 3031 separatis
603 2956 659 3012 in
702 2962 1023 3028 perpetuum
1046 2953 1300 3010 ltetantur
1334 2951 1485 3008 boni.
1515 2951 1713 3018 Aman,
1735 2966 1890 3006 nam-

298 3068 407 3126 que
433 3051 561 3123 quia
589 3057 797 3107 vestem
824 3048 1042 3121 dignam
1073 3045 1323 3104 convivio
1352 3059 1462 3101 non
1494 3043 1707 3112 habuit,
1734 3050 1889 3100 extra

296 3143 491 3216 projici
517 3140 737 3198 meruit.

376 3234 540 3290 Vsas.
566 3231 621 3287 7.
643 3260 715 3272 —
739 3248 759 3283 ι
790 3228 1015 3287 Intravit
1062 3229 1121 3286 in
1162 3228 1401 3285 hortum.
1441 3245 1463 3282 ι
1506 3226 1651 3299 Rege
1680 3226 1735 3281 in
1764 3226 1895 3282 hor-

303 3336 419 3383 tum
465 3330 825 3396 properante,
850 3321 906 3378 id
946 3329 1051 3387 est,
1082 3333 1267 3376 secum
1313 3317 1514 3375 electos
1555 3318 1625 3374 ad
1669 3317 1895 3376 delicias

303 3414 549 3489 paradisi
572 3412 868 3479 invitante,
894 3410 1138 3482 reginam
1161 3423 1261 3481 pro
1293 3408 1467 3465 salute
1487 3421 1585 3465 sua
1614 3407 1898 3479 deprecari

306 3503 606 3572 contendit,
637 3503 733 3561 sed
758 3511 970 3574 tempus
999 3510 1362 3574 opportunum
1385 3515 1493 3557 non
1519 3499 1725 3557 habuit.
1761 3500 1898 3557 Sero

308 3598 457 3656 enim
486 3604 802 3668 quaeruntur
833 3593 1024 3651 salutis
1052 3592 1310 3662 remedia,
1340 3608 1467 3649 cum
1494 3592 1687 3650 mortis
1714 3591 1899 3648 immi-

307 3697 444 3747 nent
482 3687 757 3760 pericula;
791 3688 934 3744 unde
968 3684 1259 3743 Salomon:
1291 3705 1310 3737 ε
1343 3684 1497 3741 Tunc
1535 3685 1897 3756 invocabunt,

312 3788 371 3837 et
396 3795 505 3836 non
530 3779 819 3836 exaudiam
851 3792 945 3836 eos
979 3795 992 3832 :
1020 3789 1181 3833 mane
1208 3784 1566 3847 consurgent,
1594 3784 1650 3832 et
1678 3792 1787 3834 non
1815 3777 1900 3834 in-

312 3872 537 3929 venient
569 3871 757 3943 (Prov.
781 3869 845 3943 ι).
879 3887 901 3923 ι

386 3963 552 4021 Vens.
582 3962 637 4021 8.
663 3993 735 4004 —
767 3980 787 4015 ‹
821 3961 893 4019 Et
925 3960 1133 4019 statim.
1178 3979 1198 4014 ι
1233 3958 1555 4031 Deprecatio
1580 3957 1780 4027 Aman,
1808 3974 1905 4032 op-

311 4054 525 4127 pressio
551 4052 769 4120 dicitur,
804 4052 930 4124 quia
959 4052 1015 4108 in
1060 4052 1147 4108 die
1175 4050 1367 4122 judicii
1395 4051 1705 4123 iniquorum
1727 4052 1907 4130 oratip

313 4143 552 4201 irritatio
597 4149 722 4201 est:
757 4142 901 4199 unde
943 4160 957 4197 :
1000 4141 1132 4197 Cum
1158 4142 1458 4214 judicatur,
1488 4155 1634 4198 exeat
1664 4142 1907 4199 condem-

316 4245 475 4290 natus
503 4233 677 4307 (Ρωι.
705 4234 891 4305 cvm),
916 4243 1021 4290 etc.
1055 4234 1207 4291 Tunc
1230 4234 1509 4305 oppressio
1541 4249 1648 4308 qua
1675 4234 1909 4293 humiles

316 4323 716 4397 opprimebant,
744 4325 876 4396 ipsis
900 4325 1376 4398 improperabitur.

392 4436 556 4493 Vsus.
585 4438 638 4495 9.
659 4469 732 4480 —
763 4457 783 4493 ι
812 4439 1086 4497 Harboua.
1124 4460 1143 4493 ι
1169 4441 1427 4499 Doctores
1448 4441 1585 4515 legis
1618 4442 1910 4514 signiﬁcat,

318 4530 413 4601 qui
455 4530 662 4588 scelera
688 4540 745 4588 et
792 4531 945 4589 dolos
974 4531 1283 4590 Iudaeorum
1326 4534 1726 4605 praedixerunt,
1768 4535 1912 4591 unde

319 4620 531 4693 Moyses
572 4636 588 4677 :
626 4640 648 4675 ί
681 4621 818 4678 Novi
858 4623 1003 4695 quod
1048 4633 1172 4695 post
1223 4631 1453 4680 mortem
1498 4639 1675 4679 meam
1724 4624 1912 4695 inique

322 4713 496 4784 agetis
521 4753 538 4780 ,
583 4722 639 4768 et
683 4712 1023 4770 declinabitis
1073 4714 1141 4769 de
1187 4712 1275 4769 via
1313 4728 1475 4783 quam
1517 4708 1731 4769 Ostendi
1757 4712 1912 4770 vobis

325 4803 520 4873 (Deut.
559 4804 748 4876 xxxi).
781 4823 801 4855 ι
833 4804 901 4860 Ει
940 4805 993 4860 in
1033 4805 1369 4876 Evangelio:
1404 4825 1423 4859 ε
1454 4805 1551 4862 Est
1575 4806 1667 4877 qui
1693 4814 1917 4864 accusat

324 4910 440 4961 vos,
471 4895 700 4967 Moyses,
721 4896 777 4952 in
804 4912 911 4967 quo
940 4897 1171 4967 speratis
1192 4895 1377 4968 (Joan.
1408 4897 1484 4970 v).
1521 4916 1540 4949 ι

404 5004 423 5037 ι
460 4984 520 5039 In
561 4986 721 5043 domo
753 4986 951 5042 Aman.
983 5008 1001 5040 ι
1033 4987 1250 5058 lniquos
1284 4987 1677 5044 tumultuantes
1723 4996 1915 5046 contra

328 5076 630 5145 Christum,
661 5077 932 5150 signiﬁcat
963 5077 1139 5134 Aman
1163 5086 1219 5133 et
1260 5076 1379 5147 ejus
1405 5078 1703 5134 Ecclesiam
1731 5095 1918 5150 perse-

332 5174 580 5237 quentes.
609 5166 858 5224 Christus
885 5174 1068 5223 autem
1095 5168 1151 5222 in
1179 5166 1296 5240 lege
1323 5176 1443 5224 erat
1466 5168 1548 5224 eis
1574 5170 1908 5240 promissus;

333 5258 421 5314 lex
448 5259 651 5329 itaque,
678 5274 799 5331 qua:
828 5261 896 5315 ad
922 5259 1222 5316 custodiam
1259 5260 1383 5316 vitae
1409 5260 1534 5315 data
1572 5268 1675 5328 est,
1700 5261 1831 5333 ipsis
1858 5264 1915 5318 in

337 5357 569 5406 mortem
612 5364 772 5406 versa
817 5358 930 5419 est,
979 5367 1078 5422 per
1116 5368 1278 5424 quam
1307 5351 1583 5409 Christum
1611 5352 1823 5421 delere,
1862 5361 1920 5410 et

338 5440 456 5511 ejus
484 5440 823 5498 confessores
857 5442 1165 5500 interﬁcere
1201 5444 1596 5501 moliebantur:
1628 5454 1682 5501 et
1704 5446 1796 5518 qui
1821 5462 1919 5518 per

339 5531 511 5603 legem
546 5532 794 5589 innoxios
816 5534 1123 5604 opprimere
1146 5536 1432 5603 volebant;
1462 5536 1577 5606 ipsa
1606 5548 1917 5606 accusante,

338 5624 469 5694 justi
486 5623 675 5695 judicii
703 5640 961 5696 accepere
995 5630 1337 5685 sententiam.
1367 5630 1485 5699 ,Qui
1513 5631 1568 5686 in
1592 5630 1708 5704 lege
1732 5646 1923 5704 pecca-

344 5724 560 5783 verunt,
586 5730 682 5788 per
702 5717 872 5787 legem
897 5720 1331 5775 vindicabuntur.

709 5890 986 5953 Ρηιοι.
1043 5888 1268 5954 CXIII.

1978 1962 2196 2019 dicante
2218 1961 2535 2017 instantiam
2555 1961 2966 2032 magistrorum,
2982 1976 3013 2016 a
3026 1960 3259 2017 Domino
3279 1977 3381 2033 pro
3401 1963 3577 2035 gratia

1978 2053 2212 2124 gratiam
2238 2051 2513 2123 accipiunt
2555 2053 2612 2108 in
2641 2059 2936 2123 conspectu
2972 2053 3273 2110 conditoris
3300 2055 3575 2123 omnium;

1980 2145 2127 2203 unde
2163 2163 2177 2200 :
2216 2164 2237 2198 ‹
2265 2144 2695 2202 Nutrivitcorda
2721 2144 2986 2200 ﬁdelium.
3016 2164 3035 2198 ι

2061 2257 2081 2291 ι
2118 2236 2369 2295 Tradidit
2406 2237 2764 2295 Mardochteo.
2810 2258 2829 2291 ι
2859 2238 3319 2296 Praedicatoribus
3342 2240 3583 2314 gentium

1981 2340 2047 2389 ut
2071 2330 2174 2387 sibi
2199 2331 2514 2396 haererent,
2550 2336 2605 2386 et
2626 2328 2879 2400 gentibus
2908 2329 3306 2387 ministrarent.

2057 2421 2224 2478 Vens.
2248 2423 2386 2479 5.-
2404 2438 2423 2473 ι
2464 2420 2708 2477 Procidit
2729 2421 2798 2476 ad
2820 2419 3014 2491 pedes,
3052 2440 3071 2472 ι
3099 2429 3207 2477 etc.
3235 2421 3372 2490 Quia
3391 2430 3584 2480 sancta

1985 2513 2253 2580 Ecclesia,
2280 2527 2381 2584 pro
2432 2511 2713 2583 ereptione
2768 2510 3005 2567 ﬁliorum
3040 2526 3281 2579 suorum,
3340 2514 3585 2584 quotidie

1988 2606 2163 2662 Deum
2189 2604 2616 2675 omnipotentem
2644 2617 2742 2674 per
2780 2601 2942 2659 ﬁdem
2968 2610 3025 2659 et
3054 2603 3313 2675 mysteria
3334 2603 3587 2661 incarna-

1993 2698 2157 2755 tionis
2201 2705 2426 2764 exorat,
2456 2704 2517 2752 ut
2546 2696 2786 2753 hostium
2834 2696 3225 2768 comprimatur
3246 2697 3503 2766 audacia,
3530 2706 3589 2756 et

1995 2789 2238 2846 ﬁdelium
2261 2788 2529 2845 liberetur
2556 2787 2885 2844 innocentia.

2066 2903 2234 2959 Vens.
2265 2902 2321 2957 5.
2343 2931 2415 2944 —-
2444 2919 2463 2953 ί
2500 2900 2740 2957 Obsecro
2776 2908 2858 2956 ut.
2906 2919 2926 2953 ι
2967 2901 3103 2969 Quia
3150 2903 3460 2973 evangelica
3495 2905 3590 2960 do-

1996 2998 2201 3063 ctrina,
2237 3011 2357 3068 quze
2380 2996 2581 3051 Christi
2613 2996 2834 3052 nomine
2859 2996 2917 3052 in
2949 3005 3061 3051 toto
3085 2997 3215 3053 orbe
3240 2998 3587 3069 praedicatur,

1998 3089 2236 3159 Spiritus
2301 3088 2479 3144 sancti
2532 3088 2809 3159 signaculo
2862 3088 3184 3144 conﬁrmata
3246 3090 3588 3158 declaratur,

1922 3215 1969 3280 Ο
2000 3182 2155 3253 cujus
2199 3180 2341 3238 dono
2389 3180 2580 3252 repleti
2612 3180 2712 3251 ipsi
2753 3180 3137 3251 praedicatores
3176 3192 3595 3251 permanserunt

2002 3276 2413 3349 insuperabiles,
2446 3284 2501 3332 et
2530 3276 2769 3333 hostium
2797 3291 3019 3333 suorum
3036 3276 3256 3347 gloriosi
3285 3277 3590 3349 triumpha-

2000 3376 2170 3427 tores.

2072 3459 2241 3516 Vens.
2274 3458 2329 3515 9.
2352 3489 2421 3499 —
2450 3478 2469 3512 ι
2498 3457 2814 3531 Accitisque
2832 3458 3047 3527 scribis,
3078 3480 3098 3514 ι
3126 3469 3233 3516 etc.
3259 3460 3393 3529 Quia
3416 3461 3593 3519 Evan-

2002 3553 2130 3626 gelii
2178 3553 2424 3611 doctrina
2475 3554 2547 3609 ita
2594 3554 2812 3610 condita
2840 3563 2925 3610 est
2974 3570 3073 3625 per
3118 3554 3413 3626 scriptores
3456 3556 3592 3613 Novi

2002 3644 2357 3711 Testamenti,
2386 3643 2616 3701 Domino
2660 3644 2955 3713 mediante,
2988 3653 3047 3701 ut
3083 3654 3285 3702 sanctae
3314 3646 3594 3703 Trinitatis

2003 3735 2139 3793 ﬁdes
2156 3735 2470 3808 plenissime
2499 3736 2554 3791 in
2574 3750 2641 3791 ea
2669 3735 3062 3803 contineretur,
3089 3746 3148 3793 et
3165 3738 3330 3793 totius
3352 3737 3594 3811 decalogi

2006 3842 2220 3886 summa
2246 3826 2509 3899 perfectio
2542 3827 2598 3883 in
2633 3827 2844 3885 duobus
2876 3829 3162 3902 praeceptis
3188 3829 3470 3887 charitatis
3496 3829 3593 3886 de-

2005 3928 2423 3979 monstraretur.

2086 4034 2106 4068 c
2147 4015 2251 4084 Qui
2286 4024 2504 4073 centum
2541 4015 2754 4088 viginti.
2796 4035 2816 4070 ι
2842 4015 2902 4071 In
2947 4016 3141 4089 quibus
3182 4026 3329 4076 totus
3363 4022 3597 4079 mundus

2008 4107 2274 4180 signatur.
2307 4106 2444 4164 Nam
2487 4108 2744 4164 denarius
2788 4123 3049 4166 numerus
3080 4126 3178 4181 per
3207 4112 3596 4168 duodenarium

2009 4200 2407 4272 multiplicatus
2420 4210 2639 4258 centum
2671 4210 2726 4258 et
2766 4202 2955 4274 viginti
2999 4202 3160 4268 facit,
3194 4205 3390 4273 quibus
3417 4214 3595 4275 septe-

2009 4291 2194 4347 narius
2232 4292 2470 4348 sociatus
2514 4293 2681 4348 totius
2716 4308 2938 4348 summm
2963 4294 3347 4363 plenitudinem
3374 4295 3593 4350 conclu-

2008 4380 2092 4438 dit
2129 4401 2144 4439 :
2189 4383 2267 4439 ita
2309 4383 2549 4455 decalogi
2576 4384 2816 4439 custodia
2857 4383 3152 4453 apostolica
3184 4383 3473 4440 traditione
3499 4400 3598 4456 per

2012 4486 2185 4535 totum
2213 4480 2401 4535 orbem
2427 4476 2618 4533 diﬁ‘usa
2636 4518 2652 4543 ,
2700 4475 3030 4547 septiformis
3073 4476 3306 4547 Spiritus
3337 4478 3511 4550 gratia
3540 4478 3597 4535 in

1934 4584 1990 4647 D
2014 4571 2268 4629 cordibus
2293 4570 2532 4627 ﬁdelium
2562 4568 2863 4625 infunditur
2890 4568 2975 4623 vel
2996 4576 3081 4625 est
3100 4579 3493 4625 consummata.

2090 4661 2251 4718 Vsas.
2297 4662 2385 4717 Il.
2408 4690 2482 4702 —
2510 4679 2530 4712 ι
2562 4659 2952 4726 Interﬁcerent,
2986 4678 3006 4711 ι
3052 4669 3154 4717 etc.
3186 4659 3264 4716 Ne
3297 4661 3425 4717 mali
3478 4678 3602 4734 ger-

2016 4754 2177 4812 minis
2191 4754 2519 4827 pullularent
2542 4754 2778 4810 rediviva
2795 4754 3083 4825 plantaria.
3105 4754 3371 4813 Similiter
3390 4768 3597 4831 septem

2015 4857 2205 4921 gentes
2237 4864 2357 4920 quae
2383 4848 2700 4904 habitabant
2741 4848 2797 4903 in
2828 4857 2971 4905 terra
3011 4850 3387 4921 promissionis
3418 4852 3601 4909 Domi-

2015 4954 2119 4995 nus
2144 4938 2377 4996 interﬁci
2392 4938 2576 5011 jussit,
2600 4945 2655 4994 et
2681 4941 3022 5010 postmodum
3044 4940 3409 4999 Amalechitas
3431 4944 3602 4999 omni-

2017 5031 2177 5087 mode
2196 5031 2389 5099 deleri,
2412 5039 2474 5087 ut
2498 5046 2713 5087 omnem
2732 5033 3073 5091 occasionem
3099 5035 3339 5091 scandali
3361 5035 3604 5093 auferret

2016 5121 2126 5188 eis;
2175 5122 2321 5178 unde
2369 5121 2539 5178 David
2584 5122 2661 5178 ait
2718 5141 2732 5178 :
2783 5122 2854 5179 In
2905 5124 3166 5181 matutino
3221 5125 3598 5196 inter/Sciebam

2021 5208 2196 5283 (Psal.
2226 5210 2301 5283 ο),
2340 5220 2449 5267 etc.

2089 5300 2254 5359 Vens.
2288 5301 2498 5358 14.--‹
2531 5303 2591 5359 In
2618 5302 2817 5372 Susan,
2850 5324 2871 5359 ι
2903 5313 3012 5362 etc.
3040 5303 3100 5361 In
3133 5304 3385 5375 superbia
3410 5305 3598 5363 mundi

2021 5393 2357 5451 debellanda.
2386 5394 2522 5451 Nam
2563 5395 2717 5453 Susis
2743 5396 3004 5468 equitatio
3026 5394 3111 5452 vel
3154 5404 3402 5453 evertens
3434 5396 3605 5451 inter-

2022 5494 2295 5558 pretatur;
2340 5486 2484 5543 unde
2527 5486 2778 5544 Salvator
2829 5487 2904 5543 ait
2934 5504 2947 5541 :
2977 5503 2996 5538 ι
3026 5484 3322 5557 Conﬁdite,
3353 5500 3455 5557 ego
3497 5485 3605 5544 vici

2027 5579 2281 5636 mundum
2304 5577 2485 5651 (Joan.
2516 5579 2648 5652 xvr).
2686 5600 2703 5631 ι

2631 5692 2858 5749 CAPUT
2894 5691 2986 5747 IX.

2100 5804 2262 5862 Vsns.
2294 5805 2347 5862 4.
2376 5839 2444 5849 -
2482 5826 2499 5858 ι
2532 5806 2599 5863 Et
2642 5806 2930 5878 plurimum
2972 5821 3130 5878 posse
3164 5814 3541 5877 cognoverant.
3579 5823 3601 5859 ι

3134 5898 3212 5961 24
