4122 6350
627 385 732 444 747
862 399 868 406 ⁸
1124 385 1520 442 WALAFRIDI
1561 382 1810 438 STRABI
1843 383 2050 439 FULD.
2095 378 2261 435 MON.
2303 330 2465 434 OPPT
2497 380 2681 438 PARS
2719 383 2758 437 l.
2799 412 2868 422 —-
2907 382 3360 440 TllEOLOGlCA.
3817 380 3920 440 748

620 504 757 572 Quia
779 503 1060 559 doctorum
1082 501 1224 558 actio
1247 501 1548 568 laudabilis,
1569 510 1624 557 et
1643 502 1882 572 potentia
1908 501 2198 565 virtutum,
2227 503 2279 563 Α
2305 505 2636 563 sanctorum,
2661 506 2784 567 post
2811 496 3104 566 completos
3131 497 3345 554 labores
3381 498 3577 568 quibus
3621 498 3747 556 Deo
3779 500 3918 559 bene

618 600 879 654 honorem
903 604 957 652 et
995 597 1351 650 reverentiam
1375 595 1562 650 tribuit
1586 595 1914 650 multitudini
1937 594 2195 669 ﬁdelium.
2303 590 2572 646 credendo
2597 599 2652 645 et
2684 591 2818 646 bene
2852 591 3078 645 vivendo
3106 591 3376 657 serviunt,
3407 593 3570 648 modo
3601 602 3744 650 ante
3774 604 3915 649 tem-

619 690 774 745 Unde
819 688 872 742 in
921 687 1145 742 Actibus
1188 685 1597 758 apostolorum:
1635 706 1652 736 ‹
1687 685 1915 741 Fiebant
1955 686 2200 757 prodigia
2301 696 2402 753 pus
2444 679 2637 750 judicii
2696 681 2750 736 in
2799 681 3083 736 animabus
3121 683 3404 737 sabbatum
3451 693 3680 739 aeterna:
3711 685 3917 756 quietis

618 777 846 848 etsigna
877 775 1043 830 multa
1066 773 1202 846 (Act.
1229 773 1310 844 ν),
1342 793 1361 826 ι
1387 775 1530 829 unde
1551 775 1748 846 legitur
1776 774 1930 829 alibi:
1955 794 1974 824 ι
2011 775 2199 830 Fiebat
2301 771 2503 828 habent
2535 792 2546 826 :
2575 771 2688 837 alii,
2720 789 2890 843 usque
2929 771 2994 826 ad
3021 771 3270 826 ultimum
3297 774 3730 830 resurrectionis
3773 777 3915 832 diem

618 871 765 925 enim
793 868 941 922 omni
979 867 1174 921 anima:
1209 866 1373 921 timor
1417 866 1581 936 (Ibid.
1616 867 1699 938 ιι).
1758 866 1888 920 Item
1922 883 1936 920 :
1977 885 1994 916 ι
2027 865 2197 921 Nemo
2300 863 2353 918 in
2397 878 2562 918 carne
2598 864 2954 936 perdurantes
3001 865 3274 936 superatis
3324 865 3574 920 hostibus
3628 867 3916 925 universis

617 963 848 1017 audebat
869 975 928 1016 se
944 958 1270 1032 conjungere
1290 960 1414 1027 illis,
1434 970 1488 1015 et
1511 960 1888 1032 magniﬁcabat
1910 975 2003 1015 eos
2028 975 2198 1030 popn-
2300 954 2478 1009 Subito
2527 954 2792 1009 immutati
2816 997 2830 1021 ,
2862 955 3098 1024 quietem
3150 955 3453 1009 animarum
3504 965 3562 1012 et
3607 973 3916 1029 corporum

615 1051 699 1104 lus
727 1050 890 1121 (Ibid.
925 1049 1000 1120 v).
1037 1069 1055 1102 ι
2299 1049 2636 1116 percipiunt;
2665 1047 2804 1101 unde
2831 1047 3120 1119 Apostolus
3149 1067 3164 1106 :
3197 1067 3215 1099 ι
3251 1047 3448 1103 Mortui
3477 1050 3572 1120 qui
3601 1051 3660 1105 in
3685 1051 3918 1110 Christo

685 1140 851 1196 Vens.
897 1142 1043 1196 5.—
1075 1159 1096 1192 ι
1137 1142 1324 1212 Itaque
1355 1149 1740 1210 percusserunt
1786 1139 1976 1195 Judaei.
2025 1159 2042 1190 ι
2079 1141 2194 1196 Non
2300 1146 2447 1201 sunt,
2475 1145 2757 1206 resurgent
2785 1138 2962 1207 primi.
2991 1138 3192 1192 Deinde
3223 1153 3322 1192 nos
3370 1139 3461 1209 qui
3509 1139 3782 1207 vivimus,
3824 1143 3915 1214 qui

613 1234 789 1288 solum
819 1234 953 1289 alios
978 1235 1258 1303 operarios
1288 1234 1611 1304 iniquitatis,
1646 1233 1734 1302 qni
1763 1245 2111 1302 perseverant
2141 1233 2194 1288 in
2300 1229 2500 1284 residui
2529 1246 2732 1293 sumus,
2770 1245 3112 1300 resurgemus
3141 1246 3263 1286 cum
3293 1231 3400 1286 illis
3427 1232 3650 1288 obviam
3686 1233 3916 1293 Christo

611 1326 869 1395 peccatis,
909 1341 1006 1380 nec
1035 1335 1230 1380 curant
1257 1324 1534 1394 percipere
1584 1323 1955 1377 remissionem
2001 1337 2194 1392 pecca-
2300 1321 2352 1375 in
2386 1336 2512 1374 aera
2545 1320 2596 1392 (I
2629 1320 2780 1376 Thes.
2816 1321 2915 1393 1v),
2955 1342 2971 1373 ι
2999 1329 3103 1377 etc.
3133 1323 3262 1377 Nam
3289 1331 3482 1394 quarta
3513 1324 3765 1391 decima,
3797 1343 3916 1397 qua

611 1426 820 1481 torum,
863 1416 1097 1487 Spiritus
1121 1417 1294 1472 sancti
1335 1415 1516 1470 divina
1552 1413 1822 1468 sententia
1859 1413 2193 1467 damnandos
2299 1410 2382 1464 bis
2417 1419 2620 1481 septem
2668 1413 2926 1475 continet,
2961 1413 3197 1483 quietem
3246 1415 3550 1469 animarum
3597 1416 3913 1487 perfectam

600 1511 838 1580 iudicat,
877 1513 971 1568 sed
999 1513 1165 1567 etiam
1197 1511 1443 1566 carnales
1483 1508 1695 1564 Judaeos
1739 1507 1981 1577 decalogi
2017 1514 2192 1560 trans-
2299 1501 2586 1570 signiﬁcat,
2619 1502 2804 1571 quinta
2835 1505 3040 1559 decima
3069 1521 3199 1561 vero
3234 1507 3608 1576 septenarium
3647 1520 3710 1564 et
3754 1521 3911 1566 octo-

605 1618 902 1673 gressores,
940 1603 1117 1658 crucis
1145 1602 1348 1657 Christi
1397 1611 1639 1662 reatum,
1670 1615 1829 1669 quem
1871 1615 1935 1654 ex
1967 1597 2190 1669 perﬁdia
2300 1590 2509 1642 narium
2544 1590 2928 1661 complectens,
2976 1595 3278 1650 animarum
3318 1605 3373 1652 εἰ
3406 1613 3705 1669 corporum
3753 1602 3909 1671 quie-

605 1704 1014 1760 contraxerunt,
1045 1697 1101 1750 in
1135 1695 1326 1750 inferni
1357 1695 1664 1749 civitatibus
1699 1705 1974 1748 sensuros.
2051 1709 2054 1711 ·

1211 1695 1326 1750 ’erni
1357 1695 1664 1749 civitatibus
1699 1705 1974 1748 sensuros.
2051 1709 2054 1711 ·
2293 1687 2406 1735 tem
2435 1681 2727 1752 Signiﬁcat.

675 1789 841 1842 Vens.
875 1788 928 1842 6.
953 1819 1024 1828 —
1051 1808 1068 1839 ‹
1109 1787 1348 1855 Quorum
1382 1789 1482 1842 ista
1505 1794 1631 1842 sunt
1659 1786 1897 1842 nomina.
1936 1806 1954 1839 ι
1983 1784 2187 1842 Horum

2368 1772 2530 1827 Vens.
2568 1773 2657 1827 24.
2685 1805 2754 1815 --
2787 1794 2806 1825 ‹
2837 1772 2906 1832 Et
2951 1777 3097 1833 misit
3125 1777 3292 1846 Phur,
3329 1801 3345 1833 ι
3381 1791 3487 1837 etc.
3530 1783 3668 1840 Sors
3713 1787 3770 1841 in
3813 1807 3909 1844 ur-

603 1879 885 1934 nominum
915 1879 1391 1948 interpretationes
1440 1894 1544 1932 ηοη
1596 1877 1764 1932 multo
1795 1892 1958 1948 opere
1998 1877 2192 1947 ριηυί-
2225 1871 2272 1932 Β
2297 1877 2424 1918 nam
2456 1865 2618 1920 missa
2638 1908 2650 1929 ,
2686 1868 3092 1937 dispositionem
3125 1873 3411 1942 cujuslibet
3444 1875 3522 1930 rei
3569 1878 3625 1932 in
3653 1879 3908 1937 hominis

603 1969 808 2033 rimus,
839 1983 940 2024 nec
975 1969 1243 2040 allegoria:
1286 1969 1490 2023 servire
1529 1968 1790 2040 cogimus.
1834 1966 2014 2038 Typus
2046 1967 2192 2022 enim
2293 1965 2475 2012 mente
2501 1958 2788 2030 signiﬁcat,
2819 1959 2972 2028 cujus
3008 1971 3259 2019 eventum
3299 1981 3403 2020 non
3442 1967 3782 2052 humanum,
3813 1976 3906 2028 sed

601 2059 656 2114 in
683 2068 837 2130 parte
860 2069 972 2124 εει,
1015 2071 1124 2115 non
1155 2061 1205 2114 in
1239 2068 1370 2114 ιοιο,
1401 2059 1458 2114 Si
1489 2060 1634 2114 enim
1659 2059 1711 2114 in
1747 2066 1858 2114 ιοιο
1888 2065 1971 2113 ρει
1995 2067 2189 2129 typus,
2293 2047 2534 2103 divinum
2565 2049 2703 2120 regit
2746 2051 3062 2119 arbitrium,
3111 2055 3252 2108 unde
3299 2055 3553 2111 Salomon
3593 2077 3606 2111 :
3650 2079 3667 2110 ε
3712 2047 3907 2118 Sortes

599 2168 708 2207 non
730 2161 812 2207 est
842 2153 1089 2208 historia.
1115 2151 1442 2207 Historicum
1465 2160 1679 2223 Oportet
1703 2152 1780 2206 rei
1812 2157 1978 2222 gesta;
2004 2165 2190 2206 veram
2289 2143 2578 2198 mittuntur
2636 2145 2689 2198 in
2742 2145 2920 2200 sinum
2965 2165 2977 2201 :
3033 2149 3126 2204 sed
3173 2166 3203 2204 a
3245 2149 3474 2207 Domino
3517 2161 3905 2226 temperantur

596 2246 790 2300 seriem
819 2257 1111 2316 exponere,
1143 2259 1241 2300 nec
1267 2247 1403 2301 citra
1435 2245 1752 2310 subsistere,
1779 2261 1877 2300 nec
1897 2243 2038 2301 ultra
2058 2260 2186 2315 pro-

1059 2260 1111 2311 e,
1143 2259 1241 2300 nec
1267 2247 1403 2301 citra
1435 2245 1752 2310 subsistere,
1779 2261 1877 2300 nec
1897 2243 2038 2301 ultra
2058 2260 2186 2315 pro-
2290 2233 2471 2308 (Ρνου-
2500 2237 2635 2309 XVI).
2670 2256 2687 2288 ι

595 2337 786 2392 cedere
830 2337 1222 2409 :allegoricum
1271 2338 1656 2407 interpretem,
1693 2337 1940 2409 egregias
1978 2346 2184 2408 partes,
2368 2326 2526 2382 Vens.
2560 2326 2652 2383 28.
2686 2357 2757 2367 —
2798 2348 2816 2379 ι
2872 2328 2966 2389 Isti
3006 2331 3302 2388 sunt'dies.
3344 2353 3361 2384 ›
3397 2332 3532 2400 Ουίε
3572 2336 3737 2406 finies
3781 2341 3902 2394 ani-

593 2428 647 2482 in
675 2430 944 2500 θρίνίιιηιί
976 2431 1559 2486 sensu-convenientes
1593 2430 1813 2500 eligere,
2287 2433 2498 2472 marum
2539 2425 2594 2473 et
2633 2421 2960 2476 resurrectio
3005 2438 3294 2492 corporum
3346 2427 3544 2483 merito
3586 2428 3839 2486 firmiter
3869 2448 3904 2487 ει

664 2521 828 2576 vus.
862 2520 949 2576 16,
973 2551 1043 2560 ..-
1077 2539 1096 2571 ι
1135 2521 1190 2575 ιη
1221 2528 1451 2574 tantum,
1487 2539 1504 2570 ι
1546 2519 1778 2583 omnes,
1824 2520 1916 2590 qui
1945 2520 2184 2590 quinque
2285 2509 2533 2568 ﬁdelibth
2563 2514 2867 2569 custoditur
2895 2525 2949 2571 et
2993 2517 3297 2573 celebratur
3327 2538 3340 2573 :
3371 2521 3488 2588 vel,
3528 2523 3659 2592 quia
3689 2526 3902 2593 quietis

571 2614 842 2670 sensibus
885 2615 1162 2684 corporeis
1208 2613 1380 2684 legem
1426 2611 1722 2668 carnaliter
1766 2612 2094 2682 suscipiunt,
2127 2623 2183 2668 et
2283 2607 2588 2661 animarum
2611 2617 2663 2661 et
2688 2610 3110 2665 resurrectionis
3139 2607 3426 2683 corporum
3447 2617 3648 2672 merito
3672 2618 3902 2675 feriatio

587 2715 829 2772 cumiper
855 2703 1221 2773 septiformem
1253 2703 1486 2773 Spiritus
1510 2703 1685 2757 sancti
1716 2703 1944 2774 gratiam
1975 2704 2181 2772 specia-
2282 2712 2314 2752 a
2345 2697 2593 2755 ﬁdelibus
2619 2702 2923 2757 custoditur
2951 2711 3008 2757 et
3026 2703 3353 2760 celebratur.

587 2792 714 2848 liter
753 2793 910 2862 plena
954 2803 1010 2849 et
1053 2794 1291 2864 perfecta
1329 2796 1434 2860 sit,
1479 2794 1834 2865 spiritualiter
1877 2795 2180 2867 intelligere
2905 2819 3135 2876 CAPUT
3174 2821 3241 2876 χ,

587 2893 888 2954 respuunt,
941 2887 1098 2953 quasi
1156 2887 1365 2941 duobus
1419 2886 1613 2941 diebus
1666 2886 1958 2941 vincuntur
2015 2895 2177 2956 atque

2353 2908 2518 2964 Vens.
2554 2911 2724 2964 -l.—t
2761 2911 2878 2967 Rex
2918 2929 3047 2969 vero
3087 2914 3354 2970 Assuerus
3397 2929 3634 2972 omnem.
3670 2936 3690 2968 ι
3721 2916 3891 2976 Chri-

584 2984 1030 3044 prosternuntur.

2275 3006 2424 3064 stus,
2457 3001 2546 3071 qui
2579 3017 2796 3060 excisus
2828 3007 2895 3060 de
2939 3015 3122 3060 monte
3152 3008 3268 3062 sine
3300 2989 3558 3065 manibus
3597 3012 3782 3066 crevit
3839 3015 3897 3069 in

655 3063 816 3121 Vens.
870 3068 954 3121 17.
991 3098 1060 3108 —
1097 3085 1119 3152 ς
1166 3067 1292 3124 Dies
1339 3075 1540 3123 autem.
1587 3086 1606 3120 ι
1668 3067 1973 3124 Notandum
2029 3071 2174 3140 quod
2277 3105 2283 3143 1

2277 3099 2515 3146 montem
2583 3108 2836 3165 magnum
2889 3105 2944 3150 et
3003 3095 3246 3166 implevit
3298 3106 3473 3154 totum
3527 3103 3824 3158 mundum
3879 3125 3891 3158 ;

582 3156 804 3226 quidam
831 3155 1140 3214 Judzeorum
1170 3160 1327 3214 tertia
1357 3159 1565 3215 decima
1597 3159 1686 3214 die
1716 3160 2077 3226 interﬁciunt,
2119 3171 2175 3218 et
2202 3240 2210 3253 Α

2277 3185 2654 3253 historialiter,
2688 3189 2829 3244 enim
2877 3206 2982 3245 non
3033 3204 3250 3246 omnem
3282 3201 3482 3248 terram
3530 3175 3893 3252 trilmtariarn

581 3247 791 3303 decima
849 3257 1045 3318 quarta
1095 3249 1381 3315 desinunt,
1430 3261 1486 3305 et
1538 3251 1935 3307 solemnitatem
1972 3262 2165 3322 agunt,
2199 3232 2244 3295 (ἶ

579 3340 799 3411 quidam
835 3357 930 3411 per
961 3343 1096 3398 duos
1143 3344 1292 3409 dies,
1319 3345 1372 3400 id
1401 3355 1517 3411 est,
1558 3347 1773 3400 tertiam
1804 3347 2069 3402 decimam
2111 3357 2168 3404 et
2475 3340 2491 3346 ’
2578 3395 2588 3408 .
2669 3395 2679 3405 .
3067 3395 3078 3406 .
3187 3397 3198 3408 .
3557 3398 3572 3410 .

579 3432 842 3488 decimam
881 3445 1130 3488 auartam
1177 3437 1318 3488 diem
1365 3437 1607 3488 eiusdem
1650 3439 1853 3488 mensis
1885 3441 2161 3488 nereidum-
2277 3393 2934 3488 θυῖδλϐέεῳῗξ
3701 3400 3890 3488 ηὲοἷὲίὲν

613 3437 842 3539 eam?
881 3445 1130 3539 quanam:
1177 3437 1318 3539 diem
1365 3437 1607 3508 eiusdem
1649 3439 1853 3495 mensis
1885 3441 2162 3506 occidunt.
2267 3437 3890 3539 1..-.;;".';;,';;2“;.a'i:;;.;7:5372;"..s":z;;;.";;,;;:a:a

574 3522 763 3593 quinta
793 3525 1004 3581 decima
1042 3527 1356 3585 solemniter
1400 3530 1690 3600 quiescunt
1718 3547 1732 3583 :
1772 3531 1901 3602 quia
1937 3533 2161 3600 quidam
2269 3535 2498 3607 adjacet.
2521 3522 2658 3590 'Ideo
2688 3522 2856 3606 capita
2884 3537 3052 3592 11-16
3075 3522 3572 3611 praetermittimus.)

575 3665 3860 3714 ..____________________________________

1949 3792 2254 3870 LIBER
2300 3793 2344 3871 J
2355 3793 2513 3870 OB.

1953 3973 2464 4000 -—-—-*_—

1171 4084 1241 4146 B.
1288 4083 1748 4148 HIERONYMI
1795 4086 2215 4151 PROLOGUS
2257 4067 2584 4164 :DUPLEX
2626 4091 2707 4154 IN
2749 4093 3051 4158 LIBRUM
3092 4094 3256 4158 JOB.

1616 4225 1792 4333 (Vide
1835 4255 2001 4318 inter
2036 4255 2246 4336 Opera
2279 4253 2354 4318 Β.
2387 4259 2810 4346 Hieronymi.)

1102 4505 1610 4565 ARGUMENTUM.
2183 4517 2240 4577 D
2688 4512 3158 4572 PROTHEMATA
3194 4517 3263 4573 ΙΝ
3299 4517 3439 4575 JOB.

637 4646 697 4702 In
726 4654 871 4702 terra
892 4646 1110 4715 quidem
1131 4645 1410 4702 habitasse
1433 4644 1536 4702 Job
1566 4645 1822 4712 Husitidi,
1861 4647 1920 4702 in
1955 4645 2155 4702 ﬁnibus

1885 4663 1920 4701 η
1955 4645 2155 4702 ﬁnibus
2602 4625 2729 4698 (Ea:
2771 4625 2926 4700 Greg.
2969 4619 3200 4697 in'Job,
3249 4632 3509 4703 passim.)

565 4739 811 4797 ldumzete
851 4747 906 4795 et
953 4738 1166 4794 Arabia:
1207 4739 1423 4794 fertur:
1460 4749 1516 4794 et
1545 4749 1662 4795 erat
1691 4741 1742 4797 ei
1793 4748 1919 4796 ante
1955 4755 2151 4796 nomen
2326 4739 2580 4806 Quaedam
2611 4741 2871 4798 historice
2901 4743 2989 4798 hic
3025 4744 3314 4811 dicuntur,
3357 4754 3414 4800 et
3453 4745 3770 4818 allegorice,
3808 4763 3862 4808 et

563 4829 758 4888 Jobab.
789 4830 858 4884 Et
881 4829 1092 4900 accepit
1127 4844 1351 4885 uxorem
1391 4831 1728 4898 Arabissam,
1785 4841 1840 4888 et
1882 4832 2068 4904 genuit
2091 4831 2153 4885 ﬁ-
2254 4833 2550 4888 moraliter.
2601 4832 2855 4902 Quaedam
2905 4845 3178 4906 nequeunt
3235 4839 3304 4894 ad
3355 4838 3594 4896 litteram
3645 4846 3855 4916 accipi;

564 4923 717 4991 lium,
746 4941 904 4996 quem
942 4925 1156 4981 vocavit
1199 4925 1412 4982 Ennon.
1464 4927 1593 4981 Erat
1629 4935 1809 4981 autem
1850 4927 1965 4996 ipse
2011 4925 2152 4981 ﬁlius
2253 4926 2378 4996 quia
2409 4941 2638 4981 erronea
2663 4937 2847 4983 essent
2893 4928 2977 4984 vel
3031 4929 3418 5000 impossibilia,
3448 4932 3530 4988 vel
3571 4949 3602 4988 a
3627 4950 3690 4990 se
3718 4937 3858 4995 invi-

551 5017 782 5106 (quidem
811 5016 981 5083 Zarac,
1013 5019 1078 5074 de
1124 5018 1268 5074 Esau
1314 5019 1439 5076 ﬁliis
1469 5019 1611 5074 ﬁlius
1647 5037 1660 5072 :
1695 5021 1761 5075 de
1803 5027 1976 5074 matre
2019 5035 2151 5076 vero
2251 5032 2370 5072 cem
2403 5017 2805 5084 discordantia,
2831 5028 2891 5074 ut
2932 5021 3059 5076 illud
3098 5022 3303 5080 scilicet
3334 5040 3349 5078 :
3387 5041 3408 5076 ‹
3447 5023 3559 5080 Sub
3588 5043 3694 5096 quo
3729 5047 3856 5086 cur-

517 5123 524 5130 ‘
563 5107 752 5174 Bosra,
780 5110 854 5164 ita
889 5109 1038 5172 utsit
1063 5110 1286 5180 quintus
1309 5111 1378 5164 ab
1404 5109 1698 5165 Abraham.
1732 5109 1798 5164 Et
1821 5110 1877 5166 hi
1898 5118 2024 5164 sunt
2064 5126 2152 5165 re-
2251 5119 2440 5163 vantur
2462 5109 2552 5180 qui
2573 5120 2782 5180 portant
2813 5111 2988 5166 orbem
3016 5111 3136 5184 (Job
3170 5113 3284 5188 rx),
3326 5131 3346 5166 ι
3394 5116 3550 5186 quasi
3600 5117 3853 5189 gigantes

564 5211 658 5267 ges
687 5198 776 5266 qui
800 5206 1162 5268 regnaverunt
1192 5198 1244 5252 in
1271 5197 1460 5261 Edom,
1492 5197 1545 5251 in
1572 5213 1676 5267 qua
1706 5207 1761 5252 et
1801 5198 1913 5268 ipse
1948 5214 2148 5270 regna-
2249 5201 2508 5254 mundum
2541 5200 2770 5267 vehant;
2799 5209 2854 5255 et
2896 5201 3026 5257 illud
3062 5203 3271 5261 scilicet
3299 5221 3312 5258 :
3342 5223 3361 5256 ι
3408 5205 3582 5278 Elegit
3615 5224 3854 5277 suspen—

561 5288 658 5344 vit.
689 5288 794 5343 Sed
839 5290 1047 5359 primus
1079 5290 1132 5344 in
1166 5303 1231 5346 ea
1261 5287 1674 5359 regnavitBela,
1719 5289 1860 5344 ﬁlius
1886 5289 2062 5345 Beor:
2094 5300 2149 5346 et
2249 5291 2394 5346 dium
2441 5292 2620 5345 anima
2671 5307 2790 5347 mea
2821 5292 2997 5361 (Ibid.
3049 5295 3183 5365 vn),
3213 5315 3231 5348 ι
3279 5296 3432 5366 quasi
3483 5304 3590 5352 tam
3630 5299 3852 5369 patiens

562 5396 760 5438 nomen
789 5381 1029 5450 ejusdem
1052 5381 1288 5438 civitatis
1323 5379 1560 5434 Denaba.
1603 5380 1733 5437 Post
1773 5382 1897 5438 Beia
1941 5394 2144 5449 autem,
2247 5381 2376 5437 velit
2399 5381 2688 5452 suspendio
2722 5385 2886 5439 vitam
2916 5385 3107 5442 ﬁnire:
3138 5396 3192 5443 et
3216 5387 3347 5444 illud
3377 5389 3625 5448 scilicet:
3657 5410 3677 5444 ι
3710 5391 3818 5448 Per

560 5471 752 5539 Jobeb,
775 5475 868 5543 qui
892 5483 1118 5530 vocatur
1143 5470 1264 5528 Job.
1293 5471 1420 5526 Post
1449 5471 1550 5526 Job
1585 5482 1766 5528 autem
1809 5474 2021 5541 Husan,
2053 5478 2146 5546 qui
2252 5490 2271 5523 ι
2307 5481 2395 5526 eat
2421 5473 2535 5528 dies
2564 5474 2614 5528 in
2643 5491 2748 5545 qua
2795 5486 2956 5533 natus
3002 5495 3117 5534 sum
3172 5479 3336 5551 (Ibid,
3379 5481 3488 5554 ιιι),
3527 5501 3548 5535 ι
3579 5489 3684 5538 etc.
3727 5485 3844 5539 Ali-

561 5577 683 5622 erat
709 5568 816 5621 dux
865 5582 933 5622 ex
989 5567 1387 5622 Themanorum
1442 5565 1680 5636 regione.
1721 5567 1797 5622 Et
1837 5580 1959 5638 post
1997 5571 2144 5624 illum
2246 5565 2462 5634 Quando
2491 5565 2583 5635 qui
2613 5581 2829 5623 sensum
2860 5569 3053 5626 littera:
3081 5572 3335 5644 negligit,
3372 5575 3620 5630 veritatis
3653 5575 3844 5632 lumen

563 5658 810 5728 regnavit
839 5657 1014 5724 Adad,
1045 5657 1185 5712 ﬁlius
1218 5657 1450 5723 Badadi,
1479 5657 1568 5726 qui
1609 5659 1808 5714 excidit
1850 5660 2056 5717 Madian
2087 5663 2142 5718 in
2245 5657 2346 5712 sibi
2401 5658 2706 5724 abscondit,
2757 5661 2883 5716 dum
2944 5664 3269 5722 intrinsecus
3309 5667 3452 5722 aliud
3517 5671 3840 5738 quaarendo,

561 5760 754 5819 campo
781 5747 955 5814 Moab,
985 5759 1040 5804 et
1058 5764 1254 5804 nomen
1285 5750 1518 5806 civitatis
1544 5749 1659 5822 ejus
1677 5752 1862 5810 Avith.
2244 5750 2388 5820 quod
2419 5749 2549 5805 foris
2585 5763 2667 5807 est
2695 5756 2872 5822 perdit
2879 5773 2899 5821 ;
2938 5768 2995 5812 ut
3025 5760 3151 5814 dum
3179 5761 3244 5814 de
3286 5762 3669 5817 misericordiae
3700 5780 3839 5834 ope-

2243 5843 2394 5900 ribus
2416 5845 2578 5900 dicit:
2617 5865 2635 5898 ‹
2675 5846 2733 5902 Si
2767 5852 2960 5920 negavi
3001 5854 3142 5923 quod
3189 5855 3469 5920 volebant.
3498 5859 3836 5927 pauperibus
