4122 6350
261 413 370 472 749

1335 401 1604 462 GLOSSA
1641 397 2036 458 OBDINARIA.
2077 431 2148 443 -
2184 401 2311 458 LIB.
2351 402 2489 460 JOB.

3408 393 3518 465 750'

264 531 407 606 (Job.
443 528 618 601 xxxi),
656 547 676 582 ι
715 527 1023 599 allegoriam
1054 530 1279 596 quaerat.
1304 522 1529 578 Divinus
1556 519 1700 575 enim
1731 533 1838 574 ser-
1864 518 1914 581 Α
1941 515 2192 588 indignus
2220 518 2310 584 sit,
2342 518 2520 574 acrius
2563 518 2831 589 increpat.
2878 520 3004 590 quia
3058 521 3347 591 aliquando
3391 517 3518 594 plus

261 641 378 691 mo,
407 625 549 680 sicut
577 623 629 678 in
661 621 935 692 mysteriis
964 619 1256 689 prudenter
1281 622 1518 681 exercet,
1552 614 1624 668 ita
1651 628 1840 682 super-

262 718 386 773 ﬁcie
412 715 684 786 simplices
715 711 954 767 refovet:
985 710 1112 779 quia
1139 715 1221 762 est
1248 716 1308 761 ut
1345 705 1539 762 ﬂuvius
1570 705 1762 776 planus
1789 709 1844 760 et

260 809 425 874 altus,
456 808 509 862 in
537 821 646 878 quo
667 818 837 874 agnus
857 800 1114 865 ambulet,
1135 799 1354 869 elephas
1378 805 1544 853 natet.

335 897 552 956 Erranti
579 895 784 951 homini
815 894 939 948 data
960 901 1042 947 est
1067 892 1173 947 lex.
1201 889 1519 946 Inobediens
1563 890 1667 961 legi
1713 904 1841 944 con-

259 991 506 1046 funditur
549 986 816 1058 exemplo,
867 983 1099 1038 maxime
1145 982 1382 1038 hominis
1426 981 1542 1036 sine
1579 981 1715 1050 lege,
1749 979 1838 1048 qui

260 1079 507 1149 legaliter
525 1076 679 1131 vixit.
696 1073 998 1146 UndeUsa.
1017 1071 1174 1142 χχιιι)
1203 1087 1217 1125 :
1244 1091 1261 1124 ι
1291 1071 1581 1134 Erubesce,
1599 1069 1785 1132 Sidon,
1809 1088 1827 1121 ι

260 1171 320 1226 id
347 1179 458 1234 est,
512 1165 781 1224 stabilitas
830 1165 883 1218 in
925 1164 1040 1234 lege
1082 1163 1402 1234 positorum,
1440 1180 1457 1211 ‹
1497 1161 1572 1216 ait
1593 1174 1782 1214 mare:
1816 1178 1834 1209 ι

258 1260 568 1325 Gentilitas,
592 1274 732 1330 quze,
763 1257 889 1312 dum
917 1257 1089 1328 legem
1117 1254 1372 1320 custodit,
1407 1254 1677 1309 auditores
1707 1253 1840 1324 legis

259 1351 555 1421 redarguit.

335 1443 540 1498 Dicitur
567 1441 776 1514 Moyses
799 1441 915 1497 haec
950 1442 1016 1495 de
1039 1441 1156 1507 Job,
1190 1439 1344 1510 quasi
1391 1439 1457 1495 de
1489 1440 1839 1494 antecedente

258 1536 547 1607 scripsisse
580 1550 593 1588 :
626 1536 750 1605 quia
804 1535 855 1588 in
887 1533 1082 1588 Genesi
1133 1533 1327 1604 legitur
1373 1531 1543 1586 Jobab
1587 1532 1653 1586 de
1699 1531 1838 1585 Esau

255 1629 624 1694 descendisse,
657 1637 709 1682 et
731 1627 930 1682 Balach
954 1625 1062 1680 ﬁlio
1086 1625 1222 1680 Beor
1249 1625 1298 1678 in
1315 1640 1478 1694 regno
1491 1623 1834 1679 successisse.

258 1721 370 1776 Sed
405 1735 522 1775 mos
551 1725 636 1774 est
661 1717 800 1772 sacri
830 1715 1028 1786 eloquii
1055 1716 1108 1769 in
1141 1714 1413 1784 prioribus
1441 1712 1680 1782 partibus
1712 1712 1838 1766 bre-

254 1811 401 1866 viter
446 1810 604 1880 longe
645 1816 769 1878 post
827 1814 1077 1861 secutura
1135 1803 1538 1876 perstringere,
1589 1802 1714 1856 dum
1769 1801 1834 1854 ad

1942 609 2264 664 Conturbant
2305 610 2465 665 verba
2491 609 2650 680 quam
2681 612 2922 666 vulnera.
2953 611 3092 668 Ecce
3134 616 3286 683 quasi
3329 617 3516 672 hostes

1941 717 2006 758 ex
2039 701 2226 758 latere.
2251 702 2355 758 Per
2382 703 2602 758 vulnera
2629 706 2887 775 probatur
2911 708 3172 776 patientia
3197 727 3208 761 :
3234 725 3332 778 per
3349 711 3515 767 verba

1941 804 2225 852 exercetur
2259 796 2542 867 sapientia,
2570 796 2659 852 illa
2688 799 2904 865 robore,
2956 800 3071 854 haec
3105 801 3316 858 ratione
3360 816 3519 875 supe-

1941 889 2100 943 ravit.
3315 875 3318 877 Δ
3511 911 3514 914 ’

2009 979 2185 1036 Amici
2241 979 2340 1036 Job
2387 982 2560 1054 magis
2606 983 2909 1055 ignorantia
2957 985 3297 1057 deliquerunt
3353 1003 3518 1061 quam

1939 1071 2164 1126 malitia.
2188 1071 2305 1127 Non
2327 1074 2474 1128 enim
2497 1083 2676 1131 tantus
2699 1078 2784 1131 vir
2809 1079 3012 1136 amicos
3047 1080 3259 1151 iniquos
3285 1083 3472 1139 habuit
3501 1105 3514 1139 :

1939 1162 2057 1228 sed,
2083 1162 2208 1217 dum
2234 1179 2452 1219 causam
2469 1170 2871 1235 percussionum
2894 1171 3200 1227 discernere
3224 1186 3515 1245 nequeunt,

1940 1253 1995 1308 in
2022 1255 2232 1328 culpam
2277 1256 2545 1312 labuntur.
2601 1258 3014 1317 Percussionum
3065 1267 3209 1320 enim
3264 1265 3366 1320 alia
3411 1277 3514 1334 est,

1941 1359 2044 1414 qua
2083 1348 2385 1416 percutitur
2415 1349 2629 1420 iniquus
2660 1359 2721 1406 ut
2745 1354 3037 1422 puniatur;
3069 1356 3171 1410 alia
3203 1365 3262 1411 ut
3282 1359 3519 1429 corriga-

1941 1444 2057 1502 tur;
2091 1437 2194 1492 alia
2221 1454 2286 1493 ne
2310 1437 2490 1494 futura
2512 1443 2844 1510 committat;
2873 1444 2977 1499 alia
2995 1455 3051 1499 ut
3080 1462 3202 1501 cum
3233 1449 3518 1519 consequi-

1942 1538 2033 1584 tur
2053 1530 2216 1596 salus,
2241 1525 2486 1588 salvator
2512 1535 2742 1605 amplius
2773 1547 3000 1592 ametur.
3036 1537 3216 1595 Bonus
3258 1542 3302 1595 si
3334 1557 3520 1611 percu-

1941 1621 2090 1688 titur,
2119 1624 2310 1678 merita
2347 1627 2689 1684 cumulantur
2731 1646 2744 1682 :
2791 1631 2933 1700 quod
2972 1633 3275 1688 nescientes
3328 1635 3520 1689 distin-

1940 1728 2124 1782 guere,
2157 1729 2469 1782 percussum
2499 1733 2598 1787 pro
2621 1717 2774 1788 culpa
2804 1721 3050 1775 credunt.
3089 1723 3239 1778 Unde
3275 1734 3328 1779 et
3361 1725 3520 1781 citius

1941 1805 2010 1860 ad
2034 1805 2248 1860 veniam
2282 1807 2526 1875 redeunt,
2558 1825 2694 1880 quos
2717 1810 2858 1866 Deus
2889 1813 2976 1867 hic
3001 1812 3280 1882 bumiliat,
3317 1824 3376 1870 ut
3413 1832 3516 1870 non

256 1903 365 1959 alia
393 1875 666 1973 properat:
693 1899 812 1954 Non
843 1897 1004 1970 igitur
1051 1875 1151 1952 fuit
1190 1895 1288 1952 Job
1339 1905 1463 1950 ante
1510 1895 1699 1964 legem,
1743 1894 1834 1948 sed
1865 1875 1913 1936 Β
1941 1895 2044 1950 nisi
2066 1911 2161 1966 per
2183 1913 2305 1952 eum
2327 1915 2486 1969 quem
2517 1875 2896 1972 despexeram,
2929 1903 2996 1957 ad
3038 1875 3293 1975 gratiam"
3314 1907 3520 1976 recipe-

253 2003 503 2064 tempore
545 1990 813 2056 Judicum,
857 1989 982 2058 quia
1027 1988 1142 2057 ipse
1187 1986 1368 2042 verius
1410 1985 1650 2040 creditur
1688 1993 1836 2053 gesta

251 2087 500 2141 victori-.e
550 2100 659 2139 suae
699 2082 998 2152 scripsisse.
1038 2079 1148 2135 Nec
1197 2091 1352 2135 nocet
1377 2079 1519 2148 quod
1555 2079 1650 2142 ait,
1680 2079 1835 2144 dixit,

252 2177 342 2232 vel
366 2175 627 2231 fecithaec
662 2173 799 2230 Job:
833 2174 959 2244 quia
1003 2187 1119 2227 mos
1151 2180 1234 2227 est
1273 2173 1475 2227 sanctis
1495 2170 1562 2226 de
1593 2187 1650 2226 se
1685 2172 1837 2240 quasi

257 2269 327 2326 de
356 2269 474 2322 aliis
497 2259 641 2337 loqui
671 2281 685 2320 :
716 2264 951 2336 Spiritus
977 2263 1122 2317 enim
1153 2270 1234 2318 est
1264 2263 1354 2332 qui
1399 2262 1634 2332 loquitur
1671 2263 1724 2316 in
1762 2264 1839 2332 ip-

255 2358 335 2414 sis
372 2358 510 2412 sicut
536 2357 603 2410 de
631 2355 770 2410 aliis.
810 2353 960 2409 Unde
981 2353 1203 2426 angelus
1227 2353 1414 2425 Moysi,
1443 2354 1598 2408 modo
1618 2354 1838 2424 angelus

257 2449 476 2515 dicitur,
505 2448 597 2519 qui
649 2447 888 2504 exterius
935 2447 1119 2510 servit,
1151 2447 1308 2500 modo
1356 2445 1612 2500 Dominus
1641 2447 1730 2515 qui
1761 2447 1841 2500 iu-

257 2542 428 2598 terius
453 2541 732 2611 prtesidet;
766 2540 907 2595 unde
940 2549 994 2595 et
1022 2539 1230 2596 David:
1268 2559 1284 2590 ι
1321 2539 1613 2603 Attendite,
1647 2539 1841 2609 populo

258 2648 444 2698 meus,
499 2632 670 2704 legem
711 2648 886 2688 meam
931 2631 1116 2704 (Psal.
1177 2629 1417 2702 Lxxvn).
1465 2650 1484 2681 ι
1531 2629 1646 2685 Νοιι
1695 2631 1839 2686 enim

251 2725 488 2796 populus
515 2724 593 2778 vel
617 2723 703 2779 lex
741 2731 858 2779 erat
884 2723 1070 2788 David,
1104 2722 1198 2779 sed
1223 2723 1338 2793 ejus
1364 2721 1452 2791 qui
1485 2721 1538 2776 in
1571 2737 1634 2776 eo
1664 2721 1838 2792 loqui-

257 2823 366 2872 tur.

329 2908 396 2964 Et
421 2890 695 2976 aGentili,
726 2911 864 2964 sicut
893 2924 922 2962 a
948 2907 1133 2964 Jud:eo
1159 2907 1330 2963 voluit
1371 2907 1680 2977 proplietari
1699 2948 1714 2972 ,
1746 2907 1837 2977 qui

253 3018 355 3074 pro
381 3011 610 3074 utroque
638 3001 834 3072 populo
866 3010 1106 3056 venerat.
1341 2985 1350 2990 ’

328 3093 666 3150 lnfructnosa
697 3093 995 3164 loquacitas
1023 3093 1172 3164 quasi
1204 3092 1492 3148 verborum
1527 3089 1651 3143 folia
1697 3103 1727 3143 a
1757 3089 1838 3142 di-

251 3185 396 3242 vinis
423 3195 725 3251 resecatur,
759 3187 888 3240 dum
926 3185 979 3242 in
1009 3184 1206 3254 templo
1241 3183 1335 3239 Dei
1381 3196 1570 3238 nemus
1607 3179 1835 3251 plantari

249 3279 592 3350 prohibetur.
625 3277 908 3350 Indignum
940 3287 1023 3334 est
1055 3288 1113 3333 ut
1155 3279 1314 3332 verba
1353 3275 1591 3332 caelestis
1627 3271 1832 3329 oraculi

252 3373 655 3444 restringantur
681 3373 780 3428 sub
805 3372 1004 3442 regulis
1035 3372 1244 3426 Donati.

328 3463 516 3518 Virtus
535 3459 635 3517 Job
685 3471 740 3519 et
789 3463 843 3517 in
889 3463 1070 3534 quiete
1124 3479 1316 3534 magna
1359 3460 1461 3518 fuit
1502 3464 1602 3519 sibi
1634 3473 1759 3518 nota
1783 3473 1838 3519 et

251 3555 371 3611 Deo
398 3572 411 3607 :
436 3554 532 3610 sed
553 3553 776 3626 ﬂagellis
797 3567 1086 3620 commota,
1110 3563 1169 3609 ut
1208 3565 1449 3610 aromata
1494 3557 1650 3612 nobis
1685 3558 1837 3612 redo-

251 3643 350 3702 let.
382 3645 534 3700 Unde
559 3654 611 3699 et
635 3645 820 3702 ﬁdeles
847 3661 1016 3717 grano
1040 3645 1242 3716 sinapis
1275 3657 1675 3714 comparantur,
1694 3648 1836 3717 quod

250 3749 364 3791 non
394 3735 686 3792 contritum
716 3734 836 3789 lene
857 3744 958 3800 est,
987 3737 1082 3789 sed
1109 3737 1150 3789 si
1197 3736 1494 3789 conteritur
1524 3735 1833 3803 inardescit,

249 3823 479 3894 etquod
503 3824 702 3879 latebat
729 3823 781 3878 in
811 3840 876 3879 eo
908 3825 1117 3894 prodit;
1171 3825 1310 3880 unde
1346 3825 1400 3880 in
1435 3823 1649 3880 Psalmo
1677 3844 1690 3880 :
1724 3846 1742 3877 ι
1780 3828 1836 3882 ln

252 3915 343 3971 die
405 3916 684 3970 mandavit
752 3916 1010 3972 Dominus
1063 3918 1490 3972 misericordiam
1555 3933 1743 3982 suam,
1784 3927 1838 3974 et

250 4016 414 4064 nocte
454 4007 748 4063 declaravit
791 4025 908 4064 eam
959 4009 1141 4079 (Psal.
1186 4009 1334 4080 xu).
1374 4030 1391 4061 ι
1428 4011 1635 4066 Donum
1675 4011 1838 4068 misc-

251 4101 527 4166 ricordire,
559 4106 701 4173 quod
733 4101 786 4156 in
832 4102 936 4156 diei
986 4103 1165 4173 quiete
1193 4102 1508 4173 percipitur,
1550 4112 1710 4158 nocte
1739 4104 1835 4158 ad-

250 4193 532 4248 versitatis
557 4191 1130 4247 manifestaridicitur.
1171 4191 1500 4264 Flagellatur
1548 4194 1734 4260 etiam,
1779 4203 1838 4250 ut

252 4285 398 4342 inter
420 4285 559 4340 mala
586 4286 787 4357 gratias
809 4301 968 4357 agere
996 4287 1160 4341 sciret
1187 4287 1330 4357 quod
1361 4304 1526 4342 unum
1567 4289 1618 4342 ei
1661 4288 1838 4360 profe-

252 4387 345 4435 cto
371 4380 576 4434 deerat.
608 4379 762 4446 Quod
789 4394 917 4450 ergo
945 4380 1116 4435 hostis
1142 4381 1210 4435 ad
1239 4381 1439 4436 malum
1470 4383 1650 4454 petiit,
1697 4383 1838 4438 Deus

253 4470 324 4524 ad
350 4469 550 4524 bonum
579 4469 845 4541 permisit.
871 4468 979 4525 Nec
1009 4478 1158 4539 putet
1179 4472 1301 4541 quis
1333 4471 1510 4542 aliqua
1549 4477 1714 4530 verba
1738 4473 1838 4529 Job

255 4561 720 4629 reprehendenda,
755 4577 914 4630 quem
939 4562 1073 4616 adeo
1099 4563 1442 4618 commendat
1468 4563 1636 4630 Deus,
1660 4565 1712 4620 in
1729 4581 1836 4636 quo
1862 4596 1915 4657 Β

254 4652 409 4723 quasi
436 4652 612 4707 medio
635 4652 880 4708 diabolus
899 4663 1087 4708 contra
1111 4653 1278 4708 Deum
1303 4666 1492 4711 certat.
1523 4656 1676 4725 Quod
1707 4674 1836 4714 vero

249 4743 394 4798 bona
419 4759 515 4798 sua
547 4755 757 4811 narrat,
796 4760 905 4798 non
936 4753 1020 4800 est
1045 4746 1350 4815 arrogantia
1385 4765 1398 4800 :
1427 4748 1522 4802 sed
1547 4764 1645 4818 per
1671 4763 1735 4802 ea
1758 4765 1836 4814 se,

253 4851 323 4890 ne
353 4835 625 4906 desperet,
648 4838 956 4902 conﬁrmat,
987 4850 1109 4891 cum
1132 4853 1229 4908 per
1259 4845 1336 4891 tot
1365 4837 1504 4892 mala
1545 4847 1600 4893 et
1637 4839 1840 4895 amico-

253 4944 375 4984 rum
430 4929 717 5000 opprobria
769 4938 1059 5001 cogeretur
1103 4929 1393 4998 desperare
1447 4932 1514 4985 de
1559 4931 1670 4985 vita
1721 4948 1835 4988 sua.

253 5018 414 5077 Omni
442 5036 638 5092 genere
667 5022 980 5077 tentationis
1009 5020 1204 5075 feritur
1227 5019 1327 5076 Job
1355 5041 1366 5074 :
1399 5023 1609 5080 damnis
1633 5041 1838 5093 rerum,

253 5113 450 5185 quibus
478 5123 669 5184 potens
708 5115 762 5170 in
789 5113 984 5169 saeculo
1013 5115 1218 5169 moveri
1248 5115 1565 5185 putabatur;
1609 5120 1703 5175 sed
1726 5121 1840 5176 llth

255 5205 485 5275 despicit
513 5225 526 5260 :
556 5208 792 5262 orbitate
818 5207 1013 5278 prolis;
1043 5207 1136 5262 sed
1158 5207 1296 5262 hanc
1338 5210 1711 5278 aequanimiter
1750 5211 1846 5267 do-

252 5295 329 5354 let
352 5313 366 5352 :
393 5300 740 5370 percussione
767 5300 979 5366 carnis,
1016 5315 1178 5370 quam
1219 5300 1488 5370 patienter
1538 5301 1756 5370 tolerat;
1785 5314 1840 5360 et

253 5391 373 5449 haec
400 5391 618 5450 fuerunt
642 5394 795 5463 quasi
832 5393 1067 5450 exterior
1118 5393 1346 5464 impetus
1387 5393 1539 5458 belli,
1584 5404 1637 5451 et
1686 5398 1840 5467 quasi

253 5482 444 5542 hostes
490 5500 522 5539 a
571 5483 710 5540 facie
756 5494 1076 5557 pugnantes.
1121 5483 1269 5540 Intus
1307 5500 1438 5539 vero
1467 5501 1565 5557 per
1589 5502 1812 5543 uxorem

254 5575 410 5647 quasi
429 5591 528 5647 per
549 5576 723 5632 civem
743 5591 896 5632 mens
922 5575 1151 5632 sustinet
1181 5591 1387 5630 venena
1414 5577 1648 5644 consilii,
1671 5577 1765 5632 sed
1786 5586 1841 5634 et

255 5669 400 5726 hanc
427 5670 699 5740 sapienter
726 5670 900 5724 docet.

324 5762 501 5824 Amici
525 5764 591 5818 ad
621 5763 1043 5818 consolationem
1069 5763 1322 5828 veniunt,
1358 5763 1450 5818 sed
1483 5765 1550 5820 ad
1597 5764 1843 5835 increpa—

259 5851 461 5908 tioncm
484 5852 768 5920 prosiliunt
793 5869 808 5910 :
839 5855 981 5910 inter
1002 5871 1136 5925 quos
1159 5864 1212 5910 et
1240 5855 1460 5909 ultimus
1478 5854 1676 5924 junior,
1700 5858 1842 5928 quod

1936 1997 2039 2043 ret.

2010 2079 2164 2136 Sicut
2199 2097 2388 2138 omnes
2411 2082 2560 2152 justi,
2591 2086 2662 2140 ita
2694 2085 2815 2153 Job,
2839 2106 2942 2143 non
2987 2092 3144 2146 modo
3184 2095 3391 2160 verbis,
3425 2095 3517 2149 sed

1937 2172 2124 2236 rebus,
2147 2172 2419 2228 Christum
2446 2177 2790 2248 przcsignavit
2823 2199 2835 2233 :
2861 2189 2917 2234 ut
2942 2198 3042 2251 per
3061 2187 3364 2254 passionem
3393 2203 3517 2258 pas-

1937 2279 2124 2320 surum
2145 2267 2398 2320 ostendat
2415 2267 2719 2324 Christum:
2748 2271 2799 2326 id
2818 2283 2922 2338 est,
2947 2286 3107 2344 caput
3124 2294 3245 2332 cum
3271 2295 3516 2348 corpore,

1938 2357 2081 2426 quod
2109 2365 2191 2412 est
2221 2359 2484 2414 Ecclesia.
2513 2359 2660 2418 Uxor
2683 2361 2818 2431 ejus,
2849 2367 3092 2423 carnales
3113 2371 3399 2440 signiﬁcat,
3429 2375 3517 2443 qui

1939 2445 2078 2501 intra
2110 2447 2403 2504 Ecclesiam
2426 2467 2532 2520 quo
2571 2469 2666 2522 per
2690 2455 2848 2511 ﬁdem
2888 2461 3106 2528 propius
3137 2472 3283 2528 sunt,
3331 2466 3518 2522 durius

1938 2537 2048 2591 vita
2111 2548 2378 2607 premunt.
2420 2542 2593 2598 Amici
2645 2544 2780 2612 Job,
2831 2549 3156 2616 luereticos,
3195 2555 3286 2624 qui
3341 2559 3518 2626 specie

1940 2627 2251 2684 consulendi
2291 2630 2536 2700 decipere
2587 2633 2791 2701 volunt,
2843 2646 2897 2692 et
2927 2639 3052 2694 dum
3083 2643 3238 2711 quasi
3287 2660 3383 2714 pro
3415 2645 3520 2701 Do-

1940 2718 2088 2773 mino
2113 2719 2425 2790 loquuntur,
2456 2725 2670 2780 veritati
2693 2728 3067 2785 adversantur.
3108 2732 3205 2787 Job
3231 2735 3409 2790 dolens
3441 2739 3521 2791 di-

1941 2809 2097 2872 citur,
2129 2827 2236 2880 quo
2261 2813 2440 2882 passio
2455 2812 2652 2870 Christi
2689 2819 2768 2870 vel
2789 2818 2940 2874 labor
2969 2821 3225 2879 Ecclesiae
3263 2829 3520 2898 exprimi-

1941 2909 2049 2954 tur.
2099 2901 2341 2973 Elipbaz,
2377 2903 2586 2960 Domini
2636 2919 2976 2981 contemptus,
3033 2914 3086 2969 id
3131 2926 3214 2972 est
3257 2920 3519 2987 haeretici,

1941 2990 2054 3060 qui,
2079 2991 2204 3045 dum
2249 2991 2379 3048 falsa
2423 2996 2487 3050 de
2519 2997 2628 3052 Deo
2664 3001 2933 3066 sentiunt,
2989 3020 3111 3059 eum
3161 3010 3521 3078 superbiendo

1941 3090 2312 3137 contemnunt.
2341 3083 2586 3152 Baldath,
2617 3099 2839 3144 vetustas
2867 3092 2978 3147 sola
3004 3135 3017 3159 ,
3050 3097 3174 3165 quia
3214 3115 3320 3155 non
3353 3101 3522 3157 inten-

1940 3170 2087 3226 tione
2131 3173 2289 3240 bona,
2333 3177 2426 3230 sed
2474 3179 2711 3248 appetitu
2741 3180 2922 3249 gloria:
2973 3185 3283 3256 loquuntur,
3333 3192 3388 3246 id
3414 3201 3518 3259 est,

1943 3280 2049 3321 non
2081 3267 2196 3322 zelo
2237 3270 2360 3323 novi
2408 3271 2662 3338 hominis,
2697 3273 2794 3328 sed
2821 3278 3088 3345 pravitate
3134 3281 3256 3336 vita:
3298 3286 3517 3339 veteris.

1941 3353 2170 3426 Sophar,
2203 3359 2474 3430 dissipatio
2503 3363 2755 3432 speculw,
2805 3365 2884 3420 vel
2925 3367 3182 3438 dissipans
3229 3373 3523 3442 speculato-

1941 3465 2070 3513 rem,
2103 3451 2228 3520 quia
2275 3453 2509 3508 hteretici
2563 3464 2770 3512 mentes
2825 3473 3052 3530 superna
3096 3467 3520 3537 contemplantes

1939 3540 2121 3594 verbis
2141 3551 2420 3610 percutere
2449 3555 2724 3616 appetunt.
2754 3547 3154 3609 Contemnendo
3177 3571 3305 3625 ergo
3329 3560 3516 3626 Deum,

1942 3630 1997 3685 in
2023 3642 2288 3688 vetustate
2310 3650 2368 3690 se
2389 3637 2636 3702 retinent,
2670 3639 2723 3692 in
2753 3655 2854 3710 qua
2890 3655 3171 3700 manentes
3189 3687 3203 3711 ,
3236 3648 3393 3704 malis
3412 3666 3521 3704 ser-

1940 3725 2192 3778 monibus
2219 3726 2619 3796 spcculantibus
2645 3739 2857 3785 nocent.
2888 3731 2992 3788 Sed
3021 3736 3147 3804 quia
3192 3747 3245 3792 et
3285 3739 3382 3808 ipsi
3425 3740 3521 3794 ali-

1940 3815 2156 3884 quando
2180 3817 2247 3870 ad
2269 3817 2566 3873 Ecclesiam
2593 3821 2841 3886 redeunt,
2870 3825 2970 3879 hoc
3007 3828 3305 3884 amicorum
3332 3848 3517 3887 recon-

1940 3907 2142 3962 ciliatio
2163 3910 2420 3975 ostendit,
2446 3927 2544 3980 pro
2563 3913 2756 3982 quibus
2784 3913 2883 3970 Job
2917 3927 3058 3984 orat,
3087 3921 3211 3989 quia
3242 3921 3520 3979 haeretico-

1941 4013 2062 4050 rum
2095 3997 2359 4052 sacriﬁcia
2387 3999 2494 4054 Deo
2525 4017 2631 4056 non
2679 4011 2803 4057 sunt
2852 4016 3091 4076 accepta,
3141 4008 3242 4064 nisi
3272 4013 3519 4070 manibus

1939 4090 2194 4146 Ecclesiaa
2219 4091 2418 4147 oblata.
2453 4091 2668 4164 Septem
2687 4111 2784 4165 pro
2808 4101 2887 4152 eis
2905 4101 3170 4156 sacriﬁcia
3198 4102 3516 4171 offeruntur,

1939 4182 2066 4253 quia
2114 4183 2241 4237 dum
2297 4183 2665 4252 septiformem
2714 4186 2970 4257 Spiritum
3017 4192 3304 4261 accipiunt.
3363 4199 3517 4264 quasi

1938 4282 2143 4343 scptem
2169 4273 2530 4329 oblationibus
2547 4276 2851 4344 expiantur.
2893 4277 3053 4332 Tauri
3093 4289 3148 4334 et
3177 4282 3377 4336 arietes
3421 4301 3518 4355 pro

1939 4363 2019 4418 eis
2038 4363 2200 4420 oblati
2223 4372 2348 4418 sunt
2371 4378 2386 4416 :
2410 4365 2463 4418 in
2488 4373 2640 4422 tauro
2661 4368 2844 4421 cervix
2871 4371 3134 4439 superbiw
3153 4372 3516 4442 signiﬁcatur:

1941 4453 1996 4508 in
2022 4455 2190 4509 ariete
2218 4457 2444 4510 ducatus
2470 4457 2682 4526 gregis:
2707 4457 2832 4527 quia
2857 4473 2953 4528 per
2991 4461 3295 4530 superbiam
3319 4467 3386 4522 ab
3421 4469 3519 4523 Ec-

1940 4546 2102 4600 clesia
2133 4545 2454 4610 resilientes,
2485 4555 2607 4616 post
2629 4562 2686 4601 se
2723 4547 2964 4605 inﬁrmos
2986 4566 3175 4623 greges
3201 4557 3514 4627 trahebant;

1940 4635 2083 4706 quod
2109 4636 2162 4688 in
2191 4636 2270 4690 eis
2293 4636 2578 4695 occiditur.
2609 4637 2732 4691 dum
2762 4639 2826 4692 ad
2849 4638 2976 4704 Job,
3004 4642 3055 4698 id
3081 4653 3191 4710 est,
3224 4645 3518 4706 Ecclesiam

1939 4729 2189 4783 redeunt.
2219 4727 2324 4782 Per
2350 4727 2504 4782 Elihu
2534 4730 2626 4797 qui
2656 4737 2802 4783 recto
2827 4747 2986 4787 sensu
3017 4733 3282 4804 loquitur,
3329 4744 3421 4796 sed
3451 4743 3519 4798 ad

1940 4821 2188 4877 elationis
2215 4823 2379 4877 verba
2409 4823 2684 4877 derivatur
2709 4840 2989 4898 arrogans,
3023 4831 3115 4887 sed
3145 4840 3322 4890 tamen
3351 4836 3521 4894 ﬁdelis

1941 4913 2278 4982 exprimitur,
2308 4913 2398 4981 qui
2425 4920 2478 4967 et
2501 4913 2744 4983 arguitur
2774 4933 2786 4968 :
2819 4931 2916 4971 nec
2935 4928 3112 4974 tamen
3135 4924 3402 4980 sacriﬁcio
3434 4945 3518 4984 re-

1944 5005 2178 5070 ducitur,
2207 5005 2330 5072 quia
2361 5019 2458 5073 per
2485 5005 2767 5060 veritatem
2809 5006 2930 5062 ﬁdei
2965 5010 3138 5067 victus
3177 5025 3277 5078 est,
3308 5017 3400 5070 sed
3426 5032 3522 5086 per

1943 5103 2208 5149 tumorem
2241 5094 2503 5164 superbia:
2532 5091 2796 5164 displicet.
2827 5097 2978 5153 Unde
3005 5100 3182 5166 Elihu,
3211 5101 3348 5157 Deus
3379 5121 3521 5162 meus

1944 5185 2058 5250 iste,
2093 5183 2175 5240 vel
2196 5183 2335 5238 Deus
2369 5195 2539 5238 noster
2577 5185 2996 5257 interpretatur:
3027 5191 3127 5246 etsi
3164 5192 3306 5246 enim
3340 5209 3522 5266 super-

1943 5278 2066 5342 bus,
2101 5285 2280 5331 tamen
2305 5277 2571 5332 veraciter
2601 5278 2884 5345 credendo,
2908 5291 3091 5352 aperte
3121 5283 3407 5342 conﬁtetur
3427 5329 3442 5354 ,
3467 5298 3522 5344 et

1943 5370 2112 5426 Deum
2141 5383 2237 5440 per
2259 5369 2623 5437 divinitatem,
2660 5379 2714 5427 et
2751 5372 3032 5429 Dominum
3059 5388 3156 5443 per
3186 5374 3512 5436 incarnatio-

1937 5486 2063 5528 nem
2091 5465 2354 5538 perhibet.

2013 5582 2142 5637 Post
2169 5580 2348 5635 omnia
2381 5579 2544 5646 mala,
2565 5581 2634 5634 ob
2654 5579 2887 5648 duplicia
2914 5579 3153 5650 recepit,
3179 5582 3306 5652 quia
3337 5583 3523 5643 Eccle-

1943 5674 2026 5731 sia
2055 5683 2108 5728 et
2138 5672 2226 5726 hic
2259 5687 2357 5741 pro
2386 5670 2660 5725 laboribus
2692 5669 2802 5724 suis
2847 5668 3076 5740 duplicia
3129 5674 3348 5744 accipit,
3395 5676 3519 5734 dum

1947 5765 2211 5836 susceptis
2243 5765 2509 5835 gentibus,
2540 5765 2592 5817 in
2619 5764 2724 5818 ﬁne
2751 5771 2803 5816 et
2823 5760 3034 5819 Judazos
3056 5768 3358 5836 convertit,
3389 5777 3440 5824 et
3468 5771 3522 5825 in

1948 5857 2129 5914 futuro
2181 5856 2376 5926 duplici
2430 5855 2561 5910 stola
2611 5854 2900 5921 dotabitur,
2953 5855 3002 5910 id
3051 5865 3150 5921 est,
3192 5857 3525 5918 beatitudine
