4122 6350
627 369 729 428 75!

1119 358 1540 422 ~.WALAFRIDI
1573 357 1822 420 STRABI
1857 356 2063 417 FULD.
2103 356 2272 442 MQN.
2309 355 2462 416 OPP.
2500 353 2680 416 PARS
2714 354 2758 414 l.
2795 382 2869 400 —-
2902 353 3356 413 THEOLOGICA.

3817 356 3922 416 752

629 476 828 535 animae
861 482 919 532 et
941 471 1204 546 corporis.
1254 470 1410 529 Unde
1443 469 1715 542 Pr0pheta
1749 487 1765 528 :
1801 489 1820 524 ι
1853 470 1914 526 In
1941 477 2091 527 terra
2116 485 2214 528 sua
2238 473 2294 537 Α
2315 468 2679 536 sanctiﬁcare,
2714 476 2799 526 est
2825 477 2948 541 post
2967 467 3232 524 virtutum
3275 483 3496 527 sensum
3539 469 3922 528 intentionem

626 569 986 645 possidebunt
1025 566 1260 639 duplicia
1297 564 1434 637 (Ira.
1478 563 1612 636 LXI).
1643 583 1665 619 ι
1697 561 1910 620 Aﬁlicto
1941 563 2042 621 Job
2072 563 2210 620 dici-

627 671 722 722 tur
749 681 764 718 :
795 661 892 719 sed
916 667 1121 732 quanto
1158 666 1402 730 tempore
1443 655 1640 725 fuerit,
1676 664 1917 724 tacetur;
1961 656 2088 727 quia
2113 655 2216 712 Ec-

629 755 798 814 clesia
827 751 1110 824 aiﬁigenda
1143 751 1334 818 scitur,
1375 750 1474 808 sed
1511 748 1749 822 quandiu
1780 749 2088 822 ignoratur;
2115 765 2216 806 un-

629 848 736 904 de:
767 863 787 899 ι
815 844 935 901 Non
959 852 1046 901 est
1062 850 1306 900 vestrum
1343 855 1506 898 nosse
1533 849 1779 913 tempora
1817 839 1907 896 vel
1942 847 2216 898 momenta

629 954 754 1014 qua:
777 937 940 997 Pater
964 936 1021 994 in
1038 951 1138 993 sua
1157 934 1339 1008 posuit
1364 940 1634 1006 potestate
1658 930 1797 1004 (Act.
1825 930 1891 1005 ι).
1911 949 1930 986 ι

1145 1064 1374 1124 CAPUT
1406 1061 1697 1121 PRIMUM.

700 1202 868 1263 Vitas.
895 1203 948 1258 1.
975 1231 1045 1242 —
1073 1216 1094 1253 ι
1125 1199 1220 1256 Vir
1261 1207 1384 1254 erat
1425 1196 1481 1252 in
1523 1205 1670 1252 terra
1711 1191 1843 1250 llus.
1873 1209 1893 1245 ι
1937 1190 2127 1263 (Gneo.
2158 1191 2217 1248 in

628 1297 752 1362 Job,
785 1304 914 1351 tom.
941 1293 1008 1366 Ι.)
1039 1292 1144 1348 Per
1170 1290 1272 1347 Job
1294 1288 1563 1353 Christus,
1588 1287 1641 1342 id
1671 1293 1789 1353 est,
1832 1293 1992 1356 caput
2023 1291 2079 1340 et
2097 1298 2219 1338 cor-

631 1401 738 1458 pus
757 1385 1067 1456 designatur
1103 1395 1274 1453 :ergo
1300 1388 1424 1453 post
1462 1377 1745 1434 historiam
1792 1376 1910 1430 viso
1947 1374 2003 1430 in
2043 1374 2218 1445 capite

638 1476 770 1547 quid
800 1474 1106 1539 credamus,
1138 1470 1420 1527 videamus
1457 1483 1526 1524 ex
1557 1479 1786 1539 corpore
1819 1463 1950 1536 quid
1989 1462 2218 1519 videndo

629 1574 932 1628 terreamus.
1467 1635 1470 1638 Δ

703 1661 874 1719 Gneo.
909 1656 1097 1732 (Ibid)
1120 1655 1223 1712 Job
1251 1655 1306 1710 in
1331 1662 1474 1711 terra
1500 1650 1636 1720 llus,
1664 1659 1794 1719 etc.,
1815 1665 1978 1723 usque
2010 1647 2080 1704 ad
2096 1652 2220 1720 post

632 1762 692 1812 et
714 1761 893 1809 astuta
920 1749 1149 1806 collecta
1175 1754 1318 1803 sunt.

2315 559 2496 618 cordis
2519 560 2751 631 dirigere
2775 577 2789 616 :
2826 569 2881 616 et
2907 575 3067 617 omne
3091 561 3238 630 quod
3258 561 3435 633 agitur
3453 563 3712 619 districta
3745 575 3922 620 retra-

2315 653 2552 710 ctatione
2574 652 2859 720 mundare,
2896 667 2966 709 ne
2999 652 3301 725 decipiatur
3345 654 3608 726 qualitate
3647 656 3821 724 mali,
3867 669 3924 718 ut

2312 751 2572 817 putentur
2600 743 2744 799 bona
2771 759 2891 814 qua:
2913 743 3054 800 mala
3083 752 3240 812 sunt;
3275 745 3362 801 vel
3402 748 3718 818 quantitate
3767 751 3917 820 boni,

2313 843 2378 894 ut
2417 834 2688 892 sufﬁciens
2733 837 3004 901 credatur,
3049 852 3175 894 cum
3201 837 3500 910 perfectum
3523 856 3635 898 non
3677 843 3751 898 ﬁt
3786 861 3802 897 :
3831 846 3922 900 sed

2315 929 2420 986 hoc
2437 927 2629 985 melius
2653 929 2857 984 orando
2895 944 3059 1000 quam
3105 929 3442 990 discutiendo
3482 933 3721 991 invenit.
3771 935 3919 995 Mens

2316 1022 2462 1079 enim
2493 1037 2593 1093 per
2619 1023 3088 1094 compunctionem
3120 1022 3331 1081 elevata
3360 1026 3542 1082 omnia
3567 1027 3680 1083 sub
3709 1041 3783 1083 se
3806 1044 3920 1084 cer-

2317 1114 2427 1170 tius
2456 1113 2732 1186 dijudicat.

2321 1193 2329 1202 ’
2359 1243 2363 1248 η
2389 1201 2555 1260 Vnus.
2583 1203 2638 1258 5.
2669 1233 2738 1244 —
2770 1223 2790 1258 ι
2827 1203 3069 1277 Cumque
3093 1205 3150 1261 in
3174 1208 3385 1273 orbem,
3423 1225 3443 1260 ι
3480 1214 3588 1262 etc.
3627 1205 3694 1262 In
3726 1208 3917 1264 orbem

2319 1301 2437 1356 dies
2459 1299 2692 1356 convivii
2718 1305 3020 1366 transeunt,
3057 1314 3182 1354 cum
3217 1299 3604 1372 praedicatione
3646 1301 3915 1371 mysteria

2318 1398 2683 1463 peraguntur;
2709 1389 3218 1461 peractiSomnibus
3259 1389 3362 1446 Job
3395 1405 3494 1462 pro
3540 1390 3674 1447 ﬁliis
3734 1390 3916 1460 oﬂ’ert,

2320 1480 2446 1552 quia
2476 1495 2572 1552 pro
2597 1481 2856 1552 apostolis
2877 1481 2943 1537 de
2963 1480 3347 1567 pradicatione
3369 1481 3733 1538 redeuntibus
3759 1482 3918 1539 Chri-

2321 1580 2437 1629 stus
2462 1571 2678 1628 Patrem
2699 1573 2892 1641 oravit,
2940 1563 3311 1645 mittendoque
3349 1572 3612 1645 Spiritum
3662 1585 3918 1632 sancta
4039 1563 4041 1568 ’

2320 1662 2700 1731 sanctiﬁcavit,
2729 1663 3029 1722 emundans
3069 1664 3331 1738 quidquid
3375 1664 3546 1738 culpae
3597 1667 3800 1726 inesse
3831 1685 3920 1742 po-

2323 1753 2446 1811 tuit.

699 1843 826 1916 (ln.,
858 1839 1010 1912 ibid.)
1042 1837 1200 1894 Prius
1240 1851 1471 1908 persona
1525 1842 1649 1906 apta
1697 1831 2021 1890 describitur
2057 1841 2215 1899 quam

2394 1844 2446 1917 (1
2450 1843 2582 1917 bid.)
2611 1844 2856 1902 Diluculo
2885 1847 3162 1919 consurgit
3183 1848 3277 1919 qui
3297 1849 3767 1920 compunctionis,
3791 1860 3917 1918 etc.,

626 1950 809 2008 pugna
839 1934 957 2004 ejus
976 1931 1223 1997 dicatur,
1253 1939 1313 1985 ut
1353 1929 1474 1984 talis
1503 1942 1662 1998 posse
1696 1927 1913 1980 vincere
1951 1921 2215 1977 videatur.

635 2047 654 2082 ο
693 2025 956 2098 Simplex.
988 2043 1008 2078 ι
1049 2022 1282 2079 Necesse
1303 2028 1389 2076 est
1423 2029 1481 2076 ut
1522 2018 1920 2090 simplicitatem
1952 2013 2216 2070 columbae

625 2118 825 2174 astutia
873 2115 1143 2188 serpentis
1189 2114 1441 2177 instruat,
1483 2119 1540 2166 et
1583 2109 1834 2165 astutiam
1889 2104 2211 2176 simplicitas

625 2207 1130 2281 temperet;'unde:
1171 2205 1406 2277 Spiritus
1438 2205 1490 2259 in
1521 2201 1771 2258 columba
1809 2209 1863 2256 et
1900 2201 2024 2272 igne
2054 2211 2219 2268 appa-

627 2300 925 2372 ruit:quia
974 2297 1120 2370 pleni
1159 2297 1252 2352 illo
1295 2295 1374 2352 sic
1414 2292 1816 2350 mansuetudini
1855 2287 2219 2363 simplicitatis

632 2391 984 2456 deserviunt,
1017 2396 1075 2445 ut
1103 2395 1294 2445 contra
1331 2385 1473 2442 mala
1503 2385 1619 2446 zelo
1651 2381 1989 2440 rectitudinis
2026 2395 2219 2438 accen-

628 2483 850 2540 dantur.

703 2597 724 2628 ι
759 2575 984 2632 Timens
1011 2574 1203 2631 Deum.
1248 2593 1268 2626 ι
1307 2571 1564 2630 Salomon
1601 2587 1616 2624 :
1657 2587 1676 2622 ι
1711 2568 1814 2638 Qui
1855 2569 2011 2626 timet
2049 2570 2219 2626 Deum

631 2667 767 2726 nihil
789 2667 1010 2738 negligit
1031 2664 1229 2736 (Eccle.
1259 2663 1377 2736 vn).
1413 2684 1434 2718 ›

699 2756 889 2829 (Ibid.)
909 2757 1040 2812 item
1064 2755 1320 2811 Salomon
1353 2771 1366 2808 :
1401 2772 1421 2807 ι
1445 2752 1551 2822 Qui
1576 2753 1632 2808 in
1660 2766 1768 2808 uno
1789 2749 2030 2817 oﬁ'endit,
2051 2750 2220 2806 multa

630 2866 650 2900 ι
681 2849 824 2902 bona
861 2847 1052 2918 perdet
1074 2843 1274 2917 (Eccle.
1301 2845 1399 2916 Ix).
1431 2863 1450 2896 ι
1476 2841 1694 2916 Legalia
1723 2841 1976 2898 dicuntur
2006 2840 2216 2896 anima-

625 2941 717 3004 lia,
744 2936 916 3003 idest,
939 2935 1235 2994 secundum
1265 2934 1440 3007 legem
1468 2935 1691 2999 munda,
1717 2947 1839 3004 quae
1867 2940 1924 2988 et
1947 2931 2221 2987 ruminant

625 3040 680 3086 et
717 3027 972 3100 ungulam
1017 3026 1227 3082 ﬁndunt
1267 3043 1280 3080 :
1322 3039 1553 3098 quorum
1599 3023 1828 3080 alterum
1873 3022 2075 3082 habent
2121 3035 2220 3077 ca-

631 3119 780 3188 meli,
815 3119 1046 3177 alterum
1072 3133 1204 3174 vero
1224 3117 1378 3175 deest
1393 3117 1493 3187 eis,
1523 3126 1580 3174 et
1606 3116 1686 3174 sic
1711 3115 1819 3191 legi
1839 3120 2146 3188 congruunt
2162 3120 2220 3170 et

630 3214 938 3360 ἀιῗὲῗὲ.
965 3332 1035 3342 -
1063 3299 1254 3375 (Ibid.)
1283 3318 1302 3353 t
1331 3301 1410 3356 Ac
1435 3298 1642 3356 familia
1663 3297 1853 3354 multa.
1883 3318 1904 3352 ι
1936 3299 2221 3355 innumera

626 3396 783 3451 turba
815 3392 1203 3466 cogitationum
1223 3432 1238 3458 ,
1272 3407 1392 3464 qua:
1423 3391 1579 3464 quasi
1607 3389 1844 3457 ancillae,
1889 3389 2136 3456 domina,
2161 3389 2220 3446 id

626 3495 710 3542 est
731 3484 963 3550 ratione,
991 3485 1231 3546 absente,
1258 3499 1395 3554 opus
1425 3483 1700 3548 deserunt,
1727 3482 2218 3554 perstrepunt;sed

626 3592 692 3633 ea
719 3577 1000 3642 redeunte,
1017 3591 1139 3630 cum
1175 3574 1389 3630 silentio
1415 3582 1709 3655 operantur
1737 3589 1749 3626 :
1785 3572 1870 3628 his
1899 3571 1945 3627 si
1966 3572 2105 3627 bene
2125 3571 2220 3627 do-

627 3671 921 3738 minamur,
975 3684 1076 3725 nec
1127 3684 1316 3724 earum
1354 3666 1699 3723 multitudine
1745 3667 1958 3722 animus
1997 3678 2220 3736 supera-

633 3774 740 3820 IIII”.

699 3855 889 3927 (Ibid)
936 3871 955 3906 ι
1004 3853 1152 3909 Inter
1201 3865 1421 3917 omnes,
1480 3871 1498 3903 ι
1556 3849 1611 3904 id
1649 3857 1754 3917 est,
1810 3849 1952 3905 inter
1999 3847 2219 3922 angelos

625 3946 823 4000 orienti
853 3945 960 4000 luci
984 3944 1334 4008 inhaerentes,
1361 3941 1540 4013 magni
1569 3956 1785 4005 sumus,
1832 3956 2018 3996 eorum
2059 3941 2214 3998 socii.

626 4034 927 4092 Orientales
955 4041 1080 4089 sunt
1108 4048 1298 4088 omnes
1321 4032 1412 4102 qui
1435 4047 1532 4102 per
1553 4030 1712 4086 ﬁdem
1743 4040 1868 4086 sunt
1889 4031 1944 4084 in
1974 4031 2214 4099 Christo,

626 4129 693 4184 de
716 4144 823 4200 quo
841 4127 1124 4198 Propheta
1153 4144 1165 4179 :
1202 4145 1220 4177 ‹
1247 4124 1439 4181 Oriens
1465 4137 1658 4178 nomen
1687 4122 1804 4193 ejus
1835 4121 2018 4192 (Zarlt.
2043 4123 2117 4197 vl)
2146 4142 2160 4178 :
2189 4145 2210 4178 ι

624 4239 762 4294 quos
790 4236 982 4276 omnes
1013 4228 1235 4290 superat
1260 4218 1430 4274 llomo
1461 4217 1622 4271 Deus.

697 4316 856 4371 Vnus.
879 4313 934 4369 ιι.
958 4345 1027 4354 -
1061 4333 1079 4366 ι
1107 4314 1176 4370 Et
1199 4314 1471 4370 faciebant
1495 4311 1823 4377 convivium,
1847 4330 1867 4364 ι
1894 4319 1998 4366 etc.
2027 4309 2215 4385 (Ibid.)

623 4408 748 4464 Filii
771 4406 1020 4464 convivia
1045 4405 1418 4474 faciunt,etc.,
1446 4421 1612 4477 usque
1647 4403 1717 4460 ad
1753 4402 1881 4475 quia
1920 4403 1990 4460 ad
2034 4403 2216 4461 omnia

624 4493 902 4570 trepidans
929 4513 962 4553 a
1000 4497 1160 4555 bonis
1181 4495 1432 4567 operibus
1463 4502 1659 4567 torpet.

2320 1951 2483 2008 usque
2513 1935 2582 1989 ad
2611 1951 2731 2006 quae
2759 1935 2972 2007 expleta
3001 1936 3242 2008 indigent
3266 1937 3612 2009 expiationis.

2393 2023 2582 2096 (Ibid.)
2610 2024 2994 2082 Holocaustum
3022 2033 3194 2083 totum
3214 2028 3495 2086 incensum
3517 2030 3758 2099 dicitur,
3789 2042 3916 2098 etc.,

2319 2135 2484 2192 usque
2507 2103 2578 2174 ad
2603 2127 2729 2176 ante
2767 2121 2954 2178 oculos
2994 2120 3094 2179 Dei
3147 2136 3323 2195 usque
3366 2123 3437 2180 ad
3465 2123 3778 2182 terminum
3804 2128 3918 2183 vita

2320 2220 2489 2285 tegat.
3239 2229 3244 2234 ‘

2393 2303 2557 2360 Vsus.
2583 2302 2636 2360 6.
2664 2333 2735 2344 ——
2763 2321 2783 2355 ι
2813 2302 3059 2372 Quadam
3086 2311 3269 2360 autem
3287 2303 3394 2360 die.
3431 2323 3452 2358 ι
3488 2302 3717 2377 (Cum,
3735 2306 3837 2364 lib.
3861 2323 3917 2374 n,

2321 2393 2540 2462 Moral.,
2565 2410 2684 2467 cap.
2706 2394 2788 2467 2.)
2818 2383 3122 2450 ln'exordio
3162 2393 3396 2464 qualitas
3436 2402 3492 2452 et
3536 2398 3824 2454 terminus
3847 2399 3918 2453 rei

2319 2489 2680 2559 exprimitur;
2709 2495 2768 2543 ut
2791 2488 2974 2556 modo,
3001 2486 3228 2544 tentatio
3250 2487 3353 2545 Job
3375 2503 3410 2544 a
3445 2489 3534 2546 die
3565 2496 3763 2562 empta
3795 2493 3917 2548 diei-

2321 2587 2426 2646 tur,
2457 2581 2584 2652 quia
2611 2581 2680 2637 ad
2705 2580 2990 2636 victoriam
3019 2581 3238 2649 dicitur,
3268 2581 3410 2639 sicut
3436 2591 3491 2638 et
3515 2583 3571 2640 in
3598 2583 3748 2641 aliis.
3771 2586 3920 2642 Nune

2319 2673 2581 2746 qualitate
2615 2673 2873 2744 temporis
2919 2687 3006 2729 res
3047 2673 3309 2746 signatur,
3361 2681 3421 2730 ut
3459 2675 3602 2746 quod
3651 2679 3844 2749 angeli
3872 2678 3917 2733 in

2319 2764 2549 2822 meridie
2578 2772 2842 2836 apparent
2865 2763 3120 2833 Abrahae,
3173 2763 3341 2822 Judas
3383 2772 3544 2822 nocte
3582 2765 3718 2822 exit.
3767 2766 3920 2824 Nunc

2320 2859 2440 2915 loco
2473 2876 2486 2914 :
2519 2866 2578 2914 ut
2604 2858 2749 2940 quod
2777 2857 2944 2914 Israel
2970 2857 3218 2915 inﬁrmus
3265 2858 3439 2932 legem
3484 2874 3594 2914 non
3621 2859 3680 2915 in
3703 2871 3917 2927 monte,

2320 2949 2484 3022 sedin
2512 2949 2642 3017 imo,
2667 2949 2835 3006 audit.
2860 2949 3016 3006 Nunc
3039 2949 3300 3022 qualitate
3325 2949 3491 3016 aeris,
3517 2956 3579 3005 ut
3605 2951 3764 3021 quod
3793 2953 3920 3009 dici-

2322 3053 2412 3100 tur
2443 3061 2457 3098 :
2489 3041 2693 3115 Hyems
2715 3049 2859 3109 erat,
2902 3057 3028 3098 cum
3068 3041 3394 3113 praedicatur
3429 3054 3539 3096 non
3584 3042 3918 3109 credituris;

2319 3145 2378 3195 et
2419 3136 2589 3208 frigus
2635 3144 2774 3202 erat,
2823 3134 3142 3192 imminente
3187 3133 3473 3206 negatione
3521 3133 3693 3190 Petri.
3763 3135 3920 3193 Nune

2321 3229 2588 3301 positione
2612 3226 2887 3298 corporis,
2933 3233 2994 3283 ut
3039 3226 3184 3298 quod
3225 3223 3530 3295 Stephanus
3567 3224 3707 3280 vidit
3727 3223 3920 3283 Iesum

2322 3329 2581 3378 stantem.

2395 3411 2584 3485 (Ibid)
2610 3409 2728 3466 Non
2758 3409 2956 3468 dicitur
2977 3408 3182 3482 aliquid
3210 3406 3415 3464 factum
3446 3423 3630 3466 coram
3657 3408 3919 3478 Domino,

2319 3510 2451 3570 etc.,
2482 3519 2646 3576 usque
2691 3501 2760 3557 ad
2799 3515 2910 3573 quo
2948 3515 3047 3556 rex
3084 3499 3272 3557 Achab
3326 3499 3668 3572 exigentibus
3703 3501 3920 3560 meritis

2319 3593 2643 3664 decipiatur.

2396 3706 2415 3738 ε
2458 3681 2630 3740 Aﬁ‘uit
2656 3683 2799 3739 inter
2819 3697 2936 3739 eos.
2967 3701 2987 3735 ι
3016 3680 3204 3754 (Ibid.)
3232 3681 3289 3736 1n
3321 3681 3410 3739 die
3450 3680 3718 3739 Dominus
3747 3682 3920 3739 Satan

2316 3775 2471 3839 vidit,
2505 3784 2634 3840 etc.,
2671 3791 2834 3846 usque
2865 3773 2936 3829 ad
2970 3773 3110 3830 sicut
3149 3787 3329 3831 cacus
3378 3787 3490 3830 non
3531 3773 3682 3830 videt
3731 3773 3919 3831 lumen

2318 3882 2426 3938 quo
2455 3865 2774 3922 illustratur.

2394 3977 2414 4013 ι
2441 3959 2587 4014 inter
2611 3976 2706 4016 eos
2734 3959 2899 4015 etiam
2929 3958 3118 4016 Satan.
3156 3981 3175 4015 ι
3207 3961 3344 4030 Quia
3383 3963 3538 4019 bonis
3569 3964 3666 4020 Dei
3703 3969 3915 4038 cogita-

2319 4051 2557 4107 tionibus
2579 4067 2699 4122 qum
2721 4066 2790 4107 ex
2817 4051 2930 4107 Deo
2956 4061 3105 4118 sunt,
3141 4069 3200 4108 se
3224 4054 3502 4110 interserit
3525 4065 3586 4110 ut
3603 4058 3914 4125 perturbet.

2317 4142 2412 4196 sed
2437 4156 2559 4196 eum
2589 4141 2848 4197 latentem
2878 4141 3034 4197 nobis
3057 4142 3197 4198 Deus
3227 4143 3451 4214 detegit.
3485 4143 3639 4200 Unde
3660 4145 3872 4202 dicitur
3897 4167 3910 4203 :

2322 4249 2341 4283 ι
2371 4231 2523 4288 Unde
2543 4232 2727 4288 venis?
2757 4252 2776 4285 ι
2809 4233 2953 4303 quod
2982 4233 3181 4300 dicere,
3211 4242 3294 4289 est
3319 4233 3434 4302 ejus
3455 4235 3678 4290 insidias
3699 4239 3913 4308 aperire

2316 4322 2493 4379 nobis.
2539 4344 2557 4374 ι
2589 4322 2886 4380 Circumivi
2911 4333 3135 4381 terram.
3171 4343 3190 4377 ι
3234 4325 3488 4381 Carnalia
3510 4329 3675 4383 corda
3699 4341 3914 4386 scruta-

2316 4423 2423 4482 tur,
2448 4421 2511 4470 ut
2529 4413 2672 4470 mala
2697 4415 2936 4485 inserat;
2963 4432 3064 4474 nec
3086 4416 3402 4486 transvolat,
3423 4418 3518 4474 sed
3544 4422 3907 4490 perambulat.

2317 4506 2446 4576 quia
2468 4521 2574 4562 non
2602 4507 2710 4564 cito
2736 4508 2940 4565 deserit
2964 4524 3126 4580 quem
3174 4517 3381 4576 tentat,
3419 4511 3513 4566 sed
3545 4521 3826 4580 moratur,
3857 4523 3913 4570 ut

702 4560 728 4643 ἶ
753 4591 860 4647 Per
879 4593 1093 4659 domos,
1125 4560 1515 4662 unusquisque,
1620 4599 1724 4647 etc.
1766 4589 1872 4647 Per
1911 4591 2118 4659 domos,
2152 4600 2215 4648 ut
2235 4560 2292 4623 Β
2317 4560 3158 4670 vestigia

624 4682 819 4738 Petrus
840 4697 935 4754 per
956 4683 1205 4744 Romam.
1229 4683 1510 4754 Philippus
1539 4684 1593 4739 in
1620 4683 1888 4750 Samaria,
1916 4685 1970 4739 in
1990 4700 2088 4741 suo
2101 4685 2212 4752 die,

626 4775 678 4830 id
705 4783 808 4839 est,
837 4791 936 4846 pro
962 4775 1122 4829 modo
1152 4774 1537 4847 intelligentim,
1567 4776 1692 4845 quia
1725 4776 1885 4830 aliam
1919 4776 2216 4832 institutio-

626 4881 746 4920 ncnt
783 4865 911 4920 fecit
936 4863 1134 4919 Paulus
1163 4865 1306 4936 apud
1337 4866 1585 4931 Graecos,
1623 4866 1784 4921 aliam
1827 4865 2024 4923 Petrus
2072 4866 2214 4939 apud

626 4959 902 5015 Romanos
926 4974 939 5010 :
965 4956 1090 5012 licet
1119 4972 1226 5012 non
1263 4956 1612 5014 dissentirent
1648 4957 1703 5012 in
1739 4956 1862 5012 ﬁde.

699 5073 718 5106 ι
748 5053 883 5109 Tres
905 5067 1142 5118 sorores,
1176 5071 1194 5104 ι
1227 5052 1279 5107 id
1301 5061 1401 5115 est,
1438 5051 1618 5117 ﬁdem,
1643 5066 1819 5121 spem,
1843 5052 2167 5110 charitatem
2192 5071 2206 5109 :

625 5145 681 5199 in
701 5158 861 5200 omne
883 5143 1028 5216 quod
1049 5151 1214 5214 agunt
1242 5143 1466 5198 virtutes
1503 5153 1720 5209 vocant,
1773 5151 1835 5198 ut
1859 5143 1927 5198 de
1963 5159 2030 5200 eo
2079 5160 2212 5218 gau-

625 5232 993 5302 deant;quasi
1015 5247 1085 5288 ex
1105 5232 1226 5288 cibo
1252 5232 1396 5286 vires
1423 5232 1674 5302 capiunt,
1715 5233 1839 5290 dum
1879 5234 2038 5290 bonis
2085 5250 2212 5308 ope-

625 5322 778 5378 ribus
806 5321 1116 5378 ﬁdentiores
1135 5321 1303 5390 ﬁunt;
1334 5321 1490 5392 quasi
1516 5337 1582 5378 ex
1609 5331 1738 5396 potu
1759 5333 1884 5396 post
1909 5323 2092 5382 cibum
2118 5325 2212 5382 de-

624 5417 896 5482 briantur,
917 5416 1047 5472 dum
1070 5414 1536 5488 contemplationis
1557 5430 1683 5474 rore
1702 5414 1910 5475 infundi
1926 5424 2204 5489 appetunt.

626 5506 734 5564 Sed
757 5523 825 5564 ex
849 5506 980 5580 ipsis
1006 5507 1162 5564 bonis
1187 5515 1243 5563 et
1269 5506 1412 5564 mala
1459 5509 1732 5577 oriuntur,
1775 5519 1836 5566 ut
1877 5511 2072 5578 elatio;
2120 5511 2209 5570 vel

623 5603 749 5655 eum
774 5615 872 5672 pro
893 5601 980 5657 his
1004 5599 1190 5656 laetitia
1220 5601 1281 5656 llt
1302 5601 1494 5670 menti,
1539 5603 1694 5660 adest
1746 5605 1910 5662 etiam
1959 5606 2208 5679 quaedam

626 5691 912 5760 securitas,
963 5691 1090 5748 inde
1126 5699 1331 5764 torpor.
1375 5693 1516 5768 Ergo
1564 5693 1788 5751 subdit:
1829 5716 1848 5748 ι
1875 5697 2118 5770 Cumque
2151 5699 2208 5756 in

626 5788 812 5844 orbem
856 5787 1180 5846 transissent
1224 5787 1362 5846 dies.
1421 5807 1442 5844 ι
1500 5789 1730 5849 Peracto
1772 5793 2022 5850 convivio
2069 5792 2210 5852 ﬁlios

2316 4695 2441 4743 tur:
2485 4705 2507 4741 ι
2548 4687 2801 4761 Nunquid
2827 4691 3186 4749 considerasti
3215 4707 3433 4749 servum
3454 4709 3660 4762 meum,
3697 4715 3717 4749 ι
3747 4714 3905 4769 quem

2315 4780 2459 4834 Deus
2479 4779 2683 4835 bonum
2706 4779 2862 4849 facit,
2899 4790 2956 4838 et
2987 4783 3227 4849 roborat,
3257 4785 3410 4854 quasi
3446 4785 3501 4841 in
3538 4786 3768 4843 auribus
3809 4788 3906 4845 Sa-

2317 4882 2457 4929 tanae
2479 4873 2702 4931 laudat:
2727 4875 2869 4931 unde
2895 4875 3011 4946 ipse
3037 4877 3254 4948 gravius
3275 4887 3462 4933 contra
3481 4879 3658 4945 saevit,
3687 4881 3904 4938 dicens:

2321 4984 2342 5018 ι
2376 4963 2630 5038 Nunquid
2658 4964 2900 5022 frustra?
2941 4987 2960 5021 ι
2995 4968 3185 5038 quasi,
3224 4984 3324 5024 cur
3357 4967 3544 5025 laudas
3578 4985 3744 5040 quem
3785 4988 3907 5044 pro-

2311 5057 2486 5128 tegis?
2513 5055 2597 5113 Me
2636 5056 2888 5128 despecto
2937 5057 3239 5114 laudandus
3284 5066 3452 5125 esset,
3503 5058 3549 5115 si
3594 5069 3792 5118 contra
3818 5079 3902 5120 me

2309 5148 2425 5204 suis
2447 5147 2656 5204 viribus
2689 5155 2900 5214 staret;
2935 5149 3077 5205 unde
3095 5149 3364 5206 malitiose
3401 5151 3605 5221 expetit
3632 5170 3649 5207 :
3678 5154 3776 5208 sed
3813 5171 3902 5210 ex-

2313 5238 2472 5294 tende
2507 5237 2814 5310 paululum;
2842 5238 2972 5294 dum
2989 5239 3131 5296 bona
3159 5241 3456 5309 abundant,
3482 5258 3635 5299 mens
3657 5244 3902 5316 aliquan-

2311 5327 2486 5382 talum
2513 5328 2760 5401 erigitur,
2793 5331 2950 5403 quasi
2969 5331 3112 5388 bona
3139 5347 3172 5388 a
3193 5347 3254 5388 se
3285 5350 3298 5388 :
3336 5349 3457 5405 quae
3483 5334 3628 5392 bona
3654 5337 3903 5395 diabolus

2312 5420 2522 5493 appetit
2541 5421 2721 5478 male:
2747 5422 2846 5481 sed
2873 5422 3018 5481 Deus
3043 5426 3240 5481 tentari
3259 5425 3398 5483 bene
3418 5427 3575 5495 sinit,
3601 5437 3662 5484 ut
3687 5431 3816 5486 dum
3846 5432 3900 5488 in

2308 5511 2466 5569 bonis
2493 5511 2602 5569 illis
2638 5513 2803 5572 homo
2822 5515 3165 5584 concutitur,
3208 5516 3576 5576 imbecillitate
3597 5523 3816 5594 cognita
3845 5523 3898 5579 in

2309 5605 2421 5663 Deo
2449 5607 2729 5664 solidetur.
2770 5609 2924 5666 Unde
2971 5611 3194 5668 subdit:
3230 5633 3250 5666 ι
3282 5612 3424 5671 Ecce
3470 5615 3724 5674 universa
3767 5619 3900 5675 sub-

2309 5700 2508 5758 stantia
2537 5716 2700 5772 quam
2722 5702 2886 5758 habet
2909 5703 2962 5759 in
2989 5719 3154 5760 manu
3183 5712 3274 5762 tua
3299 5713 3401 5763 est.
3423 5726 3444 5760 ι

2315 5792 2544 5871 ’__V'r.ss.
2577 5795 2768 5850 7.—-t
2813 5794 2911 5854 Cui
2957 5797 3110 5874 dixit.
3139 5797 3429 5867 Dominus,
3485 5820 3505 5855 ι
3552 5810 3659 5859 etc.
3708 5801 3897 5878 (Ibid)

2293 5891 2330 5900 ο.-
