4122 6350
213 415 222 418 -
289 385 399 445 753

1318 386 1585 444 GLOSSA
1620 363 2121 448 enormem";
2159 383 2284 445 LIB.
2326 385 2464 446 JOB.

3442 387 3546 451 154

291 503 410 563 Non
436 501 718 570 Dominus,
741 505 874 570 etc.,
901 517 1061 576 usque
1083 501 1153 558 ad
1173 502 1316 574 quod
1333 512 1419 560 est
1443 502 1511 558 ad
1535 501 1877 559 aiilictiouem
1903 502 1952 565 Α
1978 502 2120 560 bona
2153 504 2270 576 ejus
2295 505 2534 562 exterius
2561 499 2813 560 tentanda
2847 501 3027 560 tribuo
3045 543 3059 572 ,
3099 501 3193 562 sed
3237 505 3382 563 intus
3411 505 3550 566 mlhl

291 598 558 654 bonorum
595 593 814 652 malitia:
833 611 945 652 suae
966 596 1186 652 aestibus
1213 595 1489 652 anhelare.

369 707 389 741 1
435 685 588 744 Unde
605 684 794 742 venis?
822 705 843 742 )
875 684 1088 758 (Ganc.)
1118 685 1233 743 Non
1257 689 1451 758 quaerit
1476 704 1507 744 a
1537 689 1714 755 bonis,
1750 687 1879 759 quia

289 796 400 838 non
429 779 724 853 quaerimus
753 777 858 835 nisi
895 779 1038 851 quod
1082 779 1374 846 nescimus,
1425 789 1480 836 et
1523 779 1619 836 Dei
1664 779 1879 836 nescire

290 883 378 930 est
408 871 725 944 reprobare,
751 879 812 928 ut
835 880 891 928 et
915 871 1090 928 bonus
1113 871 1198 928 vir
1237 873 1452 930 nescire
1487 872 1703 929 mentiri
1746 871 1906 927 dici-‘

289 974 401 1031 tur,
428 980 535 1020 non
563 965 706 1036 quod
734 963 964 1032 nesciat,
993 964 1087 1021 sed
1126 963 1272 1036 quod
1307 971 1634 1021 contemnat.
1683 962 1876 1018 Dicere

286 1073 420 1131 ergo
465 1076 485 1110 ι
528 1058 670 1114 unde
695 1056 883 1113 venis?
918 1057 1036 1113 vias
1073 1055 1192 1129 ejus
1235 1064 1322 1113 est
1371 1055 1527 1128 quasi
1575 1054 1877 1126 incognitas

288 1146 599 1220 reprobare.
643 1166 664 1201 1
705 1146 998 1204 Circumivi
1043 1155 1263 1203 terram.
1314 1166 1333 1200 1
1382 1145 1488 1202 Per
1530 1161 1720 1217 gyrum
1775 1145 1879 1200 cir-

287 1238 544 1305 cumitus,
577 1236 780 1294 laboris
805 1239 1050 1294 anxietas
1090 1237 1447 1309 signiﬁcatur.
1471 1233 1748 1292 Laborans
1769 1242 1876 1290 ter-

286 1345 407 1386 ram
433 1331 760 1399 circumivit,
789 1333 879 1404 qui
930 1333 983 1388 in
1013 1331 1152 1388 caelo
1197 1331 1412 1402 quietus
1462 1345 1570 1386 non
1609 1330 1878 1386 stetitzet

284 1439 395 1480 non
438 1425 756 1492 transvolat,
806 1425 899 1481 sed
941 1425 1302 1496 perambulat,
1345 1423 1469 1495 quia
1501 1439 1528 1479 a
1577 1421 1875 1494 spiritualis

280 1517 539 1588 potentiae
583 1517 766 1574 volatu
825 1519 1067 1584 corruit,
1113 1532 1333 1588 pressus
1376 1515 1540 1572 nimis
1585 1513 1874 1586 gravedine

280 1624 396 1664 sum
420 1610 657 1666 malitiae.
686 1610 765 1667 De
799 1609 1060 1665 membris
1090 1623 1304 1680 quoque
1344 1607 1461 1679 ejus
1499 1606 1733 1661 dicitur:
1761 1622 1780 1656 ‹
1813 1603 1873 1660 111

277 1701 568 1758 circumitu
615 1701 762 1773 impii
807 1701 1085 1757 ambulant
1132 1699 1303 1772 (Psal.
1332 1700 1433 1772 xl),
1470 1699 1524 1754 id
1561 1706 1672 1764 est,
1702 1697 1756 1752 in
1779 1711 1874 1752 ex-

281 1795 542 1846 teriorum
571 1791 755 1847 labore
783 1790 1098 1865 fatigantur.
1127 1791 1382 1847 Diabolus
1408 1805 1512 1845 non
1539 1797 1727 1846 contra
1747 1787 1870 1856 Job,

1975 593 2127 654 illum
2160 614 2338 656 servo.
3625 647 3639 662 .

2053 707 2072 741 1
2110 686 2218 744 Sed
2263 688 2511 745 extende.
2568 706 2588 741 1
2633 687 2821 760 (111111.)
2849 686 2954 744 Per
2995 690 3276 759 passiones
3319 702 3555 759 peccaro
3628 723 3632 727 ς

1975 795 2135 852 posse
2163 781 2436 837 Christum
2467 782 2693 852 putavit.
2733 801 2753 834 ‹
2787 781 2927 838 Ecce
2956 781 3208 836 universa
3237 795 3358 851 quae
3387 781 3553 839 habet

1976 872 2033 928 in
2056 887 2218 928 manu
2245 878 2335 928 tua
2361 879 2504 928 sunt.
2536 891 2556 924 1
2587 871 2777 928 Manus
2799 871 3014 928 Satanae
3037 886 3142 926 non
3163 879 3425 942 potestas,
3453 872 3549 928 sed

1975 965 2201 1023 tentatio
2242 982 2258 1021 :
2297 966 2449 1038 prius
2487 964 2692 1032 Iudaea,
2735 981 2855 1037 quae
2891 966 3160 1038 possessio
3202 965 3319 1037 ejus
3349 965 3548 1032 fuerat,

1976 1054 2292 1113 inﬁdelitate
2313 1057 2526 1114 sublata
2553 1066 2664 1123 est,
2683 1067 2737 1113 et
2757 1058 2806 1112 ei
2837 1059 3121 1114 adversata
3152 1076 3166 1114 :
3189 1067 3314 1130 post
3339 1066 3393 1115 et
3421 1072 3551 1113 caro

1973 1146 2092 1218 ejus
2119 1148 2400 1204 cruciﬁxa.

2051 1255 2070 1289 1
2106 1237 2390 1309 Egressus.
2429 1259 2447 1291 1
2486 1239 2544 1295 ld
2573 1247 2676 1307 est,
2707 1241 2775 1297 ad
2804 1240 3055 1297 desiderii
3090 1241 3171 1297 sui
3199 1250 3323 1298 vota
3355 1255 3549 1312 perve-

1973 1328 2075 1384 nit.
2099 1327 2197 1384 Vel
2235 1330 2532 1403 egreditur,
2579 1331 2705 1386 dum
2755 1334 2898 1403 quod
2937 1333 3078 1388 bona
3115 1332 3411 1388 intentione
3447 1330 3550 1386 sibi

1973 1421 2336 1492 permittitur,
2385 1439 2552 1496 prava
2603 1424 2900 1479 intentione
2953 1425 3020 1480 ab
3075 1439 3141 1479 eo
3189 1431 3546 1495 perpetratur.

1980 1531 1999 1566 1
2036 1511 2300 1583 Egressus
2323 1511 2512 1569 Satan.
2552 1533 2570 1566 )
2601 1514 2718 1582 Quo
2741 1515 2891 1581 exiit,
2919 1515 2986 1570 ab
3011 1530 3076 1571 eo
3100 1515 3189 1584 qui
3213 1515 3409 1584 ubique
3433 1511 3552 1570 est?

1974 1603 2069 1660 sed
2114 1604 2369 1674 quamdiu
2403 1619 2622 1675 pressus
2651 1608 2892 1677 potentia
2921 1607 3048 1672 Dei,
3081 1605 3250 1662 Satan
3279 1604 3423 1676 quod
3449 1616 3548 1674 ap-

1972 1699 2150 1768 petiit,
2180 1713 2437 1754 exercere
2458 1715 2562 1753 non
2591 1701 2786 1770 potuit,
2815 1699 2970 1770 quasi
2997 1708 3124 1756 ante
3151 1698 3345 1755 faciem
3366 1697 3548 1762 stetit;

1975 1791 2089 1846 exit
2135 1806 2258 1846 cum
2307 1789 2520 1846 laxatus
2576 1799 2660 1846 cst
2710 1792 2778 1846 ad
2836 1791 3086 1848 ell'ectum
3127 1791 3220 1870 sui
3270 1791 3546 1847 desiderii.

277 1884 376 1939 sed
405 1883 460 1940 in
493 1882 597 1941 Job
639 1885 840 1952 medio,
889 1892 1075 1941 contra
1115 1884 1288 1940 Deum
1332 1891 1523 1939 certat.
1562 1882 1715 1939 Unde
1761 1897 1868 1938 non
1896 1872 1945 1933 Β
1978 1900 1998 1934 ‹
2035 1882 2404 1954 Egressusque
2445 1899 2474 1938 a
2518 1881 2676 1939 facie.
2709 1903 2728 1936 1
2781 1882 2940 1952 Quia,
2974 1884 3098 1940 dum
3141 1899 3310 1958 usque
3346 1885 3412 1938 ad
3453 1899 3551 1942 cor

275 1975 436 2046 prius
461 1974 564 2032 Job
591 1991 623 2031 a
657 1976 766 2033 Deo
791 1976 967 2048 petiit,
1009 1976 1105 2032 sed
1131 1976 1282 2032 illum
1311 1974 1457 2032 Deus
1494 1975 1548 2030 in
1575 1983 1870 2046 conspectu

274 2066 398 2138 ejus
425 2067 688 2125 laudavit.

350 2157 516 2214 Vens.
549 2157 603 2215 9.
631 2190 704 2200 —
735 2177 754 2212 1
789 2158 1044 2231 Nunquid
1097 2158 1295 2216 frustra
1325 2159 1427 2218 Job
1477 2161 1631 2217 timet
1666 2161 1873 2218 Deum?

276 2253 389 2304 etc.
405 2267 424 2300 1
445 2247 633 2320 (111111.)
664 2249 920 2308 Diabolus
945 2250 1157 2308 venisse
1183 2250 1579 2323 redemptorem
1603 2259 1868 2320 senserat,

274 2335 398 2403 sed,
419 2345 643 2409 propter
654 2338 878 2395 humilia
901 2355 1022 2411 quae
1041 2356 1234 2412 passus
1259 2349 1361 2408 est,
1377 2341 1636 2412 quidquid
1662 2343 1726 2397 dc
1748 2343 1864 2400 dci-

274 2434 390 2482 tate
426 2429 732 2501 suspicatus
767 2441 882 2498 est,
913 2431 962 2487 ei
991 2431 1044 2488 in
1077 2433 1296 2489 dubium
1319 2434 1499 2490 evenit
1525 2450 1623 2505 pro
1649 2451 1747 2491 sua
1774 2451 1867 2491 su-

273 2521 483 2590 perbia,
507 2530 561 2578 et
577 2537 682 2579 non
704 2525 873 2580 Deum
893 2531 1100 2592 natum,
1124 2526 1218 2581 sed
1232 2525 1326 2581 Dei
1347 2527 1519 2599 gratia
1543 2528 1870 2584 custoditum

274 2611 529 2667 credidit.
560 2633 579 2666 ι
613 2612 800 2670 Nonne
821 2615 1070 2672 vallasti?
1104 2637 1122 2670 )
1154 2617 1384 2674 Ι)011111111
1430 2618 1683 2676 vallatam
1717 2620 1866 2690 dicit,

273 2704 402 2774 quia
432 2707 686 2762 tentando
713 2709 1104 2765 conscientiam
1149 2708 1266 2779 ejus
1305 2722 1591 2782 penetrare
1637 2729 1743 2771 non
1769 2731 1867 2786 po-

274 2795 376 2850 tuit
403 2795 780 2867 substantiam,
808 2800 932 2871 quia
957 2801 1161 2859 electos
1179 2802 1298 2874 ejus
1325 2803 1578 2862 invadere
1600 2821 1707 2862 non
1727 2823 1866 2879 prte-

272 2891 520 2960 sumpsit.

350 3003 367 3034 1
397 2980 677 3040 Possessio
706 2983 850 3041 illius
879 2985 1071 3042 crevit.
1095 3006 1115 3040 1
1151 2986 1341 3061 (111111.)
1380 2988 1542 3057 Quasi
1569 3009 1583 3046 :
1615 2992 1739 3063 quia
1785 2999 1864 3048 tot

269 3074 411 3131 bona
434 3075 488 3131 in
524 3085 667 3132 terra
698 3077 924 3148 recepit,
960 3093 1060 3149 pro
1099 3076 1185 3134 his
1224 3094 1283 3134 se
1324 3079 1640 3137 innocenter
1680 3083 1856 3154 gerit:

269 3167 365 3222 sed
394 3167 656 3224 innocens
685 3183 790 3223 non
814 3176 959 3225 esset
977 3168 1022 3224 si
1055 3168 1195 3225 inter
1219 3171 1441 3227 adversa
1469 3181 1638 3229 staret
1677 3181 1700 3228 :'
1729 3174 1856 3245 quia

268 3259 460 3330 nequit
488 3259 541 3314 in
563 3260 671 3325 die,
695 3261 747 3316 in
778 3271 934 3318 nocte
982 3263 1346 3327 adversorum,
1391 3264 1504 3320 vult
1545 3223 1853 3337 reprobare.
1883 3223 1930 3286 Ο

267 3350 387 3407 Non
417 3367 547 3424 ergo
596 3353 740 3408 vires
782 3351 904 3421 Job,
949 3355 1042 3411 sed
1089 3371 1357 3426 quemque
1393 3355 1575 3413 verius
1616 3358 1860 3416 adversis

263 3443 500 3514 probare
529 3443 726 3511 sciens,
753 3445 1069 3502 tentandum
1093 3444 1316 3518 expetit.
1349 3465 1369 3499 1
1412 3447 1519 3504 Sed
1547 3449 1795 3516 extende,
1831 3468 1851 3503 1

163 3543 166 3548 ·
265 3547 370 3589 1100
393 3532 539 3590 vires
559 3534 785 3591 feriendi
810 3535 913 3592 sibi
943 3536 1167 3604 tribuit;
1209 3536 1458 3594 voluntas
1498 3538 1614 3609 ejus
1643 3555 1858 3612 semper

265 3622 471 3695 iniqua,
494 3640 615 3696 quae
650 3627 718 3682 ab
739 3625 857 3697 ipso
879 3635 965 3683 est
990 3645 1004 3682 :
1027 3636 1270 3699 potestas
1293 3627 1459 3698 justa,
1498 3647 1618 3702 quae
1651 3648 1681 3687 a
1709 3633 1852 3698 Deo;

261 3717 446 3772 unde:
481 3714 714 3788 Spiritus
734 3718 946 3775 Domini
979 3719 1151 3776 malus
1180 3721 1235 3777 in
1273 3721 1424 3788 Saul,
1455 3731 1510 3778 et
1533 3723 1743 3780 Domini
1770 3733 1855 3782 est

261 3820 365 3878 per
383 3806 679 3876 licentiam,
707 3817 764 3864 et
782 3809 960 3866 malus
984 3825 1082 3881 per
1107 3811 1462 3870 voluntatem.

341 3915 362 3948 1
405 3896 640 3954 Manum.
675 3919 694 3952 1
729 3899 918 3973 (111111.)
952 3900 1209 3970 Queritur
1238 3903 1380 3972 quod
1419 3919 1677 3960 numerus
1716 3904 1850 3960 ﬁde-

262 3986 396 4042 lium
449 3989 864 4059 praedicantibus
909 3992 1167 4063 apostolis
1209 4004 1437 4066 augetur
1477 4009 1494 4050 :
1538 3995 1644 4052 hoc
1682 3994 1850 4055 Satan

263 4079 464 4146 dicere,
505 4090 588 4136 est
613 4081 740 4137 talia
781 4083 1068 4140 invidendo
1108 4084 1368 4156 cogitare,
1412 4093 1470 4143 et
1492 4085 1560 4142 de
1590 4087 1676 4144 his
1706 4089 1849 4146 tabe-

263 4172 466 4227 scendo
489 4173 689 4230 dolere.

331 4262 495 4319 Vsus.
540 4263 628 4318 11.
658 4294 727 4306 -
772 4283 791 4316 1
835 4264 1036 4339 Tange.
1084 4286 1103 4320 1
1159 4265 1348 4339 (111111.)
1393 4266 1531 4336 Quia
1573 4270 1846 4327 exteriora

260 4361 387 4409 sunt
411 4370 532 4425 quae
553 4356 689 4426 petit
734 4359 961 4426 conteri,
994 4373 1091 4414 nec
1128 4357 1356 4414 multum
1393 4367 1548 4432 putat
1587 4362 1691 4418 nisi
1725 4363 1843 4418 ani-

260 4464 403 4504 mam
426 4449 605 4505 laedat.

336 4559 355 4591 1
391 4539 449 4594 111
494 4538 710 4596 faciem.
745 4558 764 4593 1
797 4539 984 4598 Facies
1021 4541 1233 4598 Domini
1279 4551 1558 4616 respectus
1602 4553 1684 4601 est
1718 4560 1841 4618 gra-

1973 1973 2266 2045 praevalere
2295 1974 2504 2046 nequit,
2530 1972 2780 2030 exclusus
2803 1976 2870 2030 ab
2900 1975 3103 2032 intimis
3122 1976 3362 2032 exterius
3385 1991 3548 2055 vaga—

1975 2073 2064 2120 tur
2095 2079 2110 2120 :
2139 2073 2194 2121 et
2224 2065 2268 2121 si
2293 2075 2531 2122 mentem
2561 2067 2760 2134 turbat,
2789 2065 2920 2124 foris
2942 2076 3025 2124 est
3055 2085 3069 2123 :
3113 2067 3239 2140 quia
3266 2083 3372 2124 non
3404 2067 3545 2124 inte-

1972 2156 2140 2223 rimit,
2177 2157 2271 2214 sed
2301 2158 2498 2214 erudit.

2042 2247 2231 2320 (Ibid.)
2257 2248 2522 2320 Tempora
2544 2249 2931 2307 tentationihus
2957 2260 3284 2324 congruunt.
3311 2250 3546 2323 Tempus

1972 2341 2217 2398 tentandi
2259 2349 2443 2412 aptum
2488 2341 2678 2415 elegit,
2712 2359 2833 2399 cum
2876 2341 3014 2399 ﬁlios
3055 2341 3171 2414 ejus
3205 2343 3258 2400 in
3298 2345 3546 2401 convivio

1969 2431 2174 2490 invenit
2203 2450 2217 2489 :
2245 2434 2625 2505 prmnuntiatio
2665 2434 3024 2493 tribulationis
3057 2445 3141 2494 est
3165 2435 3348 2494 laetitia
3377 2438 3542 2493 saties

1969 2526 2116 2582 tatis.

2039 2618 2200 2676 Vens.
2228 2618 2316 2675 l5.
2354 2647 2427 2662 --
2471 2639 2491 2673 1
2532 2619 2666 2677 Cum
2713 2628 2894 2677 autem
2937 2621 3168 2693 quadam
3218 2622 3307 2677 die
3346 2619 3442 2677 ﬁlii
3487 2629 3546 2678 et

1971 2728 1992 2763 c
2029 2708 2172 2775 ﬁliae,
2202 2719 2312 2767 etc.
2353 2729 2373 2764 1
2407 2712 2646 2782 Apostoli
2675 2722 2728 2768 et
2756 2728 2944 2769 omnes
2972 2713 3174 2771 ﬁdeles.
3204 2712 3373 2784 Major
3399 2713 3543 2770 ﬁlius

1962 2797 2217 2858 Iudaicus
2248 2800 2476 2873 populus
2501 2802 2617 2874 lege
2655 2812 2972 2875 generatus;
3018 2804 3212 2870 minor,
3244 2801 3542 2859 Gentilisin

1965 2888 2070 2945 ﬁne
2097 2899 2338 2946 vocatus.
2399 2889 2458 2946 ln
2512 2892 2670 2947 domo
2715 2908 2843 2964 ergo
2885 2891 3258 2966 primogeniti,
3314 2891 3542 2965 apostoli

1960 2979 2314 3035 convivantur
2343 2997 2356 3034 :
2381 2981 2505 3052 quia
2536 2981 2711 3037 adhuc
2741 2981 3032 3053 Scriptum:
3059 2997 3228 3040 sacrae
3249 2983 3457 3040 deliciis
3485 2983 3542 3039 in

1960 3071 2271 3128 collectione
2293 3071 2458 3127 solius
2491 3070 2696 3128 Iudaici
2719 3074 2897 3144 populi
2937 3074 3543 3144 vescebantur,quibus

1961 3168 2088 3216 tunc
2127 3161 2324 3216 dictum
2366 3171 2450 3218 est
2493 3181 2506 3217 :
2569 3181 2587 3215 1
2635 3161 2692 3217 111
2721 3163 2862 3220 viam
2893 3165 3132 3236 gentium
3181 3181 3251 3223 ne
3296 3166 3543 3224 abieritis

1963 3249 2175 3320 (Matth.
2210 3250 2290 3323 x).
2328 3271 2348 3306 1

2039 3358 2058 3393 1
2094 3340 2450 3400 Comederent
2477 3352 2532 3399 et
2560 3343 2837 3414 biberent,
2879 3353 2985 3404 etc.
3025 3364 3046 3400 1
3077 3344 3405 3411 Comedere,
3451 3352 3539 3402 est

1959 3433 2116 3489 bonis
2143 3434 2395 3504 operibus
2421 3437 2688 3509 gaudere:
2712 3438 2898 3494 vinum
2924 3439 3130 3508 bibere,
3158 3447 3242 3496 est
3263 3437 3537 3496 desiderio

1959 3522 2169 3579 caelesti
2194 3535 2443 3582 aestuare.

2034 3639 2054 3673 ‹
2089 3619 2296 3678 Fratris
2320 3622 2402 3677 sui
2433 3623 2800 3695 primogeniti,
2828 3633 2934 3681 etc.
2971 3643 2993 3678 1
3017 3623 3176 3681 Prior
3201 3623 3444 3682 nascitur
3469 3624 3525 3682 in

1955 3712 2120 3769 corde
2148 3713 2430 3784 sapientia,
2479 3723 2610 3783 etc.,
2638 3733 2799 3788 usque
2828 3717 2899 3772 ad
2925 3724 2986 3773 ut
3009 3717 3139 3789 quid
3158 3726 3535 3790 pmoccupata

1955 3816 2110 3858 mens
2135 3803 2396 3874 perdidit,
2421 3803 2615 3862 alllicta
2645 3807 2891 3878 recipiat.

2026 3889 2192 3948 Vens.
2225 3892 2310 3947 14.
2337 3924 2408 3935 -——
2433 3912 2452 3946 ‹
2481 3893 2652 3950 Boves
2676 3897 2924 3964 arabant,
2957 3905 3064 3955 etc.
3096 3917 3117 3950 )
3145 3893 3336 3970 (111111.)
3355 3897 3532 3956 Boves

1955 3993 2194 4050 arantes,
2225 3984 2278 4040 id
2314 3993 2418 4051 est,
2444 3984 2573 4041 boni
2601 3985 2740 4042 bene
2768 3997 3055 4058 operantes
3078 4029 3094 4056 ,
3126 3989 3292 4044 asinae
3319 3987 3530 4059 simpli-

1951 4073 2089 4130 citer
2114 4074 2388 4142 viventes;
2433 4075 2517 4131 hae
2540 4073 2695 4146 juxta
2747 4076 2950 4144 boves,
2998 4077 3127 4148 quia
3171 4077 3527 4150 intelligentia

1950 4181 2138 4223 eorum
2162 4173 2476 4237 pascuntur.
2508 4165 2682 4222 Sabini
2713 4167 3071 4238 captivantes,
3122 4167 3176 4223 id
3216 4175 3302 4222 est
3329 4167 3529 4222 daemo-

1947 4272 2065 4325 nes,
2093 4272 2312 4328 pueros,
2357 4257 2409 4313 id
2451 4265 2534 4313 est
2561 4257 2899 4328 incipientes,
2927 4257 3164 4313 nondum
3193 4257 3365 4312 virilis
3387 4271 3524 4312 con-
3576 4257 3584 4265 '

1941 4351 2197 4418 stantia,
2259 4349 2475 4421 gladio,
2531 4349 2584 4404 id
2631 4359 2712 4404 cst
2761 4349 3139 4420 desperatione
3184 4349 3522 4406 aeternitatis.

1943 4437 2171 4494 Nuntius
2196 4439 2288 4510 qui
2316 4439 2514 4504 evadit,
2544 4437 2888 4508 propheticus
2911 4451 3089 4492 sermo
3116 4446 3202 4492 est
3229 4453 3245 4493 :
3277 4439 3368 4508 qui
3395 4439 3472 4494 ait
3497 4455 3514 4494 :

1950 4551 1968 4584 1
2007 4533 2262 4602 Captivus
2289 4531 2482 4586 ductus
2508 4538 2593 4587 est
2631 4530 2861 4602 populus
2891 4545 3044 4586 meus
3075 4547 3089 4586 :
3121 4531 3245 4602 quia
3277 4547 3382 4586 non
3418 4531 3517 4587 ha-

259 4626 368 4684 tite.
410 4627 551 4686 Dicit
596 4645 725 4698 ergo
761 4649 774 4686 :
807 4630 852 4686 si
890 4632 1013 4688 data
1053 4648 1172 4703 quae
1211 4590 1839 4701 amatrsubtrahis,°re-

1963 4623 2060 4678 iuit
2085 4590 2362 4678 scientiam
2395 4619 2528 4692 (Isa.
2558 4590 2651 4694 v);.
2675 4590 2846 4691 i-quia
2888 4619 3012 4676 dum
3039 4590 3174 4676 fiunt
3218 4620 3358 4676 mala
3393 4636 3516 4693 qua:

255 4730 502 4792 spectum
526 4763 541 4790 ,
593 4723 798 4780 scilicet
838 4723 1024 4796 gratia:
1069 4733 1173 4779 tua:
1195 4765 1210 4790 ,
1256 4723 1494 4780 favorem
1537 4711 1688 4781 tuum
1726 4741 1835 4781 non
1937 4714 2204 4788 praedixit,
2231 4714 2386 4786 quasi
2415 4728 2578 4770 sanus
2606 4713 2673 4770 ad
2706 4711 2992 4769 Dominum
3014 4712 3156 4769 redit
3186 4732 3200 4769 :
3227 4714 3519 4786 captivatis

256 4813 508 4883 requirit,
536 4814 629 4870 sed
659 4814 1027 4871 maledicendo
1054 4815 1370 4871 contemnit.

328 4901 492 4957 Vens.
522 4903 607 4958 12.
633 4934 705 4946 --
728 4923 748 4958 1
779 4905 924 4961 Dixit
955 4919 1084 4978 ergo
1125 4904 1402 4961 Dominus.
1447 4925 1466 4960 1
1503 4903 1693 4980 (111111.)
1723 4904 1840 4964 Νο11

253 4995 521 5068 petitione
557 4997 752 5054 diaboli
774 5007 1100 5070 provocatus
1125 4998 1268 5055 Deus
1295 4996 1544 5063 vincitur,
1581 4999 1675 5055 sed
1695 4999 1839 5056 hosti

254 5089 504 5144 concedit
531 5091 597 5145 ad
620 5090 858 5148 dolorem
897 5100 954 5148 et
998 5091 1369 5163 deceptionem
1408 5106 1561 5147 suam
1587 5092 1730 5162 quod
1757 5090 1836 5148 fa-

258 5178 406 5233 mulo
431 5180 621 5249 prosit.
645 5200 664 5233 (
697 5181 838 5239 Ecce
858 5183 1038 5238 omnia
1068 5198 1188 5253 quae
1207 5183 1388 5249 habet,
1421 5201 1440 5235 1
1463 5191 1568 5239 etc.
1601 5182 1694 5237 Pia
1727 5183 1837 5240 dis-

254 5272 572 5342 pensatione
611 5273 817 5329 relaxat
849 5274 1228 5339 et,refra:nat:
1259 5275 1615 5333 substantiam
1635 5276 1832 5348 prodit,

254 5378 453 5434 corpus
493 5366 759 5438 protegit,
792 5366 893 5424 etsi
919 5376 1106 5440 postea
1137 5384 1334 5440 corpus
1367 5369 1696 5437 traditurus,
1724 5385 1833 5427 non

257 5461 438 5512 tamen
475 5458 635 5514 simul
674 5451 888 5528 omnia,
923 5478 991 5518 ne
1033 5469 1349 5518 coacervata
1381 5462 1681 5532 perimant,
1713 5478 1834 5535 qua

254 5547 428 5604 divisa
455 5559 682 5620 possunt
707 5552 942 5610 tolerari.
969 5553 1064 5611 Vel
1085 5563 1283 5611 sortem
1314 5551 1417 5610 Job
1449 5554 1708 5613 Dominus
1735 5572 1835 5615 no-

253 5639 354 5706 vit,
382 5649 438 5697 et
458 5651 637 5700 tamen
660 5635 800 5701 bélla
821 5645 1024 5712 divisit,
1057 5656 1117 5702 ut
1142 5647 1442 5705 mirabilius
1455 5648 1629 5706 victor
1649 5657 1792 5706 esset
1814 5667 1830 5706 :

1939 4805 2083 4862 enim
2113 4803 2371 4871 infirmis,
2400 4819 2527 4860 vera
2556 4804 2870 4876 prmdixisse
2894 4804 3257 4876 cognoscitur.

2012 4895 2178 4952 Vens.
2204 4896 2292 4952 l5.
2319 4926 2394 4939 -—-
2431 4912 2450 4948 1
2488 4895 2557 4951 Et
2580 4909 2796 4966 pueros.
2833 4913 2854 4950 1
2902 4894 3108 4954 Pueros
3132 4905 3292 4953 vocat
3334 4905 3519 4955 cauteo

1941 4985 2049 5042 iam
2079 4986 2225 5041 illam
2266 4983 2578 5057 diligentiae,
2608 4999 2706 5058 per
2726 4998 2890 5057 quam
2914 4984 3001 5043 his
3017 4985 3280 5060 providet,
3311 4999 3431 5058 quae
3456 4995 3514 5042 et

1942 5079 1997 5135 in
2023 5095 2090 5136 eo
2121 5078 2438 5151 percutitur.

2011 5189 2175 5248 Vsus.
2211 5190 2299 5247 16.
2329 5220 2402 5232 -
2433 5189 2628 5263 gignis
2656 5191 2751 5251 Dei
2777 5193 2973 5252 cecidit
2994 5208 3028 5253 e
3053 5194 3212 5252 coelo.
3242 5213 3262 5249 1
3298 5193 3508 5256 Caium

1940 5280 2192 5338 doctores
2223 5280 2377 5354 legis,
2429 5283 2758 5352 sacerdotes,
2789 5286 2855 5342 de
2878 5285 3074 5357 quibus
3110 5286 3251 5358 ignis
3291 5287 3507 5345 invidia:

1940 5374 2086 5432 cadit
2135 5390 2298 5448 super
2319 5391 2449 5432 oves
2497 5384 2553 5433 et
2592 5392 2823 5450 pueros,
2867 5378 2921 5435 id
2947 5385 3060 5446 est,
3103 5378 3419 5437 innocentes
3449 5391 3507 5438 et

1939 5467 2204 5525 inﬁmos.
2226 5467 2370 5525 Puer
2387 5483 2552 5526 sanus
2571 5470 2728 5538 redit,
2755 5470 2880 5542 quia
2902 5484 3032 5526 vera
3052 5470 3252 5528 dixisse
3273 5473 3508 5544 prophe-

1938 5561 2070 5617 tiam
2102 5559 2300 5617 claruit
2325 5559 2472 5618 zelus
2495 5561 2853 5633 apprehendit
2872 5559 3131 5634 populum
3155 5562 3509 5619 ineruditum.

2007 5651 2194 5726 (Ibid.)
2238 5651 2380 5709 Oves
2427 5650 2816 5724 cogitationum
2870 5651 3200 5710 innocentia.
3253 5651 3397 5725 Ignis
3445 5654 3512 5709 de

254 5747 378 5790 cum
392 5732 564 5793 hostis
582 5736 756 5793 victus
777 5738 1050 5794 seiterum
1075 5740 1144 5796 ad
1179 5756 1317 5796 nova
1354 5741 1494 5798 bella
1535 5750 1830 5814 repararet.
1935 5743 2105 5812 ctelo,
2129 5743 2184 5799 id
2222 5750 2338 5810 est,
2378 5744 2447 5800 ab
2489 5742 2664 5799 aereis
2684 5743 3040 5815 potestatibus
3071 5744 3289 5818 flamma
3323 5743 3510 5818 livoris

323 5845 352 5910 ,1
386 5828 528 5889 Ecce
552 5832 870 5920 universa...
900 5841 1108 5892 tantum
1138 5833 1192 5893 in
1223 5849 1380 5906 eum,
1408 5844 1540 5908 etc.,
1586 5859 1605 5893 1
1635 5841 1687 5898 id
1712 5848 1828 5912 est,
1933 5838 2124 5907 irruit,
2165 5843 2220 5895 et
2244 5851 2384 5912 saepe
2413 5836 2641 5894 mundas
2665 5835 3018 5911 cogitationes
3045 5837 3241 5896 ardore
3267 5836 3509 5900 libidinis
