3982 6352
532 338 663 425 ’τω

1052 354 1443 412 WALAFRIDI
1481 351 1727 427 STRABI
1765 350 1972 408 FULD.
2017 350 2184 409 MON.
2223 350 2373 408 OPP.
2412 348 2594 406 PARS
2623 348 2666 409 Ι.
2705 378 2777 391 -
2814 347 3268 406 THEOLOGICA.

558 474 813 535 accendit
838 491 851 529 :
877 471 972 543 qui
998 471 1140 541 ignis
1162 478 1249 526 est
1291 468 1404 535 Dei,
1438 482 1547 527 non
1575 465 1823 522 facientis
1842 506 1857 531 ,
1886 467 1983 521 sed
2010 478 2134 545 [)qu
2154 472 2205 545 ᾼ
2232 470 2374 537 ctus,
2408 463 2523 533 ipsa
2568 461 2871 519 humilitate
2914 462 3106 519 melius
3129 462 3356 519 vestitur
3382 479 3395 517 :
3438 479 3550 521 non
3587 462 3703 523 sibi
3727 467 3817 529 sed

559 565 856 631 mittentis;
879 621 882 625 ,
909 572 965 620 et
991 562 1120 633 quia
1142 560 1322 621 subito
1351 557 1584 629 impulsu
1623 554 2135 635 circumspectione;

555 659 881 723 obruuntur,
910 642 1163 712 ettstodes
1185 652 1336 724 pueri
1365 650 1704 709 occiduntur.
1736 648 1846 705 Sed
1871 647 1985 705 sola
2011 649 2128 707 dis-

521 738 525 742 ’
558 748 750 815 eretio,
776 746 832 803 id
857 755 943 804 est
963 786 983 813 ,
1019 744 1158 801 ratio
1184 743 1365 799 animo
1394 742 1591 798 damna
1619 740 1867 807 nuntiat,
1893 748 1952 796 et
1975 738 2133 811 quasi

556 838 843 896 Dominum
867 835 937 893 ad
965 836 1202 892 lamenta
1224 841 1402 890 vocat.
2042 904 2055 913 θ

626 931 793 988 Vens.
843 928 930 984 l7.
958 957 1033 969 —
1069 946 1089 980 ι
1118 923 1354 981 Chaldaei
1378 922 1654 988 fecerunt,
1685 941 1704 973 ι
1756 928 1863 977 etc.
1890 918 2131 1001 Chaldmi

556 1022 982 1091 interpretantur
1004 1015 1224 1087 feroces,
1251 1021 1383 1077 etc.,
1404 1028 1566 1083 usque
1591 1010 1660 1067 ad
1682 1009 1771 1066 isti
1792 1022 1990 1079 pueros
2008 1022 2131 1078 per—

555 1117 843 1167 cusserunt
886 1107 1095 1179 gladio,
1121 1105 1178 1162 id
1205 1114 1317 1168 est,
1356 1101 1703 1174 persuasione
1749 1101 1988 1164 sinistra,
2019 1106 2128 1155 etc.

631 1221 652 1255 ι
685 1198 953 1265 Camelos,
982 1204 1090 1253 etc.
1124 1214 1145 1249 ι
1185 1192 1435 1250 Camelus
1474 1193 1733 1248 mundum
1778 1188 1977 1244 animal
2006 1203 2133 1258 par-

556 1293 686 1358 tim,
742 1301 870 1356 etc.,
901 1305 1063 1361 usque
1108 1286 1179 1342 ad
1225 1295 1282 1343 et
1311 1284 1428 1342 sola
1473 1283 1726 1341 discretio
1769 1281 1949 1337 animo
1989 1279 2132 1351 quod

556 1384 734 1456 ploret
759 1381 1052 1436 renuntiat.

629 1492 647 1525 ι
684 1473 757 1531 Ut
797 1471 1106 1527 nuntiarem
1148 1468 1262 1535 tibi,
1301 1475 1409 1525 etc.
1449 1487 1469 1520 ι
1504 1464 1838 1521 Nuntiantur
1865 1462 2038 1528 mala,
2076 1466 2135 1519 et

555 1562 750 1628 multa,
798 1571 854 1618 et
882 1560 1082 1626 subita,
1112 1567 1176 1615 ut
1216 1573 1379 1630 super
1408 1556 1601 1611 vulnus
1640 1554 1861 1610 vulnere
1894 1553 2134 1624 irrogato

558 1654 903 1726 impatienter
925 1651 1089 1718 ferat;
1116 1661 1173 1706 et
1196 1648 1423 1706 callidus
1452 1646 1625 1702 hostis
1652 1660 1758 1700 non
1788 1652 1895 1699 tam
1919 1640 2133 1712 jactura

558 1762 739 1802 rerum
760 1761 922 1816 quam
941 1744 1131 1800 ordine
1151 1740 1464 1796 nuntiorum
1487 1743 1777 1809 pertentat.
1796 1733 1953 1789 Prius
1964 1748 2130 1807 prava

2231 553 2342 610 Deo
2392 553 2635 610 tribuens
2674 556 2821 626 quod
2863 555 3059 622 habet,
3088 555 3350 613 Dominus
3373 555 3518 615 dedit
3543 557 3728 627 bona,
3757 575 3819 621 α

2227 644 2487 703 Dominus
2524 646 2691 703 etiam
2723 646 2893 714 tollit,
2937 647 3081 719 quod
3106 648 3228 706 ideo
3254 652 3323 706 ad
3366 657 3585 723 tempus
3632 652 3726 719 ﬁt,
3752 664 3810 710 ut

2227 737 2452 799 humilis
2481 739 2677 797 melius
2704 739 2923 797 habeat.

2238 892 2246 897 ,
2299 830 2460 889 Vens.
2483 830 2575 887 2i.
2604 860 2678 873 —
2710 849 2730 882 ι
2763 829 2950 889 Nudus
2969 847 3222 903 egressus
3247 848 3387 889 sum.
3422 853 3445 889 ι
3478 832 3711 891 Nudum
3736 852 3817 893 me

2232 928 2339 985 huc
2372 926 2662 984 intrantem
2688 937 2832 984 terra
2854 928 3101 1000 protulit,
3123 930 3327 985 nudum
3351 944 3439 985 me
3461 930 3598 988 hinc
3618 946 3817 988 exeun-

2234 1025 2343 1073 tem
2373 1024 2519 1072 terra
2547 1016 2789 1087 recipiet.
2818 1016 3125 1074 Consolatio
3152 1033 3222 1075 ex
3245 1019 3559 1077 conditione
3596 1037 3813 1087 rerum,

2232 1104 2373 1174 quod
2388 1107 2602 1179 prapria
2620 1123 2725 1163 non
2742 1107 2995 1179 perdidit,
3019 1110 3116 1165 sed
3141 1119 3362 1182 accepta
3379 1118 3437 1171 et
3456 1110 3815 1182 relinquenda

2230 1196 2423 1254 recolit
2466 1216 2481 1253 :
2534 1206 2747 1268 tempus
2775 1214 2882 1270 quo
2914 1201 3146 1257 necdum
3174 1202 3279 1257 ista
3317 1202 3511 1259 habuit
3552 1204 3817 1273 pravidet

2230 1288 2406 1361 qualis
2430 1289 2692 1345 exiturus.
2722 1289 3044 1347 Consolatur
3063 1294 3229 1349 etiam
3267 1309 3326 1350 se
3363 1309 3433 1351 ex
3449 1292 3675 1362 iustitia
3708 1294 3811 1351 Dei.

2309 1399 2328 1432 ι
2364 1378 2439 1435 De
2462 1388 2617 1435 utero
2644 1381 2832 1436 matris
2858 1397 3010 1437 meae.
3050 1402 3068 1436 ι
3104 1382 3279 1440 Mater
3298 1384 3505 1441 Christi
3531 1384 3817 1457 Synagoga

2232 1477 2337 1535 est,
2365 1484 2485 1541 quae
2519 1470 2570 1525 in
2593 1484 2652 1525 se
2679 1482 2802 1524 eum
2830 1478 3077 1542 opertum
3105 1471 3286 1529 littera
3308 1474 3521 1541 tenuit,
3569 1490 3681 1532 nec
3720 1491 3813 1531 uu-

2234 1560 2362 1621 dum
2389 1561 2446 1617 in
2494 1560 2693 1617 deitate
2716 1559 2874 1628 vidit,
2928 1562 3023 1618 sed
3061 1563 3130 1618 ab
3177 1580 3243 1620 ea
3290 1567 3468 1622 nudus
3507 1567 3581 1623 ad
3623 1566 3816 1625 Gentes

2233 1651 2400 1708 venit.
2432 1651 2571 1707 Ecce
2600 1650 2833 1723 Ioseph,
2869 1667 3033 1724 quem
3059 1669 3254 1724 purum
3283 1657 3567 1715 hominem
3593 1660 3815 1717 credens

2237 1744 2554 1818 Synagoga,
2596 1744 2901 1801 adulterino
2949 1746 3233 1817 complexu
3270 1763 3391 1805 eum
3443 1752 3817 1823 constringere

556 1838 787 1901 nuntiat,
816 1845 939 1905 post
982 1833 1203 1902 majora,
1237 1829 1455 1886 tandem
1481 1836 1709 1883 mortem
1751 1825 1983 1880 ﬁliorum
2017 1843 2029 1879 :
2066 1840 2133 1881 ne
2161 1831 2211 1895 Β
2238 1837 2443 1893 voluit;
2475 1837 2563 1893 cui
2588 1845 2798 1910 tegmen
2828 1837 3023 1893 littera:
3038 1838 3277 1909 reliquit,
3303 1849 3362 1896 et
3381 1856 3443 1897 se
3464 1843 3815 1914 conspicuum

542 1916 667 1997 jam
689 1928 881 1982 orbato
900 1924 1184 1981 vilesceret
1206 1936 1387 1976 rerum
1410 1918 1651 1985 amissio,
1675 1932 1798 1973 cum
1820 1931 1927 1971 non
1956 1921 2138 1971 essent

555 2020 795 2075 hatredes
834 2019 1030 2090 quibus
1074 2019 1177 2073 hoc
1199 2024 1462 2071 servaret.
1496 2010 1778 2068 Gradatim
1814 2025 1945 2082 ergo
1987 2010 2136 2065 dete-

554 2111 701 2166 riora
750 2111 933 2178 audit,
965 2117 1024 2163 ut
1069 2108 1125 2162 in
1156 2107 1273 2178 ejus
1321 2102 1483 2161 corde
1515 2118 1673 2159 omne
1714 2101 1911 2158 vulnus
1957 2098 2137 2158 locum

554 2193 817 2259 invetiiat.
1288 2240 1293 2245 .

624 2289 785 2349 Vens.
839 2293 920 2347 l8.
966 2322 1036 2332 —
1064 2311 1082 2344 ε
1119 2288 1272 2346 Filiis
1301 2289 1428 2353 tuis,
1454 2297 1559 2343 etc.
1607 2306 1625 2338 ι
1662 2282 1902 2361 (Gutta),
1927 2282 2046 2339 Filii
2082 2290 2138 2339 et

553 2380 677 2457 ﬁlia:
706 2384 787 2457 (ut
809 2380 1011 2441 dictum
1036 2384 1143 2455 est)
1170 2389 1298 2438 sunt
1320 2378 1549 2452 apostoli
1589 2386 1645 2435 et
1667 2377 1852 2449 plebes
1882 2374 2136 2440 subditae,

557 2454 650 2547 qui
679 2454 733 2530 in
761 2472 944 2531 Judtea
981 2454 1260 2544 Scriptura
1293 2470 1669 2526 vescebantur.
1709 2486 1726 2519 ι
1766 2465 1991 2531 Ventus,
2030 2484 2048 2516 ι
2084 2464 2137 2519 id

553 2579 656 2635 est,
688 2568 846 2624 fortis
871 2566 1098 2622 tentatio
1126 2581 1156 2620 a
1174 2567 1408 2630 deserto,
1436 2563 1492 2631 id
1510 2570 1612 2628 est,
1641 2560 1895 2617 cordibus
1919 2556 2134 2612 Judwo-

554 2672 696 2723 rum,
721 2658 809 2712 vel
838 2655 1131 2712 immundis
1155 2655 1435 2726 spiritibus
1464 2650 1766 2725 prorumpit
1790 2667 1802 2703 :
1826 2657 1883 2704 et
1906 2656 2138 2717 quatuor

559 2748 784 2821 angulos
814 2750 866 2802 in
895 2749 1090 2819 quibus
1120 2755 1229 2801 stat
1278 2745 1489 2810 domus,
1523 2742 1833 2799 sacerdotes
1852 2780 1865 2806 ,
1906 2738 2134 2803 scribas,

559 2842 802 2898 seniores
842 2838 1054 2909 populi,
1079 2836 1409 2902 Pharisaeos,
1460 2821 2033 2895 commovitXDomus,
2082 2827 2136 2884 id

557 2941 663 2995 est,
694 2929 877 2985 Judaea
926 2930 980 2985 in
1011 2929 1385 3000 persecutione
1409 2925 1619 2982 Domini
1649 2924 1845 2980 cadens
1866 2920 2137 2992 apostolos

555 3026 611 3081 in
665 3024 1042 3095 desperatione
1071 3024 1272 3080 obruit.
1296 3023 1365 3078 Et
1396 3037 1556 3077 verus
1584 3029 1666 3078 est
1700 3034 1879 3076 sermo
1913 3020 1980 3075 de
2009 3033 2134 3088 per-

557 3122 810 3175 secutore
834 3113 1030 3184 pepulo
1056 3128 1070 3167 :
1107 3133 1126 3165 (
1160 3110 1397 3170 Dilectus
1418 3127 1571 3168 meus
1600 3111 1653 3167 in
1678 3112 1838 3167 domo
1867 3124 1985 3166 mea
2006 3107 2136 3165 fecit

2239 1928 2503 1986 Gentibus
2525 1928 2771 2000 praebuit.
2806 1927 2912 1984 Sed
2941 1930 3114 1986 nudus
3133 1939 3455 1999 revertetur,
3475 1949 3607 1989 cum
3634 1935 3692 1991 in
3718 1934 3813 1993 ﬁne

2239 2021 2423 2076 mundi
2468 2021 2710 2092 reliquiis
2755 2020 2918 2077 Israel
2954 2022 3095 2077 Deus
3123 2022 3443 2080 innotescet.
3482 2043 3502 2078 ‹
3559 2025 3813 2083 Dominus

2241 2112 2406 2169 dedit.
2438 2131 2458 2163 ι
2483 2110 2665 2167 Iudaea
2689 2111 2814 2167 dum
2836 2121 3120 2169 venturum
3144 2114 3393 2180 credidit,
3420 2114 3676 2183 abstulit,
3702 2131 3811 2173 eum

2238 2200 2353 2273 ipsa
2376 2198 2680 2258 venientem
2696 2203 3042 2273 contempsit.
3073 2222 3091 2256 ι
3122 2201 3274 2261 Sicut
3292 2204 3522 2263 Domino
3542 2204 3767 2276 placuit.
3788 2224 3806 2257 ι

2237 2284 2371 2349 Cum
2405 2293 2707 2358 turbamur,
2733 2293 2798 2347 ad
2818 2292 3082 2364 judicium
3110 2295 3207 2352 Dei
3230 2311 3511 2353 recurrere
3535 2297 3807 2366 debemus,

2237 2394 2292 2443 et
2320 2388 2555 2458 majores
2596 2385 2783 2443 laudes
2825 2387 3085 2457 reddere,
3110 2389 3239 2461 quia
3276 2389 3481 2461 pulsari
3510 2392 3702 2449 verius
3723 2406 3815 2447 nos

2237 2492 2503 2533 DOVIIIIIIS.

2309 2569 2468 2624 Vens.
2511 2567 2601 2623 2‘2.
2639 2587 2656 2620 ι
2693 2567 2752 2624 1η
2781 2568 3031 2626 omnibus
3074 2569 3159 2626 his
3200 2585 3306 2629 non
3350 2570 3606 2641 peccavit
3638 2570 3757 2629 Job.
3786 2591 3804 2624 ι

2238 2654 2424 2732 (Ιὸὶά.)
2450 2658 2648 2716 Dolens
2672 2660 2883 2716 animus
2909 2660 3069 2717 debet
3090 2675 3151 2718 se
3172 2661 3469 2729 custodire,
3492 2669 3634 2730 etc.,
3663 2679 3808 2733 usque

2236 2748 2306 2802 ad
2337 2747 2501 2803 corde
2530 2763 2638 2803 non
2668 2750 2895 2817 tumuit,
2925 2764 3022 2807 ore
3051 2766 3159 2807 non
3204 2752 3589 2820 murmuravit,
3640 2752 3807 2825 lingua

2236 2846 2525 2894 contumax
2559 2854 2670 2896 non
2698 2838 2817 2895 fuit.

2851 2972 3080 3033 CAPUT
3113 2974 3180 3033 Il.

2306 3102 2471 3162 Vens.
2504 3105 2625 3172 L2.
2657 3137 2730 3148 —
2759 3125 2779 3160 ‹
2806 3105 3031 3165 Factum
3050 3118 3134 3167 est
3151 3119 3489 3181 autem,‘etc.
3519 3134 3540 3167 ι
3610 3135 3635 3168 ‹
3666 3116 3806 3175 Unde

558 3208 763 3263 scelera
795 3205 962 3260 multa
981 3205 1116 3276 (Jer.
1147 3205 1249 3277 xi),
1284 3226 1303 3258 ι
1338 3205 1403 3260 Ει
1425 3205 1491 3259 de
1519 3202 1813 3274 apostolis:
1849 3221 1867 3253 ι
1893 3200 2135 3257 Proximi
2161 3200 2208 3267 α
2238 3199 2431 3255 venis?
2461 3220 2479 3253 ι
2509 3199 2699 3271 (Gnec.
2719 3202 2775 3256 in
2802 3201 2903 3257 Job
2933 3201 2969 3257 l.
2997 3202 3107 3276 III.)
3137 3203 3252 3261 Hoc
3276 3222 3382 3262 non
3409 3216 3469 3263 ut
3486 3209 3667 3280 prius,
3689 3219 3805 3278 etc.,

554 3301 659 3363 mei
674 3314 705 3353 a
722 3298 880 3371 longe
892 3304 1160 3353 steterunt
1174 3294 1345 3367 (Psal.
1364 3295 1592 3367 xxxvu).
1622 3315 1641 3349 ι
1662 3295 1762 3349 Et:
1786 3314 1804 3345 ‹
1825 3292 2133 3363 Percutiam

555 3399 849 3469 pastorem,
882 3399 937 3445 et
963 3391 1339 3461 dispergentur
1365 3402 1493 3443 oves
1524 3386 1737 3459 (Matth.
1764 3384 1939 3457 xxvi),
1976 3403 1994 3435 ι
2022 3392 2129 3440 etc.

635 3504 656 3537 ε
694 3484 752 3539 In
777 3484 935 3539 domo
958 3483 1163 3547 fratris,
1185 3503 1204 3534 ι
1238 3482 1291 3536 id
1320 3488 1422 3547 est,
1449 3480 1502 3537 in
1538 3479 1760 3551 majoris
1788 3478 1973 3534 fratris
1997 3494 2131 3535 con-

554 3574 701 3631 vivio
737 3573 902 3631 Satan
925 3573 1106 3630 obruit
1129 3571 1268 3628 ﬁlios
1284 3613 1299 3639 ,
1332 3572 1460 3644 quia
1485 3587 1583 3644 per
1611 3570 1991 3643 negligentiam
2016 3586 2134 3626 ma-

551 3663 731 3735 jorum
764 3664 957 3735 quaerit
1006 3663 1210 3719 aditum
1259 3662 1312 3718 in
1358 3668 1587 3718 mortem
1624 3661 1928 3729 minorum;
1976 3670 2035 3717 et
2078 3663 2133 3717 in

559 3754 695 3812 alios
721 3755 893 3827 magis
914 3756 1112 3826 accipit
1132 3755 1297 3823 vires,
1328 3752 1546 3827 quando
1568 3769 1662 3811 eos
1689 3754 1780 3824 qui
1821 3770 1917 3825 per
1945 3763 2131 3812 custo-

556 3846 699 3901 diam
737 3846 859 3903 aliis
897 3856 1171 3918 prtesunt,
1219 3846 1424 3902 servire
1461 3844 1661 3902 laetitiae
1692 3845 1975 3916 conspicit.
2013 3834 2147 3901 Non'

558 3936 776 4011 quidem
805 3935 883 3991 illi
912 3936 1087 3992 ventri
1118 3936 1418 4005 vacabant;
1446 3936 1541 3993 sed
1569 3951 1692 3993 cum
1719 3935 1862 3992 inter
1886 3938 2132 3993 convivia

552 4029 782 4085 intentio
816 4028 1015 4084 mentis
1039 4029 1180 4083 bona
1210 4029 1390 4083 minus
1421 4027 1621 4094 fervet,
1647 4029 1827 4084 minus
1845 4028 2128 4100 praevidet.

580 4183 589 4191 .
622 4116 785 4173 Vens.
833 4116 920 4173 l9.
977 4137 997 4169 ‹
1053 4117 1295 4189 Repente
1337 4126 1555 4174 ventus.
1592 4139 1612 4172 ι
1646 4117 1836 4190 (llud)
1874 4118 2134 4176 Latenter

554 4211 757 4283 dicitur
779 4218 968 4267 contra
992 4224 1116 4266 eum
1145 4209 1409 4267 elementa
1431 4210 1665 4267 movisse
1686 4210 1796 4278 ille,
1820 4211 1975 4283 cujus
1999 4220 2133 4267 nutu

554 4312 701 4359 mota
732 4310 859 4379 sunt
887 4319 901 4356 :
932 4299 1060 4359 licet
1082 4301 1299 4359 diabolo
1323 4301 1490 4359 semel
1518 4318 1550 4359 a
1586 4302 1698 4359 Deo
1716 4311 1941 4374 accepta
1979 4311 2134 4374 pote-

552 4380 693 4452 state
720 4395 789 4451 ad
826 4410 982 4451 usum
1020 4394 1275 4466 nequitia:
1301 4408 1413 4450 suae
1438 4394 1705 4451 elementa
1734 4402 2044 4459 concutere,
2070 4403 2133 4450 ut

548 4497 606 4545 et
633 4488 902 4545 damnatis
929 4490 988 4545 in
1014 4487 1252 4555 metallo,
1269 4486 1337 4543 ad
1360 4502 1515 4544 usum
1543 4487 1680 4558 ignis
1698 4497 1909 4559 etaqua
1939 4486 2124 4544 servit.

2238 3306 2399 3362 usque
2440 3291 2511 3345 ad
2538 3290 2630 3361 qui
2661 3292 2906 3349 minuere
2938 3294 3177 3363 voluisti,
3207 3296 3474 3368 profectui
3502 3302 3745 3358 servisti.
3777 3326 3788 3344 ο

2305 3378 2470 3436 Vens.
2496 3380 2550 3436 3.
2589 3412 2661 3424 —
2691 3402 2710 3435 ι
2743 3382 3132 3441 Innocentiam.
3171 3406 3190 3438 ι
3222 3386 3590 3446 Innocentiam
3622 3395 3806 3449 retinet

2233 3473 2324 3543 qui
2367 3473 2530 3529 etiam
2572 3481 2699 3544 post
2745 3470 2953 3547 lapsum
2999 3475 3231 3534 scintilla
3266 3479 3494 3537 rationis
3543 3483 3804 3540 excitatus

2234 3560 2470 3619 ﬁdeliter
2494 3566 2743 3634 ptenitet.

2305 3652 2493 3727 (Ibid.)
2521 3655 2802 3723 Quomodo
2824 3654 2985 3714 Pater
3005 3659 3061 3717 in
3085 3658 3382 3730 Christum,
3401 3677 3523 3720 cum
3546 3680 3664 3735 quo
3677 3666 3802 3721 idem

2232 3752 2332 3807 est,
2357 3753 2535 3801 motus
2550 3754 2635 3801 est
2660 3760 2760 3818 per
2781 3745 3075 3805 Satanam?
3091 3750 3216 3822 quia
3236 3751 3482 3810 Christus
3510 3754 3684 3812 homo
3708 3772 3802 3812 non

2230 3846 2528 3907 pateretur,
2578 3838 2681 3894 nisi
2725 3838 2895 3895 Adam
2925 3851 3223 3913 peccasset,
3251 3860 3375 3900 cum
3417 3844 3588 3902 Satan
3632 3849 3798 3905 Adam

2231 3929 2424 3997 movit,
2459 3930 2513 3985 in
2543 3928 2819 3987 Christum
2849 3932 3016 3990 Deum
3056 3938 3366 3994 commovit.
3399 3932 3653 4009 Frustra,
3692 3941 3799 4012 quia

2229 4034 2447 4093 poenam
2476 4020 2599 4079 tulit
2642 4023 2757 4079 sine
2797 4039 2894 4081 sua
2922 4021 3110 4098 culpa,
3157 4029 3254 4087 sed
3278 4045 3387 4085 non
3412 4029 3657 4100 frustra,
3690 4031 3799 4105 quia

2230 4113 2392 4170 solvit
2411 4115 2556 4186 quod
2584 4115 2723 4172 alter
2746 4116 2946 4188 rapuit.

2304 4204 2468 4262 Vens.
2491 4206 2543 4261 4.
2574 4235 2646 4248 —
2671 4227 2689 4260 ο
2721 4207 2921 4264 Pellem
2944 4225 3045 4281 pro
3064 4210 3225 4282 pelle.
3261 4232 3281 4267 ι
3309 4213 3567 4273 Diabolus
3586 4233 3693 4290 per
3710 4218 3797 4274 mi-

2234 4294 2415 4352 racula
2439 4293 2634 4352 Filium
2662 4296 2799 4366 Dei,
2843 4299 2937 4355 sed
2962 4310 3185 4373 propter
3212 4300 3435 4361 humilia
3470 4321 3671 4378 purum
3716 4310 3798 4365 ho-

2231 4388 2436 4444 minem
2468 4390 2694 4461 putavit.
2741 4389 2893 4447 Hunc
2914 4407 3043 4465 ergo
3055 4391 3306 4462 judicans
3324 4412 3392 4453 ex
3438 4397 3593 4466 aliis,
3631 4403 3723 4473 qui
3752 4402 3796 4456 in

2234 4478 2353 4536 loco
2383 4490 2662 4550 pastorum
2685 4482 2860 4539 aliena
2885 4484 3083 4542 damna
3110 4494 3483 4557 contemnunt,
3513 4493 3670 4561 quasi
3705 4509 3794 4550 non

627 4598 646 4631 ι
682 4578 730 4635 Δ
758 4582 978 4651 regione
1009 4553 1244 4635 deserti.
1276 4598 1297 4631 ι
1333 4576 1502 4650 Regio
1551 4553 1772 4644 deserti,
1798 4553 1930 4643 etc.,
1961 4594 2126 4649 usque
2156 4553 2207 4615 Ῐ)
2226 4579 2437 4626 motum
2460 4569 2644 4627 multis
2673 4573 2966 4630 subtractis
2987 4616 3001 4643 ,
3026 4576 3179 4646 quasi
3206 4594 3328 4648 quae
3348 4553 3502 4637 extra
3530 4553 3593 4640 se
3631 4595 3753 4641 sunt
3778 4625 3792 4653 ,

550 4668 620 4723 ad
640 4669 969 4725 nominatam
997 4669 1133 4727 iram
1162 4668 1215 4723 in
1243 4682 1370 4724 aere
1402 4677 1685 4735 monstrat,
1720 4677 1912 4724 ventus
1943 4668 2122 4723 irruit.

622 4757 786 4815 Vens.
812 4759 903 4815 20.
940 4789 1015 4801 -—
1050 4779 1069 4812 ι
1105 4758 1255 4815 Tunc
1280 4758 1518 4815 surrexit
1541 4757 1664 4826 Job,
1686 4768 1740 4815 et
1772 4760 1932 4815 scidit
1958 4761 2123 4815 vesti-

557 4867 576 4901 t
613 4854 797 4904 menta
825 4860 944 4902 sua.
988 4866 1009 4899 ι
1041 4843 1230 4919 (Ιὸὶά.)
1257 4846 1466 4903 Ruente
1493 4848 1675 4919 domo,
1703 4856 1835 4913 etc.,
1866 4865 2027 4918 usque
2051 4848 2122 4903 ad

548 4947 610 4994 ut
652 4945 822 4993 totum
865 4950 959 4995 cor
982 4936 1035 4991 in
1083 4924 1193 4991 Dei'
1220 4951 1404 4995 amore
1441 4937 1639 4995 ardens
1686 4953 1781 4995 eas
1823 4938 2122 4994 devotionis

548 5027 879 5099 perfectione
910 5036 1214 5084 consumat.
1259 5046 1276 5079 ι
1328 5026 1396 5082 Et
1442 5037 1596 5085 tonso
1632 5029 1831 5102 capite.
1870 5049 1890 5083 ι
1927 5027 2120 5101 Magna

550 5120 852 5174 constantia
874 5127 1111 5191 putatur,
1138 5127 1267 5185 etc.,
1293 5135 1454 5189 usque
1475 5121 1542 5173 ad
1564 5128 1621 5175 et
1639 5136 1698 5176 se
1719 5120 1913 5176 divina:
1935 5128 2124 5189 poten-

551 5208 640 5263 tite
669 5210 973 5266 consentire
1011 5208 1339 5265 ostenderet.
1388 5227 1407 5260 ι
1447 5209 1718 5266 Corruens
1746 5210 1800 5265 in
1830 5219 2052 5266 terram.
2092 5229 2113 5262 ι

549 5297 767 5373 (6nd.)
796 5299 1006 5357 Cadens
1028 5298 1289 5365 aduravit,
1321 5298 1447 5364 quia
1479 5299 1566 5353 ille
1590 5314 1774 5355 veram
1816 5299 2117 5355 orationem

547 5393 787 5458 exhibet,
811 5393 903 5463 qui
929 5394 1072 5465 quod
1099 5393 1275 5464 pulvis
1286 5392 1366 5447 sit
1394 5392 1671 5447 humiliter
1690 5393 1855 5449 videt.
1885 5392 2040 5450 Unde
2064 5400 2121 5450 et

2228 4660 2412 4717 dolore
2437 4662 2667 4734 propria:
2710 4662 2889 4720 carnis
2937 4673 3137 4733 tentat,
3173 4669 3330 4739 quasi
3365 4686 3465 4742 pro
3512 4687 3571 4728 se
3605 4673 3791 4742 doleat,

2226 4752 2316 4823 qui
2349 4768 2454 4807 non
2488 4768 2585 4823 pro
2611 4753 2750 4809 aliis.
2778 4752 2891 4810 Hoc
2922 4771 3045 4810 cum
3074 4755 3189 4812 ﬁeri
3218 4758 3387 4829 petit,
3419 4759 3551 4818 dicit
3595 4762 3795 4821 deside.

2225 4843 2353 4910 riis;
2384 4845 2500 4900 haec
2529 4853 2585 4899 et
2606 4860 2703 4915 per
2734 4846 2974 4902 membra
2998 4846 3177 4904 verbis
3205 4861 3262 4905 et
3282 4850 3571 4910 desideriis
3597 4853 3789 4923 intulit,

2222 4948 2321 5008 per
2349 4949 2470 5005 qua:
2504 4935 2682 4991 dixit:
2719 4952 2741 4987 ε
2784 4934 3059 4992 Mittamus
3102 4937 3306 5019 lignum
3351 4942 3405 4997 in
3454 4959 3653 5014 panem
3683 4934 3790 5019 Ejus

2224 5022 2360 5097 (Jer.
2390 5022 2492 5096 ιι),
2526 5044 2573 5090 ι,
2598 5024 2650 5081 id
2679 5032 2785 5092 est,
2807 5025 3124 5098 conﬁgendo
3154 5017 3369 5103 corpori
3400 5032 3520 5104 ejus
3564 5017 3788 5108 stipitem

2223 5115 2405 5172 crucis
2433 5112 2803 5170 adhibeamus.

2295 5206 2483 5278 (Ibid.)
2506 5205 2668 5262 Pollis
2694 5220 2794 5278 pro
2820 5207 2960 5280 pelle
2971 5208 3153 5277 datur,
3168 5211 3295 5283 quia
3318 5228 3482 5286 saepe,
3510 5214 3640 5272 dum
3664 5219 3787 5275 ictus

2222 5309 2412 5357 contra
2439 5300 2654 5357 oculum
2683 5302 2847 5367 venit,
2879 5316 3097 5360 manum
3141 5307 3499 5379 opponimus,
3522 5321 3594 5383 ut
3619 5315 3785 5382 potius

2223 5391 2278 5448 in
2300 5392 2415 5462 ipsa
2444 5406 2605 5461 quam
2630 5392 2685 5447 in
2716 5394 2973 5449 teneriori
3003 5395 3351 5453 vulneremur
3380 5416 3393 5453 :
3419 5400 3521 5457 hoc
3546 5415 3785 5461 consuete

3721 350 3823 407 ’156

3938 870 3942 1093 f

547 5484 718 5541 dicit:
749 5502 769 5536 t
798 5482 985 5540 Nudus
1008 5494 1259 5555 egressus
1285 5496 1403 5540 sum
1425 5483 1491 5539 de
1517 5490 1670 5539 utero
1698 5484 1888 5540 matris
1904 5498 2062 5541 meae.
2092 5502 2113 5539 ι
2222 5481 2341 5539 ﬁeri
2366 5482 2563 5549 sciens,
2592 5483 2723 5539 dicit
2751 5498 2767 5538 :
2794 5502 2814 5536 ι
2840 5484 3039 5542 Pellem
3059 5500 3156 5558 pro
3184 5488 3339 5560 pelle,
3367 5498 3421 5546 et
3450 5504 3647 5551 cuncta
3677 5512 3783 5569 quae

546 5574 760 5632 Nudum
809 5574 863 5630 in
912 5574 1016 5630 ﬁde
1044 5576 1219 5645 prima
1243 5574 1416 5648 gratia
1457 5572 1670 5646 genuit,
1699 5574 1900 5630 nudum
1931 5574 2119 5631 eadem
2222 5574 2386 5630 habet
2413 5575 2576 5630 homo
2630 5590 2650 5627 ι
2683 5574 2866 5643 Quasi,
2899 5577 3020 5634 ideo
3046 5576 3147 5634 Job
3182 5590 3333 5635 extra
3364 5597 3421 5638 se
3463 5590 3542 5639 tot
3586 5584 3781 5659 ﬂagella

548 5668 792 5738 suscipit.
821 5664 957 5723 Cum
996 5666 1237 5739 pulsatus
1271 5662 1418 5724 vitiis
1449 5666 1603 5738 quasi
1641 5664 1817 5722 nudus
1861 5664 1928 5724 ad
1957 5668 2119 5725 mise-
2218 5663 2597 5735 aequanimiter
2620 5665 2884 5732 sustinet,
2914 5666 3038 5736 quia
3067 5682 3134 5723 ne
3172 5668 3284 5739 ipse
3310 5667 3556 5739 feriatur,
3586 5685 3776 5744 pavet:

548 5757 835 5815 ri'cordiam
862 5756 1091 5830 refugit,
1125 5766 1180 5813 et
1220 5759 1398 5828 aliqua
1421 5758 1618 5815 virtute
1647 5756 1936 5828 aliquando
1963 5760 2115 5817 dete-
2218 5764 2429 5814 et'cura
2450 5755 2535 5813 sui
2558 5754 2739 5813 minus
2768 5756 2834 5812 de
2864 5758 2976 5814 suis
3002 5760 3198 5828 sentit;
3242 5761 3386 5817 unde
3416 5761 3591 5834 ipsum
3630 5764 3780 5827 ferire

3939 2094 3941 2171 1
