3982 6352
236 429 340 485 757

1260 425 1522 481 GLOSSA
1563 421 1957 481 ORDINARIA.
1997 452 2067 462 —
2105 421 2231 476 LIB.
2270 421 2408 477 JOB.

3379 415 3480 472 758

231 541 438 614 expetit
471 559 485 595 :
534 559 553 592 ι
607 539 758 594 Mitte
781 554 1002 594 manum
1035 547 1200 604 tuam,
1240 559 1258 591 ι
1293 537 1436 609 quod
1483 539 1624 593 Deus
1663 542 1808 592 recte
1834 535 1888 598 Α
1913 532 2020 590 Sed
2065 533 2165 590 Job
2206 551 2307 589 nec
2354 542 2539 588 contra
2571 531 2848 587 ferientem
2893 533 3122 602 superba
3165 533 3331 598 dixit,
3382 548 3483 588 nec

231 633 516 708 permittit,
543 639 606 686 ut
623 645 765 700 sape
793 631 967 686 victus
994 631 1352 686 Obmutescat.

305 729 467 781 Vnus.
495 725 548 781 5.
575 753 646 765 —-
677 742 696 776 ‹
726 723 973 794 Alioquin
997 725 1150 780 mitte
1165 739 1380 780 manum
1406 733 1574 780 tuam.
1607 744 1625 778 )
1653 723 1806 795 Saepe

232 815 476 873 diabolus
497 857 513 882 ,
538 826 824 886 postquam
850 823 1086 869 mentem
1113 815 1463 886 impugnavit,
1496 814 1560 869 ad
1599 823 1809 884 tempus

231 919 447 974 cessat,
475 914 534 962 ut
569 921 814 963 securam
843 917 1063 977 repente
1103 909 1368 980 irrumpat
1409 923 1424 963 :
1455 908 1574 964 ideo
1608 909 1806 962 iterum

231 998 333 1054 Job
359 997 592 1067 expetit,
622 998 764 1068 quod
791 999 954 1054 'Deus
981 997 1032 1054 ei
1079 999 1356 1054 reticendo
1388 999 1652 1054 concedit.
1688 1019 1705 1050 ‹
1742 999 1809 1053 Et

233 1097 398 1159 tange
439 1104 503 1144 os
539 1089 675 1158 ejus.
715 1107 734 1142 )
769 1087 874 1144 Per
897 1105 958 1144 os
1000 1098 1054 1144 et
1083 1105 1300 1145 carnem
1345 1090 1593 1158 intelligit
1640 1089 1806 1144 vitam

236 1177 628 1248 corporalem
648 1193 746 1248 per
773 1179 1007 1233 animam
1036 1179 1284 1250 intelligit
1313 1181 1598 1245 rationem,
1629 1189 1688 1234 ut
1712 1195 1806 1234 su-

233 1270 437 1340 perius.

307 1358 470 1416 Vnus.
498 1359 551 1415 6.
573 1389 643 1402 -
670 1380 689 1412 ‹
724 1359 863 1418 Ecce
889 1363 948 1417 in
977 1379 1137 1416 manu
1169 1371 1258 1417 tua
1289 1370 1388 1418 est.
1425 1383 1441 1415 ι
1478 1363 1807 1418 Potestatem

232 1461 332 1524 per
357 1467 484 1506 suos
509 1451 562 1506 in
598 1467 815 1506 carnem
858 1453 1060 1508 Christi
1093 1453 1258 1508 Satan
1289 1454 1510 1520 habuit,
1557 1455 1650 1510 sed
1694 1455 1808 1509 ani-

233 1557 377 1597 mam
429 1551 650 1607 servat,
695 1559 801 1598 non
845 1545 986 1614 quod
1032 1561 1136 1600 non
1171 1555 1359 1612 tentet,
1391 1547 1484 1602 sed
1513 1548 1653 1617 quod
1701 1563 1807 1602 non

231 1644 485 1701 superet;
518 1633 600 1688 vel
632 1634 888 1698 animam,
943 1633 994 1688 id
1038 1645 1138 1700 est,
1197 1637 1392 1691 charos
1429 1645 1483 1691 et
1528 1637 1578 1692 ei
1606 1637 1808 1692 electos

230 1737 263 1776 a
286 1721 406 1791 jure
434 1739 534 1778 suo
558 1723 790 1788 amittit,
826 1739 947 1779 cum
979 1724 1127 1780 illum
1157 1727 1354 1780 occidit
1380 1743 1410 1781 a
1441 1727 1623 1798 planta
1655 1725 1808 1797 pedis

229 1828 398 1882 usque
427 1815 496 1869 ad
521 1815 814 1870 verticem:
841 1817 964 1885 quia
991 1817 1058 1870 ab
1084 1818 1310 1872 exordio
1332 1819 1516 1872 mundi
1546 1817 1807 1872 membris

1907 634 2098 682 contra
2126 628 2440 682 suadentem
2469 634 2617 682 recta
2646 625 2881 681 reticuit.
2911 625 3230 681 Patientiam
3271 627 3478 690 habuit,

1907 716 2018 772 Deo
2061 718 2260 787 gratias
2295 733 2488 792 agens,
2537 717 2899 788 insipientiam
2931 716 3175 789 conjugis
3210 719 3485 788 arguendo

1909 811 2106 867 docens
2139 821 2232 867 .et
2252 813 2332 868 sic
2356 813 2528 868 victus
2553 812 2832 868 ardentius
2867 812 3040 868 hostis
3075 811 3383 883 instigatur,
3428 819 3486 866 et

1908 904 2033 972 quia
2085 919 2220 958 uxor
2273 905 2441 960 tacuit
2497 905 2630 960 alios
2683 903 2940 960 excitavit
2988 904 3056 959 ad
3105 903 3481 960 contumelias.

1917 1014 1935 1045 ι
1971 995 2026 1050 ln
2059 998 2326 1053 omnibus.
2362 1017 2380 1049 )
2416 997 2531 1065 Qua
2563 997 2737 1052 sancti
2780 998 2833 1051 in
2857 997 3132 1061 omnibus,
3169 1011 3288 1067 qua:
3329 1003 3485 1050 extra

1910 1095 1965 1141 et
1991 1087 2135 1142 intus
2167 1088 2466 1158 patiuntur,
2507 1103 2608 1144 nec
2639 1088 2850 1158 injuriis
2875 1088 2970 1143 Dei
2992 1088 3276 1153 excedunt,
3301 1102 3402 1142 nec
3430 1086 3485 1141 in

1911 1180 2249 1234 contumeliis
2283 1195 2594 1251 pravorum.

1983 1271 2145 1326 Vens.
2175 1273 2261 1326 11.
2292 1303 2362 1314 -
2413 1291 2431 1324 ‹
2467 1273 2650 1344 lgitur.
2693 1291 2711 1324 ι
2755 1271 2940 1342 (Ιὺὶιι.)
2979 1271 3152 1326 Amici
3201 1270 3488 1326 haereticos

1912 1363 2250 1433 significant,
2290 1375 2421 1431 etc.,
2463 1382 2622 1434 usque
2645 1364 2714 1417 ad
2740 1364 3034 1436 hypocrita:
3075 1363 3320 1419 nolentes
3344 1379 3484 1430 esse,

1912 1455 2007 1508 sed
2030 1453 2197 1508 videri
2226 1456 2387 1511 docti.
2430 1473 2448 1506 ‹
2485 1456 2798 1510 Audientes.
2839 1476 2858 1507 )
2893 1454 3008 1510 Non
3032 1455 3164 1510 dicit
3186 1456 3484 1518 audientes,

1912 1543 2036 1598 ideo
2062 1546 2204 1611 quod
2249 1546 2376 1599 vitia
2407 1545 2521 1600 [nec
2549 1546 2802 1611 audiant,
2851 1547 2942 1600 sed
2989 1546 3231 1600 diabolus
3269 1545 3360 1615 qui
3391 1560 3490 1615 per

1911 1633 2015 1688 ista
2057 1643 2228 1688 tentat
2271 1636 2386 1690 hac
2426 1636 2692 1707 intelligit.
2732 1655 2750 1686 ι
2801 1635 2933 1690 Tres
2953 1637 3133 1692 amici.
3170 1656 3189 1689 ι
3219 1636 3491 1691 Numerus

1911 1724 2012 1780 iste
2049 1725 2270 1779 moralis
2312 1726 2393 1780 vel
2425 1725 2685 1796 mysticus
2715 1735 2830 1781 tres
2881 1736 3083 1782 turmas
3115 1727 3490 1783 Chaldaeorum

1912 1815 2214 1887 significat,
2241 1815 2295 1870 id
2339 1825 2452 1880 est,
2502 1811 2960 1886 impugnationem
2987 1833 3106 1887 qua:
3129 1819 3186 1872 ﬁt.
3211 1820 3264 1873 in
3295 1834 3488 1887 opere,

225 1902 343 1971 ejus
371 1903 503 1958 dura
533 1905 728 1970 intulit,
762 1917 818 1960 et
843 1921 1013 1976 usque
1041 1909 1108 1963 ad
1134 1917 1296 1978 caput
1322 1909 1558 1978 ipsorum
1577 1950 1591 1974 ,
1642 1909 1695 1962 id
1727 1915 1812 1963 est
1835 1917 1885 1980 Β
1913 1909 2116 1977 lingua,
2161 1916 2214 1962 et
2241 1908 2585 1978 cogitatione,
2631 1909 2746 1964 haec
2796 1910 2938 1964 enim
2967 1911 3152 1964 omnia
3192 1911 3500 1981 impugnat.

225 1995 526 2062 Christum,
556 1999 821 2054 steviendo
841 2001 1108 2070 pervenit.
1137 2022 1154 2052 ι
1185 2001 1326 2058 Ecce
1353 2002 1406 2056 in
1435 2017 1599 2056 manu
1631 2011 1741 2056 tua.
1779 2021 1798 2054 )

223 2084 372 2142 Sinit
390 2101 491 2143 nos
512 2087 729 2155 tentari,
753 2097 812 2145 ut
829 2091 1110 2146 videamur
1128 2093 1284 2148 nobis
1305 2092 1521 2156 infirmi,
1547 2099 1602 2146 et
1625 2102 1806 2148 tamen

220 2181 480 2236 custodit.

299 2271 462 2327 Vens.
515 2274 566 2327 7.
597 2303 668 2319 -ς-
718 2294 737 2325 ι
790 2273 1054 2346 Egressus
1094 2274 1260 2346 igitur
1287 2275 1474 2330 Satan.
1514 2294 1534 2327 )
1589 2275 1804 2347 (Carm)

221 2363 459 2434 Accepta
493 2364 732 2430 licentia,
762 2373 889 2431 etc.,
922 2383 1084 2438 usque
1121 2367 1190 2420 ad
1215 2367 1526 2436 paenitendo
1561 2365 1804 2437 respicit,

225 2470 297 2510 ne
319 2470 426 2524 qua
452 2455 615 2512 elatio
647 2465 852 2528 surgat.
1073 2452 1076 2453 ⁷

237 2590 239 2592 -
297 2548 460 2604 Vsns.
491 2550 543 2606 8.
572 2579 642 2589 -—
677 2570 696 2602 ‹
735 2549 838 2617 Qui
879 2559 1014 2607 testa
1040 2553 1246 2606 saniem
1275 2551 1519 2607 radebat.
1568 2571 1586 2604 )
1619 2551 1805 2625 (Ιὺίά.)

225 2641 387 2698 Testa
418 2658 485 2698 ex
515 2643 628 2698 luto
657 2642 715 2697 iit
737 2686 750 2708 ,
777 2655 908 2710 etc.,
940 2661 1102 2716 usque
1137 2646 1204 2698 ad
1252 2647 1344 2702 sed
1378 2646 1678 2703 deteriores
1714 2647 1806 2718 qui

224 2734 478 2799 elatione,
505 2744 566 2791 ut
591 2751 726 2790 uxor
749 2736 851 2793 Job
880 2754 999 2808 qua:
1030 2735 1258 2808 superba
1291 2737 1480 2794 suadet
1501 2739 1637 2795 viro.

303 2825 462 2880 Vens.
494 2825 546 2881 9.
575 2857 647 2867 ——
681 2845 702 2878 ε
731 2828 877 2882 Dixit
905 2837 1083 2884 autem
1113 2829 1188 2883 illi
1222 2844 1358 2883 uxor
1386 2845 1502 2884 sua.
1553 2849 1571 2882 )
1619 2829 1806 2901 (Ibid.)

223 2913 462 2970 Primam
485 2917 684 2972 diaboli
715 2920 1065 2973 tentationem
1095 2921 1361 2986 ostendit,
1388 2929 1516 2986 etc.,
1551 2938 1712 2993 usque
1740 2920 1808 2975 ad

229 3004 322 3060 sed
350 3005 404 3058 in
435 3007 786 3076 asperitatem
817 3007 1142 3062 dilabuntur.

304 3113 322 3146 ‹
357 3095 551 3150 Adhuc
578 3105 634 3151 tu
669 3112 958 3166 permanes
988 3099 1040 3152 in
1084 3097 1430 3168 simplicitate
1462 3108 1571 3154 tua.
1610 3119 1629 3152 )
1666 3099 1810 3154 Sim-

225 3186 526 3257 plicitatem
562 3190 770 3260 arguit,
821 3191 964 3262 quod
1016 3200 1230 3245 terrena
1260 3191 1486 3261 deSpicit
1512 3199 1568 3246 et
1609 3199 1810 3246 aeterna

1987 2018 2006 2048 ί
2039 1997 2437 2063 Condixerant,
2493 2007 2598 2053 etc.
2654 2019 2672 2052 )
2736 1999 2924 2074 (Ιὺὶά.)
2974 1999 3110 2067 Quia
3159 1999 3212 2054 in
3261 2000 3496 2055 [assutate

1909 2087 2268 2152 concordant,
2309 2097 2364 2142 et
2404 2088 2528 2142 dum
2565 2103 2660 2142 sua
2684 2090 2906 2153 docent,
2937 2090 3088 2158 quasi
3120 2089 3490 2144 consolantur.

1908 2181 2050 2236 Vere
2104 2187 2285 2234 autem
2339 2179 2691 2234 consolantur
2737 2181 2789 2234 in
2855 2179 3143 2236 alllictione
3207 2179 3492 2251 praesenti,

1909 2270 1999 2338 qui
2031 2270 2096 2324 de
2124 2269 2344 2324 atteruis
2367 2270 2641 2325 erudiunt.
2693 2268 2944 2324 Βεετοιίοἱ
2975 2270 3154 2324 oamiei
3205 2270 3493 2324 nominan-

1910 2351 2018 2426 tur,
2064 2361 2191 2431 quia
2221 2376 2329 2416 non
2359 2376 2424 2416 ex
2453 2376 2548 2416 sua
2580 2362 2841 2431 nequitia.
2891 2361 2982 2417 sed
3011 2375 3078 2415 ex
3126 2369 3310 2417 nostra
3343 2362 3495 2417 beni-

1911 2453 2119 2522 gnitate
2161 2453 2476 2507 nominandi
2500 2462 2626 2508 sunt
2657 2471 2670 2506 :
2704 2463 2786 2519 ut,
2815 2471 2838 2507 α
2875 2453 3084 2519 Amice,
3131 2454 3197 2508 ad
3226 2454 3353 2524 quid
3403 2469 3496 2510 ve-

1909 2543 2036 2597 nisti
2063 2542 2277 2614 (Matth.
2306 2543 2492 2614 xxvi)?
2521 2563 2538 2594 )
2563 2562 2581 2595 ς
2615 2543 3000 2600 Condixerant.
3037 2564 3056 2596 )
3088 2544 3225 2612 Quia
3251 2544 3495 2614 quaedam

1909 2638 2042 2692 vitia
2077 2648 2264 2694 contra
2307 2654 2408 2694 nos
2449 2639 2591 2694 inter
2618 2653 2676 2694 se
2709 2638 3127 2710 coniunguntur,
3156 2647 3215 2694 ut
3243 2639 3496 2709 superbia

1910 2738 1965 2784 et
1991 2731 2096 2794 ira,
2127 2731 2385 2786 remissio
2410 2738 2466 2786 et
2495 2731 2656 2786 timor
2685 2749 2698 2784 :
2726 2747 2845 2802 qua:
2873 2731 2975 2786 etsi
3001 2731 3211 2786 diversa
3253 2731 3380 2796 sint,
3410 2739 3496 2785 ta-

1911 2835 2034 2874 men
2059 2820 2126 2874 ad
2152 2821 2404 2875 eumdem
2431 2819 2592 2876 ﬁnem
2617 2823 2863 2889 tendunt,
2893 2822 2946 2876 id
2963 2830 3064 2887 est,
3098 2821 3165 2876 ad
3190 2821 3498 2878 subversio-

1912 2927 2035 2968 nem
2067 2913 2366 2983 spiritualis
2394 2913 2516 2970 Joh.

1985 3005 2150 3059 Vens.
2182 3005 2268 3059 12.
2295 3035 2365 3045 -
2389 3027 2408 3058 ι
2437 3006 2680 3076 Cumque
2705 3007 3006 3064 elevassent
3025 3008 3213 3078 procul
3234 3007 3437 3063 oculos.
3470 3027 3490 3060 )

1915 3095 2017 3162 Qui
2067 3095 2118 3149 in
2144 3096 2256 3152 imo
2288 3104 2414 3152 sunt
2435 3099 2620 3153 oculos
2649 3099 2848 3163 levant,
2891 3109 3023 3166 etc.,
3054 3117 3214 3171 usque
3241 3099 3310 3154 ad
3339 3100 3495 3170 quasi

1917 3187 2100 3241 hostes
2121 3202 2220 3257 per
2259 3188 2572 3245 intentionis
2619 3191 2852 3246 hostiam
2893 3192 2948 3246 in
2972 3193 3172 3246 amicos
3199 3202 3491 3247 mutamus.

229 3277 410 3347 cupit,
458 3277 613 3346 quasi
664 3279 808 3334 dicat
841 3297 853 3332 :
889 3280 1026 3346 Quid
1063 3279 1382 3351 simpliciter
1423 3290 1624 3337 aeterna
1673 3283 1812 3352 petis
1838 3295 1896 3362 ο
1923 3296 1941 3329 ‹
1976 3277 2357 3334 Exclamantes
2385 3279 2752 3351 ploraverunt.
2789 3299 2808 3332 )
2835 3281 2969 3348 Quia
2994 3282 3226 3351 speciem
3252 3283 3496 3352 percussi

230 3377 286 3425 et
328 3384 492 3440 super
513 3371 600 3427 his
625 3372 766 3428 male
791 3373 992 3443 gemis,
1025 3375 1281 3430 excidens
1318 3375 1540 3448 (aster-na
1575 3375 1816 3450 despice)

226 3469 286 3518 et
339 3461 477 3515 mala
525 3464 846 3532 praesentia,
900 3465 982 3518 vel
1027 3466 1260 3521 moriens
1303 3467 1492 3522 evade.
1542 3465 1649 3522 Sed
1697 3469 1816 3524 hate

230 3551 376 3622 passi
403 3561 530 3606 sunt
554 3551 628 3607 illi
661 3551 833 3608 forma
864 3555 1222 3611 rectitudinis.
1255 3556 1408 3613 Unde
1434 3558 1512 3612 ait
1544 3576 1556 3612 τ
1591 3577 1610 3610 ε
1647 3557 1811 3626 Quasi

234 3659 342 3699 una
372 3645 438 3698 de
467 3645 666 3712 stultis,
686 3656 814 3712 etc.,
854 3666 872 3699 ι
906 3645 1162 3704 ferientes
1184 3659 1338 3704 extra
1363 3649 1661 3716 sustinent,
1689 3665 1812 3722 per-

233 3750 424 3790 versos
438 3734 585 3791 intus
602 3737 834 3792 docent:
862 3737 936 3794 ibi
959 3739 1147 3806 fortes,
1173 3741 1259 3795 hic
1287 3741 1668 3797 misericordes
1694 3761 1706 3796 :
1736 3743 1810 3798 ibi

231 3827 490 3883 adversos
517 3830 804 3900 repellunt,
835 3831 924 3889 hic
945 3848 1072 3888 suos
1094 3843 1482 3906 protegunt;et
1504 3836 1709 3904 grande
1729 3843 1814 3891 est

231 3919 288 3976 in
309 3919 425 3975 acie
443 3921 545 3976 hoc
567 3930 853 3992 utrumque
876 3919 1077 3980 facere.
1109 3945 1127 3978 ‹
1157 3926 1346 3982 Adhuc
1375 3936 1430 3982 tu
1452 3943 1757 3998 permanes.
1787 3947 1804 3980 ι

230 4007 344 4063 Eva
382 4010 546 4065 verba
579 4027 674 4066 sua
713 4014 940 4082 repetit,
991 4016 1145 4084 quasi
1192 4017 1375 4073 dicens
1407 4036 1420 4072 :
1450 4017 1648 4074 Desere
1681 4021 1812 4074 sim-

228 4099 552 4171 plicitatem,
585 4103 640 4158 id
669 4113 778 4170 est,
802 4107 1187 4174 obedientiam,
1218 4110 1441 4164 vetitum
1478 4112 1810 4168 comedendo

228 4200 536 4250 contemne.
589 4214 608 4247 ι
641 4195 876 4254 Benedic
903 4198 1132 4255 Domino
1177 4211 1229 4256 et
1256 4218 1486 4258 morere.
1545 4225 1564 4258 ι
1609 4205 1665 4260 ld
1693 4214 1806 4272 est,

229 4287 664 4343 transcendendo
701 4302 1054 4362 praeceptum,
1099 4295 1239 4348 ultra
1273 4309 1434 4365 quam
1465 4309 1524 4352 es
1557 4298 1808 4354 conditus

231 4377 369 4432 vive.
399 4379 535 4434 Vide
560 4382 804 4436 ordinem
834 4401 847 4437 :
879 4392 1003 4454 post
1026 4385 1244 4441 vulnera
1274 4389 1439 4443 verba
1465 4389 1640 4444 hostis
1666 4388 1812 4443 intu-

227 4465 320 4532 lit,
351 4468 476 4538 quia
516 4486 638 4525 cum
664 4472 745 4526 vis
785 4472 985 4529 doloris
1015 4475 1367 4546 ingravescit,
1397 4477 1608 4534 facilius
1643 4494 1807 4548 parva

228 4561 513 4629 persuasio
555 4561 791 4632 aliquem
826 4565 976 4635 capit
1017 4585 1030 4619 :
1075 4577 1298 4639 propter
1318 4571 1459 4640 quod
1493 4571 1584 4641 qui
1611 4578 1806 4626 caetera

229 4651 474 4716 abstulit,
502 4668 724 4708 uxorem
750 4657 1066 4711 reservavit.

303 4749 464 4804 Vens.
497 4748 585 4802 10.
611 4781 680 4791 -—
707 4773 726 4804 ι
762 4751 926 4819 Quasi
952 4769 1058 4809 una
1082 4754 1149 4810 de
1169 4755 1372 4821 stultis,
1396 4766 1501 4812 etc.
1540 4775 1558 4807 )
1589 4755 1810 4828 (0000.)

228 4838 370 4907 Quia
394 4856 606 4908 sensus,
635 4860 740 4900 non
763 4861 924 4900 sexus
945 4847 997 4900 in
1031 4848 1162 4906 vitio
1183 4860 1266 4904 est
1298 4867 1309 4903 :
1343 4865 1449 4904 non
1491 4850 1566 4905 ait
1606 4866 1712 4905 una
1743 4851 1810 4906 de

227 4931 564 4998 mulieribus,
581 4936 674 4991 sed
693 4954 712 4988 ι
735 4935 800 4992 de
821 4937 1001 4993 stultis
1013 4939 1324 4994 mulieribus
1346 4955 1360 4993 :
1392 4959 1410 4991 )
1429 4941 1568 5010 quod
1583 4956 1808 5011 pravum

227 5024 393 5092 sapit,
416 5026 720 5084 accidentis:
734 5029 980 5084 stultitia:
994 5037 1100 5096 est,
1117 5045 1224 5084 non
1247 5031 1554 5087 conditione
1578 5040 1806 5088 naturae.

233 5130 256 5168 ε
289 5113 351 5170 Si
375 5115 520 5172 bona
547 5120 908 5189 suscepimus,
934 5129 1043 5176 etc.
1080 5139 1100 5172 )
1129 5119 1316 5192 (Ιὺίά.)
1342 5121 1530 5194 Magna
1565 5124 1809 5178 consola-

228 5203 312 5260 tio
341 5215 427 5262 est
452 5207 507 5262 in
529 5209 686 5266 malis
704 5211 968 5268 bonorum
993 5211 1291 5276 reminisci,
1321 5227 1392 5268 ne
1411 5213 1482 5268 sit
1503 5214 1810 5269 omnimoda

232 5298 556 5370 deSperatio,
573 5301 714 5358 sicut
725 5302 780 5358 in
793 5302 931 5361 laetis
945 5313 1212 5376 temperat
1225 5305 1296 5359 ab
1315 5304 1548 5362 elatione
1563 5305 1812 5377 previsio

232 5391 379 5446 mali.
411 5391 564 5450 Unde
586 5395 784 5451 dicitur
809 5415 822 5451 :
851 5397 910 5454 In
941 5398 1028 5455 die
1050 5399 1314 5454 bonorum
1343 5413 1412 5454 ne
1434 5400 1512 5456 sis
1527 5399 1815 5460 immemor

232 5483 532 5553 malorum,
575 5489 707 5546 etin
731 5490 816 5546 die
836 5491 1102 5550 malorum
1132 5507 1202 5548 ne
1227 5493 1306 5549 sis
1330 5492 1616 5548 immemor
1642 5493 1814 5550 bono-

235 5590 375 5630 rum.
417 5595 436 5628 ι
476 5577 534 5634 Si
563 5581 724 5647 bona,
768 5601 787 5634 ι
825 5582 879 5640 id
899 5591 1014 5650 est,
1054 5585 1100 5640 si
1129 5585 1196 5640 ad
1241 5591 1448 5640 aeterna
1475 5585 1614 5640 bona
1638 5585 1816 5640 tendi—

235 5682 382 5735 mus,
402 5685 501 5724 cur
528 5686 634 5727 non
665 5673 803 5728 mala
833 5675 1122 5745 prasentia
1143 5675 1508 5732 sustinemus?
1547 5695 1567 5730 ‹
1618 5677 1674 5732 In
1703 5693 1820 5734 om-

237 5760 396 5816 nibus
447 5763 565 5832 his,
601 5785 619 5818 )
655 5774 760 5822 etc.
785 5765 974 5839 (Ibid.)
1000 5767 1219 5824 Duobus
1246 5769 1422 5824 modis
1448 5767 1608 5826 labiis
1628 5784 1820 5841 pecca-

236 5866 379 5919 mus,
403 5867 527 5909 cum
557 5869 664 5912 non
685 5855 834 5928 iusta
857 5856 1108 5925 dicimus,
1129 5858 1217 5914 vel
1243 5873 1363 5915 cum
1381 5859 1526 5932 justa
1553 5869 1816 5919 tacemus.

1915 3369 2073 3442 plaga
2102 3379 2442 3438 mutaverat,
2482 3373 2715 3442 speciem
2743 3373 3142 3433 consolatorum
3165 3380 3494 3443 spontaneus

1916 3465 2070 3522 dolor
2095 3467 2344 3522 immutat
2375 3482 2390 3521 :
2415 3468 2540 3536 quia
2568 3467 2837 3524 dolentem
2862 3484 2968 3524 non
2994 3475 3175 3538 potest
3201 3467 3494 3533 consolari,

1914 3559 2006 3630 qui
2037 3575 2143 3613 non
2173 3561 2466 3616 concordat
2503 3561 2710 3627 dolori,
2751 3561 2844 3616 sed
2892 3562 3102 3616 hierens
3141 3561 3324 3616 trahit.
3350 3561 3495 3626 Ideo,

1914 3650 2161 3706 videntes
2207 3665 2404 3723 corpus
2444 3651 2698 3718 scissum,
2723 3659 2904 3708 vestes
2933 3652 3218 3720 scindunt;
3250 3652 3498 3708 videntes

1912 3744 2406 3814 mutatum,capita
2428 3743 2633 3799 ftedant
2660 3745 2900 3814 pulvere,
2933 3754 2991 3800 ut
3021 3744 3229 3801 facilius
3263 3745 3366 3802 Job
3402 3762 3496 3800 au-

1913 3833 2027 3890 diat
2050 3849 2168 3901 eos,
2197 3835 2323 3892 dum
2353 3835 2554 3906 aliquid
2585 3836 2651 3892 de
2679 3853 2776 3892 sua
2805 3836 3090 3893 atllictione
3122 3837 3174 3892 in
3206 3837 3284 3894 eis
3326 3837 3492 3892 videt.

1914 3926 2217 3983 Videndum
2263 3936 2446 3983 tamen
2486 3934 2570 3983 est
2595 3927 2926 3984 consolatori
2951 3971 2965 3994 ,
3001 3943 3070 3984 ne
3117 3929 3280 3984 nimis
3309 3928 3496 3984 dolens

1914 4017 2170 4074 amictum
2193 4027 2408 4090 gravet,
2441 4027 2496 4074 et
2525 4018 2795 4074 dolentem
2824 4020 3113 4090 desperare
3141 4020 3306 4076 faciat
3343 4039 3358 4074 :
3388 4020 3495 4076 for-

1913 4112 2055 4168 sitan
2079 4113 2239 4168 amici
2266 4111 2367 4168 Job
2391 4112 2552 4167 nimis
2579 4112 2898 4180 doluerunt,
2927 4115 3234 4170 nescientes
3259 4123 3492 4170 mentem

1911 4203 2178 4275 percussi,
2205 4204 2358 4274 quasi
2387 4203 2478 4258 ille
2503 4219 2534 4258 a
2559 4205 2725 4262 corde
2765 4206 3071 4261 cecidisset.
3107 4226 3126 4258 ‹
3169 4205 3498 4275 Sparserunt

1911 4297 2208 4368 pulverem.
2240 4316 2257 4349 )
2274 4297 2458 4352 Pulvis
2471 4305 2684 4352 terrena
2708 4297 3092 4369 intelligentia;
3117 4307 3297 4368 caput,
3317 4312 3491 4364 mens;

1914 4389 2134 4456 caelum,
2155 4396 2480 4459 praeceptum
2507 4401 2754 4458 supernae
2775 4387 3081 4442 locutionis.
3109 4387 3498 4443 Pulveremsu-

1912 4495 2011 4551 per
2031 4489 2192 4551 caput
2221 4480 2274 4534 in
2303 4479 2498 4535 calum
2541 4480 2784 4544 mittere,
2816 4487 2901 4535 est
2929 4478 3172 4534 saeculari
3221 4480 3495 4536 intellectu

1915 4579 2150 4625 mentem
2179 4585 2545 4639 corrumpere,
2577 4577 2634 4625 et
2657 4570 2724 4626 de
2739 4570 2921 4627 verbis
2942 4569 3252 4627 coelestibus
3276 4578 3492 4627 terrena

1835 4649 2136 4726 Dsentire.
2182 4659 2309 4715 Dies
2336 4659 2723 4732 intelligentia,
2771 4675 2874 4717 nox
2918 4662 3239 4734 ignorantia,
3287 4671 3490 4734 septem

1913 4753 2258 4807 universitas.
2316 4751 2518 4808 Sedent
2546 4768 2695 4823 ergo,
2743 4754 2796 4809 id
2838 4763 2943 4820 est,
2975 4755 3408 4813 condescendere
3435 4773 3498 4814 se

1912 4842 2172 4899 simulant
2219 4843 2523 4899 infirmitati
2569 4843 2852 4909 Ecclesiae;
2883 4853 2940 4900 et
2986 4845 3042 4900 in
3087 4847 3174 4902 his
3213 4847 3265 4901 in
3304 4847 3501 4916 quibus

1913 4948 2101 4988 verum
2132 4933 2314 4990 lumen
2345 4933 2672 5006 intelligunt,
2711 4934 2840 4988 etin
2873 4935 2958 4991 his
2979 4936 3034 4990 in
3060 4937 3255 5008 quibus
3295 4938 3500 4994 habent

1914 5023 2296 5096 ignorantiam,
2334 5031 2390 5078 et
2419 5024 2499 5080 sic
2519 5023 2671 5081 dolos
2699 5025 3032 5096 deceptionis
3055 5035 3269 5098 parant.

1990 5115 2150 5171 Vnus.
2178 5116 2262 5169 15.
2298 5145 2369 5155 --
2397 5135 2416 5168 α
2449 5115 2506 5171 In
2537 5124 2702 5170 terra.
2745 5137 2763 5168 )
2792 5116 2929 5185 Quia
2960 5121 3194 5189 speciem
3220 5117 3502 5176 humilita-

1878 5212 1883 5218 ”
1919 5211 1991 5268 tis
2041 5211 2372 5276 ostendunt,
2419 5217 2478 5266 ut
2506 5213 2737 5282 superba
2778 5215 3062 5270 suadeant.
3107 5216 3204 5270 Vel
3241 5225 3383 5272 terra
3415 5227 3500 5274 est

1888 5301 2222 5361 .incarnatio
2247 5300 2484 5368 Christi,
2523 5316 2684 5372 quam
2716 5305 2935 5374 quidam
2979 5306 3216 5362 haeretici
3263 5323 3370 5364 non
3402 5326 3500 5366 ne-

1917 5403 2067 5467 gant,
2085 5393 2180 5450 sed
2201 5393 2290 5454 vel
2310 5393 2380 5449 de
2393 5393 2613 5462 deitate,
2637 5395 2723 5451 vel
2739 5398 2806 5452 de
2828 5396 3218 5454 incarnationis
3237 5399 3501 5470 qualitate

1920 5487 2230 5543 discordant
2254 5503 2284 5542 a
2333 5488 2490 5543 nobis
2521 5503 2538 5542 :
2569 5489 2696 5560 quia
2727 5503 2857 5558 ergo
2895 5489 3056 5548 illam
3107 5506 3215 5546 non
3263 5500 3496 5564 negant,

1921 5581 2077 5651 quasi
2107 5595 2228 5635 cum
2265 5579 2369 5637 Job
2413 5581 2467 5635 in
2509 5590 2650 5637 terra
2681 5583 2889 5638 sedent.
2920 5601 2938 5634 ι
2985 5581 3202 5653 Septem
3231 5584 3438 5640 diebus.
3472 5603 3493 5638 ο

1918 5671 2200 5743 lgnoratur
2229 5673 2423 5726 utrum'
2443 5672 2718 5737 continue,
2743 5687 2812 5726 an
2837 5682 2919 5729 tot
2941 5674 3130 5730 diebus
3157 5673 3349 5730 crebra
3369 5675 3501 5732 visi-

1919 5765 2122 5820 tatione
2151 5764 2484 5824 insisterent.
2523 5781 2542 5814 ι
2575 5762 2776 5820 Diebus
2807 5775 2862 5819 et
2888 5766 3156 5822 noctibus.
3191 5785 3210 5819 )
3245 5763 3381 5832 Quia
3415 5765 3500 5823 vel

1923 5861 1978 5916 in
2028 5861 2149 5927 hoc,
2190 5858 2338 5931 quod
2362 5872 2513 5925 vere,
2543 5855 2628 5916 vel
2656 5858 2710 5915 in
2742 5858 2844 5916 hoc
2887 5861 3029 5932 quod
3056 5860 3220 5919 stulte
3243 5860 3454 5934 sapiunt
3474 5898 3495 5930 ,
