  <div class='ocr_page' id='page_1' title='image "/cluster/home/n/w/nwhite01/storage/ocr_20150623/113/hvd.32044018909572/385.png"; bbox 0 0 3982 6352; ppageno 0'>
   <div class='ocr_carea' id='block_1_1' title="bbox 481 489 585 546">
    <p class='ocr_par' dir='ltr' id='par_1_1' title="bbox 481 489 585 546">
     <span class='ocr_line' id='line_1_1' title="bbox 481 489 585 546; baseline 0.029 -3"><span class='ocrx_word' id='word_1_1' title='bbox 481 489 585 546; x_wconf 82' lang='lat'><strong>759</strong></span> 
     </span>
    </p>
   </div>
   <div class='ocr_carea' id='block_1_2' title="bbox 973 466 3204 537">
    <p class='ocr_par' dir='ltr' id='par_1_2' title="bbox 973 466 3204 537">
     <span class='ocr_line' id='line_1_2' title="bbox 973 466 3204 537; baseline -0.007 0"><span class='ocrx_word' id='word_1_2' title='bbox 973 477 1364 537; x_wconf 79' lang='lat' dir='ltr'><strong>WALAFRIDI</strong></span> <span class='ocrx_word' id='word_1_3' title='bbox 1405 475 1651 535; x_wconf 81' lang='lat' dir='ltr'><strong>STRABI</strong></span> <span class='ocrx_word' id='word_1_4' title='bbox 1691 473 1896 532; x_wconf 84' lang='lat' dir='ltr'><strong>FULl).</strong></span> <span class='ocrx_word' id='word_1_5' title='bbox 1938 471 2105 530; x_wconf 78' lang='lat' dir='ltr'><strong>MON.</strong></span> <span class='ocrx_word' id='word_1_6' title='bbox 2147 471 2298 531; x_wconf 60' lang='lat' dir='ltr'><strong>0P1).</strong></span> <span class='ocrx_word' id='word_1_7' title='bbox 2340 471 2519 528; x_wconf 77' lang='lat' dir='ltr'><strong>PARS</strong></span> <span class='ocrx_word' id='word_1_8' title='bbox 2557 471 2598 529; x_wconf 89' lang='grc' dir='ltr'><strong>Ι.</strong></span> <span class='ocrx_word' id='word_1_9' title='bbox 2636 500 2708 514; x_wconf 91' lang='lat'><strong>-—</strong></span> <span class='ocrx_word' id='word_1_10' title='bbox 2747 466 3204 528; x_wconf 82' lang='lat' dir='ltr'><strong>THEOLOGICA.</strong></span> 
     </span>
    </p>
   </div>
   <div class='ocr_carea' id='block_1_3' title="bbox 3649 462 3768 521">
    <p class='ocr_par' dir='ltr' id='par_1_3' title="bbox 3649 462 3768 521">
     <span class='ocr_line' id='line_1_3' title="bbox 3649 462 3768 521; baseline 0.017 -1"><span class='ocrx_word' id='word_1_11' title='bbox 3649 462 3768 521; x_wconf 82' lang='lat'><strong>760</strong></span> 
     </span>
    </p>
   </div>
   <div class='ocr_carea' id='block_1_4' title="bbox 478 581 3766 659">
    <p class='ocr_par' dir='ltr' id='par_1_4' title="bbox 478 581 3766 659">
     <span class='ocr_line' id='line_1_4' title="bbox 478 581 3766 659; baseline -0.005 -4"><span class='ocrx_word' id='word_1_12' title='bbox 478 593 839 655; x_wconf 90' lang='lat' dir='ltr'><strong>incarnationi</strong></span> <span class='ocrx_word' id='word_1_13' title='bbox 888 609 997 648; x_wconf 93' lang='lat' dir='ltr'><strong>non</strong></span> <span class='ocrx_word' id='word_1_14' title='bbox 1037 590 1433 647; x_wconf 73' lang='lat' dir='ltr'><strong>contradicunt.</strong></span> <span class='ocrx_word' id='word_1_15' title='bbox 1470 607 1489 641; x_wconf 75' lang='grc' dir='ltr'>ι</span> <span class='ocrx_word' id='word_1_16' title='bbox 1526 587 1694 644; x_wconf 80' lang='lat' dir='ltr'><strong>Nemo</strong></span> <span class='ocrx_word' id='word_1_17' title='bbox 1732 588 2056 659; x_wconf 75' lang='lat' dir='ltr'><strong>loquebatur</strong></span> <span class='ocrx_word' id='word_1_18' title='bbox 2081 589 2135 648; x_wconf 79' lang='grc' dir='ltr'>Α</span> <span class='ocrx_word' id='word_1_19' title='bbox 2158 592 2213 640; x_wconf 91' lang='lat' dir='ltr'><strong>et</strong></span> <span class='ocrx_word' id='word_1_20' title='bbox 2241 599 2348 640; x_wconf 91' lang='lat' dir='ltr'><strong>non</strong></span> <span class='ocrx_word' id='word_1_21' title='bbox 2375 583 2683 640; x_wconf 77' lang='lat' dir='ltr'><strong>illustrabit.</strong></span> <span class='ocrx_word' id='word_1_22' title='bbox 2718 583 2957 640; x_wconf 85' lang='lat' dir='ltr'><strong>Illustrat</strong></span> <span class='ocrx_word' id='word_1_23' title='bbox 2991 583 3217 649; x_wconf 87' lang='lat' dir='ltr'><strong>lumine,</strong></span> <span class='ocrx_word' id='word_1_24' title='bbox 3264 582 3357 654; x_wconf 90' lang='lat' dir='ltr'><strong>qui</strong></span> <span class='ocrx_word' id='word_1_25' title='bbox 3385 581 3612 655; x_wconf 79' lang='lat' dir='ltr'><strong>arguit:</strong></span> <span class='ocrx_word' id='word_1_26' title='bbox 3656 582 3766 638; x_wconf 87' lang='lat' dir='ltr'><strong>sed</strong></span> 
     </span>
    </p>
   </div>
   <div class='ocr_carea' id='block_1_5' title="bbox 476 677 2060 751">
    <p class='ocr_par' dir='ltr' id='par_1_5' title="bbox 476 677 2060 751">
     <span class='ocr_line' id='line_1_5' title="bbox 476 677 2060 751; baseline -0.008 -6"><span class='ocrx_word' id='word_1_27' title='bbox 476 690 528 745; x_wconf 87' lang='lat' dir='ltr'><strong>ei</strong></span> <span class='ocrx_word' id='word_1_28' title='bbox 551 687 799 744; x_wconf 91' lang='lat' dir='ltr'><strong>verbum.</strong></span> <span class='ocrx_word' id='word_1_29' title='bbox 836 705 856 738; x_wconf 71' lang='grc' dir='ltr'>ι</span> <span class='ocrx_word' id='word_1_30' title='bbox 891 683 1032 751; x_wconf 84' lang='lat' dir='ltr'><strong>Quia</strong></span> <span class='ocrx_word' id='word_1_31' title='bbox 1058 691 1190 738; x_wconf 91' lang='lat' dir='ltr'><strong>tunc</strong></span> <span class='ocrx_word' id='word_1_32' title='bbox 1220 689 1401 738; x_wconf 87' lang='lat' dir='ltr'><strong>tacent</strong></span> <span class='ocrx_word' id='word_1_33' title='bbox 1426 679 1641 746; x_wconf 85' lang='lat' dir='ltr'><strong>hostes,</strong></span> <span class='ocrx_word' id='word_1_34' title='bbox 1688 680 1735 736; x_wconf 89' lang='lat' dir='ltr'><strong>si</strong></span> <span class='ocrx_word' id='word_1_35' title='bbox 1785 679 1924 735; x_wconf 90' lang='lat' dir='ltr'><strong>ﬁlios</strong></span> <span class='ocrx_word' id='word_1_36' title='bbox 1962 677 2060 733; x_wconf 89' lang='lat' dir='ltr'><strong>Dei</strong></span> 
     </span>
    </p>
   </div>
   <div class='ocr_carea' id='block_1_6' title="bbox 475 770 2063 854">
    <p class='ocr_par' dir='ltr' id='par_1_6' title="bbox 475 770 2063 854">
     <span class='ocr_line' id='line_1_6' title="bbox 475 770 2063 854; baseline -0.006 -19"><span class='ocrx_word' id='word_1_37' title='bbox 475 778 818 854; x_wconf 82' lang='lat' dir='ltr'><strong>praedicando</strong></span> <span class='ocrx_word' id='word_1_38' title='bbox 846 789 1106 848; x_wconf 87' lang='lat' dir='ltr'><strong>generare</strong></span> <span class='ocrx_word' id='word_1_39' title='bbox 1130 773 1489 845; x_wconf 83' lang='lat' dir='ltr'><strong>negligimus:</strong></span> <span class='ocrx_word' id='word_1_40' title='bbox 1520 773 1614 828; x_wconf 88' lang='lat' dir='ltr'><strong>sed</strong></span> <span class='ocrx_word' id='word_1_41' title='bbox 1635 772 1682 828; x_wconf 91' lang='lat' dir='ltr'><strong>si</strong></span> <span class='ocrx_word' id='word_1_42' title='bbox 1711 779 1862 828; x_wconf 87' lang='lat' dir='ltr'><strong>recta</strong></span> <span class='ocrx_word' id='word_1_43' title='bbox 1888 770 2063 840; x_wconf 92' lang='lat' dir='ltr'><strong>loqui-</strong></span> 
     </span>
    </p>
   </div>
   <div class='ocr_carea' id='block_1_7' title="bbox 479 869 2060 945">
    <p class='ocr_par' dir='ltr' id='par_1_7' title="bbox 479 869 2060 945">
     <span class='ocr_line' id='line_1_7' title="bbox 479 869 2060 945; baseline -0.005 -14"><span class='ocrx_word' id='word_1_44' title='bbox 479 893 622 944; x_wconf 89' lang='lat' dir='ltr'><strong>mur,</strong></span> <span class='ocrx_word' id='word_1_45' title='bbox 657 883 783 930; x_wconf 92' lang='lat' dir='ltr'><strong>tunc</strong></span> <span class='ocrx_word' id='word_1_46' title='bbox 815 887 1009 945; x_wconf 78' lang='lat' dir='ltr'><strong>graves</strong></span> <span class='ocrx_word' id='word_1_47' title='bbox 1043 869 1398 927; x_wconf 87' lang='lat' dir='ltr'><strong>contumelias</strong></span> <span class='ocrx_word' id='word_1_48' title='bbox 1440 869 1724 941; x_wconf 76' lang='lat' dir='ltr'><strong>ingerunt,</strong></span> <span class='ocrx_word' id='word_1_49' title='bbox 1771 869 1827 923; x_wconf 94' lang='lat' dir='ltr'><strong>in</strong></span> <span class='ocrx_word' id='word_1_50' title='bbox 1868 883 2060 924; x_wconf 87' lang='lat' dir='ltr'><strong>vocem</strong></span> 
     </span>
    </p>
   </div>
   <div class='ocr_carea' id='block_1_8' title="bbox 479 961 2062 1034">
    <p class='ocr_par' dir='ltr' id='par_1_8' title="bbox 479 961 2062 1034">
     <span class='ocr_line' id='line_1_8' title="bbox 479 961 2062 1034; baseline -0.005 -10"><span class='ocrx_word' id='word_1_51' title='bbox 479 969 686 1024; x_wconf 92' lang='lat' dir='ltr'><strong>doloris</strong></span> <span class='ocrx_word' id='word_1_52' title='bbox 733 975 923 1022; x_wconf 88' lang='lat' dir='ltr'><strong>contra</strong></span> <span class='ocrx_word' id='word_1_53' title='bbox 967 979 1068 1020; x_wconf 92' lang='lat' dir='ltr'><strong>nos</strong></span> <span class='ocrx_word' id='word_1_54' title='bbox 1111 970 1419 1034; x_wconf 89' lang='lat' dir='ltr'><strong>erumpunt.</strong></span> <span class='ocrx_word' id='word_1_55' title='bbox 1474 961 1794 1032; x_wconf 89' lang='lat' dir='ltr'><strong>Loquuntur</strong></span> <span class='ocrx_word' id='word_1_56' title='bbox 1841 961 2062 1031; x_wconf 88' lang='lat' dir='ltr'><strong>quidem</strong></span> 
     </span>
    </p>
   </div>
   <div class='ocr_carea' id='block_1_9' title="bbox 481 1051 2058 1122">
    <p class='ocr_par' dir='ltr' id='par_1_9' title="bbox 481 1051 2058 1122">
     <span class='ocr_line' id='line_1_9' title="bbox 481 1051 2058 1122; baseline -0.004 -8"><span class='ocrx_word' id='word_1_57' title='bbox 481 1059 690 1114; x_wconf 89' lang='lat' dir='ltr'><strong>semina</strong></span> <span class='ocrx_word' id='word_1_58' title='bbox 710 1071 956 1113; x_wconf 86' lang='lat' dir='ltr'><strong>errorum</strong></span> <span class='ocrx_word' id='word_1_59' title='bbox 980 1070 996 1110; x_wconf 91' lang='lat'><strong>:</strong></span> <span class='ocrx_word' id='word_1_60' title='bbox 1018 1070 1140 1111; x_wconf 92' lang='lat' dir='ltr'><strong>cum</strong></span> <span class='ocrx_word' id='word_1_61' title='bbox 1157 1053 1320 1111; x_wconf 90' lang='lat' dir='ltr'><strong>corda</strong></span> <span class='ocrx_word' id='word_1_62' title='bbox 1342 1051 1578 1109; x_wconf 91' lang='lat' dir='ltr'><strong>ﬁdelium</strong></span> <span class='ocrx_word' id='word_1_63' title='bbox 1603 1060 1818 1122; x_wconf 87' lang='lat' dir='ltr'><strong>torpere</strong></span> <span class='ocrx_word' id='word_1_64' title='bbox 1835 1053 2018 1108; x_wconf 89' lang='lat' dir='ltr'><strong>vident</strong></span> <span class='ocrx_word' id='word_1_65' title='bbox 2045 1071 2058 1108; x_wconf 94' lang='lat'><strong>:</strong></span> 
     </span>
    </p>
   </div>
   <div class='ocr_carea' id='block_1_10' title="bbox 482 1142 2066 1214">
    <p class='ocr_par' dir='ltr' id='par_1_10' title="bbox 482 1142 2066 1214">
     <span class='ocr_line' id='line_1_10' title="bbox 482 1142 2066 1214; baseline -0.003 -10"><span class='ocrx_word' id='word_1_66' title='bbox 482 1149 579 1204; x_wconf 91' lang='lat' dir='ltr'><strong>sed</strong></span> <span class='ocrx_word' id='word_1_67' title='bbox 607 1163 732 1204; x_wconf 91' lang='lat' dir='ltr'><strong>cum</strong></span> <span class='ocrx_word' id='word_1_68' title='bbox 765 1146 952 1202; x_wconf 89' lang='lat' dir='ltr'><strong>vident</strong></span> <span class='ocrx_word' id='word_1_69' title='bbox 981 1145 1089 1200; x_wconf 88' lang='lat' dir='ltr'><strong>alta</strong></span> <span class='ocrx_word' id='word_1_70' title='bbox 1131 1158 1354 1214; x_wconf 87' lang='lat' dir='ltr'><strong>sapere,</strong></span> <span class='ocrx_word' id='word_1_71' title='bbox 1395 1142 1463 1198; x_wconf 93' lang='lat' dir='ltr'><strong>de</strong></span> <span class='ocrx_word' id='word_1_72' title='bbox 1489 1157 1732 1198; x_wconf 66' lang='lat' dir='ltr'><strong>aerumna</strong></span> <span class='ocrx_word' id='word_1_73' title='bbox 1759 1142 1941 1198; x_wconf 64' lang='lat' dir='ltr'><strong>saeculi</strong></span> <span class='ocrx_word' id='word_1_74' title='bbox 1966 1142 2066 1199; x_wconf 92' lang='lat' dir='ltr'><strong>do-</strong></span> 
     </span>
    </p>
   </div>
   <div class='ocr_carea' id='block_1_11' title="bbox 480 1233 2066 1308">
    <p class='ocr_par' dir='ltr' id='par_1_11' title="bbox 480 1233 2066 1308">
     <span class='ocr_line' id='line_1_11' title="bbox 480 1233 2066 1308; baseline -0.003 -15"><span class='ocrx_word' id='word_1_75' title='bbox 480 1239 614 1307; x_wconf 86' lang='lat' dir='ltr'><strong>lere,</strong></span> <span class='ocrx_word' id='word_1_76' title='bbox 641 1241 709 1296; x_wconf 90' lang='lat' dir='ltr'><strong>ad</strong></span> <span class='ocrx_word' id='word_1_77' title='bbox 733 1238 930 1295; x_wconf 87' lang='lat' dir='ltr'><strong>coelum</strong></span> <span class='ocrx_word' id='word_1_78' title='bbox 956 1237 1191 1294; x_wconf 89' lang='lat' dir='ltr'><strong>reditum</strong></span> <span class='ocrx_word' id='word_1_79' title='bbox 1217 1249 1497 1308; x_wconf 60' lang='lat' dir='ltr'><strong>quaerere,</strong></span> <span class='ocrx_word' id='word_1_80' title='bbox 1531 1235 1926 1306; x_wconf 86' lang='lat' dir='ltr'><strong>circumspecte</strong></span> <span class='ocrx_word' id='word_1_81' title='bbox 1958 1233 2066 1288; x_wconf 87' lang='lat' dir='ltr'><strong>lin-</strong></span> 
     </span>
    </p>
   </div>
   <div class='ocr_carea' id='block_1_12' title="bbox 483 1332 927 1404">
    <p class='ocr_par' dir='ltr' id='par_1_12' title="bbox 483 1332 927 1404">
     <span class='ocr_line' id='line_1_12' title="bbox 483 1332 927 1404; baseline 0 -18"><span class='ocrx_word' id='word_1_82' title='bbox 483 1347 644 1404; x_wconf 86' lang='lat' dir='ltr'><strong>guam</strong></span> <span class='ocrx_word' id='word_1_83' title='bbox 678 1332 927 1387; x_wconf 85' lang='lat' dir='ltr'><strong>fraenant.</strong></span> 
     </span>
    </p>
   </div>
   <div class='ocr_carea' id='block_1_13' title="bbox 557 1421 2065 1495">
    <p class='ocr_par' dir='ltr' id='par_1_13' title="bbox 557 1421 2065 1495">
     <span class='ocr_line' id='line_1_13' title="bbox 557 1421 2065 1495; baseline 0 -19"><span class='ocrx_word' id='word_1_84' title='bbox 557 1443 576 1476; x_wconf 86' lang='grc'><strong>‹</strong></span> <span class='ocrx_word' id='word_1_85' title='bbox 605 1423 774 1481; x_wconf 83' lang='lat' dir='ltr'><strong>Nemo</strong></span> <span class='ocrx_word' id='word_1_86' title='bbox 795 1424 1136 1495; x_wconf 86' lang='lat' dir='ltr'><strong>loquebatur.</strong></span> <span class='ocrx_word' id='word_1_87' title='bbox 1171 1443 1190 1476; x_wconf 74' lang='grc' dir='ltr'><strong><em>ι</em></strong></span> <span class='ocrx_word' id='word_1_88' title='bbox 1222 1421 1362 1478; x_wconf 85' lang='lat' dir='ltr'><strong>Sunt</strong></span> <span class='ocrx_word' id='word_1_89' title='bbox 1380 1422 1524 1480; x_wconf 91' lang='lat' dir='ltr'><strong>enim</strong></span> <span class='ocrx_word' id='word_1_90' title='bbox 1547 1421 1724 1488; x_wconf 87' lang='lat' dir='ltr'><strong>multi,</strong></span> <span class='ocrx_word' id='word_1_91' title='bbox 1748 1428 1882 1488; x_wconf 87' lang='lat' dir='ltr'><strong>etc.,</strong></span> <span class='ocrx_word' id='word_1_92' title='bbox 1901 1437 2065 1493; x_wconf 82' lang='lat' dir='ltr'><strong>usque</strong></span> 
     </span>
    </p>
   </div>
   <div class='ocr_carea' id='block_1_14' title="bbox 479 1515 1884 1590">
    <p class='ocr_par' dir='ltr' id='par_1_14' title="bbox 479 1515 1884 1590">
     <span class='ocr_line' id='line_1_14' title="bbox 479 1515 1884 1590; baseline -0.001 -19"><span class='ocrx_word' id='word_1_93' title='bbox 479 1517 550 1572; x_wconf 88' lang='lat' dir='ltr'><strong>ad</strong></span> <span class='ocrx_word' id='word_1_94' title='bbox 580 1527 633 1574; x_wconf 90' lang='lat' dir='ltr'><strong>et</strong></span> <span class='ocrx_word' id='word_1_95' title='bbox 661 1518 766 1574; x_wconf 89' lang='lat' dir='ltr'><strong>nisi</strong></span> <span class='ocrx_word' id='word_1_96' title='bbox 794 1518 1063 1574; x_wconf 85' lang='lat' dir='ltr'><strong>sacriﬁcio</strong></span> <span class='ocrx_word' id='word_1_97' title='bbox 1089 1525 1414 1590; x_wconf 83' lang='lat' dir='ltr'><strong>purgentur,</strong></span> <span class='ocrx_word' id='word_1_98' title='bbox 1448 1515 1706 1588; x_wconf 89' lang='lat' dir='ltr'><strong>puniendi</strong></span> <span class='ocrx_word' id='word_1_99' title='bbox 1737 1523 1884 1570; x_wconf 90' lang='lat' dir='ltr'><strong>sunt.</strong></span> 
     </span>
    </p>
   </div>
   <div class='ocr_carea' id='block_1_15' title="bbox 558 1606 2069 1676">
    <p class='ocr_par' dir='ltr' id='par_1_15' title="bbox 558 1606 2069 1676">
     <span class='ocr_line' id='line_1_15' title="bbox 558 1606 2069 1676; baseline -0.002 -13"><span class='ocrx_word' id='word_1_100' title='bbox 558 1631 576 1663; x_wconf 75' lang='grc' dir='ltr'>ι</span> <span class='ocrx_word' id='word_1_101' title='bbox 615 1611 885 1667; x_wconf 81' lang='lat' dir='ltr'><strong>Videbunt</strong></span> <span class='ocrx_word' id='word_1_102' title='bbox 925 1611 1070 1666; x_wconf 92' lang='lat' dir='ltr'><strong>enim</strong></span> <span class='ocrx_word' id='word_1_103' title='bbox 1126 1610 1389 1665; x_wconf 88' lang='lat' dir='ltr'><strong>dolorem.</strong></span> <span class='ocrx_word' id='word_1_104' title='bbox 1447 1628 1466 1662; x_wconf 70' lang='grc' dir='ltr'><strong>ι</strong></span> <span class='ocrx_word' id='word_1_105' title='bbox 1510 1609 1646 1676; x_wconf 88' lang='lat' dir='ltr'><strong>Quia</strong></span> <span class='ocrx_word' id='word_1_106' title='bbox 1692 1615 1824 1663; x_wconf 88' lang='lat' dir='ltr'><strong>tunc</strong></span> <span class='ocrx_word' id='word_1_107' title='bbox 1873 1606 2069 1662; x_wconf 91' lang='lat' dir='ltr'><strong>timent</strong></span> 
     </span>
    </p>
   </div>
   <div class='ocr_carea' id='block_1_16' title="bbox 478 1696 2066 1773">
    <p class='ocr_par' dir='ltr' id='par_1_16' title="bbox 478 1696 2066 1773">
     <span class='ocr_line' id='line_1_16' title="bbox 478 1696 2066 1773; baseline -0.003 -17"><span class='ocrx_word' id='word_1_108' title='bbox 478 1717 644 1773; x_wconf 91' lang='lat' dir='ltr'><strong>prava</strong></span> <span class='ocrx_word' id='word_1_109' title='bbox 670 1702 837 1773; x_wconf 89' lang='lat' dir='ltr'><strong>loqui,</strong></span> <span class='ocrx_word' id='word_1_110' title='bbox 863 1717 988 1758; x_wconf 92' lang='lat' dir='ltr'><strong>cum</strong></span> <span class='ocrx_word' id='word_1_111' title='bbox 1011 1700 1216 1756; x_wconf 92' lang='lat' dir='ltr'><strong>amoris</strong></span> <span class='ocrx_word' id='word_1_112' title='bbox 1239 1700 1334 1756; x_wconf 89' lang='lat' dir='ltr'><strong>Dei</strong></span> <span class='ocrx_word' id='word_1_113' title='bbox 1365 1699 1521 1755; x_wconf 93' lang='lat' dir='ltr'><strong>dolor</strong></span> <span class='ocrx_word' id='word_1_114' title='bbox 1543 1699 1706 1754; x_wconf 90' lang='lat' dir='ltr'><strong>corda</strong></span> <span class='ocrx_word' id='word_1_115' title='bbox 1722 1697 1876 1770; x_wconf 88' lang='lat' dir='ltr'><strong>ﬁngit</strong></span> <span class='ocrx_word' id='word_1_116' title='bbox 1900 1715 1914 1752; x_wconf 90' lang='lat'><strong>:</strong></span> <span class='ocrx_word' id='word_1_117' title='bbox 1938 1696 2066 1768; x_wconf 88' lang='lat' dir='ltr'><strong>quia</strong></span> 
     </span>
    </p>
   </div>
   <div class='ocr_carea' id='block_1_17' title="bbox 481 1787 2069 1864">
    <p class='ocr_par' dir='ltr' id='par_1_17' title="bbox 481 1787 2069 1864">
     <span class='ocr_line' id='line_1_17' title="bbox 481 1787 2069 1864; baseline -0.003 -16"><span class='ocrx_word' id='word_1_118' title='bbox 481 1802 612 1848; x_wconf 91' lang='lat' dir='ltr'><strong>tunc</strong></span> <span class='ocrx_word' id='word_1_119' title='bbox 639 1808 746 1848; x_wconf 92' lang='lat' dir='ltr'><strong>non</strong></span> <span class='ocrx_word' id='word_1_120' title='bbox 783 1792 1131 1864; x_wconf 87' lang='lat' dir='ltr'><strong>proﬁcerent,</strong></span> <span class='ocrx_word' id='word_1_121' title='bbox 1168 1793 1261 1848; x_wconf 91' lang='lat' dir='ltr'><strong>sed</strong></span> <span class='ocrx_word' id='word_1_122' title='bbox 1285 1799 1344 1848; x_wconf 90' lang='lat' dir='ltr'><strong>et</strong></span> <span class='ocrx_word' id='word_1_123' title='bbox 1383 1805 1522 1862; x_wconf 89' lang='lat' dir='ltr'><strong>quos</strong></span> <span class='ocrx_word' id='word_1_124' title='bbox 1567 1791 1864 1858; x_wconf 91' lang='lat' dir='ltr'><strong>tenebant,</strong></span> <span class='ocrx_word' id='word_1_125' title='bbox 1907 1787 2069 1846; x_wconf 90' lang='lat' dir='ltr'><strong>bonis</strong></span> 
     </span>
    </p>
   </div>
   <div class='ocr_carea' id='block_1_18' title="bbox 479 1882 1128 1954">
    <p class='ocr_par' dir='ltr' id='par_1_18' title="bbox 479 1882 1128 1954">
     <span class='ocr_line' id='line_1_18' title="bbox 479 1882 1128 1954; baseline -0.002 -16"><span class='ocrx_word' id='word_1_126' title='bbox 479 1882 794 1939; x_wconf 78' lang='lat' dir='ltr'><strong>exercitatis</strong></span> <span class='ocrx_word' id='word_1_127' title='bbox 816 1883 1128 1954; x_wconf 88' lang='lat' dir='ltr'><strong>perderent.</strong></span> 
     </span>
    </p>
   </div>
   <div class='ocr_carea' id='block_1_19' title="bbox 1101 2018 1452 2078">
    <p class='ocr_par' dir='ltr' id='par_1_19' title="bbox 1101 2018 1452 2078">
     <span class='ocr_line' id='line_1_19' title="bbox 1101 2018 1452 2078; baseline -0.003 -3"><span class='ocrx_word' id='word_1_128' title='bbox 1101 2018 1330 2078; x_wconf 80' lang='lat' dir='ltr'><strong>CAPUT</strong></span> <span class='ocrx_word' id='word_1_129' title='bbox 1365 2018 1452 2076; x_wconf 86' lang='grc' dir='ltr'><strong>ΠΙ.</strong></span> 
     </span>
    </p>
   </div>
   <div class='ocr_carea' id='block_1_20' title="bbox 551 2151 2066 2224">
    <p class='ocr_par' dir='ltr' id='par_1_20' title="bbox 551 2151 2066 2224">
     <span class='ocr_line' id='line_1_20' title="bbox 551 2151 2066 2224; baseline 0.005 -22"><span class='ocrx_word' id='word_1_130' title='bbox 551 2152 714 2210; x_wconf 87' lang='lat' dir='ltr'><strong>Vens.</strong></span> <span class='ocrx_word' id='word_1_131' title='bbox 740 2153 790 2207; x_wconf 79' lang='lat' dir='ltr'><strong>l.</strong></span> <span class='ocrx_word' id='word_1_132' title='bbox 819 2183 892 2195; x_wconf 92' lang='lat'><strong>-—</strong></span> <span class='ocrx_word' id='word_1_133' title='bbox 917 2171 937 2206; x_wconf 85' lang='grc'><em>‹</em></span> <span class='ocrx_word' id='word_1_134' title='bbox 957 2151 1088 2209; x_wconf 90' lang='lat' dir='ltr'><strong>Post</strong></span> <span class='ocrx_word' id='word_1_135' title='bbox 1112 2152 1248 2220; x_wconf 77' lang='lat' dir='ltr'><strong>haec,</strong></span> <span class='ocrx_word' id='word_1_136' title='bbox 1271 2162 1378 2210; x_wconf 91' lang='lat' dir='ltr'><strong>etc.</strong></span> <span class='ocrx_word' id='word_1_137' title='bbox 1410 2173 1431 2208; x_wconf 71' lang='grc' dir='ltr'><strong><em>ι</em></strong></span> <span class='ocrx_word' id='word_1_138' title='bbox 1456 2153 1708 2210; x_wconf 85' lang='lat' dir='ltr'><strong>Attentos</strong></span> <span class='ocrx_word' id='word_1_139' title='bbox 1733 2151 1880 2219; x_wconf 81' lang='lat' dir='ltr'><strong>facit,</strong></span> <span class='ocrx_word' id='word_1_140' title='bbox 1908 2153 2066 2224; x_wconf 89' lang='lat' dir='ltr'><strong>quasi</strong></span> 
     </span>
    </p>
   </div>
   <div class='ocr_carea' id='block_1_21' title="bbox 482 2241 2067 2313">
    <p class='ocr_par' dir='ltr' id='par_1_21' title="bbox 482 2241 2067 2313">
     <span class='ocr_line' id='line_1_21' title="bbox 482 2241 2067 2313; baseline 0.002 -17"><span class='ocrx_word' id='word_1_141' title='bbox 482 2241 550 2297; x_wconf 93' lang='lat' dir='ltr'><strong>ad</strong></span> <span class='ocrx_word' id='word_1_142' title='bbox 600 2242 813 2298; x_wconf 90' lang='lat' dir='ltr'><strong>occulta</strong></span> <span class='ocrx_word' id='word_1_143' title='bbox 865 2258 988 2313; x_wconf 67' lang='lat' dir='ltr'><strong>quae</strong></span> <span class='ocrx_word' id='word_1_144' title='bbox 1037 2243 1238 2299; x_wconf 87' lang='lat' dir='ltr'><strong>clausis</strong></span> <span class='ocrx_word' id='word_1_145' title='bbox 1278 2241 1514 2299; x_wconf 85' lang='lat' dir='ltr'><strong>vasculis</strong></span> <span class='ocrx_word' id='word_1_146' title='bbox 1567 2241 1921 2313; x_wconf 80' lang='lat' dir='ltr'><strong>tegebantur,</strong></span> <span class='ocrx_word' id='word_1_147' title='bbox 1971 2242 2067 2299; x_wconf 87' lang='lat' dir='ltr'><strong>sed</strong></span> 
     </span>
    </p>
   </div>
   <div class='ocr_carea' id='block_1_22' title="bbox 483 2335 2069 2407">
    <p class='ocr_par' dir='ltr' id='par_1_22' title="bbox 483 2335 2069 2407">
     <span class='ocr_line' id='line_1_22' title="bbox 483 2335 2069 2407; baseline 0.003 -19"><span class='ocrx_word' id='word_1_148' title='bbox 483 2343 672 2406; x_wconf 89' lang='lat' dir='ltr'><strong>aperto</strong></span> <span class='ocrx_word' id='word_1_149' title='bbox 694 2351 791 2392; x_wconf 90' lang='lat' dir='ltr'><strong>ore</strong></span> <span class='ocrx_word' id='word_1_150' title='bbox 816 2351 1006 2391; x_wconf 92' lang='lat' dir='ltr'><strong>eorum</strong></span> <span class='ocrx_word' id='word_1_151' title='bbox 1028 2336 1370 2407; x_wconf 78' lang='lat' dir='ltr'><strong>detegantur,</strong></span> <span class='ocrx_word' id='word_1_152' title='bbox 1391 2342 1453 2391; x_wconf 88' lang='lat' dir='ltr'><strong>ut</strong></span> <span class='ocrx_word' id='word_1_153' title='bbox 1473 2350 1663 2392; x_wconf 88' lang='lat' dir='ltr'><strong>eorum</strong></span> <span class='ocrx_word' id='word_1_154' title='bbox 1689 2335 1881 2392; x_wconf 88' lang='lat' dir='ltr'><strong>intimo</strong></span> <span class='ocrx_word' id='word_1_155' title='bbox 1900 2335 2069 2392; x_wconf 85' lang='lat' dir='ltr'><strong>odore</strong></span> 
     </span>
    </p>
   </div>
   <div class='ocr_carea' id='block_1_23' title="bbox 479 2426 2070 2500">
    <p class='ocr_par' dir='ltr' id='par_1_23' title="bbox 479 2426 2070 2500">
     <span class='ocr_line' id='line_1_23' title="bbox 479 2426 2070 2500; baseline 0.001 -20"><span class='ocrx_word' id='word_1_156' title='bbox 479 2441 810 2482; x_wconf 89' lang='lat' dir='ltr'><strong>recreemur.</strong></span> <span class='ocrx_word' id='word_1_157' title='bbox 856 2426 1147 2497; x_wconf 86' lang='lat' dir='ltr'><strong>Hucusque</strong></span> <span class='ocrx_word' id='word_1_158' title='bbox 1176 2426 1371 2499; x_wconf 80' lang='lat' dir='ltr'><strong>triplex</strong></span> <span class='ocrx_word' id='word_1_159' title='bbox 1408 2427 1709 2498; x_wconf 83' lang='lat' dir='ltr'><strong>expositio,</strong></span> <span class='ocrx_word' id='word_1_160' title='bbox 1754 2427 1884 2484; x_wconf 90' lang='lat' dir='ltr'><strong>hinc</strong></span> <span class='ocrx_word' id='word_1_161' title='bbox 1907 2435 2070 2500; x_wconf 91' lang='lat' dir='ltr'><strong>prout</strong></span> 
     </span>
    </p>
   </div>
   <div class='ocr_carea' id='block_1_24' title="bbox 485 2515 1205 2587">
    <p class='ocr_par' dir='ltr' id='par_1_24' title="bbox 485 2515 1205 2587">
     <span class='ocr_line' id='line_1_24' title="bbox 485 2515 1205 2587; baseline 0.003 -17"><span class='ocrx_word' id='word_1_162' title='bbox 485 2515 698 2587; x_wconf 84' lang='lat' dir='ltr'><strong>singula</strong></span> <span class='ocrx_word' id='word_1_163' title='bbox 721 2525 1042 2587; x_wconf 78' lang='lat' dir='ltr'><strong>exspectent</strong></span> <span class='ocrx_word' id='word_1_164' title='bbox 1064 2516 1205 2574; x_wconf 91' lang='lat' dir='ltr'><strong>loca.</strong></span> 
     </span>
    </p>
   </div>
   <div class='ocr_carea' id='block_1_25' title="bbox 555 2607 2067 2682">
    <p class='ocr_par' dir='ltr' id='par_1_25' title="bbox 555 2607 2067 2682">
     <span class='ocr_line' id='line_1_25' title="bbox 555 2607 2067 2682; baseline 0.003 -18"><span class='ocrx_word' id='word_1_165' title='bbox 555 2607 772 2682; x_wconf 84' lang='lat' dir='ltr'><strong>(Gnee.)</strong></span> <span class='ocrx_word' id='word_1_166' title='bbox 799 2629 816 2661; x_wconf 74' lang='grc' dir='ltr'>ι</span> <span class='ocrx_word' id='word_1_167' title='bbox 853 2609 1127 2667; x_wconf 79' lang='lat' dir='ltr'><strong>Maledixit</strong></span> <span class='ocrx_word' id='word_1_168' title='bbox 1157 2610 1264 2667; x_wconf 91' lang='lat' dir='ltr'><strong>diei</strong></span> <span class='ocrx_word' id='word_1_169' title='bbox 1301 2626 1422 2668; x_wconf 92' lang='lat' dir='ltr'><strong>suo.</strong></span> <span class='ocrx_word' id='word_1_170' title='bbox 1459 2630 1479 2665; x_wconf 72' lang='grc' dir='ltr'><strong>ι</strong></span> <span class='ocrx_word' id='word_1_171' title='bbox 1510 2610 1651 2667; x_wconf 89' lang='lat' dir='ltr'><strong>Ecce</strong></span> <span class='ocrx_word' id='word_1_172' title='bbox 1695 2611 1802 2668; x_wconf 91' lang='lat' dir='ltr'><strong>hoc</strong></span> <span class='ocrx_word' id='word_1_173' title='bbox 1826 2625 1934 2668; x_wconf 92' lang='lat' dir='ltr'><strong>non</strong></span> <span class='ocrx_word' id='word_1_174' title='bbox 1980 2625 2067 2668; x_wconf 87' lang='lat' dir='ltr'><strong>se-</strong></span> 
     </span>
    </p>
   </div>
   <div class='ocr_carea' id='block_1_26' title="bbox 483 2699 2072 2773">
    <p class='ocr_par' dir='ltr' id='par_1_26' title="bbox 483 2699 2072 2773">
     <span class='ocr_line' id='line_1_26' title="bbox 483 2699 2072 2773; baseline 0.004 -21"><span class='ocrx_word' id='word_1_175' title='bbox 483 2699 719 2753; x_wconf 89' lang='lat' dir='ltr'><strong>cundum</strong></span> <span class='ocrx_word' id='word_1_176' title='bbox 743 2700 984 2756; x_wconf 70' lang='lat' dir='ltr'><strong>historia!</strong></span> <span class='ocrx_word' id='word_1_177' title='bbox 1005 2701 1372 2772; x_wconf 87' lang='lat' dir='ltr'><strong>superﬁciem,</strong></span> <span class='ocrx_word' id='word_1_178' title='bbox 1402 2703 1531 2773; x_wconf 84' lang='lat' dir='ltr'><strong>quia</strong></span> <span class='ocrx_word' id='word_1_179' title='bbox 1552 2711 1608 2759; x_wconf 91' lang='lat' dir='ltr'><strong>et</strong></span> <span class='ocrx_word' id='word_1_180' title='bbox 1630 2702 1834 2758; x_wconf 90' lang='lat' dir='ltr'><strong>malum</strong></span> <span class='ocrx_word' id='word_1_181' title='bbox 1856 2710 1941 2758; x_wconf 90' lang='lat' dir='ltr'><strong>est</strong></span> <span class='ocrx_word' id='word_1_182' title='bbox 1964 2702 2072 2759; x_wconf 90' lang='lat' dir='ltr'><strong>hoc</strong></span> 
     </span>
    </p>
   </div>
   <div class='ocr_carea' id='block_1_27' title="bbox 483 2791 2072 2864">
    <p class='ocr_par' dir='ltr' id='par_1_27' title="bbox 483 2791 2072 2864">
     <span class='ocr_line' id='line_1_27' title="bbox 483 2791 2072 2864; baseline 0.004 -22"><span class='ocrx_word' id='word_1_183' title='bbox 483 2798 538 2843; x_wconf 91' lang='lat' dir='ltr'><strong>et</strong></span> <span class='ocrx_word' id='word_1_184' title='bbox 565 2791 919 2860; x_wconf 89' lang='lat' dir='ltr'><strong>impossibile.</strong></span> <span class='ocrx_word' id='word_1_185' title='bbox 944 2791 1072 2848; x_wconf 89' lang='lat' dir='ltr'><strong>Dies</strong></span> <span class='ocrx_word' id='word_1_186' title='bbox 1106 2791 1251 2849; x_wconf 91' lang='lat' dir='ltr'><strong>enim</strong></span> <span class='ocrx_word' id='word_1_187' title='bbox 1280 2793 1335 2847; x_wconf 95' lang='lat' dir='ltr'><strong>in</strong></span> <span class='ocrx_word' id='word_1_188' title='bbox 1357 2808 1466 2864; x_wconf 90' lang='lat' dir='ltr'><strong>quo</strong></span> <span class='ocrx_word' id='word_1_189' title='bbox 1493 2800 1654 2849; x_wconf 90' lang='lat' dir='ltr'><strong>natus</strong></span> <span class='ocrx_word' id='word_1_190' title='bbox 1674 2793 1800 2859; x_wconf 92' lang='lat' dir='ltr'><strong>fuit,</strong></span> <span class='ocrx_word' id='word_1_191' title='bbox 1821 2791 1935 2863; x_wconf 89' lang='lat' dir='ltr'><strong>jam</strong></span> <span class='ocrx_word' id='word_1_192' title='bbox 1963 2807 2072 2849; x_wconf 89' lang='lat' dir='ltr'><strong>non</strong></span> 
     </span>
    </p>
   </div>
   <div class='ocr_carea' id='block_1_28' title="bbox 484 2882 2070 2952">
    <p class='ocr_par' dir='ltr' id='par_1_28' title="bbox 484 2882 2070 2952">
     <span class='ocr_line' id='line_1_28' title="bbox 484 2882 2070 2952; baseline 0.004 -18"><span class='ocrx_word' id='word_1_193' title='bbox 484 2890 633 2945; x_wconf 89' lang='lat' dir='ltr'><strong>erat,</strong></span> <span class='ocrx_word' id='word_1_194' title='bbox 665 2889 720 2937; x_wconf 93' lang='lat' dir='ltr'><strong>et</strong></span> <span class='ocrx_word' id='word_1_195' title='bbox 763 2882 997 2938; x_wconf 90' lang='lat' dir='ltr'><strong>otiosum</strong></span> <span class='ocrx_word' id='word_1_196' title='bbox 1031 2892 1116 2938; x_wconf 90' lang='lat' dir='ltr'><strong>est</strong></span> <span class='ocrx_word' id='word_1_197' title='bbox 1142 2883 1466 2942; x_wconf 86' lang='lat' dir='ltr'><strong>maledicere</strong></span> <span class='ocrx_word' id='word_1_198' title='bbox 1500 2884 1580 2941; x_wconf 88' lang='lat' dir='ltr'><strong>rei</strong></span> <span class='ocrx_word' id='word_1_199' title='bbox 1634 2899 1742 2942; x_wconf 89' lang='lat' dir='ltr'><strong>non</strong></span> <span class='ocrx_word' id='word_1_200' title='bbox 1781 2883 2070 2952; x_wconf 81' lang='lat' dir='ltr'><strong>existenti,</strong></span> 
     </span>
    </p>
   </div>
   <div class='ocr_carea' id='block_1_29' title="bbox 481 2971 2074 3050">
    <p class='ocr_par' dir='ltr' id='par_1_29' title="bbox 481 2971 2074 3050">
     <span class='ocr_line' id='line_1_29' title="bbox 481 2971 2074 3050; baseline 0.003 -20"><span class='ocrx_word' id='word_1_201' title='bbox 481 2977 846 3046; x_wconf 87' lang='lat' dir='ltr'><strong>perniciosum</strong></span> <span class='ocrx_word' id='word_1_202' title='bbox 875 2992 1006 3033; x_wconf 88' lang='lat' dir='ltr'><strong>vero</strong></span> <span class='ocrx_word' id='word_1_203' title='bbox 1032 2978 1079 3033; x_wconf 90' lang='lat' dir='ltr'><strong>si</strong></span> <span class='ocrx_word' id='word_1_204' title='bbox 1103 2971 1379 3034; x_wconf 74' lang='lat' dir='ltr'><strong>existeret</strong></span> <span class='ocrx_word' id='word_1_205' title='bbox 1411 2995 1426 3033; x_wconf 91' lang='lat'><strong>:</strong></span> <span class='ocrx_word' id='word_1_206' title='bbox 1461 2993 1564 3035; x_wconf 90' lang='lat' dir='ltr'><strong>nec</strong></span> <span class='ocrx_word' id='word_1_207' title='bbox 1593 2979 1711 3050; x_wconf 85' lang='lat' dir='ltr'><strong>jam</strong></span> <span class='ocrx_word' id='word_1_208' title='bbox 1751 2985 1929 3050; x_wconf 84' lang='lat' dir='ltr'><strong>potest</strong></span> <span class='ocrx_word' id='word_1_209' title='bbox 1957 2978 2074 3034; x_wconf 90' lang='lat' dir='ltr'><strong>dies</strong></span> 
     </span>
    </p>
   </div>
   <div class='ocr_carea' id='block_1_30' title="bbox 483 3069 2074 3141">
    <p class='ocr_par' dir='ltr' id='par_1_30' title="bbox 483 3069 2074 3141">
     <span class='ocr_line' id='line_1_30' title="bbox 483 3069 2074 3141; baseline 0.002 -19"><span class='ocrx_word' id='word_1_210' title='bbox 483 3069 796 3138; x_wconf 69' lang='lat' dir='ltr'><strong>prmieritus</strong></span> <span class='ocrx_word' id='word_1_211' title='bbox 830 3070 971 3124; x_wconf 87' lang='lat' dir='ltr'><strong>verti</strong></span> <span class='ocrx_word' id='word_1_212' title='bbox 1000 3069 1057 3124; x_wconf 92' lang='lat' dir='ltr'><strong>in</strong></span> <span class='ocrx_word' id='word_1_213' title='bbox 1089 3071 1375 3138; x_wconf 88' lang='lat' dir='ltr'><strong>tenebras,</strong></span> <span class='ocrx_word' id='word_1_214' title='bbox 1405 3084 1506 3127; x_wconf 91' lang='lat' dir='ltr'><strong>nec</strong></span> <span class='ocrx_word' id='word_1_215' title='bbox 1533 3069 1584 3126; x_wconf 92' lang='lat' dir='ltr'><strong>ei</strong></span> <span class='ocrx_word' id='word_1_216' title='bbox 1609 3079 1833 3141; x_wconf 89' lang='lat' dir='ltr'><strong>possunt</strong></span> <span class='ocrx_word' id='word_1_217' title='bbox 1872 3083 2074 3126; x_wconf 88' lang='lat' dir='ltr'><strong>conve-</strong></span> 
     </span>
    </p>
   </div>
   <div class='ocr_carea' id='block_1_31' title="bbox 487 3158 2076 3234">
    <p class='ocr_par' dir='ltr' id='par_1_31' title="bbox 487 3158 2076 3234">
     <span class='ocr_line' id='line_1_31' title="bbox 487 3158 2076 3234; baseline 0.002 -21"><span class='ocrx_word' id='word_1_218' title='bbox 487 3159 606 3213; x_wconf 87' lang='lat' dir='ltr'><strong>nire</strong></span> <span class='ocrx_word' id='word_1_219' title='bbox 631 3169 826 3214; x_wconf 82' lang='lat' dir='ltr'><strong>caetera</strong></span> <span class='ocrx_word' id='word_1_220' title='bbox 849 3175 970 3230; x_wconf 86' lang='lat' dir='ltr'><strong>quae</strong></span> <span class='ocrx_word' id='word_1_221' title='bbox 989 3168 1316 3230; x_wconf 90' lang='lat' dir='ltr'><strong>sequuntur,</strong></span> <span class='ocrx_word' id='word_1_222' title='bbox 1342 3175 1444 3217; x_wconf 91' lang='lat' dir='ltr'><strong>nec</strong></span> <span class='ocrx_word' id='word_1_223' title='bbox 1466 3159 1744 3218; x_wconf 85' lang='lat' dir='ltr'><strong>abortivus</strong></span> <span class='ocrx_word' id='word_1_224' title='bbox 1766 3158 1931 3234; x_wconf 89' lang='lat' dir='ltr'><strong>(quod</strong></span> <span class='ocrx_word' id='word_1_225' title='bbox 1950 3167 2076 3231; x_wconf 92' lang='lat' dir='ltr'><strong>post</strong></span> 
     </span>
    </p>
   </div>
   <div class='ocr_carea' id='block_1_32' title="bbox 491 3251 2070 3323">
    <p class='ocr_par' dir='ltr' id='par_1_32' title="bbox 491 3251 2070 3323">
     <span class='ocr_line' id='line_1_32' title="bbox 491 3251 2070 3323; baseline 0.003 -18"><span class='ocrx_word' id='word_1_226' title='bbox 491 3251 586 3323; x_wconf 90' lang='lat' dir='ltr'><strong>ait)</strong></span> <span class='ocrx_word' id='word_1_227' title='bbox 605 3253 788 3322; x_wconf 90' lang='lat' dir='ltr'><strong>requie</strong></span> <span class='ocrx_word' id='word_1_228' title='bbox 803 3251 1092 3320; x_wconf 85' lang='lat' dir='ltr'><strong>frueretur,</strong></span> <span class='ocrx_word' id='word_1_229' title='bbox 1111 3253 1232 3310; x_wconf 92' lang='lat' dir='ltr'><strong>ideo</strong></span> <span class='ocrx_word' id='word_1_230' title='bbox 1245 3254 1336 3310; x_wconf 88' lang='lat' dir='ltr'><strong>hic</strong></span> <span class='ocrx_word' id='word_1_231' title='bbox 1347 3254 1483 3310; x_wconf 88' lang='lat' dir='ltr'><strong>nihil</strong></span> <span class='ocrx_word' id='word_1_232' title='bbox 1499 3254 1795 3311; x_wconf 90' lang='lat' dir='ltr'><strong>secundum</strong></span> <span class='ocrx_word' id='word_1_233' title='bbox 1808 3254 2070 3311; x_wconf 78' lang='lat' dir='ltr'><strong>litteram.</strong></span> 
     </span>
    </p>
   </div>
   <div class='ocr_carea' id='block_1_33' title="bbox 2170 672 3764 746">
    <p class='ocr_par' dir='ltr' id='par_1_33' title="bbox 2170 672 3764 746">
     <span class='ocr_line' id='line_1_33' title="bbox 2170 672 3764 746; baseline -0.003 -17"><span class='ocrx_word' id='word_1_234' title='bbox 2170 675 2325 745; x_wconf 89' lang='lat' dir='ltr'><strong>quasi</strong></span> <span class='ocrx_word' id='word_1_235' title='bbox 2344 676 2562 746; x_wconf 76' lang='lat' dir='ltr'><strong>tegitur,</strong></span> <span class='ocrx_word' id='word_1_236' title='bbox 2594 675 2686 746; x_wconf 89' lang='lat' dir='ltr'><strong>qui</strong></span> <span class='ocrx_word' id='word_1_237' title='bbox 2716 675 2771 730; x_wconf 92' lang='lat' dir='ltr'><strong>in</strong></span> <span class='ocrx_word' id='word_1_238' title='bbox 2795 674 3056 730; x_wconf 89' lang='lat' dir='ltr'><strong>memoria</strong></span> <span class='ocrx_word' id='word_1_239' title='bbox 3080 672 3279 743; x_wconf 86' lang='lat' dir='ltr'><strong>judicis</strong></span> <span class='ocrx_word' id='word_1_240' title='bbox 3299 688 3407 728; x_wconf 87' lang='lat' dir='ltr'><strong>non</strong></span> <span class='ocrx_word' id='word_1_241' title='bbox 3437 683 3764 730; x_wconf 79' lang='lat' dir='ltr'><strong>revocatur.</strong></span> 
     </span>
    </p>
   </div>
   <div class='ocr_carea' id='block_1_34' title="bbox 2165 761 3762 837">
    <p class='ocr_par' dir='ltr' id='par_1_34' title="bbox 2165 761 3762 837">
     <span class='ocr_line' id='line_1_34' title="bbox 2165 761 3762 837; baseline -0.003 -17"><span class='ocrx_word' id='word_1_242' title='bbox 2165 763 2355 820; x_wconf 88' lang='lat' dir='ltr'><strong>Unde:</strong></span> <span class='ocrx_word' id='word_1_243' title='bbox 2393 784 2411 818; x_wconf 76' lang='grc' dir='ltr'><strong>ε</strong></span> <span class='ocrx_word' id='word_1_244' title='bbox 2449 763 2690 834; x_wconf 89' lang='lat' dir='ltr'><strong>Quorum</strong></span> <span class='ocrx_word' id='word_1_245' title='bbox 2711 771 2853 820; x_wconf 88' lang='lat' dir='ltr'><strong>tecta</strong></span> <span class='ocrx_word' id='word_1_246' title='bbox 2879 770 3005 821; x_wconf 86' lang='lat' dir='ltr'><strong>sunt</strong></span> <span class='ocrx_word' id='word_1_247' title='bbox 3038 771 3262 835; x_wconf 90' lang='lat' dir='ltr'><strong>peccata</strong></span> <span class='ocrx_word' id='word_1_248' title='bbox 3299 761 3476 837; x_wconf 67' lang='lat' dir='ltr'><strong>(Paul.</strong></span> <span class='ocrx_word' id='word_1_249' title='bbox 3505 765 3694 835; x_wconf 77' lang='lat' dir='ltr'><strong>xxxi),</strong></span> <span class='ocrx_word' id='word_1_250' title='bbox 3739 781 3762 816; x_wconf 69' lang='grc' dir='ltr'><strong><em>υ</em></strong></span> 
     </span>
    </p>
   </div>
   <div class='ocr_carea' id='block_1_35' title="bbox 2163 857 3530 930">
    <p class='ocr_par' dir='ltr' id='par_1_35' title="bbox 2163 857 3530 930">
     <span class='ocr_line' id='line_1_35' title="bbox 2163 857 3530 930; baseline 0 -16"><span class='ocrx_word' id='word_1_251' title='bbox 2163 872 2266 914; x_wconf 89' lang='lat' dir='ltr'><strong>nec</strong></span> <span class='ocrx_word' id='word_1_252' title='bbox 2297 866 2428 915; x_wconf 88' lang='lat' dir='ltr'><strong>tunc</strong></span> <span class='ocrx_word' id='word_1_253' title='bbox 2464 859 2521 915; x_wconf 92' lang='lat' dir='ltr'><strong>in</strong></span> <span class='ocrx_word' id='word_1_254' title='bbox 2549 867 2841 930; x_wconf 88' lang='lat' dir='ltr'><strong>conspectu</strong></span> <span class='ocrx_word' id='word_1_255' title='bbox 2869 857 3112 914; x_wconf 91' lang='lat' dir='ltr'><strong>omnium</strong></span> <span class='ocrx_word' id='word_1_256' title='bbox 3140 866 3530 916; x_wconf 76' lang='lat' dir='ltr'><strong>monstrantur.</strong></span> 
     </span>
    </p>
   </div>
   <div class='ocr_carea' id='block_1_36' title="bbox 2233 950 3770 1019">
    <p class='ocr_par' dir='ltr' id='par_1_36' title="bbox 2233 950 3770 1019">
     <span class='ocr_line' id='line_1_36' title="bbox 2233 950 3770 1019; baseline -0.001 -11"><span class='ocrx_word' id='word_1_257' title='bbox 2233 952 2400 1009; x_wconf 89' lang='lat' dir='ltr'><strong>Vens.</strong></span> <span class='ocrx_word' id='word_1_258' title='bbox 2451 953 2504 1009; x_wconf 86' lang='lat'><strong>5.</strong></span> <span class='ocrx_word' id='word_1_259' title='bbox 2553 981 2627 994; x_wconf 89' lang='lat'><strong>-—</strong></span> <span class='ocrx_word' id='word_1_260' title='bbox 2679 971 2700 1006; x_wconf 72' lang='grc' dir='ltr'>ε</span> <span class='ocrx_word' id='word_1_261' title='bbox 2750 951 2870 1008; x_wconf 81' lang='lat' dir='ltr'><strong>Non</strong></span> <span class='ocrx_word' id='word_1_262' title='bbox 2912 950 3239 1019; x_wconf 90' lang='lat' dir='ltr'><strong>illustretur,</strong></span> <span class='ocrx_word' id='word_1_263' title='bbox 3287 959 3419 1018; x_wconf 88' lang='lat' dir='ltr'><strong>etc.,</strong></span> <span class='ocrx_word' id='word_1_264' title='bbox 3461 951 3770 1008; x_wconf 82' lang='lat' dir='ltr'><strong>obscurent</strong></span> 
     </span>
    </p>
   </div>
   <div class='ocr_carea' id='block_1_37' title="bbox 2163 1042 3769 1113">
    <p class='ocr_par' dir='ltr' id='par_1_37' title="bbox 2163 1042 3769 1113">
     <span class='ocr_line' id='line_1_37' title="bbox 2163 1042 3769 1113; baseline -0.002 -13"><span class='ocrx_word' id='word_1_265' title='bbox 2163 1057 2310 1100; x_wconf 87' lang='lat' dir='ltr'><strong>eum.</strong></span> <span class='ocrx_word' id='word_1_266' title='bbox 2324 1063 2342 1096; x_wconf 80' lang='grc' dir='ltr'><strong><em>ι</em></strong></span> <span class='ocrx_word' id='word_1_267' title='bbox 2369 1043 2432 1100; x_wconf 89' lang='lat' dir='ltr'><strong>ld</strong></span> <span class='ocrx_word' id='word_1_268' title='bbox 2451 1051 2559 1112; x_wconf 90' lang='lat' dir='ltr'><strong>est,</strong></span> <span class='ocrx_word' id='word_1_269' title='bbox 2588 1044 2729 1100; x_wconf 92' lang='lat' dir='ltr'><strong>diem</strong></span> <span class='ocrx_word' id='word_1_270' title='bbox 2757 1042 3245 1109; x_wconf 89' lang='lat' dir='ltr'><strong>delectationis,&#39;ne</strong></span> <span class='ocrx_word' id='word_1_271' title='bbox 3269 1042 3338 1099; x_wconf 88' lang='lat' dir='ltr'><strong>ab</strong></span> <span class='ocrx_word' id='word_1_272' title='bbox 3359 1056 3428 1099; x_wconf 90' lang='lat' dir='ltr'><strong>eo</strong></span> <span class='ocrx_word' id='word_1_273' title='bbox 3450 1042 3542 1113; x_wconf 89' lang='lat' dir='ltr'><strong>qui</strong></span> <span class='ocrx_word' id='word_1_274' title='bbox 3569 1042 3769 1098; x_wconf 83' lang='lat' dir='ltr'><strong>omnia</strong></span> 
     </span>
    </p>
   </div>
   <div class='ocr_carea' id='block_1_38' title="bbox 2162 1135 3771 1212">
    <p class='ocr_par' dir='ltr' id='par_1_38' title="bbox 2162 1135 3771 1212">
     <span class='ocr_line' id='line_1_38' title="bbox 2162 1135 3771 1212; baseline -0.002 -18"><span class='ocrx_word' id='word_1_275' title='bbox 2162 1139 2332 1206; x_wconf 88' lang='lat' dir='ltr'><strong>videt,</strong></span> <span class='ocrx_word' id='word_1_276' title='bbox 2359 1139 2628 1197; x_wconf 88' lang='lat' dir='ltr'><strong>videatur.</strong></span> <span class='ocrx_word' id='word_1_277' title='bbox 2651 1157 2672 1192; x_wconf 86' lang='grc'><strong>‹</strong></span> <span class='ocrx_word' id='word_1_278' title='bbox 2714 1138 2992 1195; x_wconf 83' lang='lat' dir='ltr'><strong>Tenebrae.</strong></span> <span class='ocrx_word' id='word_1_279' title='bbox 3008 1157 3028 1192; x_wconf 72' lang='grc' dir='ltr'><strong>ι</strong></span> <span class='ocrx_word' id='word_1_280' title='bbox 3055 1137 3274 1210; x_wconf 79' lang='lat' dir='ltr'><strong>(Gnec.)</strong></span> <span class='ocrx_word' id='word_1_281' title='bbox 3301 1136 3364 1194; x_wconf 88' lang='lat' dir='ltr'><strong>Id</strong></span> <span class='ocrx_word' id='word_1_282' title='bbox 3389 1144 3496 1212; x_wconf 55' lang='lat' dir='ltr'><strong>ut,</strong></span> <span class='ocrx_word' id='word_1_283' title='bbox 3518 1135 3771 1192; x_wconf 78' lang='lat' dir='ltr'><strong>lamenta</strong></span> 
     </span>
    </p>
   </div>
   <div class='ocr_carea' id='block_1_39' title="bbox 2161 1228 3770 1304">
    <p class='ocr_par' dir='ltr' id='par_1_39' title="bbox 2161 1228 3770 1304">
     <span class='ocr_line' id='line_1_39' title="bbox 2161 1228 3770 1304; baseline -0.003 -17"><span class='ocrx_word' id='word_1_284' title='bbox 2161 1231 2499 1304; x_wconf 69' lang='lat' dir='ltr'><strong>paenitentia:</strong></span> <span class='ocrx_word' id='word_1_285' title='bbox 2521 1231 2608 1287; x_wconf 92' lang='lat' dir='ltr'><strong>vel</strong></span> <span class='ocrx_word' id='word_1_286' title='bbox 2634 1229 2847 1287; x_wconf 89' lang='lat' dir='ltr'><strong>occulta</strong></span> <span class='ocrx_word' id='word_1_287' title='bbox 2876 1229 2974 1286; x_wconf 90' lang='lat' dir='ltr'><strong>Dei</strong></span> <span class='ocrx_word' id='word_1_288' title='bbox 2998 1229 3222 1302; x_wconf 80' lang='lat' dir='ltr'><strong>judicia,</strong></span> <span class='ocrx_word' id='word_1_289' title='bbox 3261 1243 3294 1285; x_wconf 89' lang='lat' dir='ltr'><strong>a</strong></span> <span class='ocrx_word' id='word_1_290' title='bbox 3313 1228 3512 1301; x_wconf 86' lang='lat' dir='ltr'><strong>quibus</strong></span> <span class='ocrx_word' id='word_1_291' title='bbox 3545 1241 3770 1300; x_wconf 85' lang='lat' dir='ltr'><strong>praeve-</strong></span> 
     </span>
    </p>
   </div>
   <div class='ocr_carea' id='block_1_40' title="bbox 2168 1319 3771 1396">
    <p class='ocr_par' dir='ltr' id='par_1_40' title="bbox 2168 1319 3771 1396">
     <span class='ocr_line' id='line_1_40' title="bbox 2168 1319 3771 1396; baseline -0.004 -16"><span class='ocrx_word' id='word_1_292' title='bbox 2168 1323 2359 1380; x_wconf 90' lang='lat' dir='ltr'><strong>niente</strong></span> <span class='ocrx_word' id='word_1_293' title='bbox 2403 1322 2579 1396; x_wconf 87' lang='lat' dir='ltr'><strong>gratia</strong></span> <span class='ocrx_word' id='word_1_294' title='bbox 2629 1321 2994 1389; x_wconf 88' lang='lat' dir='ltr'><strong>absolvimur,</strong></span> <span class='ocrx_word' id='word_1_295' title='bbox 3046 1333 3212 1391; x_wconf 89' lang='lat' dir='ltr'><strong>quam</strong></span> <span class='ocrx_word' id='word_1_296' title='bbox 3258 1334 3360 1376; x_wconf 88' lang='lat' dir='ltr'><strong>nos</strong></span> <span class='ocrx_word' id='word_1_297' title='bbox 3408 1319 3612 1376; x_wconf 90' lang='lat' dir='ltr'><strong>mereri</strong></span> <span class='ocrx_word' id='word_1_298' title='bbox 3666 1332 3771 1375; x_wconf 83' lang='lat' dir='ltr'><strong>ne-</strong></span> 
     </span>
    </p>
   </div>
   <div class='ocr_carea' id='block_1_41' title="bbox 2164 1411 3772 1480">
    <p class='ocr_par' dir='ltr' id='par_1_41' title="bbox 2164 1411 3772 1480">
     <span class='ocr_line' id='line_1_41' title="bbox 2164 1411 3772 1480; baseline -0.005 -5"><span class='ocrx_word' id='word_1_299' title='bbox 2164 1418 2387 1475; x_wconf 80' lang='lat' dir='ltr'><strong>scimus.</strong></span> <span class='ocrx_word' id='word_1_300' title='bbox 2419 1435 2440 1468; x_wconf 82' lang='grc'><em>‹</em></span> <span class='ocrx_word' id='word_1_301' title='bbox 2475 1416 2545 1472; x_wconf 87' lang='lat' dir='ltr'><strong>Et</strong></span> <span class='ocrx_word' id='word_1_302' title='bbox 2574 1417 2765 1473; x_wconf 90' lang='lat' dir='ltr'><strong>umbra</strong></span> <span class='ocrx_word' id='word_1_303' title='bbox 2787 1415 3032 1471; x_wconf 63' lang='lat' dir='ltr'><strong>mortis.»</strong></span> <span class='ocrx_word' id='word_1_304' title='bbox 3060 1414 3119 1472; x_wconf 84' lang='lat' dir='ltr'><strong>id</strong></span> <span class='ocrx_word' id='word_1_305' title='bbox 3142 1422 3249 1480; x_wconf 91' lang='lat' dir='ltr'><strong>est,</strong></span> <span class='ocrx_word' id='word_1_306' title='bbox 3271 1427 3422 1470; x_wconf 88' lang='lat' dir='ltr'><strong>mors</strong></span> <span class='ocrx_word' id='word_1_307' title='bbox 3440 1411 3650 1469; x_wconf 87' lang='lat' dir='ltr'><strong>Christi</strong></span> <span class='ocrx_word' id='word_1_308' title='bbox 3676 1427 3772 1468; x_wconf 83' lang='lat' dir='ltr'><strong>se-</strong></span> 
     </span>
    </p>
   </div>
   <div class='ocr_carea' id='block_1_42' title="bbox 2167 1503 3770 1579">
    <p class='ocr_par' dir='ltr' id='par_1_42' title="bbox 2167 1503 3770 1579">
     <span class='ocr_line' id='line_1_42' title="bbox 2167 1503 3770 1579; baseline -0.004 -12"><span class='ocrx_word' id='word_1_309' title='bbox 2167 1510 2404 1567; x_wconf 91' lang='lat' dir='ltr'><strong>cundum</strong></span> <span class='ocrx_word' id='word_1_310' title='bbox 2429 1523 2670 1574; x_wconf 90' lang='lat' dir='ltr'><strong>carnem,</strong></span> <span class='ocrx_word' id='word_1_311' title='bbox 2695 1516 2822 1573; x_wconf 88' lang='lat' dir='ltr'><strong>etc.,</strong></span> <span class='ocrx_word' id='word_1_312' title='bbox 2847 1523 3010 1579; x_wconf 84' lang='lat' dir='ltr'><strong>usque</strong></span> <span class='ocrx_word' id='word_1_313' title='bbox 3035 1506 3105 1562; x_wconf 83' lang='lat' dir='ltr'><strong>ad</strong></span> <span class='ocrx_word' id='word_1_314' title='bbox 3155 1507 3210 1562; x_wconf 88' lang='lat' dir='ltr'><strong>in</strong></span> <span class='ocrx_word' id='word_1_315' title='bbox 3246 1503 3770 1577; x_wconf 83' lang='lat' dir='ltr'><strong>quo.miserieordia</strong></span> 
     </span>
    </p>
   </div>
   <div class='ocr_carea' id='block_1_43' title="bbox 2167 1596 3772 1671">
    <p class='ocr_par' dir='ltr' id='par_1_43' title="bbox 2167 1596 3772 1671">
     <span class='ocr_line' id='line_1_43' title="bbox 2167 1596 3772 1671; baseline -0.002 -13"><span class='ocrx_word' id='word_1_316' title='bbox 2167 1602 2448 1668; x_wconf 90' lang='lat' dir='ltr'><strong>subvenit,</strong></span> <span class='ocrx_word' id='word_1_317' title='bbox 2484 1601 2589 1658; x_wconf 88' lang='lat' dir='ltr'><strong>hoc</strong></span> <span class='ocrx_word' id='word_1_318' title='bbox 2619 1601 2780 1656; x_wconf 91' lang='lat' dir='ltr'><strong>homo</strong></span> <span class='ocrx_word' id='word_1_319' title='bbox 2808 1599 2999 1670; x_wconf 90' lang='lat' dir='ltr'><strong>puniat</strong></span> <span class='ocrx_word' id='word_1_320' title='bbox 3027 1616 3042 1655; x_wconf 92' lang='lat'><strong>:</strong></span> <span class='ocrx_word' id='word_1_321' title='bbox 3082 1597 3226 1655; x_wconf 91' lang='lat' dir='ltr'><strong>unde</strong></span> <span class='ocrx_word' id='word_1_322' title='bbox 3257 1597 3507 1671; x_wconf 89' lang='lat' dir='ltr'><strong>sequitur</strong></span> <span class='ocrx_word' id='word_1_323' title='bbox 3538 1611 3554 1652; x_wconf 90' lang='lat'><strong>:</strong></span> <span class='ocrx_word' id='word_1_324' title='bbox 3595 1614 3618 1650; x_wconf 85' lang='grc'><strong><em>‹</em></strong></span> <span class='ocrx_word' id='word_1_325' title='bbox 3656 1596 3772 1654; x_wconf 85' lang='lat' dir='ltr'><strong>Oo-</strong></span> 
     </span>
    </p>
   </div>
   <div class='ocr_carea' id='block_1_44' title="bbox 2167 1687 3776 1762">
    <p class='ocr_par' dir='ltr' id='par_1_44' title="bbox 2167 1687 3776 1762">
     <span class='ocr_line' id='line_1_44' title="bbox 2167 1687 3776 1762; baseline -0.003 -14"><span class='ocrx_word' id='word_1_326' title='bbox 2167 1700 2330 1762; x_wconf 89' lang='lat' dir='ltr'><strong>cupet</strong></span> <span class='ocrx_word' id='word_1_327' title='bbox 2349 1704 2472 1747; x_wconf 90' lang='lat' dir='ltr'><strong>eum</strong></span> <span class='ocrx_word' id='word_1_328' title='bbox 2494 1689 2722 1761; x_wconf 67' lang='lat' dir='ltr'><strong>caligo.»</strong></span> <span class='ocrx_word' id='word_1_329' title='bbox 2756 1688 2816 1744; x_wconf 92' lang='lat' dir='ltr'><strong>ld</strong></span> <span class='ocrx_word' id='word_1_330' title='bbox 2839 1696 2948 1756; x_wconf 93' lang='lat' dir='ltr'><strong>est,</strong></span> <span class='ocrx_word' id='word_1_331' title='bbox 2981 1687 3184 1745; x_wconf 89' lang='lat' dir='ltr'><strong>mentis</strong></span> <span class='ocrx_word' id='word_1_332' title='bbox 3227 1687 3496 1754; x_wconf 85' lang='lat' dir='ltr'><strong>confusio,</strong></span> <span class='ocrx_word' id='word_1_333' title='bbox 3542 1687 3614 1743; x_wconf 93' lang='lat' dir='ltr'><strong>de</strong></span> <span class='ocrx_word' id='word_1_334' title='bbox 3657 1703 3776 1758; x_wconf 84' lang='lat' dir='ltr'><strong>qua</strong></span> 
     </span>
    </p>
   </div>
   <div class='ocr_carea' id='block_1_45' title="bbox 2169 1780 3770 1852">
    <p class='ocr_par' dir='ltr' id='par_1_45' title="bbox 2169 1780 3770 1852">
     <span class='ocr_line' id='line_1_45' title="bbox 2169 1780 3770 1852; baseline -0.002 -13"><span class='ocrx_word' id='word_1_335' title='bbox 2169 1782 2372 1839; x_wconf 89' lang='lat' dir='ltr'><strong>dicitur</strong></span> <span class='ocrx_word' id='word_1_336' title='bbox 2415 1800 2428 1838; x_wconf 92' lang='lat'><strong>:</strong></span> <span class='ocrx_word' id='word_1_337' title='bbox 2483 1800 2503 1835; x_wconf 71' lang='grc' dir='ltr'><strong>α</strong></span> <span class='ocrx_word' id='word_1_338' title='bbox 2562 1782 2660 1838; x_wconf 87' lang='lat' dir='ltr'><strong>Est</strong></span> <span class='ocrx_word' id='word_1_339' title='bbox 2708 1781 2855 1838; x_wconf 90' lang='lat' dir='ltr'><strong>enim</strong></span> <span class='ocrx_word' id='word_1_340' title='bbox 2903 1780 3153 1838; x_wconf 90' lang='lat' dir='ltr'><strong>confusio</strong></span> <span class='ocrx_word' id='word_1_341' title='bbox 3194 1781 3468 1838; x_wconf 85' lang='lat' dir='ltr'><strong>adducens</strong></span> <span class='ocrx_word' id='word_1_342' title='bbox 3508 1780 3770 1852; x_wconf 92' lang='lat' dir='ltr'><strong>gloriam.</strong></span> 
     </span>
    </p>
   </div>
   <div class='ocr_carea' id='block_1_46' title="bbox 2174 1871 3777 1946">
    <p class='ocr_par' dir='ltr' id='par_1_46' title="bbox 2174 1871 3777 1946">
     <span class='ocr_line' id='line_1_46' title="bbox 2174 1871 3777 1946; baseline 0 -18"><span class='ocrx_word' id='word_1_343' title='bbox 2174 1871 2373 1945; x_wconf 80' lang='lat' dir='ltr'><strong>(Eccli.</strong></span> <span class='ocrx_word' id='word_1_344' title='bbox 2400 1873 2502 1946; x_wconf 80' lang='lat' dir='ltr'><strong>tv.)</strong></span> <span class='ocrx_word' id='word_1_345' title='bbox 2528 1893 2548 1928; x_wconf 75' lang='grc' dir='ltr'><strong><em>ι</em></strong></span> <span class='ocrx_word' id='word_1_346' title='bbox 2590 1891 2610 1926; x_wconf 75' lang='grc' dir='ltr'>ι</span> <span class='ocrx_word' id='word_1_347' title='bbox 2634 1873 2703 1929; x_wconf 90' lang='lat' dir='ltr'><strong>Et</strong></span> <span class='ocrx_word' id='word_1_348' title='bbox 2733 1873 3057 1930; x_wconf 88' lang='lat' dir='ltr'><strong>iuvolvatur.</strong></span> <span class='ocrx_word' id='word_1_349' title='bbox 3081 1892 3102 1927; x_wconf 72' lang='grc' dir='ltr'>ι</span> <span class='ocrx_word' id='word_1_350' title='bbox 3133 1872 3295 1931; x_wconf 90' lang='lat' dir='ltr'><strong>Omni</strong></span> <span class='ocrx_word' id='word_1_351' title='bbox 3317 1885 3496 1944; x_wconf 89' lang='lat' dir='ltr'><strong>parte.</strong></span> <span class='ocrx_word' id='word_1_352' title='bbox 3548 1890 3568 1924; x_wconf 84' lang='grc' dir='ltr'>ι</span> <span class='ocrx_word' id='word_1_353' title='bbox 3603 1873 3777 1928; x_wconf 77' lang='lat' dir='ltr'><strong>Ama-</strong></span> 
     </span>
    </p>
   </div>
   <div class='ocr_carea' id='block_1_47' title="bbox 2092 1958 3780 2050">
    <p class='ocr_par' dir='ltr' id='par_1_47' title="bbox 2092 1958 3780 2050">
     <span class='ocr_line' id='line_1_47' title="bbox 2092 1958 3780 2050; baseline -0.002 -30"><span class='ocrx_word' id='word_1_354' title='bbox 2092 1958 2143 2020; x_wconf 88' lang='lat' dir='ltr'><strong>B</strong></span> <span class='ocrx_word' id='word_1_355' title='bbox 2169 1963 2428 2021; x_wconf 90' lang='lat' dir='ltr'><strong>ritudine.</strong></span> <span class='ocrx_word' id='word_1_356' title='bbox 2463 1983 2498 2050; x_wconf 52' lang='grc' dir='ltr'><strong>ι,</strong></span> <span class='ocrx_word' id='word_1_357' title='bbox 2517 1964 2898 2021; x_wconf 66' lang='lat' dir='ltr'><strong>Ptenitentiaa:</strong></span> <span class='ocrx_word' id='word_1_358' title='bbox 2930 1965 3026 2021; x_wconf 91' lang='lat' dir='ltr'><strong>sed</strong></span> <span class='ocrx_word' id='word_1_359' title='bbox 3050 1964 3096 2019; x_wconf 89' lang='lat' dir='ltr'><strong>si</strong></span> <span class='ocrx_word' id='word_1_360' title='bbox 3116 1963 3251 2032; x_wconf 91' lang='lat' dir='ltr'><strong>dies,</strong></span> <span class='ocrx_word' id='word_1_361' title='bbox 3280 1963 3335 2020; x_wconf 93' lang='lat' dir='ltr'><strong>id</strong></span> <span class='ocrx_word' id='word_1_362' title='bbox 3347 1970 3452 2030; x_wconf 88' lang='lat' dir='ltr'><strong>est,</strong></span> <span class='ocrx_word' id='word_1_363' title='bbox 3476 1960 3780 2018; x_wconf 82' lang='lat' dir='ltr'><strong>delectatio</strong></span> 
     </span>
    </p>
   </div>
   <div class='ocr_carea' id='block_1_48' title="bbox 2052 2055 3779 2132">
    <p class='ocr_par' dir='ltr' id='par_1_48' title="bbox 2052 2055 3779 2132">
     <span class='ocr_line' id='line_1_48' title="bbox 2052 2055 3779 2132; baseline -0.002 -17"><span class='ocrx_word' id='word_1_364' title='bbox 2052 2097 2054 2099; x_wconf 89' lang='lat'><strong><em>-</em></strong></span> <span class='ocrx_word' id='word_1_365' title='bbox 2166 2059 2397 2130; x_wconf 89' lang='lat' dir='ltr'><strong>peccati,</strong></span> <span class='ocrx_word' id='word_1_366' title='bbox 2435 2058 2515 2116; x_wconf 89' lang='lat' dir='ltr'><strong>sic</strong></span> <span class='ocrx_word' id='word_1_367' title='bbox 2544 2059 2767 2131; x_wconf 92' lang='lat' dir='ltr'><strong>punitur</strong></span> <span class='ocrx_word' id='word_1_368' title='bbox 2797 2076 2812 2115; x_wconf 89' lang='lat'><strong>:</strong></span> <span class='ocrx_word' id='word_1_369' title='bbox 2845 2059 2974 2132; x_wconf 92' lang='lat' dir='ltr'><strong>quid</strong></span> <span class='ocrx_word' id='word_1_370' title='bbox 3000 2073 3129 2128; x_wconf 88' lang='lat' dir='ltr'><strong>nox,</strong></span> <span class='ocrx_word' id='word_1_371' title='bbox 3163 2059 3219 2116; x_wconf 90' lang='lat' dir='ltr'><strong>id</strong></span> <span class='ocrx_word' id='word_1_372' title='bbox 3245 2065 3350 2126; x_wconf 90' lang='lat' dir='ltr'><strong>est,</strong></span> <span class='ocrx_word' id='word_1_373' title='bbox 3377 2071 3685 2115; x_wconf 85' lang='lat' dir='ltr'><strong>consensus</strong></span> <span class='ocrx_word' id='word_1_374' title='bbox 3706 2055 3779 2111; x_wconf 88' lang='lat' dir='ltr'><strong>ad</strong></span> 
     </span>
    </p>
   </div>
   <div class='ocr_carea' id='block_1_49' title="bbox 2168 2149 2414 2222">
    <p class='ocr_par' dir='ltr' id='par_1_49' title="bbox 2168 2149 2414 2222">
     <span class='ocr_line' id='line_1_49' title="bbox 2168 2149 2414 2222; baseline 0 -16"><span class='ocrx_word' id='word_1_375' title='bbox 2168 2149 2414 2222; x_wconf 82' lang='lat' dir='ltr'><strong>culpam?</strong></span> 
     </span>
    </p>
   </div>
   <div class='ocr_carea' id='block_1_50' title="bbox 2245 2239 3778 2311">
    <p class='ocr_par' dir='ltr' id='par_1_50' title="bbox 2245 2239 3778 2311">
     <span class='ocr_line' id='line_1_50' title="bbox 2245 2239 3778 2311; baseline -0.003 -12"><span class='ocrx_word' id='word_1_376' title='bbox 2245 2241 2412 2301; x_wconf 91' lang='lat' dir='ltr'><strong>Vens.</strong></span> <span class='ocrx_word' id='word_1_377' title='bbox 2447 2241 2500 2300; x_wconf 89' lang='grc'><strong>6.</strong></span> <span class='ocrx_word' id='word_1_378' title='bbox 2531 2272 2604 2284; x_wconf 90' lang='lat'><strong>-—</strong></span> <span class='ocrx_word' id='word_1_379' title='bbox 2629 2260 2648 2296; x_wconf 76' lang='grc' dir='ltr'>ι</span> <span class='ocrx_word' id='word_1_380' title='bbox 2684 2242 2910 2300; x_wconf 87' lang='lat' dir='ltr'><strong>Noctem</strong></span> <span class='ocrx_word' id='word_1_381' title='bbox 2933 2241 3080 2298; x_wconf 90' lang='lat' dir='ltr'><strong>illam</strong></span> <span class='ocrx_word' id='word_1_382' title='bbox 3107 2239 3430 2298; x_wconf 86' lang='lat' dir='ltr'><strong>tenebrosus</strong></span> <span class='ocrx_word' id='word_1_383' title='bbox 3453 2239 3614 2296; x_wconf 89' lang='lat' dir='ltr'><strong>turbo</strong></span> <span class='ocrx_word' id='word_1_384' title='bbox 3641 2252 3778 2311; x_wconf 87' lang='lat' dir='ltr'><strong>pos-</strong></span> 
     </span>
    </p>
   </div>
   <div class='ocr_carea' id='block_1_51' title="bbox 2170 2333 3784 2406">
    <p class='ocr_par' dir='ltr' id='par_1_51' title="bbox 2170 2333 3784 2406">
     <span class='ocr_line' id='line_1_51' title="bbox 2170 2333 3784 2406; baseline -0.002 -15"><span class='ocrx_word' id='word_1_385' title='bbox 2170 2334 2362 2391; x_wconf 91' lang='lat' dir='ltr'><strong>sideat.</strong></span> <span class='ocrx_word' id='word_1_386' title='bbox 2399 2353 2418 2386; x_wconf 75' lang='grc'><strong>»</strong></span> <span class='ocrx_word' id='word_1_387' title='bbox 2448 2333 2610 2403; x_wconf 84' lang='lat' dir='ltr'><strong>Quasi</strong></span> <span class='ocrx_word' id='word_1_388' title='bbox 2638 2336 2798 2392; x_wconf 87' lang='lat' dir='ltr'><strong>turbo</strong></span> <span class='ocrx_word' id='word_1_389' title='bbox 2817 2335 3153 2406; x_wconf 86' lang='lat' dir='ltr'><strong>tempestatis</strong></span> <span class='ocrx_word' id='word_1_390' title='bbox 3171 2341 3258 2392; x_wconf 86' lang='lat' dir='ltr'><strong>est</strong></span> <span class='ocrx_word' id='word_1_391' title='bbox 3291 2333 3616 2399; x_wconf 87' lang='lat' dir='ltr'><strong>concitatus,</strong></span> <span class='ocrx_word' id='word_1_392' title='bbox 3637 2342 3784 2400; x_wconf 88' lang='lat' dir='ltr'><strong>etc.,</strong></span> 
     </span>
    </p>
   </div>
   <div class='ocr_carea' id='block_1_52' title="bbox 2170 2423 3778 2498">
    <p class='ocr_par' dir='ltr' id='par_1_52' title="bbox 2170 2423 3778 2498">
     <span class='ocr_line' id='line_1_52' title="bbox 2170 2423 3778 2498; baseline -0.001 -17"><span class='ocrx_word' id='word_1_393' title='bbox 2170 2441 2334 2497; x_wconf 80' lang='lat' dir='ltr'><strong>usque</strong></span> <span class='ocrx_word' id='word_1_394' title='bbox 2364 2425 2433 2480; x_wconf 82' lang='lat' dir='ltr'><strong>ad</strong></span> <span class='ocrx_word' id='word_1_395' title='bbox 2457 2440 2558 2496; x_wconf 93' lang='lat' dir='ltr'><strong>pro</strong></span> <span class='ocrx_word' id='word_1_396' title='bbox 2582 2425 2826 2483; x_wconf 67' lang='lat' dir='ltr'><strong>caecitate</strong></span> <span class='ocrx_word' id='word_1_397' title='bbox 2857 2425 3288 2482; x_wconf 86' lang='lat' dir='ltr'><strong>damnationisin</strong></span> <span class='ocrx_word' id='word_1_398' title='bbox 3299 2439 3405 2498; x_wconf 88' lang='lat' dir='ltr'><strong>qua</strong></span> <span class='ocrx_word' id='word_1_399' title='bbox 3422 2423 3538 2480; x_wconf 91' lang='lat' dir='ltr'><strong>nati</strong></span> <span class='ocrx_word' id='word_1_400' title='bbox 3558 2439 3778 2480; x_wconf 87' lang='lat' dir='ltr'><strong>sumus.</strong></span> 
     </span>
    </p>
   </div>
   <div class='ocr_carea' id='block_1_53' title="bbox 2177 2515 3780 2589">
    <p class='ocr_par' dir='ltr' id='par_1_53' title="bbox 2177 2515 3780 2589">
     <span class='ocr_line' id='line_1_53' title="bbox 2177 2515 3780 2589; baseline 0.002 -22"><span class='ocrx_word' id='word_1_401' title='bbox 2177 2533 2198 2567; x_wconf 76' lang='grc' dir='ltr'>ι</span> <span class='ocrx_word' id='word_1_402' title='bbox 2225 2515 2343 2572; x_wconf 84' lang='grc' dir='ltr'><strong>Νοη</strong></span> <span class='ocrx_word' id='word_1_403' title='bbox 2370 2525 2713 2588; x_wconf 89' lang='lat' dir='ltr'><strong>computetur</strong></span> <span class='ocrx_word' id='word_1_404' title='bbox 2736 2517 2792 2573; x_wconf 91' lang='lat' dir='ltr'><strong>in</strong></span> <span class='ocrx_word' id='word_1_405' title='bbox 2811 2516 2900 2574; x_wconf 92' lang='lat' dir='ltr'><strong>die</strong></span> <span class='ocrx_word' id='word_1_406' title='bbox 2925 2516 3075 2572; x_wconf 90' lang='lat' dir='ltr'><strong>anni.</strong></span> <span class='ocrx_word' id='word_1_407' title='bbox 3113 2535 3132 2570; x_wconf 76' lang='grc' dir='ltr'><strong><em>ι</em></strong></span> <span class='ocrx_word' id='word_1_408' title='bbox 3167 2516 3359 2572; x_wconf 80' lang='lat' dir='ltr'><strong>Annus</strong></span> <span class='ocrx_word' id='word_1_409' title='bbox 3385 2530 3628 2589; x_wconf 88' lang='lat' dir='ltr'><strong>superna</strong></span> <span class='ocrx_word' id='word_1_410' title='bbox 3651 2531 3780 2589; x_wconf 80' lang='lat' dir='ltr'><strong>gra-</strong></span> 
     </span>
    </p>
   </div>
   <div class='ocr_carea' id='block_1_54' title="bbox 2173 2606 3782 2679">
    <p class='ocr_par' dir='ltr' id='par_1_54' title="bbox 2173 2606 3782 2679">
     <span class='ocr_line' id='line_1_54' title="bbox 2173 2606 3782 2679; baseline -0.001 -16"><span class='ocrx_word' id='word_1_411' title='bbox 2173 2607 2272 2674; x_wconf 90' lang='lat' dir='ltr'><strong>tia,</strong></span> <span class='ocrx_word' id='word_1_412' title='bbox 2294 2614 2426 2673; x_wconf 92' lang='lat' dir='ltr'><strong>etc.,</strong></span> <span class='ocrx_word' id='word_1_413' title='bbox 2465 2623 2631 2678; x_wconf 84' lang='lat' dir='ltr'><strong>usque</strong></span> <span class='ocrx_word' id='word_1_414' title='bbox 2655 2606 2726 2662; x_wconf 81' lang='lat' dir='ltr'><strong>ad</strong></span> <span class='ocrx_word' id='word_1_415' title='bbox 2771 2607 2868 2664; x_wconf 88' lang='lat' dir='ltr'><strong>sed</strong></span> <span class='ocrx_word' id='word_1_416' title='bbox 2908 2621 3072 2664; x_wconf 91' lang='lat' dir='ltr'><strong>exors</strong></span> <span class='ocrx_word' id='word_1_417' title='bbox 3098 2607 3168 2664; x_wconf 86' lang='lat' dir='ltr'><strong>ab</strong></span> <span class='ocrx_word' id='word_1_418' title='bbox 3207 2607 3302 2664; x_wconf 86' lang='lat' dir='ltr'><strong>illa</strong></span> <span class='ocrx_word' id='word_1_419' title='bbox 3334 2607 3512 2679; x_wconf 90' lang='lat' dir='ltr'><strong>patria</strong></span> <span class='ocrx_word' id='word_1_420' title='bbox 3536 2607 3594 2664; x_wconf 92' lang='lat' dir='ltr'><strong>in</strong></span> <span class='ocrx_word' id='word_1_421' title='bbox 3614 2615 3782 2663; x_wconf 70' lang='lat' dir='ltr'><strong>aster-</strong></span> 
     </span>
    </p>
   </div>
   <div class='ocr_carea' id='block_1_55' title="bbox 2172 2692 2878 2754">
    <p class='ocr_par' dir='ltr' id='par_1_55' title="bbox 2172 2692 2878 2754">
     <span class='ocr_line' id='line_1_55' title="bbox 2172 2692 2878 2754; baseline -0.004 0"><span class='ocrx_word' id='word_1_422' title='bbox 2172 2713 2304 2754; x_wconf 91' lang='lat' dir='ltr'><strong>num</strong></span> <span class='ocrx_word' id='word_1_423' title='bbox 2319 2692 2442 2752; x_wconf 84' lang='lat' dir='ltr'><strong>&#39;est.</strong></span> <span class='ocrx_word' id='word_1_424' title='bbox 2477 2696 2630 2754; x_wconf 88' lang='lat' dir='ltr'><strong>Unde</strong></span> <span class='ocrx_word' id='word_1_425' title='bbox 2654 2697 2878 2754; x_wconf 89' lang='lat' dir='ltr'><strong>subdit:</strong></span> 
     </span>
    </p>
   </div>
   <div class='ocr_carea' id='block_1_56' title="bbox 2246 2785 3778 2860">
    <p class='ocr_par' dir='ltr' id='par_1_56' title="bbox 2246 2785 3778 2860">
     <span class='ocr_line' id='line_1_56' title="bbox 2246 2785 3778 2860; baseline 0.003 -18"><span class='ocrx_word' id='word_1_426' title='bbox 2246 2785 2414 2844; x_wconf 90' lang='lat' dir='ltr'><strong>Vens.</strong></span> <span class='ocrx_word' id='word_1_427' title='bbox 2454 2787 2510 2844; x_wconf 89' lang='lat'><strong>7.</strong></span> <span class='ocrx_word' id='word_1_428' title='bbox 2541 2817 2615 2829; x_wconf 93' lang='lat'><strong>—</strong></span> <span class='ocrx_word' id='word_1_429' title='bbox 2655 2808 2673 2841; x_wconf 79' lang='grc' dir='ltr'>ι</span> <span class='ocrx_word' id='word_1_430' title='bbox 2705 2788 2790 2845; x_wconf 90' lang='lat' dir='ltr'><strong>Sit</strong></span> <span class='ocrx_word' id='word_1_431' title='bbox 2828 2803 2937 2846; x_wconf 90' lang='lat' dir='ltr'><strong>nox</strong></span> <span class='ocrx_word' id='word_1_432' title='bbox 2966 2788 3060 2846; x_wconf 87' lang='lat' dir='ltr'><strong>illa</strong></span> <span class='ocrx_word' id='word_1_433' title='bbox 3087 2789 3352 2848; x_wconf 85' lang='lat' dir='ltr'><strong>solitaria.</strong></span> <span class='ocrx_word' id='word_1_434' title='bbox 3381 2810 3400 2844; x_wconf 73' lang='grc' dir='ltr'><strong>ι</strong></span> <span class='ocrx_word' id='word_1_435' title='bbox 3433 2790 3571 2860; x_wconf 90' lang='lat' dir='ltr'><strong>Quia</strong></span> <span class='ocrx_word' id='word_1_436' title='bbox 3600 2805 3633 2846; x_wconf 91' lang='lat' dir='ltr'><strong>a</strong></span> <span class='ocrx_word' id='word_1_437' title='bbox 3664 2791 3778 2847; x_wconf 86' lang='lat' dir='ltr'><strong>fre-</strong></span> 
     </span>
    </p>
   </div>
   <div class='ocr_carea' id='block_1_57' title="bbox 2175 2879 3780 2956">
    <p class='ocr_par' dir='ltr' id='par_1_57' title="bbox 2175 2879 3780 2956">
     <span class='ocr_line' id='line_1_57' title="bbox 2175 2879 3780 2956; baseline 0.005 -22"><span class='ocrx_word' id='word_1_438' title='bbox 2175 2881 2397 2950; x_wconf 87' lang='lat' dir='ltr'><strong>quentia</strong></span> <span class='ocrx_word' id='word_1_439' title='bbox 2423 2879 2512 2936; x_wconf 91' lang='lat' dir='ltr'><strong>illa</strong></span> <span class='ocrx_word' id='word_1_440' title='bbox 2535 2889 2842 2952; x_wconf 89' lang='lat' dir='ltr'><strong>separatur,</strong></span> <span class='ocrx_word' id='word_1_441' title='bbox 2871 2880 2960 2939; x_wconf 89' lang='lat' dir='ltr'><strong>vel</strong></span> <span class='ocrx_word' id='word_1_442' title='bbox 2983 2882 3286 2953; x_wconf 87' lang='lat' dir='ltr'><strong>hominem,</strong></span> <span class='ocrx_word' id='word_1_443' title='bbox 3319 2899 3488 2956; x_wconf 89' lang='lat' dir='ltr'><strong>quem</strong></span> <span class='ocrx_word' id='word_1_444' title='bbox 3526 2885 3632 2942; x_wconf 90' lang='lat' dir='ltr'><strong>sibi</strong></span> <span class='ocrx_word' id='word_1_445' title='bbox 3687 2900 3780 2942; x_wconf 86' lang='lat' dir='ltr'><strong>so-</strong></span> 
     </span>
    </p>
   </div>
   <div class='ocr_carea' id='block_1_58' title="bbox 2177 2970 3780 3047">
    <p class='ocr_par' dir='ltr' id='par_1_58' title="bbox 2177 2970 3780 3047">
     <span class='ocr_line' id='line_1_58' title="bbox 2177 2970 3780 3047; baseline 0.003 -21"><span class='ocrx_word' id='word_1_446' title='bbox 2177 2971 2322 3027; x_wconf 91' lang='lat' dir='ltr'><strong>cium</strong></span> <span class='ocrx_word' id='word_1_447' title='bbox 2359 2970 2585 3038; x_wconf 85' lang='lat' dir='ltr'><strong>fecerat,</strong></span> <span class='ocrx_word' id='word_1_448' title='bbox 2635 2972 2885 3029; x_wconf 88' lang='lat' dir='ltr'><strong>amittit:</strong></span> <span class='ocrx_word' id='word_1_449' title='bbox 2933 2982 2990 3031; x_wconf 93' lang='lat' dir='ltr'><strong>et</strong></span> <span class='ocrx_word' id='word_1_450' title='bbox 3025 2973 3214 3032; x_wconf 91' lang='lat' dir='ltr'><strong>electis</strong></span> <span class='ocrx_word' id='word_1_451' title='bbox 3257 2990 3355 3047; x_wconf 91' lang='lat' dir='ltr'><strong>per</strong></span> <span class='ocrx_word' id='word_1_452' title='bbox 3398 2977 3636 3047; x_wconf 76' lang='lat' dir='ltr'><strong>gratiam</strong></span> <span class='ocrx_word' id='word_1_453' title='bbox 3685 2990 3780 3031; x_wconf 83' lang='lat' dir='ltr'><strong>re-</strong></span> 
     </span>
    </p>
   </div>
   <div class='ocr_carea' id='block_1_59' title="bbox 2179 3063 3776 3139">
    <p class='ocr_par' dir='ltr' id='par_1_59' title="bbox 2179 3063 3776 3139">
     <span class='ocr_line' id='line_1_59' title="bbox 2179 3063 3776 3139; baseline 0.002 -20"><span class='ocrx_word' id='word_1_454' title='bbox 2179 3063 2413 3134; x_wconf 87' lang='lat' dir='ltr'><strong>demptis</strong></span> <span class='ocrx_word' id='word_1_455' title='bbox 2456 3063 2606 3122; x_wconf 90' lang='lat' dir='ltr'><strong>solus</strong></span> <span class='ocrx_word' id='word_1_456' title='bbox 2638 3079 2766 3121; x_wconf 91' lang='lat' dir='ltr'><strong>cum</strong></span> <span class='ocrx_word' id='word_1_457' title='bbox 2805 3079 3036 3137; x_wconf 91' lang='lat' dir='ltr'><strong>corpore</strong></span> <span class='ocrx_word' id='word_1_458' title='bbox 3076 3081 3174 3124; x_wconf 91' lang='lat' dir='ltr'><strong>suo</strong></span> <span class='ocrx_word' id='word_1_459' title='bbox 3208 3067 3469 3139; x_wconf 66' lang='lat' dir='ltr'><strong>gehennae</strong></span> <span class='ocrx_word' id='word_1_460' title='bbox 3511 3067 3776 3138; x_wconf 82' lang='lat' dir='ltr'><strong>traditur.</strong></span> 
     </span>
    </p>
   </div>
   <div class='ocr_carea' id='block_1_60' title="bbox 2186 3155 3782 3230">
    <p class='ocr_par' dir='ltr' id='par_1_60' title="bbox 2186 3155 3782 3230">
     <span class='ocr_line' id='line_1_60' title="bbox 2186 3155 3782 3230; baseline 0.004 -20"><span class='ocrx_word' id='word_1_461' title='bbox 2186 3173 2206 3209; x_wconf 75' lang='grc' dir='ltr'>ι</span> <span class='ocrx_word' id='word_1_462' title='bbox 2243 3155 2355 3212; x_wconf 91' lang='lat' dir='ltr'><strong>Nec</strong></span> <span class='ocrx_word' id='word_1_463' title='bbox 2394 3156 2554 3213; x_wconf 88' lang='lat' dir='ltr'><strong>laude</strong></span> <span class='ocrx_word' id='word_1_464' title='bbox 2595 3157 2779 3230; x_wconf 90' lang='lat' dir='ltr'><strong>digna.</strong></span> <span class='ocrx_word' id='word_1_465' title='bbox 2819 3177 2839 3210; x_wconf 79' lang='grc' dir='ltr'><strong><em>ι</em></strong></span> <span class='ocrx_word' id='word_1_466' title='bbox 2894 3158 3069 3216; x_wconf 90' lang='lat' dir='ltr'><strong>Homo</strong></span> <span class='ocrx_word' id='word_1_467' title='bbox 3101 3173 3226 3216; x_wconf 90' lang='lat' dir='ltr'><strong>cum</strong></span> <span class='ocrx_word' id='word_1_468' title='bbox 3264 3159 3595 3228; x_wconf 88' lang='lat' dir='ltr'><strong>substratus,</strong></span> <span class='ocrx_word' id='word_1_469' title='bbox 3629 3159 3782 3216; x_wconf 87' lang='lat' dir='ltr'><strong>idola</strong></span> 
     </span>
    </p>
   </div>
   <div class='ocr_carea' id='block_1_61' title="bbox 2179 3248 3783 3323">
    <p class='ocr_par' dir='ltr' id='par_1_61' title="bbox 2179 3248 3783 3323">
     <span class='ocr_line' id='line_1_61' title="bbox 2179 3248 3783 3323; baseline 0.004 -19"><span class='ocrx_word' id='word_1_470' title='bbox 2179 3248 2378 3316; x_wconf 89' lang='lat' dir='ltr'><strong>coluit,</strong></span> <span class='ocrx_word' id='word_1_471' title='bbox 2437 3251 2494 3306; x_wconf 92' lang='lat' dir='ltr'><strong>in</strong></span> <span class='ocrx_word' id='word_1_472' title='bbox 2545 3250 2741 3322; x_wconf 87' lang='lat' dir='ltr'><strong>quibus</strong></span> <span class='ocrx_word' id='word_1_473' title='bbox 2780 3250 3045 3308; x_wconf 68' lang='lat' dir='ltr'><strong>daemonia</strong></span> <span class='ocrx_word' id='word_1_474' title='bbox 3099 3252 3256 3323; x_wconf 92' lang='lat' dir='ltr'><strong>quasi</strong></span> <span class='ocrx_word' id='word_1_475' title='bbox 3302 3254 3557 3310; x_wconf 87' lang='lat' dir='ltr'><strong>tenebras</strong></span> <span class='ocrx_word' id='word_1_476' title='bbox 3597 3254 3783 3310; x_wconf 89' lang='lat' dir='ltr'><strong>noctis</strong></span> 
     </span>
    </p>
   </div>
   <div class='ocr_carea' id='block_1_62' title="bbox 558 3324 3784 3418">
    <p class='ocr_par' dir='ltr' id='par_1_62' title="bbox 558 3324 3784 3418">
     <span class='ocr_line' id='line_1_62' title="bbox 558 3324 3784 3418; baseline 0.002 -24"><span class='ocrx_word' id='word_1_477' title='bbox 558 3361 577 3394; x_wconf 70' lang='grc' dir='ltr'>ι</span> <span class='ocrx_word' id='word_1_478' title='bbox 615 3342 744 3398; x_wconf 88' lang='lat' dir='ltr'><strong>Post</strong></span> <span class='ocrx_word' id='word_1_479' title='bbox 763 3343 897 3400; x_wconf 85' lang='lat' dir='ltr'><strong>haec.</strong></span> <span class='ocrx_word' id='word_1_480' title='bbox 929 3362 948 3396; x_wconf 76' lang='grc' dir='ltr'><strong><em>ι</em></strong></span> <span class='ocrx_word' id='word_1_481' title='bbox 977 3343 1036 3400; x_wconf 92' lang='lat' dir='ltr'><strong>ld</strong></span> <span class='ocrx_word' id='word_1_482' title='bbox 1055 3353 1139 3400; x_wconf 88' lang='lat' dir='ltr'><strong>est</strong></span> <span class='ocrx_word' id='word_1_483' title='bbox 1157 3353 1280 3416; x_wconf 93' lang='lat' dir='ltr'><strong>post</strong></span> <span class='ocrx_word' id='word_1_484' title='bbox 1301 3346 1484 3401; x_wconf 89' lang='lat' dir='ltr'><strong>omnia</strong></span> <span class='ocrx_word' id='word_1_485' title='bbox 1505 3345 1782 3417; x_wconf 72' lang='lat' dir='ltr'><strong>przedicta,</strong></span> <span class='ocrx_word' id='word_1_486' title='bbox 1807 3360 1929 3417; x_wconf 75' lang='lat' dir='ltr'><strong>qua:</strong></span> <span class='ocrx_word' id='word_1_487' title='bbox 1947 3360 2074 3416; x_wconf 90' lang='lat' dir='ltr'><strong>pas-</strong></span> <span class='ocrx_word' id='word_1_488' title='bbox 2099 3324 2148 3392; x_wconf 88' lang='lat' dir='ltr'><strong>C</strong></span> <span class='ocrx_word' id='word_1_489' title='bbox 2178 3340 2422 3398; x_wconf 88' lang='lat' dir='ltr'><strong>laudavit</strong></span> <span class='ocrx_word' id='word_1_490' title='bbox 2448 3360 2462 3397; x_wconf 88' lang='lat'><strong>:</strong></span> <span class='ocrx_word' id='word_1_491' title='bbox 2494 3343 2592 3400; x_wconf 90' lang='lat' dir='ltr'><strong>sed</strong></span> <span class='ocrx_word' id='word_1_492' title='bbox 2620 3342 2738 3416; x_wconf 83' lang='lat' dir='ltr'><strong>jam</strong></span> <span class='ocrx_word' id='word_1_493' title='bbox 2763 3343 2922 3402; x_wconf 91' lang='lat' dir='ltr'><strong>idolis</strong></span> <span class='ocrx_word' id='word_1_494' title='bbox 2948 3345 3282 3418; x_wconf 81' lang='lat' dir='ltr'><strong>reprobatis,</strong></span> <span class='ocrx_word' id='word_1_495' title='bbox 3327 3360 3436 3403; x_wconf 91' lang='lat' dir='ltr'><strong>nox</strong></span> <span class='ocrx_word' id='word_1_496' title='bbox 3478 3353 3568 3404; x_wconf 89' lang='lat' dir='ltr'><strong>est</strong></span> <span class='ocrx_word' id='word_1_497' title='bbox 3612 3345 3784 3402; x_wconf 84' lang='lat' dir='ltr'><strong>laude</strong></span> 
     </span>
    </p>
   </div>
   <div class='ocr_carea' id='block_1_63' title="bbox 487 3435 2079 3510">
    <p class='ocr_par' dir='ltr' id='par_1_63' title="bbox 487 3435 2079 3510">
     <span class='ocr_line' id='line_1_63' title="bbox 487 3435 2079 3510; baseline 0.003 -21"><span class='ocrx_word' id='word_1_498' title='bbox 487 3450 582 3490; x_wconf 91' lang='lat' dir='ltr'><strong>sus</strong></span> <span class='ocrx_word' id='word_1_499' title='bbox 606 3443 712 3501; x_wconf 91' lang='lat' dir='ltr'><strong>est,</strong></span> <span class='ocrx_word' id='word_1_500' title='bbox 737 3435 1047 3493; x_wconf 90' lang='lat' dir='ltr'><strong>tacentibus</strong></span> <span class='ocrx_word' id='word_1_501' title='bbox 1067 3437 1235 3493; x_wconf 89' lang='lat' dir='ltr'><strong>etiam</strong></span> <span class='ocrx_word' id='word_1_502' title='bbox 1263 3437 1477 3494; x_wconf 90' lang='lat' dir='ltr'><strong>amicis.</strong></span> <span class='ocrx_word' id='word_1_503' title='bbox 1501 3436 1639 3493; x_wconf 87' lang='lat' dir='ltr'><strong>Cum</strong></span> <span class='ocrx_word' id='word_1_504' title='bbox 1658 3452 1789 3510; x_wconf 89' lang='lat' dir='ltr'><strong>ergo</strong></span> <span class='ocrx_word' id='word_1_505' title='bbox 1807 3437 2079 3508; x_wconf 91' lang='lat' dir='ltr'><strong>patienter</strong></span> 
     </span>
    </p>
   </div>
   <div class='ocr_carea' id='block_1_64' title="bbox 483 3528 2079 3602">
    <p class='ocr_par' dir='ltr' id='par_1_64' title="bbox 483 3528 2079 3602">
     <span class='ocr_line' id='line_1_64' title="bbox 483 3528 2079 3602; baseline 0.003 -21"><span class='ocrx_word' id='word_1_506' title='bbox 483 3528 540 3582; x_wconf 93' lang='lat' dir='ltr'><strong>in</strong></span> <span class='ocrx_word' id='word_1_507' title='bbox 567 3528 821 3584; x_wconf 91' lang='lat' dir='ltr'><strong>omnibus</strong></span> <span class='ocrx_word' id='word_1_508' title='bbox 845 3529 1052 3601; x_wconf 76' lang='lat' dir='ltr'><strong>gratias</strong></span> <span class='ocrx_word' id='word_1_509' title='bbox 1081 3529 1195 3602; x_wconf 90' lang='lat' dir='ltr'><strong>egit</strong></span> <span class='ocrx_word' id='word_1_510' title='bbox 1219 3538 1278 3586; x_wconf 91' lang='lat' dir='ltr'><strong>et</strong></span> <span class='ocrx_word' id='word_1_511' title='bbox 1302 3531 1441 3587; x_wconf 90' lang='lat' dir='ltr'><strong>bene</strong></span> <span class='ocrx_word' id='word_1_512' title='bbox 1469 3529 1686 3596; x_wconf 89' lang='lat' dir='ltr'><strong>docuit,</strong></span> <span class='ocrx_word' id='word_1_513' title='bbox 1731 3544 1876 3586; x_wconf 92' lang='lat' dir='ltr'><strong>nunc</strong></span> <span class='ocrx_word' id='word_1_514' title='bbox 1926 3529 2079 3586; x_wconf 90' lang='lat' dir='ltr'><strong>nullo</strong></span> 
     </span>
    </p>
   </div>
   <div class='ocr_carea' id='block_1_65' title="bbox 487 3621 2080 3695">
    <p class='ocr_par' dir='ltr' id='par_1_65' title="bbox 487 3621 2080 3695">
     <span class='ocr_line' id='line_1_65' title="bbox 487 3621 2080 3695; baseline -0.001 -17"><span class='ocrx_word' id='word_1_515' title='bbox 487 3625 781 3694; x_wconf 85' lang='lat' dir='ltr'><strong>instigante</strong></span> <span class='ocrx_word' id='word_1_516' title='bbox 797 3641 902 3680; x_wconf 92' lang='lat' dir='ltr'><strong>non</strong></span> <span class='ocrx_word' id='word_1_517' title='bbox 918 3635 1002 3680; x_wconf 92' lang='lat' dir='ltr'><strong>est</strong></span> <span class='ocrx_word' id='word_1_518' title='bbox 1015 3624 1319 3682; x_wconf 90' lang='lat' dir='ltr'><strong>credendus</strong></span> <span class='ocrx_word' id='word_1_519' title='bbox 1336 3640 1402 3680; x_wconf 82' lang='lat' dir='ltr'><strong>ex</strong></span> <span class='ocrx_word' id='word_1_520' title='bbox 1416 3622 1754 3695; x_wconf 88' lang='lat' dir='ltr'><strong>impatientia</strong></span> <span class='ocrx_word' id='word_1_521' title='bbox 1766 3621 1834 3678; x_wconf 91' lang='lat' dir='ltr'><strong>ad</strong></span> <span class='ocrx_word' id='word_1_522' title='bbox 1852 3621 2080 3677; x_wconf 86' lang='lat' dir='ltr'><strong>maledi-</strong></span> 
     </span>
    </p>
   </div>
   <div class='ocr_carea' id='block_1_66' title="bbox 487 3705 2080 3788">
    <p class='ocr_par' dir='ltr' id='par_1_66' title="bbox 487 3705 2080 3788">
     <span class='ocr_line' id='line_1_66' title="bbox 487 3705 2080 3788; baseline -0.003 -17"><span class='ocrx_word' id='word_1_523' title='bbox 487 3705 1117 3788; x_wconf 75' lang='lat' dir='ltr'><strong>ctionem&#39;prorumpere,</strong></span> <span class='ocrx_word' id='word_1_524' title='bbox 1144 3716 1239 3772; x_wconf 87' lang='lat' dir='ltr'><strong>sed</strong></span> <span class='ocrx_word' id='word_1_525' title='bbox 1259 3716 1475 3786; x_wconf 90' lang='lat' dir='ltr'><strong>quietus</strong></span> <span class='ocrx_word' id='word_1_526' title='bbox 1493 3715 1597 3771; x_wconf 91' lang='lat' dir='ltr'><strong>hoc</strong></span> <span class='ocrx_word' id='word_1_527' title='bbox 1616 3713 1913 3786; x_wconf 90' lang='lat' dir='ltr'><strong>dicit,&#39;quia</strong></span> <span class='ocrx_word' id='word_1_528' title='bbox 1936 3711 2080 3767; x_wconf 90' lang='lat' dir='ltr'><strong>inter</strong></span> 
     </span>
    </p>
   </div>
   <div class='ocr_carea' id='block_1_67' title="bbox 487 3803 2076 3880">
    <p class='ocr_par' dir='ltr' id='par_1_67' title="bbox 487 3803 2076 3880">
     <span class='ocr_line' id='line_1_67' title="bbox 487 3803 2076 3880; baseline -0.002 -17"><span class='ocrx_word' id='word_1_529' title='bbox 487 3809 629 3864; x_wconf 88' lang='lat' dir='ltr'><strong>mala</strong></span> <span class='ocrx_word' id='word_1_530' title='bbox 659 3810 904 3865; x_wconf 88' lang='lat' dir='ltr'><strong>laudavit</strong></span> <span class='ocrx_word' id='word_1_531' title='bbox 952 3809 1141 3864; x_wconf 91' lang='lat' dir='ltr'><strong>Deum.</strong></span> <span class='ocrx_word' id='word_1_532' title='bbox 1176 3824 1201 3860; x_wconf 72' lang='grc' dir='ltr'><strong>α</strong></span> <span class='ocrx_word' id='word_1_533' title='bbox 1233 3807 1531 3863; x_wconf 77' lang='lat' dir='ltr'><strong>Maledixit.</strong></span> <span class='ocrx_word' id='word_1_534' title='bbox 1568 3826 1588 3860; x_wconf 76' lang='grc' dir='ltr'><strong><em>ι</em></strong></span> <span class='ocrx_word' id='word_1_535' title='bbox 1623 3804 1815 3880; x_wconf 75' lang='grc' dir='ltr'><strong>(Ιὺίά.)</strong></span> <span class='ocrx_word' id='word_1_536' title='bbox 1851 3803 2076 3861; x_wconf 81' lang='lat' dir='ltr'><strong>Maledi-</strong></span> 
     </span>
    </p>
   </div>
   <div class='ocr_carea' id='block_1_68' title="bbox 488 3888 2082 3973">
    <p class='ocr_par' dir='ltr' id='par_1_68' title="bbox 488 3888 2082 3973">
     <span class='ocr_line' id='line_1_68' title="bbox 488 3888 2082 3973; baseline -0.001 -18"><span class='ocrx_word' id='word_1_537' title='bbox 488 3908 636 3956; x_wconf 90' lang='lat' dir='ltr'><strong>ctum</strong></span> <span class='ocrx_word' id='word_1_538' title='bbox 658 3888 1066 3959; x_wconf 50' lang='lat' dir='ltr'><strong>duobus°modis</strong></span> <span class='ocrx_word' id='word_1_539' title='bbox 1085 3901 1460 3969; x_wconf 80' lang='lat' dir='ltr'><strong>dicitur,-etc.,</strong></span> <span class='ocrx_word' id='word_1_540' title='bbox 1483 3916 1646 3973; x_wconf 75' lang='lat' dir='ltr'><strong>usque</strong></span> <span class='ocrx_word' id='word_1_541' title='bbox 1673 3901 1743 3956; x_wconf 85' lang='lat' dir='ltr'><strong>ad</strong></span> <span class='ocrx_word' id='word_1_542' title='bbox 1762 3907 1817 3955; x_wconf 90' lang='lat' dir='ltr'><strong>et</strong></span> <span class='ocrx_word' id='word_1_543' title='bbox 1841 3898 2082 3955; x_wconf 88' lang='lat' dir='ltr'><strong>medica-</strong></span> 
     </span>
    </p>
   </div>
   <div class='ocr_carea' id='block_1_69' title="bbox 493 3991 824 4063">
    <p class='ocr_par' dir='ltr' id='par_1_69' title="bbox 493 3991 824 4063">
     <span class='ocr_line' id='line_1_69' title="bbox 493 3991 824 4063; baseline -0.003 -16"><span class='ocrx_word' id='word_1_544' title='bbox 493 4008 618 4047; x_wconf 90' lang='lat' dir='ltr'><strong>men</strong></span> <span class='ocrx_word' id='word_1_545' title='bbox 649 3991 824 4063; x_wconf 92' lang='lat' dir='ltr'><strong>ponit.</strong></span> 
     </span>
    </p>
   </div>
   <div class='ocr_carea' id='block_1_70' title="bbox 557 4084 2082 4158">
    <p class='ocr_par' dir='ltr' id='par_1_70' title="bbox 557 4084 2082 4158">
     <span class='ocr_line' id='line_1_70' title="bbox 557 4084 2082 4158; baseline -0.001 -14"><span class='ocrx_word' id='word_1_546' title='bbox 557 4087 725 4144; x_wconf 82' lang='lat' dir='ltr'><strong>Vens.</strong></span> <span class='ocrx_word' id='word_1_547' title='bbox 752 4087 809 4142; x_wconf 77' lang='grc'><strong>5.</strong></span> <span class='ocrx_word' id='word_1_548' title='bbox 835 4114 908 4128; x_wconf 87' lang='lat'><strong>—-</strong></span> <span class='ocrx_word' id='word_1_549' title='bbox 935 4105 955 4140; x_wconf 83' lang='grc'>‹</span> <span class='ocrx_word' id='word_1_550' title='bbox 981 4085 1306 4143; x_wconf 87' lang='lat' dir='ltr'><strong>Pereatdies</strong></span> <span class='ocrx_word' id='word_1_551' title='bbox 1329 4085 1386 4143; x_wconf 91' lang='lat' dir='ltr'><strong>in</strong></span> <span class='ocrx_word' id='word_1_552' title='bbox 1407 4101 1514 4158; x_wconf 91' lang='lat' dir='ltr'><strong>qua</strong></span> <span class='ocrx_word' id='word_1_553' title='bbox 1540 4093 1700 4142; x_wconf 89' lang='lat' dir='ltr'><strong>natus</strong></span> <span class='ocrx_word' id='word_1_554' title='bbox 1731 4100 1872 4142; x_wconf 89' lang='lat' dir='ltr'><strong>sum.</strong></span> <span class='ocrx_word' id='word_1_555' title='bbox 1901 4104 1922 4139; x_wconf 76' lang='grc' dir='ltr'><strong><em>ι</em></strong></span> <span class='ocrx_word' id='word_1_556' title='bbox 1961 4084 2082 4142; x_wconf 85' lang='lat' dir='ltr'><strong>Non</strong></span> 
     </span>
    </p>
   </div>
   <div class='ocr_carea' id='block_1_71' title="bbox 490 4176 2082 4250">
    <p class='ocr_par' dir='ltr' id='par_1_71' title="bbox 490 4176 2082 4250">
     <span class='ocr_line' id='line_1_71' title="bbox 490 4176 2082 4250; baseline -0.001 -16"><span class='ocrx_word' id='word_1_557' title='bbox 490 4177 772 4245; x_wconf 84' lang='lat' dir='ltr'><strong>conditus,</strong></span> <span class='ocrx_word' id='word_1_558' title='bbox 813 4185 946 4245; x_wconf 88' lang='lat' dir='ltr'><strong>etc.,</strong></span> <span class='ocrx_word' id='word_1_559' title='bbox 975 4192 1142 4249; x_wconf 76' lang='lat' dir='ltr'><strong>usque</strong></span> <span class='ocrx_word' id='word_1_560' title='bbox 1184 4176 1256 4232; x_wconf 85' lang='lat' dir='ltr'><strong>ad</strong></span> <span class='ocrx_word' id='word_1_561' title='bbox 1294 4177 1390 4234; x_wconf 88' lang='lat' dir='ltr'><strong>sed</strong></span> <span class='ocrx_word' id='word_1_562' title='bbox 1434 4177 1650 4250; x_wconf 87' lang='lat' dir='ltr'><strong>peccati</strong></span> <span class='ocrx_word' id='word_1_563' title='bbox 1699 4177 1956 4235; x_wconf 83' lang='lat' dir='ltr'><strong>tenebras</strong></span> <span class='ocrx_word' id='word_1_564' title='bbox 1995 4177 2082 4234; x_wconf 89' lang='lat' dir='ltr'><strong>in-</strong></span> 
     </span>
    </p>
   </div>
   <div class='ocr_carea' id='block_1_72' title="bbox 489 4267 632 4324">
    <p class='ocr_par' dir='ltr' id='par_1_72' title="bbox 489 4267 632 4324">
     <span class='ocr_line' id='line_1_72' title="bbox 489 4267 632 4324; baseline -0.014 0"><span class='ocrx_word' id='word_1_565' title='bbox 489 4267 632 4324; x_wconf 86' lang='lat' dir='ltr'><strong>tulit.</strong></span> 
     </span>
    </p>
   </div>
   <div class='ocr_carea' id='block_1_73' title="bbox 562 4357 2082 4432">
    <p class='ocr_par' dir='ltr' id='par_1_73' title="bbox 562 4357 2082 4432">
     <span class='ocr_line' id='line_1_73' title="bbox 562 4357 2082 4432; baseline 0.003 -22"><span class='ocrx_word' id='word_1_566' title='bbox 562 4376 581 4410; x_wconf 76' lang='lat'><strong>(</strong></span> <span class='ocrx_word' id='word_1_567' title='bbox 618 4357 814 4414; x_wconf 88' lang='lat' dir='ltr'><strong>Pereat</strong></span> <span class='ocrx_word' id='word_1_568' title='bbox 838 4357 971 4415; x_wconf 91' lang='lat' dir='ltr'><strong>dies.</strong></span> <span class='ocrx_word' id='word_1_569' title='bbox 1008 4376 1028 4412; x_wconf 76' lang='grc' dir='ltr'><strong>ο</strong></span> <span class='ocrx_word' id='word_1_570' title='bbox 1078 4357 1228 4428; x_wconf 88' lang='lat' dir='ltr'><strong>Dies,</strong></span> <span class='ocrx_word' id='word_1_571' title='bbox 1257 4359 1445 4416; x_wconf 91' lang='lat' dir='ltr'><strong>mundi</strong></span> <span class='ocrx_word' id='word_1_572' title='bbox 1496 4359 1850 4432; x_wconf 88' lang='lat' dir='ltr'><strong>prosperitas,</strong></span> <span class='ocrx_word' id='word_1_573' title='bbox 1895 4357 1990 4429; x_wconf 90' lang='lat' dir='ltr'><strong>qui</strong></span> <span class='ocrx_word' id='word_1_574' title='bbox 2024 4357 2082 4414; x_wconf 92' lang='lat' dir='ltr'><strong>in</strong></span> 
     </span>
    </p>
   </div>
   <div class='ocr_carea' id='block_1_74' title="bbox 485 4446 2080 4522">
    <p class='ocr_par' dir='ltr' id='par_1_74' title="bbox 485 4446 2080 4522">
     <span class='ocr_line' id='line_1_74' title="bbox 485 4446 2080 4522; baseline -0.001 -18"><span class='ocrx_word' id='word_1_575' title='bbox 485 4457 644 4505; x_wconf 90' lang='lat' dir='ltr'><strong>nocte</strong></span> <span class='ocrx_word' id='word_1_576' title='bbox 669 4449 906 4516; x_wconf 89' lang='lat' dir='ltr'><strong>desinit,</strong></span> <span class='ocrx_word' id='word_1_577' title='bbox 943 4449 1070 4522; x_wconf 92' lang='lat' dir='ltr'><strong>quia</strong></span> <span class='ocrx_word' id='word_1_578' title='bbox 1100 4451 1170 4506; x_wconf 89' lang='lat' dir='ltr'><strong>ad</strong></span> <span class='ocrx_word' id='word_1_579' title='bbox 1199 4449 1604 4506; x_wconf 89' lang='lat' dir='ltr'><strong>tribulationem</strong></span> <span class='ocrx_word' id='word_1_580' title='bbox 1629 4449 1880 4522; x_wconf 87' lang='lat' dir='ltr'><strong>perducit</strong></span> <span class='ocrx_word' id='word_1_581' title='bbox 1905 4465 1919 4503; x_wconf 92' lang='lat'><strong>:</strong></span> <span class='ocrx_word' id='word_1_582' title='bbox 1969 4446 2080 4516; x_wconf 91' lang='lat' dir='ltr'><strong>vel,</strong></span> 
     </span>
    </p>
   </div>
   <div class='ocr_carea' id='block_1_75' title="bbox 487 4541 2081 4612">
    <p class='ocr_par' dir='ltr' id='par_1_75' title="bbox 487 4541 2081 4612">
     <span class='ocr_line' id='line_1_75' title="bbox 487 4541 2081 4612; baseline 0.002 -17"><span class='ocrx_word' id='word_1_583' title='bbox 487 4541 630 4608; x_wconf 89' lang='lat' dir='ltr'><strong>dies,</strong></span> <span class='ocrx_word' id='word_1_584' title='bbox 659 4543 870 4612; x_wconf 91' lang='lat' dir='ltr'><strong>peccati</strong></span> <span class='ocrx_word' id='word_1_585' title='bbox 892 4543 1224 4612; x_wconf 66' lang='lat' dir='ltr'><strong>delectatio;</strong></span> <span class='ocrx_word' id='word_1_586' title='bbox 1244 4559 1374 4612; x_wconf 88' lang='lat' dir='ltr'><strong>nox,</strong></span> <span class='ocrx_word' id='word_1_587' title='bbox 1407 4543 1608 4599; x_wconf 91' lang='lat' dir='ltr'><strong>mentis</strong></span> <span class='ocrx_word' id='word_1_588' title='bbox 1635 4542 1874 4599; x_wconf 66' lang='lat' dir='ltr'><strong>caecitas.</strong></span> <span class='ocrx_word' id='word_1_589' title='bbox 1904 4541 2081 4598; x_wconf 80' lang='lat' dir='ltr'><strong>Homo</strong></span> 
     </span>
    </p>
   </div>
   <div class='ocr_carea' id='block_1_76' title="bbox 2183 3433 2364 3506">
    <p class='ocr_par' dir='ltr' id='par_1_76' title="bbox 2183 3433 2364 3506">
     <span class='ocr_line' id='line_1_76' title="bbox 2183 3433 2364 3506; baseline 0.006 -17"><span class='ocrx_word' id='word_1_590' title='bbox 2183 3433 2364 3506; x_wconf 85' lang='lat' dir='ltr'><strong>digna.</strong></span> 
     </span>
    </p>
   </div>
   <div class='ocr_carea' id='block_1_77' title="bbox 2255 3527 3780 3607">
    <p class='ocr_par' dir='ltr' id='par_1_77' title="bbox 2255 3527 3780 3607">
     <span class='ocr_line' id='line_1_77' title="bbox 2255 3527 3780 3607; baseline 0.005 -24"><span class='ocrx_word' id='word_1_591' title='bbox 2255 3527 2422 3586; x_wconf 88' lang='lat' dir='ltr'><strong>Vens.</strong></span> <span class='ocrx_word' id='word_1_592' title='bbox 2469 3529 2621 3587; x_wconf 91' lang='lat'><strong>8.—</strong></span> <span class='ocrx_word' id='word_1_593' title='bbox 2647 3550 2667 3584; x_wconf 73' lang='grc' dir='ltr'><strong><em>ι</em></strong></span> <span class='ocrx_word' id='word_1_594' title='bbox 2725 3531 3051 3590; x_wconf 74' lang='lat' dir='ltr'><strong>Haledicant</strong></span> <span class='ocrx_word' id='word_1_595' title='bbox 3074 3532 3147 3590; x_wconf 94' lang='lat' dir='ltr'><strong>ei.</strong></span> <span class='ocrx_word' id='word_1_596' title='bbox 3188 3552 3210 3588; x_wconf 74' lang='grc' dir='ltr'><strong><em>ι</em></strong></span> <span class='ocrx_word' id='word_1_597' title='bbox 3241 3531 3431 3607; x_wconf 67' lang='grc' dir='ltr'><strong>(Ποία.)</strong></span> <span class='ocrx_word' id='word_1_598' title='bbox 3485 3533 3546 3590; x_wconf 85' lang='lat' dir='ltr'><strong>In</strong></span> <span class='ocrx_word' id='word_1_599' title='bbox 3601 3535 3780 3591; x_wconf 78' lang='lat' dir='ltr'><strong>veteri</strong></span> 
     </span>
    </p>
   </div>
   <div class='ocr_carea' id='block_1_78' title="bbox 2183 3622 3782 3701">
    <p class='ocr_par' dir='ltr' id='par_1_78' title="bbox 2183 3622 3782 3701">
     <span class='ocr_line' id='line_1_78' title="bbox 2183 3622 3782 3701; baseline 0.006 -24"><span class='ocrx_word' id='word_1_600' title='bbox 2183 3622 2562 3691; x_wconf 91' lang='lat' dir='ltr'><strong>translatione,</strong></span> <span class='ocrx_word' id='word_1_601' title='bbox 2591 3633 2725 3692; x_wconf 91' lang='lat' dir='ltr'><strong>etc.,</strong></span> <span class='ocrx_word' id='word_1_602' title='bbox 2757 3643 2920 3698; x_wconf 66' lang='lat' dir='ltr'><strong>usque</strong></span> <span class='ocrx_word' id='word_1_603' title='bbox 2942 3626 3014 3682; x_wconf 75' lang='lat' dir='ltr'><strong>ad</strong></span> <span class='ocrx_word' id='word_1_604' title='bbox 3041 3627 3172 3684; x_wconf 92' lang='lat' dir='ltr'><strong>etin</strong></span> <span class='ocrx_word' id='word_1_605' title='bbox 3190 3626 3311 3685; x_wconf 91' lang='lat' dir='ltr'><strong>ﬁne‘</strong></span> <span class='ocrx_word' id='word_1_606' title='bbox 3329 3627 3542 3685; x_wconf 86' lang='lat' dir='ltr'><strong>solutus</strong></span> <span class='ocrx_word' id='word_1_607' title='bbox 3585 3637 3782 3701; x_wconf 85' lang='lat' dir='ltr'><strong>aperte</strong></span> 
     </span>
    </p>
   </div>
   <div class='ocr_carea' id='block_1_79' title="bbox 2183 3713 3778 3788">
    <p class='ocr_par' dir='ltr' id='par_1_79' title="bbox 2183 3713 3778 3788">
     <span class='ocr_line' id='line_1_79' title="bbox 2183 3713 3778 3788; baseline 0.005 -18"><span class='ocrx_word' id='word_1_608' title='bbox 2183 3713 2325 3770; x_wconf 92' lang='lat' dir='ltr'><strong>bella</strong></span> <span class='ocrx_word' id='word_1_609' title='bbox 2376 3725 2549 3786; x_wconf 88' lang='lat' dir='ltr'><strong>gerat.</strong></span> <span class='ocrx_word' id='word_1_610' title='bbox 2593 3734 2613 3770; x_wconf 72' lang='grc' dir='ltr'>ι</span> <span class='ocrx_word' id='word_1_611' title='bbox 2654 3717 2969 3775; x_wconf 87' lang='lat' dir='ltr'><strong>Leviathan.</strong></span> <span class='ocrx_word' id='word_1_612' title='bbox 3007 3737 3028 3771; x_wconf 74' lang='grc' dir='ltr'><strong>ο</strong></span> <span class='ocrx_word' id='word_1_613' title='bbox 3081 3719 3139 3775; x_wconf 91' lang='lat' dir='ltr'><strong>ld</strong></span> <span class='ocrx_word' id='word_1_614' title='bbox 3183 3727 3290 3788; x_wconf 87' lang='lat' dir='ltr'><strong>est,</strong></span> <span class='ocrx_word' id='word_1_615' title='bbox 3338 3719 3778 3778; x_wconf 81' lang='lat' dir='ltr'><strong>additamentum</strong></span> 
     </span>
    </p>
   </div>
   <div class='ocr_carea' id='block_1_80' title="bbox 2183 3809 3776 3886">
    <p class='ocr_par' dir='ltr' id='par_1_80' title="bbox 2183 3809 3776 3886">
     <span class='ocr_line' id='line_1_80' title="bbox 2183 3809 3776 3886; baseline 0.004 -24"><span class='ocrx_word' id='word_1_616' title='bbox 2183 3821 2395 3874; x_wconf 92' lang='lat' dir='ltr'><strong>eorum,</strong></span> <span class='ocrx_word' id='word_1_617' title='bbox 2423 3809 2480 3865; x_wconf 91' lang='lat' dir='ltr'><strong>id</strong></span> <span class='ocrx_word' id='word_1_618' title='bbox 2508 3819 2608 3876; x_wconf 91' lang='lat' dir='ltr'><strong>est,</strong></span> <span class='ocrx_word' id='word_1_619' title='bbox 2639 3811 2940 3879; x_wconf 90' lang='lat' dir='ltr'><strong>hominum,</strong></span> <span class='ocrx_word' id='word_1_620' title='bbox 2989 3811 3046 3868; x_wconf 93' lang='lat' dir='ltr'><strong>in</strong></span> <span class='ocrx_word' id='word_1_621' title='bbox 3087 3811 3284 3883; x_wconf 91' lang='lat' dir='ltr'><strong>quibus</strong></span> <span class='ocrx_word' id='word_1_622' title='bbox 3322 3815 3776 3886; x_wconf 85' lang='lat' dir='ltr'><strong>postsuggestio—</strong></span> 
     </span>
    </p>
   </div>
   <div class='ocr_carea' id='block_1_81' title="bbox 2182 3899 3778 3978">
    <p class='ocr_par' dir='ltr' id='par_1_81' title="bbox 2182 3899 3778 3978">
     <span class='ocr_line' id='line_1_81' title="bbox 2182 3899 3778 3978; baseline 0.006 -24"><span class='ocrx_word' id='word_1_623' title='bbox 2182 3915 2308 3956; x_wconf 91' lang='lat' dir='ltr'><strong>nem</strong></span> <span class='ocrx_word' id='word_1_624' title='bbox 2333 3899 2476 3957; x_wconf 88' lang='lat' dir='ltr'><strong>maia</strong></span> <span class='ocrx_word' id='word_1_625' title='bbox 2525 3902 2724 3959; x_wconf 89' lang='lat' dir='ltr'><strong>addere</strong></span> <span class='ocrx_word' id='word_1_626' title='bbox 2759 3919 2867 3960; x_wconf 90' lang='lat' dir='ltr'><strong>non</strong></span> <span class='ocrx_word' id='word_1_627' title='bbox 2891 3913 3088 3962; x_wconf 89' lang='lat' dir='ltr'><strong>cessat.</strong></span> <span class='ocrx_word' id='word_1_628' title='bbox 3123 3903 3226 3961; x_wconf 90' lang='lat' dir='ltr'><strong>Vel</strong></span> <span class='ocrx_word' id='word_1_629' title='bbox 3271 3907 3778 3978; x_wconf 87' lang='lat' dir='ltr'><strong>exprobrationem,</strong></span> 
     </span>
    </p>
   </div>
   <div class='ocr_carea' id='block_1_82' title="bbox 2183 3992 3780 4072">
    <p class='ocr_par' dir='ltr' id='par_1_82' title="bbox 2183 3992 3780 4072">
     <span class='ocr_line' id='line_1_82' title="bbox 2183 3992 3780 4072; baseline 0.006 -25"><span class='ocrx_word' id='word_1_630' title='bbox 2183 3992 2312 4063; x_wconf 89' lang='lat' dir='ltr'><strong>quia</strong></span> <span class='ocrx_word' id='word_1_631' title='bbox 2340 4008 2466 4049; x_wconf 90' lang='lat' dir='ltr'><strong>cum</strong></span> <span class='ocrx_word' id='word_1_632' title='bbox 2493 3993 2625 4051; x_wconf 65' lang='lat' dir='ltr'><strong>Adae</strong></span> <span class='ocrx_word' id='word_1_633' title='bbox 2647 3995 2848 4053; x_wconf 88' lang='lat' dir='ltr'><strong>addere</strong></span> <span class='ocrx_word' id='word_1_634' title='bbox 2887 3995 3146 4054; x_wconf 88' lang='lat' dir='ltr'><strong>deitatem</strong></span> <span class='ocrx_word' id='word_1_635' title='bbox 3184 3997 3492 4070; x_wconf 90' lang='lat' dir='ltr'><strong>spopondit,</strong></span> <span class='ocrx_word' id='word_1_636' title='bbox 3528 4006 3587 4054; x_wconf 89' lang='lat' dir='ltr'><strong>et</strong></span> <span class='ocrx_word' id='word_1_637' title='bbox 3624 3998 3780 4072; x_wconf 85' lang='lat' dir='ltr'><strong>quod</strong></span> 
     </span>
    </p>
   </div>
   <div class='ocr_carea' id='block_1_83' title="bbox 2182 4084 3779 4164">
    <p class='ocr_par' dir='ltr' id='par_1_83' title="bbox 2182 4084 3779 4164">
     <span class='ocr_line' id='line_1_83' title="bbox 2182 4084 3779 4164; baseline 0.008 -25"><span class='ocrx_word' id='word_1_638' title='bbox 2182 4084 2440 4156; x_wconf 88' lang='lat' dir='ltr'><strong>habebat,</strong></span> <span class='ocrx_word' id='word_1_639' title='bbox 2468 4087 2708 4145; x_wconf 90' lang='lat' dir='ltr'><strong>abstulit.</strong></span> <span class='ocrx_word' id='word_1_640' title='bbox 2735 4087 2840 4146; x_wconf 83' lang='lat' dir='ltr'><strong>Hic</strong></span> <span class='ocrx_word' id='word_1_641' title='bbox 2879 4104 2913 4145; x_wconf 89' lang='lat' dir='ltr'><strong>a</strong></span> <span class='ocrx_word' id='word_1_642' title='bbox 2935 4089 3199 4163; x_wconf 90' lang='lat' dir='ltr'><strong>propheta</strong></span> <span class='ocrx_word' id='word_1_643' title='bbox 3231 4106 3458 4164; x_wconf 86' lang='lat' dir='ltr'><strong>serpens</strong></span> <span class='ocrx_word' id='word_1_644' title='bbox 3487 4099 3779 4152; x_wconf 86' lang='lat' dir='ltr'><strong>tortuosus</strong></span> 
     </span>
    </p>
   </div>
   <div class='ocr_carea' id='block_1_84' title="bbox 2185 4179 3775 4262">
    <p class='ocr_par' dir='ltr' id='par_1_84' title="bbox 2185 4179 3775 4262">
     <span class='ocr_line' id='line_1_84' title="bbox 2185 4179 3775 4262; baseline 0.006 -27"><span class='ocrx_word' id='word_1_645' title='bbox 2185 4179 2406 4249; x_wconf 92' lang='lat' dir='ltr'><strong>dicitur,</strong></span> <span class='ocrx_word' id='word_1_646' title='bbox 2435 4181 2531 4252; x_wconf 89' lang='lat' dir='ltr'><strong>qui</strong></span> <span class='ocrx_word' id='word_1_647' title='bbox 2554 4181 2793 4240; x_wconf 84' lang='lat' dir='ltr'><strong>molliter</strong></span> <span class='ocrx_word' id='word_1_648' title='bbox 2814 4183 2972 4254; x_wconf 88' lang='lat' dir='ltr'><strong>quasi</strong></span> <span class='ocrx_word' id='word_1_649' title='bbox 3009 4183 3222 4262; x_wconf 77' lang='lat' dir='ltr'><strong>blandis</strong></span> <span class='ocrx_word' id='word_1_650' title='bbox 3247 4185 3545 4243; x_wconf 86' lang='lat' dir='ltr'><strong>verborum</strong></span> <span class='ocrx_word' id='word_1_651' title='bbox 3569 4186 3775 4246; x_wconf 86' lang='lat' dir='ltr'><strong>ﬁnibus</strong></span> 
     </span>
    </p>
   </div>
   <div class='ocr_carea' id='block_1_85' title="bbox 2183 4269 3774 4350">
    <p class='ocr_par' dir='ltr' id='par_1_85' title="bbox 2183 4269 3774 4350">
     <span class='ocr_line' id='line_1_85' title="bbox 2183 4269 3774 4350; baseline 0.006 -24"><span class='ocrx_word' id='word_1_652' title='bbox 2183 4269 2411 4328; x_wconf 90' lang='lat' dir='ltr'><strong>insidias</strong></span> <span class='ocrx_word' id='word_1_653' title='bbox 2432 4271 2686 4330; x_wconf 82' lang='lat' dir='ltr'><strong>infundit.</strong></span> <span class='ocrx_word' id='word_1_654' title='bbox 2717 4273 2788 4330; x_wconf 90' lang='lat' dir='ltr'><strong>Et</strong></span> <span class='ocrx_word' id='word_1_655' title='bbox 2805 4275 2997 4342; x_wconf 89' lang='lat' dir='ltr'><strong>vectis,</strong></span> <span class='ocrx_word' id='word_1_656' title='bbox 3025 4275 3153 4348; x_wconf 90' lang='lat' dir='ltr'><strong>quia</strong></span> <span class='ocrx_word' id='word_1_657' title='bbox 3182 4275 3351 4334; x_wconf 89' lang='lat' dir='ltr'><strong>durus</strong></span> <span class='ocrx_word' id='word_1_658' title='bbox 3377 4293 3478 4350; x_wconf 88' lang='lat' dir='ltr'><strong>per</strong></span> <span class='ocrx_word' id='word_1_659' title='bbox 3501 4279 3774 4336; x_wconf 87' lang='lat' dir='ltr'><strong>malitiam</strong></span> 
     </span>
    </p>
   </div>
   <div class='ocr_carea' id='block_1_86' title="bbox 2183 4363 3776 4441">
    <p class='ocr_par' dir='ltr' id='par_1_86' title="bbox 2183 4363 3776 4441">
     <span class='ocr_line' id='line_1_86' title="bbox 2183 4363 3776 4441; baseline 0.007 -24"><span class='ocrx_word' id='word_1_660' title='bbox 2183 4363 2254 4418; x_wconf 90' lang='lat' dir='ltr'><strong>ad</strong></span> <span class='ocrx_word' id='word_1_661' title='bbox 2297 4377 2486 4420; x_wconf 89' lang='lat' dir='ltr'><strong>necem</strong></span> <span class='ocrx_word' id='word_1_662' title='bbox 2511 4363 2768 4436; x_wconf 91' lang='lat' dir='ltr'><strong>percutit.</strong></span> <span class='ocrx_word' id='word_1_663' title='bbox 2800 4363 3106 4423; x_wconf 89' lang='lat' dir='ltr'><strong>Suscitatus</strong></span> <span class='ocrx_word' id='word_1_664' title='bbox 3134 4375 3321 4440; x_wconf 90' lang='lat' dir='ltr'><strong>aperte</strong></span> <span class='ocrx_word' id='word_1_665' title='bbox 3361 4377 3507 4441; x_wconf 88' lang='lat' dir='ltr'><strong>aget,</strong></span> <span class='ocrx_word' id='word_1_666' title='bbox 3549 4370 3776 4428; x_wconf 86' lang='lat' dir='ltr'><strong>interim</strong></span> 
     </span>
    </p>
   </div>
   <div class='ocr_carea' id='block_1_87' title="bbox 2183 4453 2645 4512">
    <p class='ocr_par' dir='ltr' id='par_1_87' title="bbox 2183 4453 2645 4512">
     <span class='ocr_line' id='line_1_87' title="bbox 2183 4453 2645 4512; baseline 0.004 -4"><span class='ocrx_word' id='word_1_667' title='bbox 2183 4461 2362 4509; x_wconf 90' lang='lat' dir='ltr'><strong>autem</strong></span> <span class='ocrx_word' id='word_1_668' title='bbox 2390 4453 2645 4512; x_wconf 90' lang='lat' dir='ltr'><strong>latenter.</strong></span> 
     </span>
    </p>
   </div>
   <div class='ocr_carea' id='block_1_88' title="bbox 2253 4544 3772 4622">
    <p class='ocr_par' dir='ltr' id='par_1_88' title="bbox 2253 4544 3772 4622">
     <span class='ocr_line' id='line_1_88' title="bbox 2253 4544 3772 4622; baseline 0.009 -22"><span class='ocrx_word' id='word_1_669' title='bbox 2253 4544 2418 4602; x_wconf 90' lang='lat' dir='ltr'><strong>Vens.</strong></span> <span class='ocrx_word' id='word_1_670' title='bbox 2453 4546 2507 4603; x_wconf 91' lang='lat'><strong>9.</strong></span> <span class='ocrx_word' id='word_1_671' title='bbox 2541 4579 2614 4594; x_wconf 88' lang='grc'><strong>--</strong></span> <span class='ocrx_word' id='word_1_672' title='bbox 2659 4566 2679 4602; x_wconf 74' lang='grc' dir='ltr'>ι</span> <span class='ocrx_word' id='word_1_673' title='bbox 2711 4546 2952 4622; x_wconf 89' lang='lat' dir='ltr'><strong>Caligine</strong></span> <span class='ocrx_word' id='word_1_674' title='bbox 2984 4569 3006 4605; x_wconf 75' lang='grc' dir='ltr'><strong><em>ι</em></strong></span> <span class='ocrx_word' id='word_1_675' title='bbox 3035 4549 3165 4622; x_wconf 83' lang='lat' dir='ltr'><strong>Ejus</strong></span> <span class='ocrx_word' id='word_1_676' title='bbox 3205 4553 3404 4611; x_wconf 91' lang='lat' dir='ltr'><strong>noctis.</strong></span> <span class='ocrx_word' id='word_1_677' title='bbox 3455 4571 3476 4608; x_wconf 74' lang='grc' dir='ltr'><strong><em>ι</em></strong></span> <span class='ocrx_word' id='word_1_678' title='bbox 3525 4554 3772 4614; x_wconf 84' lang='lat' dir='ltr'><strong>Obteue-</strong></span> 
     </span>
    </p>
   </div>
   <div class='ocr_carea' id='block_1_89' title="bbox 487 4634 3774 4721">
    <p class='ocr_par' dir='ltr' id='par_1_89' title="bbox 487 4634 3774 4721">
     <span class='ocr_line' id='line_1_89' title="bbox 487 4634 3774 4721; baseline 0.005 -33"><span class='ocrx_word' id='word_1_679' title='bbox 487 4635 662 4690; x_wconf 88' lang='lat' dir='ltr'><strong>tribus</strong></span> <span class='ocrx_word' id='word_1_680' title='bbox 692 4634 868 4692; x_wconf 88' lang='lat' dir='ltr'><strong>modis</strong></span> <span class='ocrx_word' id='word_1_681' title='bbox 909 4637 1128 4704; x_wconf 90' lang='lat' dir='ltr'><strong>dicitur,</strong></span> <span class='ocrx_word' id='word_1_682' title='bbox 1175 4653 1277 4710; x_wconf 86' lang='lat' dir='ltr'><strong>per</strong></span> <span class='ocrx_word' id='word_1_683' title='bbox 1320 4647 1594 4704; x_wconf 89' lang='lat' dir='ltr'><strong>naturam,</strong></span> <span class='ocrx_word' id='word_1_684' title='bbox 1622 4651 1722 4708; x_wconf 91' lang='lat' dir='ltr'><strong>per</strong></span> <span class='ocrx_word' id='word_1_685' title='bbox 1749 4635 1983 4708; x_wconf 91' lang='lat' dir='ltr'><strong>culpam,</strong></span> <span class='ocrx_word' id='word_1_686' title='bbox 2021 4643 2157 4721; x_wconf 61' lang='lat' dir='ltr'><strong>et“</strong></span> <span class='ocrx_word' id='word_1_687' title='bbox 2180 4638 2410 4694; x_wconf 86' lang='lat' dir='ltr'><strong>brentur</strong></span> <span class='ocrx_word' id='word_1_688' title='bbox 2436 4637 2626 4695; x_wconf 70' lang='lat' dir='ltr'><strong>stellaa.</strong></span> <span class='ocrx_word' id='word_1_689' title='bbox 2671 4658 2692 4693; x_wconf 77' lang='grc' dir='ltr'><strong><em>ι</em></strong></span> <span class='ocrx_word' id='word_1_690' title='bbox 2725 4638 2784 4696; x_wconf 85' lang='lat' dir='ltr'><strong>Id</strong></span> <span class='ocrx_word' id='word_1_691' title='bbox 2824 4649 2928 4710; x_wconf 91' lang='lat' dir='ltr'><strong>est,</strong></span> <span class='ocrx_word' id='word_1_692' title='bbox 2968 4642 3288 4715; x_wconf 60' lang='lat' dir='ltr'><strong>hypocrita,</strong></span> <span class='ocrx_word' id='word_1_693' title='bbox 3327 4645 3421 4716; x_wconf 91' lang='lat' dir='ltr'><strong>qui</strong></span> <span class='ocrx_word' id='word_1_694' title='bbox 3458 4645 3648 4704; x_wconf 90' lang='lat' dir='ltr'><strong>lucent</strong></span> <span class='ocrx_word' id='word_1_695' title='bbox 3671 4662 3774 4721; x_wconf 86' lang='lat' dir='ltr'><strong>per</strong></span> 
     </span>
    </p>
   </div>
   <div class='ocr_carea' id='block_1_90' title="bbox 485 4690 3772 4816">
    <p class='ocr_par' dir='ltr' id='par_1_90' title="bbox 485 4690 3772 4816">
     <span class='ocr_line' id='line_1_90' title="bbox 485 4690 3772 4816; baseline 0.007 -38"><span class='ocrx_word' id='word_1_696' title='bbox 485 4740 585 4794; x_wconf 87' lang='lat' dir='ltr'><strong>per</strong></span> <span class='ocrx_word' id='word_1_697' title='bbox 623 4725 1013 4782; x_wconf 90' lang='lat' dir='ltr'><strong>inﬁrmitatem.</strong></span> <span class='ocrx_word' id='word_1_698' title='bbox 1043 4690 1219 4784; x_wconf 68' lang='lat' dir='ltr'><strong>r1de</strong></span> <span class='ocrx_word' id='word_1_699' title='bbox 1259 4744 1390 4800; x_wconf 90' lang='lat' dir='ltr'><strong>ergo</strong></span> <span class='ocrx_word' id='word_1_700' title='bbox 1415 4728 1470 4784; x_wconf 94' lang='lat' dir='ltr'><strong>in</strong></span> <span class='ocrx_word' id='word_1_701' title='bbox 1499 4690 1594 4784; x_wconf 71' lang='lat' dir='ltr'><strong>die</strong></span> <span class='ocrx_word' id='word_1_702' title='bbox 1614 4690 1880 4794; x_wconf 66' lang='lat' dir='ltr'><strong>nascitur,</strong></span> <span class='ocrx_word' id='word_1_703' title='bbox 1913 4734 2078 4784; x_wconf 89' lang='lat' dir='ltr'><strong>nocte</strong></span> <span class='ocrx_word' id='word_1_704' title='bbox 2100 4690 2157 4755; x_wconf 67' lang='grc' dir='ltr'><strong><em>Β</em></strong></span> <span class='ocrx_word' id='word_1_705' title='bbox 2183 4748 2352 4806; x_wconf 92' lang='lat' dir='ltr'><strong>opera</strong></span> <span class='ocrx_word' id='word_1_706' title='bbox 2378 4734 2448 4791; x_wconf 92' lang='lat' dir='ltr'><strong>ad</strong></span> <span class='ocrx_word' id='word_1_707' title='bbox 2471 4735 2657 4794; x_wconf 88' lang='lat' dir='ltr'><strong>oculos</strong></span> <span class='ocrx_word' id='word_1_708' title='bbox 2685 4690 2988 4794; x_wconf 71' lang='lat' dir='ltr'><strong>hominum.</strong></span> <span class='ocrx_word' id='word_1_709' title='bbox 3007 4690 3122 4797; x_wconf 35' lang='lat' dir='ltr'><strong>illae.</strong></span> <span class='ocrx_word' id='word_1_710' title='bbox 3140 4690 3412 4816; x_wconf 50' lang='lat' dir='ltr'><strong>sunt‘quze</strong></span> <span class='ocrx_word' id='word_1_711' title='bbox 3437 4745 3614 4802; x_wconf 85' lang='lat' dir='ltr'><strong>cauda</strong></span> <span class='ocrx_word' id='word_1_712' title='bbox 3644 4690 3772 4802; x_wconf 43' lang='grc' dir='ltr'><strong>ἀει-ζ-</strong></span> 
     </span>
    </p>
   </div>
   <div class='ocr_carea' id='block_1_91' title="bbox 491 4820 2078 4897">
    <p class='ocr_par' dir='ltr' id='par_1_91' title="bbox 491 4820 2078 4897">
     <span class='ocr_line' id='line_1_91' title="bbox 491 4820 2078 4897; baseline 0.001 -21"><span class='ocrx_word' id='word_1_713' title='bbox 491 4820 797 4894; x_wconf 90' lang='lat' dir='ltr'><strong>concipitur</strong></span> <span class='ocrx_word' id='word_1_714' title='bbox 838 4839 851 4876; x_wconf 93' lang='lat'><strong>:</strong></span> <span class='ocrx_word' id='word_1_715' title='bbox 897 4823 1027 4893; x_wconf 90' lang='lat' dir='ltr'><strong>quia</strong></span> <span class='ocrx_word' id='word_1_716' title='bbox 1054 4825 1125 4880; x_wconf 91' lang='lat' dir='ltr'><strong>ad</strong></span> <span class='ocrx_word' id='word_1_717' title='bbox 1164 4823 1580 4882; x_wconf 87' lang='lat' dir='ltr'><strong>delectationem</strong></span> <span class='ocrx_word' id='word_1_718' title='bbox 1609 4823 1820 4897; x_wconf 90' lang='lat' dir='ltr'><strong>peccati</strong></span> <span class='ocrx_word' id='word_1_719' title='bbox 1843 4839 1951 4879; x_wconf 93' lang='lat' dir='ltr'><strong>non</strong></span> <span class='ocrx_word' id='word_1_720' title='bbox 1989 4837 2078 4879; x_wconf 90' lang='lat' dir='ltr'><strong>ra-</strong></span> 
     </span>
    </p>
   </div>
   <div class='ocr_carea' id='block_1_92' title="bbox 487 4910 2077 4984">
    <p class='ocr_par' dir='ltr' id='par_1_92' title="bbox 487 4910 2077 4984">
     <span class='ocr_line' id='line_1_92' title="bbox 487 4910 2077 4984; baseline 0.002 -19"><span class='ocrx_word' id='word_1_721' title='bbox 487 4910 656 4981; x_wconf 89' lang='lat' dir='ltr'><strong>pitur,</strong></span> <span class='ocrx_word' id='word_1_722' title='bbox 683 4911 789 4967; x_wconf 90' lang='lat' dir='ltr'><strong>nisi</strong></span> <span class='ocrx_word' id='word_1_723' title='bbox 803 4910 956 4982; x_wconf 91' lang='lat' dir='ltr'><strong>prius</strong></span> <span class='ocrx_word' id='word_1_724' title='bbox 979 4928 1079 4984; x_wconf 89' lang='lat' dir='ltr'><strong>per</strong></span> <span class='ocrx_word' id='word_1_725' title='bbox 1102 4915 1304 4971; x_wconf 91' lang='lat' dir='ltr'><strong>mentis</strong></span> <span class='ocrx_word' id='word_1_726' title='bbox 1329 4916 1582 4971; x_wconf 91' lang='lat' dir='ltr'><strong>tenebras</strong></span> <span class='ocrx_word' id='word_1_727' title='bbox 1608 4912 1935 4969; x_wconf 86' lang='lat' dir='ltr'><strong>inﬁrmetur.</strong></span> <span class='ocrx_word' id='word_1_728' title='bbox 1969 4911 2077 4968; x_wconf 90' lang='lat' dir='ltr'><strong>Sed</strong></span> 
     </span>
    </p>
   </div>
   <div class='ocr_carea' id='block_1_93' title="bbox 487 5002 2078 5080">
    <p class='ocr_par' dir='ltr' id='par_1_93' title="bbox 487 5002 2078 5080">
     <span class='ocr_line' id='line_1_93' title="bbox 487 5002 2078 5080; baseline 0.004 -22"><span class='ocrx_word' id='word_1_729' title='bbox 487 5011 677 5073; x_wconf 84' lang='lat' dir='ltr'><strong>pereat</strong></span> <span class='ocrx_word' id='word_1_730' title='bbox 709 5002 849 5072; x_wconf 90' lang='lat' dir='ltr'><strong>dies,</strong></span> <span class='ocrx_word' id='word_1_731' title='bbox 869 5004 926 5061; x_wconf 91' lang='lat' dir='ltr'><strong>id</strong></span> <span class='ocrx_word' id='word_1_732' title='bbox 947 5013 1048 5072; x_wconf 89' lang='lat' dir='ltr'><strong>est,</strong></span> <span class='ocrx_word' id='word_1_733' title='bbox 1079 5008 1286 5078; x_wconf 89' lang='lat' dir='ltr'><strong>peccati</strong></span> <span class='ocrx_word' id='word_1_734' title='bbox 1316 5007 1604 5066; x_wconf 92' lang='lat' dir='ltr'><strong>delectatio</strong></span> <span class='ocrx_word' id='word_1_735' title='bbox 1633 5008 1820 5080; x_wconf 90' lang='lat' dir='ltr'><strong>vigore</strong></span> <span class='ocrx_word' id='word_1_736' title='bbox 1852 5005 2078 5078; x_wconf 67' lang='lat' dir='ltr'><strong>iustitia:</strong></span> 
     </span>
    </p>
   </div>
   <div class='ocr_carea' id='block_1_94' title="bbox 487 5094 1825 5152">
    <p class='ocr_par' dir='ltr' id='par_1_94' title="bbox 487 5094 1825 5152">
     <span class='ocr_line' id='line_1_94' title="bbox 487 5094 1825 5152; baseline 0.002 -4"><span class='ocrx_word' id='word_1_737' title='bbox 487 5094 818 5152; x_wconf 89' lang='lat' dir='ltr'><strong>destruatur.</strong></span> <span class='ocrx_word' id='word_1_738' title='bbox 1823 5149 1825 5151; x_wconf 78' lang='lat'><strong>.</strong></span> 
     </span>
    </p>
   </div>
   <div class='ocr_carea' id='block_1_95' title="bbox 569 5189 2076 5270">
    <p class='ocr_par' dir='ltr' id='par_1_95' title="bbox 569 5189 2076 5270">
     <span class='ocr_line' id='line_1_95' title="bbox 569 5189 2076 5270; baseline 0.006 -29"><span class='ocrx_word' id='word_1_739' title='bbox 569 5207 588 5241; x_wconf 72' lang='grc' dir='ltr'>ι</span> <span class='ocrx_word' id='word_1_740' title='bbox 626 5191 694 5246; x_wconf 89' lang='lat' dir='ltr'><strong>Et</strong></span> <span class='ocrx_word' id='word_1_741' title='bbox 713 5207 844 5248; x_wconf 90' lang='lat' dir='ltr'><strong>nox.</strong></span> <span class='ocrx_word' id='word_1_742' title='bbox 881 5210 901 5244; x_wconf 77' lang='grc' dir='ltr'><strong>ι</strong></span> <span class='ocrx_word' id='word_1_743' title='bbox 935 5189 1116 5266; x_wconf 79' lang='lat' dir='ltr'><strong>(Greg.</strong></span> <span class='ocrx_word' id='word_1_744' title='bbox 1136 5193 1194 5250; x_wconf 76' lang='lat' dir='ltr'><strong>in</strong></span> <span class='ocrx_word' id='word_1_745' title='bbox 1215 5191 1319 5251; x_wconf 80' lang='lat' dir='ltr'><strong>Job</strong></span> <span class='ocrx_word' id='word_1_746' title='bbox 1349 5195 1388 5250; x_wconf 89' lang='grc' dir='ltr'><strong>ι.</strong></span> <span class='ocrx_word' id='word_1_747' title='bbox 1418 5194 1519 5270; x_wconf 82' lang='lat' dir='ltr'><strong>iv.)</strong></span> <span class='ocrx_word' id='word_1_748' title='bbox 1543 5193 1602 5252; x_wconf 84' lang='lat' dir='ltr'><strong>Id</strong></span> <span class='ocrx_word' id='word_1_749' title='bbox 1629 5201 1736 5263; x_wconf 84' lang='lat' dir='ltr'><strong>est,</strong></span> <span class='ocrx_word' id='word_1_750' title='bbox 1776 5194 1923 5266; x_wconf 91' lang='lat' dir='ltr'><strong>quod</strong></span> <span class='ocrx_word' id='word_1_751' title='bbox 1966 5208 2076 5250; x_wconf 61' lang='lat' dir='ltr'><strong>cm-</strong></span> 
     </span>
    </p>
   </div>
   <div class='ocr_carea' id='block_1_96' title="bbox 489 5284 2081 5357">
    <p class='ocr_par' dir='ltr' id='par_1_96' title="bbox 489 5284 2081 5357">
     <span class='ocr_line' id='line_1_96' title="bbox 489 5284 2081 5357; baseline 0.003 -21"><span class='ocrx_word' id='word_1_752' title='bbox 489 5287 616 5336; x_wconf 88' lang='lat' dir='ltr'><strong>cata</strong></span> <span class='ocrx_word' id='word_1_753' title='bbox 644 5297 797 5338; x_wconf 89' lang='lat' dir='ltr'><strong>mens</strong></span> <span class='ocrx_word' id='word_1_754' title='bbox 835 5296 935 5354; x_wconf 90' lang='lat' dir='ltr'><strong>per</strong></span> <span class='ocrx_word' id='word_1_755' title='bbox 969 5298 1295 5342; x_wconf 87' lang='lat' dir='ltr'><strong>consensum</strong></span> <span class='ocrx_word' id='word_1_756' title='bbox 1331 5293 1639 5357; x_wconf 90' lang='lat' dir='ltr'><strong>perpetrat,</strong></span> <span class='ocrx_word' id='word_1_757' title='bbox 1685 5285 1815 5342; x_wconf 90' lang='lat' dir='ltr'><strong>dum</strong></span> <span class='ocrx_word' id='word_1_758' title='bbox 1865 5284 2081 5343; x_wconf 89' lang='lat' dir='ltr'><strong>blandi-</strong></span> 
     </span>
    </p>
   </div>
   <div class='ocr_carea' id='block_1_97' title="bbox 489 5372 2077 5448">
    <p class='ocr_par' dir='ltr' id='par_1_97' title="bbox 489 5372 2077 5448">
     <span class='ocr_line' id='line_1_97' title="bbox 489 5372 2077 5448; baseline 0.004 -22"><span class='ocrx_word' id='word_1_759' title='bbox 489 5380 675 5427; x_wconf 88' lang='lat' dir='ltr'><strong>menta</strong></span> <span class='ocrx_word' id='word_1_760' title='bbox 715 5372 1090 5434; x_wconf 88' lang='lat' dir='ltr'><strong>delectationis</strong></span> <span class='ocrx_word' id='word_1_761' title='bbox 1114 5384 1274 5433; x_wconf 89' lang='lat' dir='ltr'><strong>caute</strong></span> <span class='ocrx_word' id='word_1_762' title='bbox 1306 5391 1417 5433; x_wconf 91' lang='lat' dir='ltr'><strong>non</strong></span> <span class='ocrx_word' id='word_1_763' title='bbox 1443 5376 1726 5448; x_wconf 88' lang='lat' dir='ltr'><strong>perspicit,</strong></span> <span class='ocrx_word' id='word_1_764' title='bbox 1752 5377 2077 5448; x_wconf 60' lang='lat' dir='ltr'><strong>paenitentia</strong></span> 
     </span>
    </p>
   </div>
   <div class='ocr_carea' id='block_1_98' title="bbox 489 5465 2080 5542">
    <p class='ocr_par' dir='ltr' id='par_1_98' title="bbox 489 5465 2080 5542">
     <span class='ocr_line' id='line_1_98' title="bbox 489 5465 2080 5542; baseline 0.005 -23"><span class='ocrx_word' id='word_1_765' title='bbox 489 5465 801 5535; x_wconf 85' lang='lat' dir='ltr'><strong>exstinguat</strong></span> <span class='ocrx_word' id='word_1_766' title='bbox 822 5481 925 5526; x_wconf 88' lang='lat' dir='ltr'><strong>:ne</strong></span> <span class='ocrx_word' id='word_1_767' title='bbox 952 5469 1130 5541; x_wconf 89' lang='lat' dir='ltr'><strong>culpa,</strong></span> <span class='ocrx_word' id='word_1_768' title='bbox 1153 5484 1274 5542; x_wconf 71' lang='lat' dir='ltr'><strong>qua:</strong></span> <span class='ocrx_word' id='word_1_769' title='bbox 1303 5469 1537 5527; x_wconf 89' lang='lat' dir='ltr'><strong>blandiri</strong></span> <span class='ocrx_word' id='word_1_770' title='bbox 1562 5469 1770 5541; x_wconf 86' lang='lat' dir='ltr'><strong>incipit,</strong></span> <span class='ocrx_word' id='word_1_771' title='bbox 1799 5471 1869 5528; x_wconf 92' lang='lat' dir='ltr'><strong>ad</strong></span> <span class='ocrx_word' id='word_1_772' title='bbox 1909 5471 2080 5528; x_wconf 88' lang='lat' dir='ltr'><strong>inter-</strong></span> 
     </span>
    </p>
   </div>
   <div class='ocr_carea' id='block_1_99' title="bbox 489 5557 852 5614">
    <p class='ocr_par' dir='ltr' id='par_1_99' title="bbox 489 5557 852 5614">
     <span class='ocr_line' id='line_1_99' title="bbox 489 5557 852 5614; baseline 0.006 -2"><span class='ocrx_word' id='word_1_773' title='bbox 489 5557 626 5613; x_wconf 89' lang='lat' dir='ltr'><strong>itum</strong></span> <span class='ocrx_word' id='word_1_774' title='bbox 652 5559 852 5614; x_wconf 86' lang='lat' dir='ltr'><strong>trahat.</strong></span> 
     </span>
    </p>
   </div>
   <div class='ocr_carea' id='block_1_100' title="bbox 563 5647 2077 5726">
    <p class='ocr_par' dir='ltr' id='par_1_100' title="bbox 563 5647 2077 5726">
     <span class='ocr_line' id='line_1_100' title="bbox 563 5647 2077 5726; baseline 0.008 -24"><span class='ocrx_word' id='word_1_775' title='bbox 563 5647 724 5704; x_wconf 82' lang='lat' dir='ltr'><strong>Vens.</strong></span> <span class='ocrx_word' id='word_1_776' title='bbox 756 5649 812 5704; x_wconf 72' lang='grc'><strong>4.</strong></span> <span class='ocrx_word' id='word_1_777' title='bbox 833 5679 905 5692; x_wconf 88' lang='lat'><strong>-—</strong></span> <span class='ocrx_word' id='word_1_778' title='bbox 933 5668 953 5703; x_wconf 78' lang='lat' dir='ltr'><strong>r</strong></span> <span class='ocrx_word' id='word_1_779' title='bbox 981 5651 1106 5707; x_wconf 90' lang='lat' dir='ltr'><strong>Dies</strong></span> <span class='ocrx_word' id='word_1_780' title='bbox 1129 5653 1238 5715; x_wconf 89' lang='lat' dir='ltr'><strong>illa,</strong></span> <span class='ocrx_word' id='word_1_781' title='bbox 1278 5672 1296 5704; x_wconf 72' lang='grc' dir='ltr'><strong><em>ι</em></strong></span> <span class='ocrx_word' id='word_1_782' title='bbox 1333 5661 1439 5709; x_wconf 88' lang='lat' dir='ltr'><strong>etc.</strong></span> <span class='ocrx_word' id='word_1_783' title='bbox 1471 5652 1660 5726; x_wconf 83' lang='lat' dir='ltr'><strong>(Ibid.)</strong></span> <span class='ocrx_word' id='word_1_784' title='bbox 1695 5653 1753 5710; x_wconf 93' lang='lat' dir='ltr'><strong>ld</strong></span> <span class='ocrx_word' id='word_1_785' title='bbox 1781 5663 1882 5724; x_wconf 91' lang='lat' dir='ltr'><strong>est,</strong></span> <span class='ocrx_word' id='word_1_786' title='bbox 1912 5672 2077 5714; x_wconf 83' lang='lat' dir='ltr'><strong>exor-</strong></span> 
     </span>
    </p>
   </div>
   <div class='ocr_carea' id='block_1_101' title="bbox 486 5736 2072 5823">
    <p class='ocr_par' dir='ltr' id='par_1_101' title="bbox 486 5736 2072 5823">
     <span class='ocr_line' id='line_1_101' title="bbox 486 5736 2072 5823; baseline 0.01 -32"><span class='ocrx_word' id='word_1_787' title='bbox 486 5736 578 5792; x_wconf 90' lang='lat' dir='ltr'><strong>dio</strong></span> <span class='ocrx_word' id='word_1_788' title='bbox 606 5739 996 5808; x_wconf 88' lang='lat' dir='ltr'><strong>delectationis,</strong></span> <span class='ocrx_word' id='word_1_789' title='bbox 1025 5743 1095 5797; x_wconf 89' lang='lat' dir='ltr'><strong>ad</strong></span> <span class='ocrx_word' id='word_1_790' title='bbox 1123 5757 1285 5812; x_wconf 90' lang='lat' dir='ltr'><strong>quem</strong></span> <span class='ocrx_word' id='word_1_791' title='bbox 1326 5745 1490 5800; x_wconf 90' lang='lat' dir='ltr'><strong>ﬁnem</strong></span> <span class='ocrx_word' id='word_1_792' title='bbox 1532 5746 1855 5817; x_wconf 89' lang='lat' dir='ltr'><strong>perditionis</strong></span> <span class='ocrx_word' id='word_1_793' title='bbox 1906 5751 2072 5823; x_wconf 89' lang='lat' dir='ltr'><strong>rapit,</strong></span> 
     </span>
    </p>
   </div>
   <div class='ocr_carea' id='block_1_102' title="bbox 485 5829 2072 5911">
    <p class='ocr_par' dir='ltr' id='par_1_102' title="bbox 485 5829 2072 5911">
     <span class='ocr_line' id='line_1_102' title="bbox 485 5829 2072 5911; baseline 0.013 -29"><span class='ocrx_word' id='word_1_794' title='bbox 485 5829 754 5896; x_wconf 82' lang='lat' dir='ltr'><strong>videatur,</strong></span> <span class='ocrx_word' id='word_1_795' title='bbox 783 5840 838 5889; x_wconf 93' lang='lat' dir='ltr'><strong>et</strong></span> <span class='ocrx_word' id='word_1_796' title='bbox 879 5848 977 5904; x_wconf 91' lang='lat' dir='ltr'><strong>per</strong></span> <span class='ocrx_word' id='word_1_797' title='bbox 999 5835 1375 5906; x_wconf 67' lang='lat' dir='ltr'><strong>penitentiam</strong></span> <span class='ocrx_word' id='word_1_798' title='bbox 1412 5839 1706 5896; x_wconf 90' lang='lat' dir='ltr'><strong>crucietur.</strong></span> <span class='ocrx_word' id='word_1_799' title='bbox 1733 5842 1885 5911; x_wconf 91' lang='lat' dir='ltr'><strong>Quod</strong></span> <span class='ocrx_word' id='word_1_800' title='bbox 1921 5845 1968 5901; x_wconf 92' lang='lat' dir='ltr'><strong>si</strong></span> <span class='ocrx_word' id='word_1_801' title='bbox 1997 5847 2072 5903; x_wconf 90' lang='lat' dir='ltr'><strong>ita</strong></span> 
     </span>
    </p>
   </div>
   <div class='ocr_carea' id='block_1_103' title="bbox 486 5921 2068 6012">
    <p class='ocr_par' dir='ltr' id='par_1_103' title="bbox 486 5921 2068 6012">
     <span class='ocr_line' id='line_1_103' title="bbox 486 5921 2068 6012; baseline 0.011 -35"><span class='ocrx_word' id='word_1_802' title='bbox 486 5921 673 5998; x_wconf 67' lang='lat' dir='ltr'><strong>punita</strong></span> <span class='ocrx_word' id='word_1_803' title='bbox 701 5931 804 5978; x_wconf 79' lang='lat' dir='ltr'><strong>est.</strong></span> <span class='ocrx_word' id='word_1_804' title='bbox 853 5943 872 5980; x_wconf 69' lang='grc' dir='ltr'>ς</span> <span class='ocrx_word' id='word_1_805' title='bbox 909 5925 1027 5982; x_wconf 86' lang='lat' dir='ltr'><strong>Non</strong></span> <span class='ocrx_word' id='word_1_806' title='bbox 1076 5928 1336 6002; x_wconf 85' lang='lat' dir='ltr'><strong>requirat.</strong></span> <span class='ocrx_word' id='word_1_807' title='bbox 1380 5952 1399 5986; x_wconf 75' lang='grc' dir='ltr'><strong>ι</strong></span> <span class='ocrx_word' id='word_1_808' title='bbox 1441 5933 1496 5988; x_wconf 89' lang='grc' dir='ltr'><strong>1η</strong></span> <span class='ocrx_word' id='word_1_809' title='bbox 1521 5932 1728 6006; x_wconf 84' lang='lat' dir='ltr'><strong>judicio</strong></span> <span class='ocrx_word' id='word_1_810' title='bbox 1755 5947 1812 5995; x_wconf 84' lang='lat' dir='ltr'><strong>ut.</strong></span> <span class='ocrx_word' id='word_1_811' title='bbox 1836 5941 2068 6012; x_wconf 84' lang='lat' dir='ltr'><strong>puniat;</strong></span> 
     </span>
    </p>
   </div>
   <div class='ocr_carea' id='block_1_104' title="bbox 2185 4826 3773 4903">
    <p class='ocr_par' dir='ltr' id='par_1_104' title="bbox 2185 4826 3773 4903">
     <span class='ocr_line' id='line_1_104' title="bbox 2185 4826 3773 4903; baseline 0.008 -21"><span class='ocrx_word' id='word_1_812' title='bbox 2185 4826 2353 4891; x_wconf 91' lang='lat' dir='ltr'><strong>conis,</strong></span> <span class='ocrx_word' id='word_1_813' title='bbox 2379 4826 2434 4882; x_wconf 93' lang='lat' dir='ltr'><strong>id</strong></span> <span class='ocrx_word' id='word_1_814' title='bbox 2458 4835 2560 4894; x_wconf 89' lang='lat' dir='ltr'><strong>est,</strong></span> <span class='ocrx_word' id='word_1_815' title='bbox 2589 4836 2834 4886; x_wconf 87' lang='lat' dir='ltr'><strong>extrema</strong></span> <span class='ocrx_word' id='word_1_816' title='bbox 2861 4832 3242 4902; x_wconf 87' lang='lat' dir='ltr'><strong>persecutione</strong></span> <span class='ocrx_word' id='word_1_817' title='bbox 3259 4833 3608 4903; x_wconf 81' lang='lat' dir='ltr'><strong>Antichristi,</strong></span> <span class='ocrx_word' id='word_1_818' title='bbox 3649 4846 3773 4894; x_wconf 79' lang='lat' dir='ltr'><strong>tra-</strong></span> 
     </span>
    </p>
   </div>
   <div class='ocr_carea' id='block_1_105' title="bbox 2183 4917 3770 4998">
    <p class='ocr_par' dir='ltr' id='par_1_105' title="bbox 2183 4917 3770 4998">
     <span class='ocr_line' id='line_1_105' title="bbox 2183 4917 3770 4998; baseline 0.01 -27"><span class='ocrx_word' id='word_1_819' title='bbox 2183 4917 2414 4984; x_wconf 89' lang='lat' dir='ltr'><strong>huntur;</strong></span> <span class='ocrx_word' id='word_1_820' title='bbox 2469 4919 2554 4975; x_wconf 69' lang='lat' dir='ltr'><strong>hae</strong></span> <span class='ocrx_word' id='word_1_821' title='bbox 2574 4919 3032 4992; x_wconf 89' lang='lat' dir='ltr'><strong>obtenebrantur,</strong></span> <span class='ocrx_word' id='word_1_822' title='bbox 3065 4925 3194 4998; x_wconf 91' lang='lat' dir='ltr'><strong>quia</strong></span> <span class='ocrx_word' id='word_1_823' title='bbox 3230 4927 3663 4986; x_wconf 76' lang='lat' dir='ltr'><strong>malitia-hostis</strong></span> <span class='ocrx_word' id='word_1_824' title='bbox 3690 4929 3770 4987; x_wconf 87' lang='lat' dir='ltr'><strong>sic</strong></span> 
     </span>
    </p>
   </div>
   <div class='ocr_carea' id='block_1_106' title="bbox 2183 5008 3770 5092">
    <p class='ocr_par' dir='ltr' id='par_1_106' title="bbox 2183 5008 3770 5092">
     <span class='ocr_line' id='line_1_106' title="bbox 2183 5008 3770 5092; baseline 0.009 -28"><span class='ocrx_word' id='word_1_825' title='bbox 2183 5008 2443 5080; x_wconf 66' lang='lat' dir='ltr'><strong>praevalet</strong></span> <span class='ocrx_word' id='word_1_826' title='bbox 2464 5009 2564 5078; x_wconf 89' lang='lat' dir='ltr'><strong>eis,</strong></span> <span class='ocrx_word' id='word_1_827' title='bbox 2587 5019 2648 5066; x_wconf 91' lang='lat' dir='ltr'><strong>ut</strong></span> <span class='ocrx_word' id='word_1_828' title='bbox 2675 5012 2879 5084; x_wconf 91' lang='lat' dir='ltr'><strong>apertis</strong></span> <span class='ocrx_word' id='word_1_829' title='bbox 2903 5013 3063 5071; x_wconf 88' lang='lat' dir='ltr'><strong>malis</strong></span> <span class='ocrx_word' id='word_1_830' title='bbox 3082 5014 3450 5088; x_wconf 86' lang='lat' dir='ltr'><strong>involvantur,</strong></span> <span class='ocrx_word' id='word_1_831' title='bbox 3475 5020 3669 5092; x_wconf 87' lang='lat' dir='ltr'><strong>quales</strong></span> <span class='ocrx_word' id='word_1_832' title='bbox 3691 5023 3770 5079; x_wconf 88' lang='lat' dir='ltr'><strong>in-</strong></span> 
     </span>
    </p>
   </div>
   <div class='ocr_carea' id='block_1_107' title="bbox 2185 5100 3768 5177">
    <p class='ocr_par' dir='ltr' id='par_1_107' title="bbox 2185 5100 3768 5177">
     <span class='ocr_line' id='line_1_107' title="bbox 2185 5100 3768 5177; baseline 0.009 -21"><span class='ocrx_word' id='word_1_833' title='bbox 2185 5110 2292 5168; x_wconf 89' lang='lat' dir='ltr'><strong>tus,</strong></span> <span class='ocrx_word' id='word_1_834' title='bbox 2309 5100 2445 5159; x_wconf 87' lang='lat' dir='ltr'><strong>tales</strong></span> <span class='ocrx_word' id='word_1_835' title='bbox 2465 5104 2722 5160; x_wconf 90' lang='lat' dir='ltr'><strong>exterius.</strong></span> <span class='ocrx_word' id='word_1_836' title='bbox 2744 5123 2764 5156; x_wconf 81' lang='grc'><em>‹</em></span> <span class='ocrx_word' id='word_1_837' title='bbox 2783 5104 3314 5177; x_wconf 68' lang='grc' dir='ltr'><strong>ΕκερεοιοῑΜοεω.»</strong></span> <span class='ocrx_word' id='word_1_838' title='bbox 3338 5109 3455 5169; x_wconf 78' lang='lat' dir='ltr'><strong>Hoc</strong></span> <span class='ocrx_word' id='word_1_839' title='bbox 3467 5113 3768 5170; x_wconf 83' lang='lat' dir='ltr'><strong>secundum</strong></span> 
     </span>
    </p>
   </div>
   <div class='ocr_carea' id='block_1_108' title="bbox 2181 5195 3768 5277">
    <p class='ocr_par' dir='ltr' id='par_1_108' title="bbox 2181 5195 3768 5277">
     <span class='ocr_line' id='line_1_108' title="bbox 2181 5195 3768 5277; baseline 0.008 -28"><span class='ocrx_word' id='word_1_840' title='bbox 2181 5195 2427 5251; x_wconf 88' lang='lat' dir='ltr'><strong>membra</strong></span> <span class='ocrx_word' id='word_1_841' title='bbox 2455 5196 2596 5268; x_wconf 89' lang='lat' dir='ltr'><strong>ejus,</strong></span> <span class='ocrx_word' id='word_1_842' title='bbox 2627 5205 2762 5266; x_wconf 91' lang='lat' dir='ltr'><strong>etc.,</strong></span> <span class='ocrx_word' id='word_1_843' title='bbox 2786 5214 2951 5271; x_wconf 80' lang='lat' dir='ltr'><strong>usque</strong></span> <span class='ocrx_word' id='word_1_844' title='bbox 2972 5200 3044 5255; x_wconf 83' lang='lat' dir='ltr'><strong>ad</strong></span> <span class='ocrx_word' id='word_1_845' title='bbox 3067 5213 3190 5273; x_wconf 66' lang='lat' dir='ltr'><strong>qua;</strong></span> <span class='ocrx_word' id='word_1_846' title='bbox 3217 5201 3499 5261; x_wconf 82' lang='lat' dir='ltr'><strong>Christum</strong></span> <span class='ocrx_word' id='word_1_847' title='bbox 3526 5205 3768 5277; x_wconf 80' lang='lat' dir='ltr'><strong>prophe-</strong></span> 
     </span>
    </p>
   </div>
   <div class='ocr_carea' id='block_1_109' title="bbox 2179 5285 3767 5368">
    <p class='ocr_par' dir='ltr' id='par_1_109' title="bbox 2179 5285 3767 5368">
     <span class='ocr_line' id='line_1_109' title="bbox 2179 5285 3767 5368; baseline 0.008 -27"><span class='ocrx_word' id='word_1_848' title='bbox 2179 5285 2348 5343; x_wconf 88' lang='lat' dir='ltr'><strong>tando</strong></span> <span class='ocrx_word' id='word_1_849' title='bbox 2372 5289 2649 5358; x_wconf 87' lang='lat' dir='ltr'><strong>sustinuit,</strong></span> <span class='ocrx_word' id='word_1_850' title='bbox 2670 5291 3082 5349; x_wconf 86' lang='lat' dir='ltr'><strong>sedvenientem</strong></span> <span class='ocrx_word' id='word_1_851' title='bbox 3093 5309 3201 5350; x_wconf 89' lang='lat' dir='ltr'><strong>non</strong></span> <span class='ocrx_word' id='word_1_852' title='bbox 3215 5295 3487 5368; x_wconf 86' lang='lat' dir='ltr'><strong>cognovit.</strong></span> <span class='ocrx_word' id='word_1_853' title='bbox 3513 5315 3532 5349; x_wconf 73' lang='grc' dir='ltr'>ς</span> <span class='ocrx_word' id='word_1_854' title='bbox 3552 5294 3767 5354; x_wconf 66' lang='lat' dir='ltr'><strong>Recor-</strong></span> 
     </span>
    </p>
   </div>
   <div class='ocr_carea' id='block_1_110' title="bbox 2179 5386 3767 5465">
    <p class='ocr_par' dir='ltr' id='par_1_110' title="bbox 2179 5386 3767 5465">
     <span class='ocr_line' id='line_1_110' title="bbox 2179 5386 3767 5465; baseline 0.006 -27"><span class='ocrx_word' id='word_1_855' title='bbox 2179 5389 2293 5439; x_wconf 90' lang='lat' dir='ltr'><strong>tum</strong></span> <span class='ocrx_word' id='word_1_856' title='bbox 2333 5386 2608 5458; x_wconf 88' lang='lat' dir='ltr'><strong>surgentis</strong></span> <span class='ocrx_word' id='word_1_857' title='bbox 2656 5401 2886 5444; x_wconf 67' lang='lat' dir='ltr'><strong>aurorae.</strong></span> <span class='ocrx_word' id='word_1_858' title='bbox 2937 5408 2959 5444; x_wconf 74' lang='grc' dir='ltr'><strong>ι</strong></span> <span class='ocrx_word' id='word_1_859' title='bbox 3007 5388 3198 5465; x_wconf 73' lang='grc' dir='ltr'><strong>(Ιιίά.)</strong></span> <span class='ocrx_word' id='word_1_860' title='bbox 3238 5390 3404 5449; x_wconf 88' lang='lat' dir='ltr'><strong>Ortus</strong></span> <span class='ocrx_word' id='word_1_861' title='bbox 3442 5408 3658 5452; x_wconf 75' lang='lat' dir='ltr'><strong>aurora:</strong></span> <span class='ocrx_word' id='word_1_862' title='bbox 3685 5402 3767 5451; x_wconf 85' lang='lat' dir='ltr'><strong>est</strong></span> 
     </span>
    </p>
   </div>
   <div class='ocr_carea' id='block_1_111' title="bbox 2178 5477 3765 5553">
    <p class='ocr_par' dir='ltr' id='par_1_111' title="bbox 2178 5477 3765 5553">
     <span class='ocr_line' id='line_1_111' title="bbox 2178 5477 3765 5553; baseline 0.006 -21"><span class='ocrx_word' id='word_1_863' title='bbox 2178 5489 2318 5532; x_wconf 91' lang='lat' dir='ltr'><strong>nova</strong></span> <span class='ocrx_word' id='word_1_864' title='bbox 2344 5477 2605 5535; x_wconf 87' lang='lat' dir='ltr'><strong>nativitas</strong></span> <span class='ocrx_word' id='word_1_865' title='bbox 2633 5480 3068 5548; x_wconf 89' lang='lat' dir='ltr'><strong>resurrectionis,</strong></span> <span class='ocrx_word' id='word_1_866' title='bbox 3101 5497 3209 5553; x_wconf 90' lang='lat' dir='ltr'><strong>qua</strong></span> <span class='ocrx_word' id='word_1_867' title='bbox 3233 5485 3406 5540; x_wconf 89' lang='lat' dir='ltr'><strong>sancti</strong></span> <span class='ocrx_word' id='word_1_868' title='bbox 3436 5500 3563 5542; x_wconf 91' lang='lat' dir='ltr'><strong>cum</strong></span> <span class='ocrx_word' id='word_1_869' title='bbox 3600 5500 3765 5544; x_wconf 78' lang='lat' dir='ltr'><strong>came</strong></span> 
     </span>
    </p>
   </div>
   <div class='ocr_carea' id='block_1_112' title="bbox 2180 5566 3768 5649">
    <p class='ocr_par' dir='ltr' id='par_1_112' title="bbox 2180 5566 3768 5649">
     <span class='ocr_line' id='line_1_112' title="bbox 2180 5566 3768 5649; baseline 0.008 -26"><span class='ocrx_word' id='word_1_870' title='bbox 2180 5566 2427 5624; x_wconf 86' lang='lat' dir='ltr'><strong>orientur</strong></span> <span class='ocrx_word' id='word_1_871' title='bbox 2445 5569 2513 5625; x_wconf 92' lang='lat' dir='ltr'><strong>ad</strong></span> <span class='ocrx_word' id='word_1_872' title='bbox 2532 5569 2821 5628; x_wconf 89' lang='lat' dir='ltr'><strong>videndum</strong></span> <span class='ocrx_word' id='word_1_873' title='bbox 2847 5571 3028 5630; x_wconf 88' lang='lat' dir='ltr'><strong>lumen</strong></span> <span class='ocrx_word' id='word_1_874' title='bbox 3047 5581 3331 5632; x_wconf 62' lang='lat' dir='ltr'><strong>aeternum.</strong></span> <span class='ocrx_word' id='word_1_875' title='bbox 3348 5575 3455 5634; x_wconf 85' lang='lat' dir='ltr'><strong>Sed</strong></span> <span class='ocrx_word' id='word_1_876' title='bbox 3477 5588 3768 5649; x_wconf 88' lang='lat' dir='ltr'><strong>quantum-</strong></span> 
     </span>
    </p>
   </div>
   <div class='ocr_carea' id='block_1_113' title="bbox 2182 5660 3766 5742">
    <p class='ocr_par' dir='ltr' id='par_1_113' title="bbox 2182 5660 3766 5742">
     <span class='ocr_line' id='line_1_113' title="bbox 2182 5660 3766 5742; baseline 0.009 -28"><span class='ocrx_word' id='word_1_877' title='bbox 2182 5674 2394 5730; x_wconf 90' lang='lat' dir='ltr'><strong>cunque</strong></span> <span class='ocrx_word' id='word_1_878' title='bbox 2416 5661 2504 5718; x_wconf 92' lang='lat' dir='ltr'><strong>hic</strong></span> <span class='ocrx_word' id='word_1_879' title='bbox 2527 5660 2768 5734; x_wconf 87' lang='lat' dir='ltr'><strong>fulgeant</strong></span> <span class='ocrx_word' id='word_1_880' title='bbox 2793 5663 2970 5730; x_wconf 83' lang='lat' dir='ltr'><strong>electi,</strong></span> <span class='ocrx_word' id='word_1_881' title='bbox 3003 5675 3281 5738; x_wconf 89' lang='lat' dir='ltr'><strong>nequeunt</strong></span> <span class='ocrx_word' id='word_1_882' title='bbox 3305 5678 3596 5740; x_wconf 88' lang='lat' dir='ltr'><strong>penetrare</strong></span> <span class='ocrx_word' id='word_1_883' title='bbox 3645 5685 3766 5742; x_wconf 74' lang='lat' dir='ltr'><strong>qua</strong></span> 
     </span>
    </p>
   </div>
   <div class='ocr_carea' id='block_1_114' title="bbox 2179 5752 3766 5825">
    <p class='ocr_par' dir='ltr' id='par_1_114' title="bbox 2179 5752 3766 5825">
     <span class='ocr_line' id='line_1_114' title="bbox 2179 5752 3766 5825; baseline 0.008 -18"><span class='ocrx_word' id='word_1_884' title='bbox 2179 5752 2286 5808; x_wconf 91' lang='lat' dir='ltr'><strong>erit</strong></span> <span class='ocrx_word' id='word_1_885' title='bbox 2315 5752 2404 5809; x_wconf 91' lang='lat' dir='ltr'><strong>illa</strong></span> <span class='ocrx_word' id='word_1_886' title='bbox 2426 5753 2597 5825; x_wconf 87' lang='lat' dir='ltr'><strong>gloria</strong></span> <span class='ocrx_word' id='word_1_887' title='bbox 2627 5755 2772 5812; x_wconf 90' lang='lat' dir='ltr'><strong>illius</strong></span> <span class='ocrx_word' id='word_1_888' title='bbox 2795 5771 2946 5813; x_wconf 67' lang='lat' dir='ltr'><strong>novm</strong></span> <span class='ocrx_word' id='word_1_889' title='bbox 2975 5758 3312 5815; x_wconf 88' lang='lat' dir='ltr'><strong>nativitatis:</strong></span> <span class='ocrx_word' id='word_1_890' title='bbox 3359 5761 3476 5817; x_wconf 67' lang='lat' dir='ltr'><strong>haec</strong></span> <span class='ocrx_word' id='word_1_891' title='bbox 3520 5777 3626 5818; x_wconf 87' lang='lat' dir='ltr'><strong>nox</strong></span> <span class='ocrx_word' id='word_1_892' title='bbox 3655 5777 3766 5819; x_wconf 89' lang='lat' dir='ltr'><strong>non</strong></span> 
     </span>
    </p>
   </div>
   <div class='ocr_carea' id='block_1_115' title="bbox 2179 5848 3768 5926">
    <p class='ocr_par' dir='ltr' id='par_1_115' title="bbox 2179 5848 3768 5926">
     <span class='ocr_line' id='line_1_115' title="bbox 2179 5848 3768 5926; baseline 0.005 -21"><span class='ocrx_word' id='word_1_893' title='bbox 2179 5848 2390 5918; x_wconf 87' lang='lat' dir='ltr'><strong>clausit,</strong></span> <span class='ocrx_word' id='word_1_894' title='bbox 2433 5852 2527 5907; x_wconf 90' lang='lat' dir='ltr'><strong>sed</strong></span> <span class='ocrx_word' id='word_1_895' title='bbox 2557 5851 2770 5922; x_wconf 87' lang='lat' dir='ltr'><strong>aperuit</strong></span> <span class='ocrx_word' id='word_1_896' title='bbox 2801 5852 2939 5908; x_wconf 89' lang='lat' dir='ltr'><strong>ostia</strong></span> <span class='ocrx_word' id='word_1_897' title='bbox 2962 5853 3192 5921; x_wconf 88' lang='lat' dir='ltr'><strong>ventris,</strong></span> <span class='ocrx_word' id='word_1_898' title='bbox 3219 5854 3343 5924; x_wconf 88' lang='lat' dir='ltr'><strong>quia</strong></span> <span class='ocrx_word' id='word_1_899' title='bbox 3366 5863 3634 5926; x_wconf 87' lang='lat' dir='ltr'><strong>concepto</strong></span> <span class='ocrx_word' id='word_1_900' title='bbox 3673 5855 3768 5913; x_wconf 86' lang='lat' dir='ltr'><strong>ho-</strong></span> 
     </span>
    </p>
   </div>
   <div class='ocr_carea' id='block_1_116' title="bbox 2176 5943 3775 6032">
    <p class='ocr_par' dir='ltr' id='par_1_116' title="bbox 2176 5943 3775 6032">
     <span class='ocr_line' id='line_1_116' title="bbox 2176 5943 3775 6032; baseline 0.007 -32"><span class='ocrx_word' id='word_1_901' title='bbox 2176 5943 2341 6008; x_wconf 86' lang='lat' dir='ltr'><strong>mine,</strong></span> <span class='ocrx_word' id='word_1_902' title='bbox 2373 5946 2438 6001; x_wconf 85' lang='lat' dir='ltr'><strong>ad</strong></span> <span class='ocrx_word' id='word_1_903' title='bbox 2459 5955 2736 6016; x_wconf 81' lang='lat' dir='ltr'><strong>peccatum</strong></span> <span class='ocrx_word' id='word_1_904' title='bbox 2769 5945 3037 6004; x_wconf 80' lang='lat' dir='ltr'><strong>desideria</strong></span> <span class='ocrx_word' id='word_1_905' title='bbox 3055 5944 3526 6024; x_wconf 75' lang='lat' dir='ltr'><strong>concupiscentiae,</strong></span> <span class='ocrx_word' id='word_1_906' title='bbox 3549 5961 3775 6032; x_wconf 54' lang='lat' dir='ltr'><strong>reserag</strong></span> 
     </span>
    </p>
   </div>
  </div>
