  <div class='ocr_page' id='page_1' title='image "/cluster/home/n/w/nwhite01/storage/ocr_20150623/113/hvd.32044018909572/386.png"; bbox 0 0 3982 6352; ppageno 0'>
   <div class='ocr_carea' id='block_1_1' title="bbox 267 453 368 511">
    <p class='ocr_par' dir='ltr' id='par_1_1' title="bbox 267 453 368 511">
     <span class='ocr_line' id='line_1_1' title="bbox 267 453 368 511; baseline -0.01 0"><span class='ocrx_word' id='word_1_1' title='bbox 267 453 368 511; x_wconf 79' lang='grc'><strong>761</strong></span> 
     </span>
    </p>
   </div>
   <div class='ocr_carea' id='block_1_2' title="bbox 1296 446 2444 510">
    <p class='ocr_par' dir='ltr' id='par_1_2' title="bbox 1296 446 2444 510">
     <span class='ocr_line' id='line_1_2' title="bbox 1296 446 2444 510; baseline -0.003 -3"><span class='ocrx_word' id='word_1_2' title='bbox 1296 449 1560 510; x_wconf 79' lang='lat' dir='ltr'><strong>GLOSSA</strong></span> <span class='ocrx_word' id='word_1_3' title='bbox 1599 446 1997 510; x_wconf 81' lang='lat' dir='ltr'><strong>0RDINARIA.</strong></span> <span class='ocrx_word' id='word_1_4' title='bbox 2031 479 2102 490; x_wconf 87' lang='lat'><strong>--</strong></span> <span class='ocrx_word' id='word_1_5' title='bbox 2135 447 2264 506; x_wconf 86' lang='lat' dir='ltr'><strong>LIB.</strong></span> <span class='ocrx_word' id='word_1_6' title='bbox 2302 447 2444 507; x_wconf 78' lang='lat' dir='ltr'><strong>JOB.</strong></span> 
     </span>
    </p>
   </div>
   <div class='ocr_carea' id='block_1_3' title="bbox 3427 445 3536 506">
    <p class='ocr_par' dir='ltr' id='par_1_3' title="bbox 3427 445 3536 506">
     <span class='ocr_line' id='line_1_3' title="bbox 3427 445 3536 506; baseline 0 -1"><span class='ocrx_word' id='word_1_7' title='bbox 3427 445 3536 506; x_wconf 64' lang='lat'><strong>762</strong></span> 
     </span>
    </p>
   </div>
   <div class='ocr_carea' id='block_1_4' title="bbox 268 559 3533 635">
    <p class='ocr_par' dir='ltr' id='par_1_4' title="bbox 268 559 3533 635">
     <span class='ocr_line' id='line_1_4' title="bbox 268 559 3533 635; baseline 0 -17"><span class='ocrx_word' id='word_1_8' title='bbox 268 567 365 620; x_wconf 85' lang='lat' dir='ltr'><strong>vit.</strong></span> <span class='ocrx_word' id='word_1_9' title='bbox 397 561 494 620; x_wconf 87' lang='lat' dir='ltr'><strong>llis</strong></span> <span class='ocrx_word' id='word_1_10' title='bbox 523 570 708 620; x_wconf 87' lang='lat' dir='ltr'><strong>autem</strong></span> <span class='ocrx_word' id='word_1_11' title='bbox 727 561 904 634; x_wconf 88' lang='lat' dir='ltr'><strong>ostiis,</strong></span> <span class='ocrx_word' id='word_1_12' title='bbox 939 562 994 620; x_wconf 98' lang='lat' dir='ltr'><strong>id</strong></span> <span class='ocrx_word' id='word_1_13' title='bbox 1018 570 1124 630; x_wconf 89' lang='lat' dir='ltr'><strong>est,</strong></span> <span class='ocrx_word' id='word_1_14' title='bbox 1156 561 1442 620; x_wconf 81' lang='lat' dir='ltr'><strong>desideriis</strong></span> <span class='ocrx_word' id='word_1_15' title='bbox 1464 563 1852 635; x_wconf 87' lang='lat' dir='ltr'><strong>concupiscen-</strong></span> <span class='ocrx_word' id='word_1_16' title='bbox 1876 564 1930 625; x_wconf 77' lang='grc' dir='ltr'><strong>Α</strong></span> <span class='ocrx_word' id='word_1_17' title='bbox 1956 567 2041 617; x_wconf 92' lang='lat' dir='ltr'><strong>ter</strong></span> <span class='ocrx_word' id='word_1_18' title='bbox 2061 577 2092 617; x_wconf 88' lang='lat' dir='ltr'><strong>a</strong></span> <span class='ocrx_word' id='word_1_19' title='bbox 2123 577 2221 618; x_wconf 88' lang='lat' dir='ltr'><strong>sua</strong></span> <span class='ocrx_word' id='word_1_20' title='bbox 2244 561 2447 618; x_wconf 90' lang='lat' dir='ltr'><strong>virtute</strong></span> <span class='ocrx_word' id='word_1_21' title='bbox 2468 560 2671 628; x_wconf 78' lang='lat' dir='ltr'><strong>deﬁcit,</strong></span> <span class='ocrx_word' id='word_1_22' title='bbox 2705 569 2762 618; x_wconf 88' lang='lat' dir='ltr'><strong>et</strong></span> <span class='ocrx_word' id='word_1_23' title='bbox 2785 573 2895 634; x_wconf 91' lang='lat' dir='ltr'><strong>quo</strong></span> <span class='ocrx_word' id='word_1_24' title='bbox 2915 559 3112 618; x_wconf 87' lang='lat' dir='ltr'><strong>fortius</strong></span> <span class='ocrx_word' id='word_1_25' title='bbox 3139 568 3346 618; x_wconf 83' lang='lat' dir='ltr'><strong>aeterna</strong></span> <span class='ocrx_word' id='word_1_26' title='bbox 3372 564 3533 633; x_wconf 89' lang='lat' dir='ltr'><strong>petit,</strong></span> 
     </span>
    </p>
   </div>
   <div class='ocr_carea' id='block_1_5' title="bbox 267 653 1857 728">
    <p class='ocr_par' dir='ltr' id='par_1_5' title="bbox 267 653 1857 728">
     <span class='ocr_line' id='line_1_5' title="bbox 267 653 1857 728; baseline -0.002 -17"><span class='ocrx_word' id='word_1_27' title='bbox 267 659 356 713; x_wconf 72' lang='lat' dir='ltr'><strong>tia:</strong></span> <span class='ocrx_word' id='word_1_28' title='bbox 382 653 619 713; x_wconf 83' lang='lat' dir='ltr'><strong>carnalis</strong></span> <span class='ocrx_word' id='word_1_29' title='bbox 643 655 922 722; x_wconf 74' lang='lat' dir='ltr'><strong>reseratis,</strong></span> <span class='ocrx_word' id='word_1_30' title='bbox 941 656 1007 712; x_wconf 91' lang='lat' dir='ltr'><strong>ad</strong></span> <span class='ocrx_word' id='word_1_31' title='bbox 1022 656 1304 712; x_wconf 88' lang='lat' dir='ltr'><strong>innumera</strong></span> <span class='ocrx_word' id='word_1_32' title='bbox 1331 656 1696 728; x_wconf 73' lang='lat' dir='ltr'><strong>corruptionis</strong></span> <span class='ocrx_word' id='word_1_33' title='bbox 1714 653 1857 711; x_wconf 90' lang='lat' dir='ltr'><strong>mala</strong></span> 
     </span>
    </p>
   </div>
   <div class='ocr_carea' id='block_1_6' title="bbox 267 745 1858 822">
    <p class='ocr_par' dir='ltr' id='par_1_6' title="bbox 267 745 1858 822">
     <span class='ocr_line' id='line_1_6' title="bbox 267 745 1858 822; baseline -0.003 -16"><span class='ocrx_word' id='word_1_34' title='bbox 267 749 659 822; x_wconf 71' lang='lat' dir='ltr'><strong>pertrahimur.</strong></span> <span class='ocrx_word' id='word_1_35' title='bbox 686 745 842 805; x_wconf 85' lang='lat' dir='ltr'><strong>Unde</strong></span> <span class='ocrx_word' id='word_1_36' title='bbox 869 747 1077 820; x_wconf 78' lang='lat' dir='ltr'><strong>gravati</strong></span> <span class='ocrx_word' id='word_1_37' title='bbox 1097 749 1396 821; x_wconf 75' lang='lat' dir='ltr'><strong>gemimus:</strong></span> <span class='ocrx_word' id='word_1_38' title='bbox 1427 749 1555 820; x_wconf 83' lang='lat' dir='ltr'><strong>quia</strong></span> <span class='ocrx_word' id='word_1_39' title='bbox 1577 748 1680 805; x_wconf 87' lang='lat' dir='ltr'><strong>hoc</strong></span> <span class='ocrx_word' id='word_1_40' title='bbox 1699 746 1858 818; x_wconf 89' lang='lat' dir='ltr'><strong>justi-</strong></span> 
     </span>
    </p>
   </div>
   <div class='ocr_carea' id='block_1_7' title="bbox 267 838 1858 914">
    <p class='ocr_par' dir='ltr' id='par_1_7' title="bbox 267 838 1858 914">
     <span class='ocr_line' id='line_1_7' title="bbox 267 838 1858 914; baseline -0.002 -16"><span class='ocrx_word' id='word_1_41' title='bbox 267 843 344 898; x_wconf 90' lang='lat' dir='ltr'><strong>tia</strong></span> <span class='ocrx_word' id='word_1_42' title='bbox 386 841 576 914; x_wconf 90' lang='lat' dir='ltr'><strong>exigit,</strong></span> <span class='ocrx_word' id='word_1_43' title='bbox 620 847 688 897; x_wconf 90' lang='lat' dir='ltr'><strong>ut</strong></span> <span class='ocrx_word' id='word_1_44' title='bbox 726 839 874 912; x_wconf 91' lang='lat' dir='ltr'><strong>quod</strong></span> <span class='ocrx_word' id='word_1_45' title='bbox 929 847 1124 912; x_wconf 84' lang='lat' dir='ltr'><strong>sponte</strong></span> <span class='ocrx_word' id='word_1_46' title='bbox 1170 838 1418 908; x_wconf 86' lang='lat' dir='ltr'><strong>fecimus,</strong></span> <span class='ocrx_word' id='word_1_47' title='bbox 1459 839 1622 896; x_wconf 83' lang='lat' dir='ltr'><strong>inviti</strong></span> <span class='ocrx_word' id='word_1_48' title='bbox 1664 839 1858 896; x_wconf 80' lang='lat' dir='ltr'><strong>tolere-</strong></span> 
     </span>
    </p>
   </div>
   <div class='ocr_carea' id='block_1_8' title="bbox 265 948 410 990">
    <p class='ocr_par' dir='ltr' id='par_1_8' title="bbox 265 948 410 990">
     <span class='ocr_line' id='line_1_8' title="bbox 265 948 410 990; baseline -0.014 0"><span class='ocrx_word' id='word_1_49' title='bbox 265 948 410 990; x_wconf 90' lang='lat' dir='ltr'><strong>mus.</strong></span> 
     </span>
    </p>
   </div>
   <div class='ocr_carea' id='block_1_9' title="bbox 313 1013 1852 1093">
    <p class='ocr_par' dir='ltr' id='par_1_9' title="bbox 313 1013 1852 1093">
     <span class='ocr_line' id='line_1_9' title="bbox 313 1013 1852 1093; baseline -0.003 -11"><span class='ocrx_word' id='word_1_50' title='bbox 313 1013 506 1082; x_wconf 41' lang='lat' dir='ltr'><strong>&#39;Vsns.</strong></span> <span class='ocrx_word' id='word_1_51' title='bbox 537 1023 625 1080; x_wconf 89' lang='grc'><strong>10.</strong></span> <span class='ocrx_word' id='word_1_52' title='bbox 655 1053 729 1066; x_wconf 92' lang='grc'><strong><em>-</em></strong></span> <span class='ocrx_word' id='word_1_53' title='bbox 767 1041 789 1077; x_wconf 80' lang='lat' dir='ltr'><strong>t</strong></span> <span class='ocrx_word' id='word_1_54' title='bbox 827 1022 970 1093; x_wconf 88' lang='lat' dir='ltr'><strong>Quia</strong></span> <span class='ocrx_word' id='word_1_55' title='bbox 1004 1038 1114 1081; x_wconf 92' lang='lat' dir='ltr'><strong>non</strong></span> <span class='ocrx_word' id='word_1_56' title='bbox 1149 1023 1419 1082; x_wconf 86' lang='lat' dir='ltr'><strong>conclusit</strong></span> <span class='ocrx_word' id='word_1_57' title='bbox 1445 1023 1585 1080; x_wconf 90' lang='lat' dir='ltr'><strong>ostia</strong></span> <span class='ocrx_word' id='word_1_58' title='bbox 1613 1019 1852 1090; x_wconf 80' lang='lat' dir='ltr'><strong>ventris,</strong></span> 
     </span>
    </p>
   </div>
   <div class='ocr_carea' id='block_1_10' title="bbox 268 1113 1856 1218">
    <p class='ocr_par' dir='ltr' id='par_1_10' title="bbox 268 1113 1856 1218">
     <span class='ocr_line' id='line_1_10' title="bbox 268 1113 1856 1218; baseline -0.001 -46"><span class='ocrx_word' id='word_1_59' title='bbox 268 1125 378 1174; x_wconf 90' lang='lat' dir='ltr'><strong>etc.</strong></span> <span class='ocrx_word' id='word_1_60' title='bbox 418 1135 438 1169; x_wconf 76' lang='grc' dir='ltr'><strong>ι</strong></span> <span class='ocrx_word' id='word_1_61' title='bbox 473 1113 681 1218; x_wconf 53' lang='grc' dir='ltr'><strong>Ηοαέιε</strong></span> <span class='ocrx_word' id='word_1_62' title='bbox 713 1115 837 1188; x_wconf 90' lang='lat' dir='ltr'><strong>ipso</strong></span> <span class='ocrx_word' id='word_1_63' title='bbox 865 1115 1063 1188; x_wconf 85' lang='lat' dir='ltr'><strong>capite,</strong></span> <span class='ocrx_word' id='word_1_64' title='bbox 1087 1124 1221 1184; x_wconf 90' lang='lat' dir='ltr'><strong>etc.,</strong></span> <span class='ocrx_word' id='word_1_65' title='bbox 1250 1132 1413 1188; x_wconf 75' lang='lat' dir='ltr'><strong>usque</strong></span> <span class='ocrx_word' id='word_1_66' title='bbox 1438 1114 1509 1169; x_wconf 84' lang='lat' dir='ltr'><strong>ad</strong></span> <span class='ocrx_word' id='word_1_67' title='bbox 1534 1121 1596 1170; x_wconf 93' lang='lat' dir='ltr'><strong>ut</strong></span> <span class='ocrx_word' id='word_1_68' title='bbox 1615 1113 1856 1170; x_wconf 85' lang='lat' dir='ltr'><strong>latrones</strong></span> 
     </span>
    </p>
   </div>
   <div class='ocr_carea' id='block_1_11' title="bbox 272 1207 1581 1278">
    <p class='ocr_par' dir='ltr' id='par_1_11' title="bbox 272 1207 1581 1278">
     <span class='ocr_line' id='line_1_11' title="bbox 272 1207 1581 1278; baseline -0.002 -13"><span class='ocrx_word' id='word_1_69' title='bbox 272 1209 502 1265; x_wconf 85' lang='lat' dir='ltr'><strong>dicimus</strong></span> <span class='ocrx_word' id='word_1_70' title='bbox 519 1207 699 1278; x_wconf 57' lang='lat' dir='ltr'><strong>captis</strong></span> <span class='ocrx_word' id='word_1_71' title='bbox 717 1207 889 1264; x_wconf 84' lang='lat' dir='ltr'><strong>vitam</strong></span> <span class='ocrx_word' id='word_1_72' title='bbox 922 1208 1076 1276; x_wconf 88' lang='lat' dir='ltr'><strong>dare,</strong></span> <span class='ocrx_word' id='word_1_73' title='bbox 1099 1208 1148 1265; x_wconf 88' lang='lat' dir='ltr'><strong>si</strong></span> <span class='ocrx_word' id='word_1_74' title='bbox 1172 1223 1282 1265; x_wconf 91' lang='lat' dir='ltr'><strong>non</strong></span> <span class='ocrx_word' id='word_1_75' title='bbox 1306 1207 1581 1264; x_wconf 89' lang='lat' dir='ltr'><strong>auferunt.</strong></span> 
     </span>
    </p>
   </div>
   <div class='ocr_carea' id='block_1_12' title="bbox 341 1285 1852 1366">
    <p class='ocr_par' dir='ltr' id='par_1_12' title="bbox 341 1285 1852 1366">
     <span class='ocr_line' id='line_1_12' title="bbox 341 1285 1852 1366; baseline -0.001 -14"><span class='ocrx_word' id='word_1_76' title='bbox 341 1285 512 1353; x_wconf 72' lang='lat' dir='ltr'><strong>Vens.</strong></span> <span class='ocrx_word' id='word_1_77' title='bbox 543 1297 632 1352; x_wconf 92' lang='grc'><strong>11.</strong></span> <span class='ocrx_word' id='word_1_78' title='bbox 657 1325 731 1340; x_wconf 91' lang='lat'><strong>-</strong></span> <span class='ocrx_word' id='word_1_79' title='bbox 762 1314 783 1350; x_wconf 73' lang='grc' dir='ltr'><strong>ι</strong></span> <span class='ocrx_word' id='word_1_80' title='bbox 809 1296 991 1366; x_wconf 84' lang='lat' dir='ltr'><strong>Quare</strong></span> <span class='ocrx_word' id='word_1_81' title='bbox 1014 1313 1122 1356; x_wconf 93' lang='lat' dir='ltr'><strong>non</strong></span> <span class='ocrx_word' id='word_1_82' title='bbox 1143 1297 1201 1354; x_wconf 91' lang='lat' dir='ltr'><strong>in</strong></span> <span class='ocrx_word' id='word_1_83' title='bbox 1223 1296 1385 1354; x_wconf 87' lang='lat' dir='ltr'><strong>vulva</strong></span> <span class='ocrx_word' id='word_1_84' title='bbox 1404 1306 1647 1354; x_wconf 90' lang='lat' dir='ltr'><strong>mortuus</strong></span> <span class='ocrx_word' id='word_1_85' title='bbox 1666 1311 1807 1354; x_wconf 92' lang='lat' dir='ltr'><strong>sum.</strong></span> <span class='ocrx_word' id='word_1_86' title='bbox 1830 1315 1852 1351; x_wconf 65' lang='grc' dir='ltr'><strong>ι</strong></span> 
     </span>
    </p>
   </div>
   <div class='ocr_carea' id='block_1_13' title="bbox 270 1386 1859 1461">
    <p class='ocr_par' dir='ltr' id='par_1_13' title="bbox 270 1386 1859 1461">
     <span class='ocr_line' id='line_1_13' title="bbox 270 1386 1859 1461; baseline 0.001 -17"><span class='ocrx_word' id='word_1_87' title='bbox 270 1386 391 1444; x_wconf 87' lang='lat' dir='ltr'><strong>Non</strong></span> <span class='ocrx_word' id='word_1_88' title='bbox 422 1395 508 1444; x_wconf 87' lang='lat' dir='ltr'><strong>est</strong></span> <span class='ocrx_word' id='word_1_89' title='bbox 531 1387 885 1454; x_wconf 88' lang='lat' dir='ltr'><strong>credendum,</strong></span> <span class='ocrx_word' id='word_1_90' title='bbox 907 1395 1039 1457; x_wconf 90' lang='lat' dir='ltr'><strong>etc.,</strong></span> <span class='ocrx_word' id='word_1_91' title='bbox 1074 1405 1236 1461; x_wconf 80' lang='lat' dir='ltr'><strong>usque</strong></span> <span class='ocrx_word' id='word_1_92' title='bbox 1263 1389 1334 1445; x_wconf 84' lang='lat' dir='ltr'><strong>ad</strong></span> <span class='ocrx_word' id='word_1_93' title='bbox 1359 1405 1428 1446; x_wconf 93' lang='lat' dir='ltr'><strong>ne</strong></span> <span class='ocrx_word' id='word_1_94' title='bbox 1453 1389 1522 1446; x_wconf 90' lang='lat' dir='ltr'><strong>ad</strong></span> <span class='ocrx_word' id='word_1_95' title='bbox 1545 1388 1859 1446; x_wconf 90' lang='lat' dir='ltr'><strong>delectatio-</strong></span> 
     </span>
    </p>
   </div>
   <div class='ocr_carea' id='block_1_14' title="bbox 272 1479 1852 1554">
    <p class='ocr_par' dir='ltr' id='par_1_14' title="bbox 272 1479 1852 1554">
     <span class='ocr_line' id='line_1_14' title="bbox 272 1479 1852 1554; baseline -0.001 -20"><span class='ocrx_word' id='word_1_96' title='bbox 272 1494 398 1536; x_wconf 91' lang='lat' dir='ltr'><strong>nem</strong></span> <span class='ocrx_word' id='word_1_97' title='bbox 445 1479 721 1552; x_wconf 88' lang='lat' dir='ltr'><strong>suggestio</strong></span> <span class='ocrx_word' id='word_1_98' title='bbox 759 1481 1022 1537; x_wconf 87' lang='lat' dir='ltr'><strong>traheret.</strong></span> <span class='ocrx_word' id='word_1_99' title='bbox 1056 1500 1075 1533; x_wconf 87' lang='grc'><em>‹</em></span> <span class='ocrx_word' id='word_1_100' title='bbox 1114 1480 1183 1538; x_wconf 84' lang='grc' dir='ltr'><em>Ει</em></span> <span class='ocrx_word' id='word_1_101' title='bbox 1217 1495 1471 1554; x_wconf 89' lang='lat' dir='ltr'><strong>egressus</strong></span> <span class='ocrx_word' id='word_1_102' title='bbox 1513 1495 1582 1536; x_wconf 83' lang='lat' dir='ltr'><strong>ex</strong></span> <span class='ocrx_word' id='word_1_103' title='bbox 1617 1489 1793 1538; x_wconf 86' lang='lat' dir='ltr'><strong>utero.</strong></span> <span class='ocrx_word' id='word_1_104' title='bbox 1831 1498 1852 1532; x_wconf 73' lang='grc' dir='ltr'><strong>ι</strong></span> 
     </span>
    </p>
   </div>
   <div class='ocr_carea' id='block_1_15' title="bbox 275 1569 1860 1644">
    <p class='ocr_par' dir='ltr' id='par_1_15' title="bbox 275 1569 1860 1644">
     <span class='ocr_line' id='line_1_15' title="bbox 275 1569 1860 1644; baseline 0.001 -17"><span class='ocrx_word' id='word_1_105' title='bbox 275 1569 493 1643; x_wconf 61' lang='grc' dir='ltr'><strong>(ϐεδε.)</strong></span> <span class='ocrx_word' id='word_1_106' title='bbox 521 1571 659 1640; x_wconf 87' lang='lat' dir='ltr'><strong>Quia</strong></span> <span class='ocrx_word' id='word_1_107' title='bbox 681 1580 962 1643; x_wconf 87' lang='lat' dir='ltr'><strong>peccatum</strong></span> <span class='ocrx_word' id='word_1_108' title='bbox 991 1579 1310 1644; x_wconf 90' lang='lat' dir='ltr'><strong>conceptum</strong></span> <span class='ocrx_word' id='word_1_109' title='bbox 1336 1572 1502 1640; x_wconf 88' lang='lat' dir='ltr'><strong>foras,</strong></span> <span class='ocrx_word' id='word_1_110' title='bbox 1542 1581 1672 1640; x_wconf 89' lang='lat' dir='ltr'><strong>etc.,</strong></span> <span class='ocrx_word' id='word_1_111' title='bbox 1695 1589 1860 1644; x_wconf 74' lang='lat' dir='ltr'><strong>usque</strong></span> 
     </span>
    </p>
   </div>
   <div class='ocr_carea' id='block_1_16' title="bbox 273 1663 1861 1738">
    <p class='ocr_par' dir='ltr' id='par_1_16' title="bbox 273 1663 1861 1738">
     <span class='ocr_line' id='line_1_16' title="bbox 273 1663 1861 1738; baseline 0.003 -20"><span class='ocrx_word' id='word_1_112' title='bbox 273 1664 344 1718; x_wconf 83' lang='lat' dir='ltr'><strong>ad</strong></span> <span class='ocrx_word' id='word_1_113' title='bbox 392 1663 521 1719; x_wconf 92' lang='lat' dir='ltr'><strong>dum</strong></span> <span class='ocrx_word' id='word_1_114' title='bbox 563 1666 966 1722; x_wconf 86' lang='lat' dir='ltr'><strong>contentionem</strong></span> <span class='ocrx_word' id='word_1_115' title='bbox 993 1667 1224 1738; x_wconf 71' lang='lat' dir='ltr'><strong>propria:</strong></span> <span class='ocrx_word' id='word_1_116' title='bbox 1259 1666 1442 1723; x_wconf 89' lang='lat' dir='ltr'><strong>carnis</strong></span> <span class='ocrx_word' id='word_1_117' title='bbox 1468 1673 1657 1724; x_wconf 85' lang='lat' dir='ltr'><strong>contra</strong></span> <span class='ocrx_word' id='word_1_118' title='bbox 1699 1667 1861 1738; x_wconf 89' lang='lat' dir='ltr'><strong>spiri-</strong></span> 
     </span>
    </p>
   </div>
   <div class='ocr_carea' id='block_1_17' title="bbox 276 1751 614 1809">
    <p class='ocr_par' dir='ltr' id='par_1_17' title="bbox 276 1751 614 1809">
     <span class='ocr_line' id='line_1_17' title="bbox 276 1751 614 1809; baseline 0 -2"><span class='ocrx_word' id='word_1_119' title='bbox 276 1758 390 1807; x_wconf 89' lang='lat' dir='ltr'><strong>tum</strong></span> <span class='ocrx_word' id='word_1_120' title='bbox 413 1751 614 1809; x_wconf 87' lang='lat' dir='ltr'><strong>ferunt.</strong></span> 
     </span>
    </p>
   </div>
   <div class='ocr_carea' id='block_1_18' title="bbox 347 1844 1855 1922">
    <p class='ocr_par' dir='ltr' id='par_1_18' title="bbox 347 1844 1855 1922">
     <span class='ocr_line' id='line_1_18' title="bbox 347 1844 1855 1922; baseline 0.006 -22"><span class='ocrx_word' id='word_1_121' title='bbox 347 1844 510 1903; x_wconf 74' lang='lat' dir='ltr'><strong>Vsus.</strong></span> <span class='ocrx_word' id='word_1_122' title='bbox 541 1845 632 1914; x_wconf 77' lang='grc'><strong>15,</strong></span> <span class='ocrx_word' id='word_1_123' title='bbox 658 1845 746 1902; x_wconf 64' lang='lat' dir='ltr'><strong>ll.</strong></span> <span class='ocrx_word' id='word_1_124' title='bbox 776 1877 847 1888; x_wconf 89' lang='grc'><strong>--</strong></span> <span class='ocrx_word' id='word_1_125' title='bbox 881 1864 900 1899; x_wconf 73' lang='grc' dir='ltr'><strong>ι</strong></span> <span class='ocrx_word' id='word_1_126' title='bbox 929 1846 1084 1905; x_wconf 88' lang='lat' dir='ltr'><strong>Nunc</strong></span> <span class='ocrx_word' id='word_1_127' title='bbox 1103 1849 1272 1905; x_wconf 90' lang='lat' dir='ltr'><strong>enim.</strong></span> <span class='ocrx_word' id='word_1_128' title='bbox 1293 1867 1314 1903; x_wconf 77' lang='grc' dir='ltr'><strong>ι</strong></span> <span class='ocrx_word' id='word_1_129' title='bbox 1347 1849 1537 1922; x_wconf 74' lang='grc' dir='ltr'><strong>(Ιὺίά.)</strong></span> <span class='ocrx_word' id='word_1_130' title='bbox 1569 1849 1674 1908; x_wconf 89' lang='grc' dir='ltr'><em>Ρει·</em></span> <span class='ocrx_word' id='word_1_131' title='bbox 1691 1865 1855 1917; x_wconf 89' lang='lat' dir='ltr'><strong>nunc,</strong></span> 
     </span>
    </p>
   </div>
   <div class='ocr_carea' id='block_1_19' title="bbox 1956 652 3539 724">
    <p class='ocr_par' dir='ltr' id='par_1_19' title="bbox 1956 652 3539 724">
     <span class='ocr_line' id='line_1_19' title="bbox 1956 652 3539 724; baseline 0.001 -15"><span class='ocrx_word' id='word_1_132' title='bbox 1956 667 2022 709; x_wconf 89' lang='lat' dir='ltr'><strong>eo</strong></span> <span class='ocrx_word' id='word_1_133' title='bbox 2045 653 2218 724; x_wconf 88' lang='lat' dir='ltr'><strong>magis</strong></span> <span class='ocrx_word' id='word_1_134' title='bbox 2243 652 2436 718; x_wconf 85' lang='lat' dir='ltr'><strong>fessus,</strong></span> <span class='ocrx_word' id='word_1_135' title='bbox 2465 654 2520 710; x_wconf 92' lang='lat' dir='ltr'><strong>in</strong></span> <span class='ocrx_word' id='word_1_136' title='bbox 2567 654 2800 711; x_wconf 86' lang='lat' dir='ltr'><strong>terrenis</strong></span> <span class='ocrx_word' id='word_1_137' title='bbox 2820 653 3072 712; x_wconf 87' lang='lat' dir='ltr'><strong>moritur.</strong></span> <span class='ocrx_word' id='word_1_138' title='bbox 3102 653 3258 712; x_wconf 85' lang='lat' dir='ltr'><strong>Unde</strong></span> <span class='ocrx_word' id='word_1_139' title='bbox 3290 671 3308 712; x_wconf 88' lang='lat'><strong>:</strong></span> <span class='ocrx_word' id='word_1_140' title='bbox 3346 673 3366 708; x_wconf 72' lang='grc' dir='ltr'><strong>ι</strong></span> <span class='ocrx_word' id='word_1_141' title='bbox 3393 653 3539 711; x_wconf 87' lang='lat' dir='ltr'><strong>Con-</strong></span> 
     </span>
    </p>
   </div>
   <div class='ocr_carea' id='block_1_20' title="bbox 1959 746 3542 818">
    <p class='ocr_par' dir='ltr' id='par_1_20' title="bbox 1959 746 3542 818">
     <span class='ocr_line' id='line_1_20' title="bbox 1959 746 3542 818; baseline 0.001 -15"><span class='ocrx_word' id='word_1_142' title='bbox 1959 747 2188 818; x_wconf 87' lang='lat' dir='ltr'><strong>cupiscit</strong></span> <span class='ocrx_word' id='word_1_143' title='bbox 2214 785 2231 814; x_wconf 95' lang='lat'><strong>,</strong></span> <span class='ocrx_word' id='word_1_144' title='bbox 2285 756 2342 803; x_wconf 91' lang='lat' dir='ltr'><strong>et</strong></span> <span class='ocrx_word' id='word_1_145' title='bbox 2381 746 2566 804; x_wconf 81' lang='lat' dir='ltr'><strong>deﬁcit</strong></span> <span class='ocrx_word' id='word_1_146' title='bbox 2622 748 2803 804; x_wconf 90' lang='lat' dir='ltr'><strong>anima</strong></span> <span class='ocrx_word' id='word_1_147' title='bbox 2847 763 2969 804; x_wconf 91' lang='lat' dir='ltr'><strong>mea</strong></span> <span class='ocrx_word' id='word_1_148' title='bbox 3023 748 3080 804; x_wconf 91' lang='lat' dir='ltr'><strong>in</strong></span> <span class='ocrx_word' id='word_1_149' title='bbox 3132 747 3270 804; x_wconf 90' lang='lat' dir='ltr'><strong>atria</strong></span> <span class='ocrx_word' id='word_1_150' title='bbox 3325 746 3542 804; x_wconf 88' lang='lat' dir='ltr'><strong>Domini</strong></span> 
     </span>
    </p>
   </div>
   <div class='ocr_carea' id='block_1_21' title="bbox 1957 837 3543 912">
    <p class='ocr_par' dir='ltr' id='par_1_21' title="bbox 1957 837 3543 912">
     <span class='ocr_line' id='line_1_21' title="bbox 1957 837 3543 912; baseline 0.003 -19"><span class='ocrx_word' id='word_1_151' title='bbox 1957 837 2132 911; x_wconf 83' lang='lat' dir='ltr'><strong>(Psal.</strong></span> <span class='ocrx_word' id='word_1_152' title='bbox 2157 839 2412 912; x_wconf 80' lang='lat' dir='ltr'><strong>xxxvni).</strong></span> <span class='ocrx_word' id='word_1_153' title='bbox 2445 857 2464 891; x_wconf 73' lang='grc' dir='ltr'><strong>ι</strong></span> <span class='ocrx_word' id='word_1_154' title='bbox 2498 839 2638 896; x_wconf 92' lang='lat' dir='ltr'><strong>Dum</strong></span> <span class='ocrx_word' id='word_1_155' title='bbox 2665 838 2739 896; x_wconf 86' lang='lat' dir='ltr'><strong>ibi</strong></span> <span class='ocrx_word' id='word_1_156' title='bbox 2766 840 2898 897; x_wconf 87' lang='lat' dir='ltr'><strong>dicit</strong></span> <span class='ocrx_word' id='word_1_157' title='bbox 2916 839 3113 907; x_wconf 88' lang='lat' dir='ltr'><strong>lucem,</strong></span> <span class='ocrx_word' id='word_1_158' title='bbox 3144 838 3320 898; x_wconf 88' lang='lat' dir='ltr'><strong>locum</strong></span> <span class='ocrx_word' id='word_1_159' title='bbox 3345 839 3543 898; x_wconf 60' lang='lat' dir='ltr'><strong>eluito-</strong></span> 
     </span>
    </p>
   </div>
   <div class='ocr_carea' id='block_1_22' title="bbox 1956 929 2881 1000">
    <p class='ocr_par' dir='ltr' id='par_1_22' title="bbox 1956 929 2881 1000">
     <span class='ocr_line' id='line_1_22' title="bbox 1956 929 2881 1000; baseline 0.001 -16"><span class='ocrx_word' id='word_1_160' title='bbox 1956 943 2078 984; x_wconf 91' lang='lat' dir='ltr'><strong>rum</strong></span> <span class='ocrx_word' id='word_1_161' title='bbox 2107 943 2214 1000; x_wconf 79' lang='lat' dir='ltr'><strong>quo</strong></span> <span class='ocrx_word' id='word_1_162' title='bbox 2233 929 2601 997; x_wconf 89' lang='lat' dir='ltr'><strong>continentur,</strong></span> <span class='ocrx_word' id='word_1_163' title='bbox 2624 930 2881 988; x_wconf 89' lang='lat' dir='ltr'><strong>ostendit.</strong></span> 
     </span>
    </p>
   </div>
   <div class='ocr_carea' id='block_1_23' title="bbox 2028 1022 3543 1096">
    <p class='ocr_par' dir='ltr' id='par_1_23' title="bbox 2028 1022 3543 1096">
     <span class='ocr_line' id='line_1_23' title="bbox 2028 1022 3543 1096; baseline 0.002 -18"><span class='ocrx_word' id='word_1_164' title='bbox 2028 1022 2193 1078; x_wconf 72' lang='lat' dir='ltr'><strong>Vsus.</strong></span> <span class='ocrx_word' id='word_1_165' title='bbox 2224 1022 2312 1080; x_wconf 89' lang='grc'><strong>18.</strong></span> <span class='ocrx_word' id='word_1_166' title='bbox 2340 1054 2408 1064; x_wconf 90' lang='grc'><strong><em>-</em></strong></span> <span class='ocrx_word' id='word_1_167' title='bbox 2433 1041 2452 1075; x_wconf 80' lang='grc' dir='ltr'><strong>ι</strong></span> <span class='ocrx_word' id='word_1_168' title='bbox 2481 1023 2550 1079; x_wconf 87' lang='grc' dir='ltr'><em>Ει</em></span> <span class='ocrx_word' id='word_1_169' title='bbox 2586 1024 2856 1096; x_wconf 90' lang='lat' dir='ltr'><strong>quondam</strong></span> <span class='ocrx_word' id='word_1_170' title='bbox 2885 1024 3074 1082; x_wconf 88' lang='lat' dir='ltr'><strong>vincti.</strong></span> <span class='ocrx_word' id='word_1_171' title='bbox 3116 1041 3137 1079; x_wconf 70' lang='grc' dir='ltr'><strong>ι</strong></span> <span class='ocrx_word' id='word_1_172' title='bbox 3167 1023 3332 1094; x_wconf 86' lang='lat' dir='ltr'><strong>Justi,</strong></span> <span class='ocrx_word' id='word_1_173' title='bbox 3377 1025 3482 1082; x_wconf 90' lang='lat' dir='ltr'><strong>etsi</strong></span> <span class='ocrx_word' id='word_1_174' title='bbox 3511 1040 3543 1080; x_wconf 87' lang='lat' dir='ltr'><strong>a</strong></span> 
     </span>
    </p>
   </div>
   <div class='ocr_carea' id='block_1_24' title="bbox 1957 1112 3544 1190">
    <p class='ocr_par' dir='ltr' id='par_1_24' title="bbox 1957 1112 3544 1190">
     <span class='ocr_line' id='line_1_24' title="bbox 1957 1112 3544 1190; baseline 0.001 -20"><span class='ocrx_word' id='word_1_175' title='bbox 1957 1112 2245 1172; x_wconf 89' lang='lat' dir='ltr'><strong>desideriis</strong></span> <span class='ocrx_word' id='word_1_176' title='bbox 2283 1115 2474 1186; x_wconf 86' lang='lat' dir='ltr'><strong>quieti,</strong></span> <span class='ocrx_word' id='word_1_177' title='bbox 2506 1117 2630 1172; x_wconf 88' lang='lat' dir='ltr'><strong>dum</strong></span> <span class='ocrx_word' id='word_1_178' title='bbox 2678 1125 2860 1174; x_wconf 90' lang='lat' dir='ltr'><strong>tamen</strong></span> <span class='ocrx_word' id='word_1_179' title='bbox 2900 1117 2956 1174; x_wconf 89' lang='lat' dir='ltr'><strong>in</strong></span> <span class='ocrx_word' id='word_1_180' title='bbox 2995 1131 3242 1190; x_wconf 90' lang='lat' dir='ltr'><strong>corpore,</strong></span> <span class='ocrx_word' id='word_1_181' title='bbox 3293 1116 3544 1174; x_wconf 88' lang='lat' dir='ltr'><strong>molestia</strong></span> 
     </span>
    </p>
   </div>
   <div class='ocr_carea' id='block_1_25' title="bbox 1894 1207 3549 1282">
    <p class='ocr_par' dir='ltr' id='par_1_25' title="bbox 1894 1207 3549 1282">
     <span class='ocr_line' id='line_1_25' title="bbox 1894 1207 3549 1282; baseline 0.001 -20"><span class='ocrx_word' id='word_1_182' title='bbox 1894 1275 1900 1280; x_wconf 87' lang='lat'><strong><em>_</em></strong></span> <span class='ocrx_word' id='word_1_183' title='bbox 1959 1221 2072 1263; x_wconf 70' lang='lat' dir='ltr'><strong>sua:</strong></span> <span class='ocrx_word' id='word_1_184' title='bbox 2101 1207 2467 1279; x_wconf 86' lang='lat' dir='ltr'><strong>corruptionis</strong></span> <span class='ocrx_word' id='word_1_185' title='bbox 2508 1207 2659 1281; x_wconf 90' lang='lat' dir='ltr'><strong>ligati</strong></span> <span class='ocrx_word' id='word_1_186' title='bbox 2707 1217 2852 1265; x_wconf 92' lang='lat' dir='ltr'><strong>sunt.</strong></span> <span class='ocrx_word' id='word_1_187' title='bbox 2903 1207 3112 1281; x_wconf 87' lang='lat' dir='ltr'><strong>Corpus</strong></span> <span class='ocrx_word' id='word_1_188' title='bbox 3157 1209 3304 1268; x_wconf 90' lang='lat' dir='ltr'><strong>enim</strong></span> <span class='ocrx_word' id='word_1_189' title='bbox 3353 1215 3549 1282; x_wconf 87' lang='lat' dir='ltr'><strong>gravat</strong></span> 
     </span>
    </p>
   </div>
   <div class='ocr_carea' id='block_1_26' title="bbox 1958 1298 3545 1372">
    <p class='ocr_par' dir='ltr' id='par_1_26' title="bbox 1958 1298 3545 1372">
     <span class='ocr_line' id='line_1_26' title="bbox 1958 1298 3545 1372; baseline 0 -19"><span class='ocrx_word' id='word_1_190' title='bbox 1958 1298 2218 1366; x_wconf 86' lang='lat' dir='ltr'><strong>animam,</strong></span> <span class='ocrx_word' id='word_1_191' title='bbox 2258 1308 2314 1355; x_wconf 90' lang='lat' dir='ltr'><strong>et</strong></span> <span class='ocrx_word' id='word_1_192' title='bbox 2346 1307 2614 1372; x_wconf 76' lang='lat' dir='ltr'><strong>repugnat</strong></span> <span class='ocrx_word' id='word_1_193' title='bbox 2636 1313 2766 1356; x_wconf 88' lang='lat' dir='ltr'><strong>caro</strong></span> <span class='ocrx_word' id='word_1_194' title='bbox 2805 1299 3042 1371; x_wconf 87' lang='lat' dir='ltr'><strong>spiritui.</strong></span> <span class='ocrx_word' id='word_1_195' title='bbox 3073 1299 3215 1357; x_wconf 90' lang='lat' dir='ltr'><strong>Sunt</strong></span> <span class='ocrx_word' id='word_1_196' title='bbox 3239 1309 3294 1357; x_wconf 92' lang='lat' dir='ltr'><strong>et</strong></span> <span class='ocrx_word' id='word_1_197' title='bbox 3326 1299 3545 1357; x_wconf 90' lang='lat' dir='ltr'><strong>vincula</strong></span> 
     </span>
    </p>
   </div>
   <div class='ocr_carea' id='block_1_27' title="bbox 1959 1390 3549 1464">
    <p class='ocr_par' dir='ltr' id='par_1_27' title="bbox 1959 1390 3549 1464">
     <span class='ocr_line' id='line_1_27' title="bbox 1959 1390 3549 1464; baseline -0.001 -17"><span class='ocrx_word' id='word_1_198' title='bbox 1959 1405 2242 1462; x_wconf 90' lang='lat' dir='ltr'><strong>corporea,</strong></span> <span class='ocrx_word' id='word_1_199' title='bbox 2264 1390 2458 1460; x_wconf 91' lang='lat' dir='ltr'><strong>fames,</strong></span> <span class='ocrx_word' id='word_1_200' title='bbox 2479 1391 2619 1459; x_wconf 90' lang='lat' dir='ltr'><strong>sitis,</strong></span> <span class='ocrx_word' id='word_1_201' title='bbox 2634 1397 2690 1448; x_wconf 89' lang='lat' dir='ltr'><strong>et</strong></span> <span class='ocrx_word' id='word_1_202' title='bbox 2709 1391 3016 1464; x_wconf 77' lang='lat' dir='ltr'><strong>huiusmodi</strong></span> <span class='ocrx_word' id='word_1_203' title='bbox 3029 1406 3151 1464; x_wconf 70' lang='lat' dir='ltr'><strong>qua:</strong></span> <span class='ocrx_word' id='word_1_204' title='bbox 3171 1392 3261 1450; x_wconf 89' lang='lat' dir='ltr'><strong>hic</strong></span> <span class='ocrx_word' id='word_1_205' title='bbox 3275 1400 3549 1464; x_wconf 89' lang='lat' dir='ltr'><strong>nequeunt</strong></span> 
     </span>
    </p>
   </div>
   <div class='ocr_carea' id='block_1_28' title="bbox 1959 1481 3539 1554">
    <p class='ocr_par' dir='ltr' id='par_1_28' title="bbox 1959 1481 3539 1554">
     <span class='ocr_line' id='line_1_28' title="bbox 1959 1481 3539 1554; baseline -0.003 -14"><span class='ocrx_word' id='word_1_206' title='bbox 1959 1483 2093 1540; x_wconf 87' lang='lat' dir='ltr'><strong>solvi</strong></span> <span class='ocrx_word' id='word_1_207' title='bbox 2123 1499 2138 1538; x_wconf 90' lang='lat'><strong>:</strong></span> <span class='ocrx_word' id='word_1_208' title='bbox 2170 1483 2264 1539; x_wconf 91' lang='lat' dir='ltr'><strong>sed</strong></span> <span class='ocrx_word' id='word_1_209' title='bbox 2291 1492 2348 1540; x_wconf 92' lang='lat' dir='ltr'><strong>et</strong></span> <span class='ocrx_word' id='word_1_210' title='bbox 2368 1484 2436 1539; x_wconf 90' lang='lat' dir='ltr'><strong>ab</strong></span> <span class='ocrx_word' id='word_1_211' title='bbox 2464 1481 2715 1539; x_wconf 90' lang='lat' dir='ltr'><strong>omnibus</strong></span> <span class='ocrx_word' id='word_1_212' title='bbox 2740 1482 2794 1539; x_wconf 91' lang='lat' dir='ltr'><strong>in</strong></span> <span class='ocrx_word' id='word_1_213' title='bbox 2817 1482 3069 1540; x_wconf 85' lang='lat' dir='ltr'><strong>libertate</strong></span> <span class='ocrx_word' id='word_1_214' title='bbox 3097 1482 3285 1554; x_wconf 73' lang='lat' dir='ltr'><strong>gloriae</strong></span> <span class='ocrx_word' id='word_1_215' title='bbox 3306 1481 3539 1538; x_wconf 81' lang='lat' dir='ltr'><strong>ﬁliorum</strong></span> 
     </span>
    </p>
   </div>
   <div class='ocr_carea' id='block_1_29' title="bbox 1959 1572 3548 1646">
    <p class='ocr_par' dir='ltr' id='par_1_29' title="bbox 1959 1572 3548 1646">
     <span class='ocr_line' id='line_1_29' title="bbox 1959 1572 3548 1646; baseline -0.001 -16"><span class='ocrx_word' id='word_1_216' title='bbox 1959 1575 2058 1630; x_wconf 88' lang='lat' dir='ltr'><strong>Dei</strong></span> <span class='ocrx_word' id='word_1_217' title='bbox 2083 1573 2380 1632; x_wconf 86' lang='lat' dir='ltr'><strong>solventur.</strong></span> <span class='ocrx_word' id='word_1_218' title='bbox 2413 1572 2550 1630; x_wconf 83' lang='lat' dir='ltr'><strong>Vide</strong></span> <span class='ocrx_word' id='word_1_219' title='bbox 2575 1575 2809 1646; x_wconf 83' lang='lat' dir='ltr'><strong>gradus:</strong></span> <span class='ocrx_word' id='word_1_220' title='bbox 2843 1573 2996 1644; x_wconf 89' lang='lat' dir='ltr'><strong>impii</strong></span> <span class='ocrx_word' id='word_1_221' title='bbox 3021 1573 3270 1631; x_wconf 82' lang='lat' dir='ltr'><strong>conversi</strong></span> <span class='ocrx_word' id='word_1_222' title='bbox 3299 1581 3548 1637; x_wconf 88' lang='lat' dir='ltr'><strong>cessant;</strong></span> 
     </span>
    </p>
   </div>
   <div class='ocr_carea' id='block_1_30' title="bbox 1961 1663 3555 1738">
    <p class='ocr_par' dir='ltr' id='par_1_30' title="bbox 1961 1663 3555 1738">
     <span class='ocr_line' id='line_1_30' title="bbox 1961 1663 3555 1738; baseline -0.004 -14"><span class='ocrx_word' id='word_1_223' title='bbox 1961 1667 2244 1725; x_wconf 79' lang='lat' dir='ltr'><strong>exercitati</strong></span> <span class='ocrx_word' id='word_1_224' title='bbox 2272 1667 2328 1723; x_wconf 92' lang='lat' dir='ltr'><strong>in</strong></span> <span class='ocrx_word' id='word_1_225' title='bbox 2366 1666 2558 1724; x_wconf 88' lang='lat' dir='ltr'><strong>intimo</strong></span> <span class='ocrx_word' id='word_1_226' title='bbox 2587 1667 2707 1724; x_wconf 86' lang='lat' dir='ltr'><strong>sinu</strong></span> <span class='ocrx_word' id='word_1_227' title='bbox 2732 1665 3056 1738; x_wconf 89' lang='lat' dir='ltr'><strong>quiescunt;</strong></span> <span class='ocrx_word' id='word_1_228' title='bbox 3097 1679 3128 1720; x_wconf 91' lang='lat' dir='ltr'><strong>a</strong></span> <span class='ocrx_word' id='word_1_229' title='bbox 3166 1663 3394 1722; x_wconf 87' lang='lat' dir='ltr'><strong>vinculis</strong></span> <span class='ocrx_word' id='word_1_230' title='bbox 3432 1676 3555 1718; x_wconf 83' lang='lat' dir='ltr'><strong>cor-</strong></span> 
     </span>
    </p>
   </div>
   <div class='ocr_carea' id='block_1_31' title="bbox 1962 1756 3553 1834">
    <p class='ocr_par' dir='ltr' id='par_1_31' title="bbox 1962 1756 3553 1834">
     <span class='ocr_line' id='line_1_31' title="bbox 1962 1756 3553 1834; baseline -0.004 -16"><span class='ocrx_word' id='word_1_231' title='bbox 1962 1761 2230 1834; x_wconf 88' lang='lat' dir='ltr'><strong>ruptionis</strong></span> <span class='ocrx_word' id='word_1_232' title='bbox 2277 1759 2513 1817; x_wconf 89' lang='lat' dir='ltr'><strong>absoluti</strong></span> <span class='ocrx_word' id='word_1_233' title='bbox 2567 1761 2636 1817; x_wconf 91' lang='lat' dir='ltr'><strong>ad</strong></span> <span class='ocrx_word' id='word_1_234' title='bbox 2684 1759 2996 1816; x_wconf 89' lang='lat' dir='ltr'><strong>libertatem</strong></span> <span class='ocrx_word' id='word_1_235' title='bbox 3049 1759 3391 1830; x_wconf 83' lang='lat' dir='ltr'><strong>perveniunt.</strong></span> <span class='ocrx_word' id='word_1_236' title='bbox 3445 1756 3553 1813; x_wconf 87' lang='lat' dir='ltr'><strong>Sed</strong></span> 
     </span>
    </p>
   </div>
   <div class='ocr_carea' id='block_1_32' title="bbox 1961 1847 3544 1924">
    <p class='ocr_par' dir='ltr' id='par_1_32' title="bbox 1961 1847 3544 1924">
     <span class='ocr_line' id='line_1_32' title="bbox 1961 1847 3544 1924; baseline -0.004 -16"><span class='ocrx_word' id='word_1_237' title='bbox 1961 1851 2093 1924; x_wconf 92' lang='lat' dir='ltr'><strong>quid</strong></span> <span class='ocrx_word' id='word_1_238' title='bbox 2121 1850 2450 1907; x_wconf 78' lang='lat' dir='ltr'><strong>hic&#39;interim</strong></span> <span class='ocrx_word' id='word_1_239' title='bbox 2475 1849 2705 1922; x_wconf 89' lang='lat' dir='ltr'><strong>egerint,</strong></span> <span class='ocrx_word' id='word_1_240' title='bbox 2739 1849 2924 1906; x_wconf 89' lang='lat' dir='ltr'><strong>subdit</strong></span> <span class='ocrx_word' id='word_1_241' title='bbox 2957 1867 2971 1902; x_wconf 89' lang='lat'><strong>:</strong></span> <span class='ocrx_word' id='word_1_242' title='bbox 3007 1865 3027 1902; x_wconf 75' lang='grc' dir='ltr'><strong>ι</strong></span> <span class='ocrx_word' id='word_1_243' title='bbox 3054 1847 3156 1916; x_wconf 89' lang='lat' dir='ltr'><strong>Qui</strong></span> <span class='ocrx_word' id='word_1_244' title='bbox 3201 1862 3310 1904; x_wconf 92' lang='lat' dir='ltr'><strong>non</strong></span> <span class='ocrx_word' id='word_1_245' title='bbox 3353 1847 3544 1902; x_wconf 86' lang='lat' dir='ltr'><strong>audie-</strong></span> 
     </span>
    </p>
   </div>
   <div class='ocr_carea' id='block_1_33' title="bbox 275 1934 3554 2016">
    <p class='ocr_par' dir='ltr' id='par_1_33' title="bbox 275 1934 3554 2016">
     <span class='ocr_line' id='line_1_33' title="bbox 275 1934 3554 2016; baseline -0 -22"><span class='ocrx_word' id='word_1_246' title='bbox 275 1934 424 2012; x_wconf 84' lang='lat' dir='ltr'><strong>q&#39;uod</strong></span> <span class='ocrx_word' id='word_1_247' title='bbox 471 1947 556 1996; x_wconf 90' lang='lat' dir='ltr'><strong>est</strong></span> <span class='ocrx_word' id='word_1_248' title='bbox 586 1940 870 2010; x_wconf 82' lang='lat' dir='ltr'><strong>praesentis</strong></span> <span class='ocrx_word' id='word_1_249' title='bbox 918 1943 1213 2013; x_wconf 89' lang='lat' dir='ltr'><strong>temporis,</strong></span> <span class='ocrx_word' id='word_1_250' title='bbox 1265 1952 1497 2000; x_wconf 89' lang='lat' dir='ltr'><strong>stantem</strong></span> <span class='ocrx_word' id='word_1_251' title='bbox 1542 1959 1758 2016; x_wconf 89' lang='lat' dir='ltr'><strong>semper</strong></span> <span class='ocrx_word' id='word_1_252' title='bbox 1806 1945 1862 2001; x_wconf 91' lang='lat' dir='ltr'><strong>in</strong></span> <span class='ocrx_word' id='word_1_253' title='bbox 1889 1940 1940 2005; x_wconf 88' lang='lat' dir='ltr'><strong>B</strong></span> <span class='ocrx_word' id='word_1_254' title='bbox 1967 1945 2247 2012; x_wconf 85' lang='lat' dir='ltr'><strong>runt,&#39;etc.</strong></span> <span class='ocrx_word' id='word_1_255' title='bbox 2283 1963 2302 1996; x_wconf 72' lang='grc' dir='ltr'><strong>ι</strong></span> <span class='ocrx_word' id='word_1_256' title='bbox 2339 1941 2576 2000; x_wconf 81' lang='lat' dir='ltr'><strong>Exactor</strong></span> <span class='ocrx_word' id='word_1_257' title='bbox 2618 1941 2886 2010; x_wconf 86' lang='lat' dir='ltr'><strong>diabolus,</strong></span> <span class='ocrx_word' id='word_1_258' title='bbox 2928 1940 3023 2012; x_wconf 89' lang='lat' dir='ltr'><strong>qui</strong></span> <span class='ocrx_word' id='word_1_259' title='bbox 3074 1939 3242 1997; x_wconf 91' lang='lat' dir='ltr'><strong>semel</strong></span> <span class='ocrx_word' id='word_1_260' title='bbox 3274 1952 3554 1996; x_wconf 91' lang='lat' dir='ltr'><strong>nummum</strong></span> 
     </span>
    </p>
   </div>
   <div class='ocr_carea' id='block_1_34' title="bbox 275 2031 1864 2109">
    <p class='ocr_par' dir='ltr' id='par_1_34' title="bbox 275 2031 1864 2109">
     <span class='ocr_line' id='line_1_34' title="bbox 275 2031 1864 2109; baseline 0.003 -22"><span class='ocrx_word' id='word_1_261' title='bbox 275 2031 558 2103; x_wconf 68' lang='lat' dir='ltr'><strong>praesenti,</strong></span> <span class='ocrx_word' id='word_1_262' title='bbox 575 2031 630 2088; x_wconf 88' lang='lat' dir='ltr'><strong>id</strong></span> <span class='ocrx_word' id='word_1_263' title='bbox 645 2040 750 2100; x_wconf 90' lang='lat' dir='ltr'><strong>est,</strong></span> <span class='ocrx_word' id='word_1_264' title='bbox 764 2043 1025 2090; x_wconf 67' lang='lat' dir='ltr'><strong>azternam</strong></span> <span class='ocrx_word' id='word_1_265' title='bbox 1041 2035 1281 2106; x_wconf 90' lang='lat' dir='ltr'><strong>quietem</strong></span> <span class='ocrx_word' id='word_1_266' title='bbox 1303 2036 1568 2109; x_wconf 88' lang='lat' dir='ltr'><strong>designat.</strong></span> <span class='ocrx_word' id='word_1_267' title='bbox 1589 2055 1608 2089; x_wconf 76' lang='grc' dir='ltr'><strong>ι</strong></span> <span class='ocrx_word' id='word_1_268' title='bbox 1631 2036 1864 2108; x_wconf 83' lang='lat' dir='ltr'><strong>Requie—</strong></span> 
     </span>
    </p>
   </div>
   <div class='ocr_carea' id='block_1_35' title="bbox 277 2124 1866 2199">
    <p class='ocr_par' dir='ltr' id='par_1_35' title="bbox 277 2124 1866 2199">
     <span class='ocr_line' id='line_1_35' title="bbox 277 2124 1866 2199; baseline 0.003 -21"><span class='ocrx_word' id='word_1_269' title='bbox 277 2136 488 2179; x_wconf 88' lang='lat' dir='ltr'><strong>scerem</strong></span> <span class='ocrx_word' id='word_1_270' title='bbox 514 2137 636 2179; x_wconf 91' lang='lat' dir='ltr'><strong>cum</strong></span> <span class='ocrx_word' id='word_1_271' title='bbox 660 2124 899 2196; x_wconf 89' lang='lat' dir='ltr'><strong>regibus.</strong></span> <span class='ocrx_word' id='word_1_272' title='bbox 931 2144 950 2177; x_wconf 71' lang='grc' dir='ltr'><strong>ι</strong></span> <span class='ocrx_word' id='word_1_273' title='bbox 981 2124 1039 2181; x_wconf 94' lang='lat' dir='ltr'><strong>ld</strong></span> <span class='ocrx_word' id='word_1_274' title='bbox 1075 2132 1178 2193; x_wconf 91' lang='lat' dir='ltr'><strong>est,</strong></span> <span class='ocrx_word' id='word_1_275' title='bbox 1210 2125 1436 2198; x_wconf 86' lang='lat' dir='ltr'><strong>angelis,</strong></span> <span class='ocrx_word' id='word_1_276' title='bbox 1459 2127 1602 2198; x_wconf 93' lang='lat' dir='ltr'><strong>quod</strong></span> <span class='ocrx_word' id='word_1_277' title='bbox 1624 2127 1866 2199; x_wconf 87' lang='lat' dir='ltr'><strong>subjecta</strong></span> 
     </span>
    </p>
   </div>
   <div class='ocr_carea' id='block_1_36' title="bbox 277 2213 1865 2288">
    <p class='ocr_par' dir='ltr' id='par_1_36' title="bbox 277 2213 1865 2288">
     <span class='ocr_line' id='line_1_36' title="bbox 277 2213 1865 2288; baseline 0.003 -18"><span class='ocrx_word' id='word_1_278' title='bbox 277 2225 491 2287; x_wconf 85' lang='lat' dir='ltr'><strong>regunt.</strong></span> <span class='ocrx_word' id='word_1_279' title='bbox 520 2213 624 2283; x_wconf 92' lang='lat' dir='ltr'><strong>Qui</strong></span> <span class='ocrx_word' id='word_1_280' title='bbox 667 2224 722 2272; x_wconf 91' lang='lat' dir='ltr'><strong>et</strong></span> <span class='ocrx_word' id='word_1_281' title='bbox 748 2215 1022 2284; x_wconf 90' lang='lat' dir='ltr'><strong>consules,</strong></span> <span class='ocrx_word' id='word_1_282' title='bbox 1043 2217 1169 2288; x_wconf 87' lang='lat' dir='ltr'><strong>quia</strong></span> <span class='ocrx_word' id='word_1_283' title='bbox 1212 2218 1367 2275; x_wconf 92' lang='lat' dir='ltr'><strong>nobis</strong></span> <span class='ocrx_word' id='word_1_284' title='bbox 1411 2218 1741 2274; x_wconf 90' lang='lat' dir='ltr'><strong>voluntatem</strong></span> <span class='ocrx_word' id='word_1_285' title='bbox 1768 2219 1865 2276; x_wconf 87' lang='lat' dir='ltr'><strong>Dei</strong></span> 
     </span>
    </p>
   </div>
   <div class='ocr_carea' id='block_1_37' title="bbox 279 2307 1867 2384">
    <p class='ocr_par' dir='ltr' id='par_1_37' title="bbox 279 2307 1867 2384">
     <span class='ocr_line' id='line_1_37' title="bbox 279 2307 1867 2384; baseline 0.004 -22"><span class='ocrx_word' id='word_1_286' title='bbox 279 2307 578 2364; x_wconf 88' lang='lat' dir='ltr'><strong>nuntiando</strong></span> <span class='ocrx_word' id='word_1_287' title='bbox 620 2308 924 2365; x_wconf 90' lang='lat' dir='ltr'><strong>consulunt.</strong></span> <span class='ocrx_word' id='word_1_288' title='bbox 959 2307 1057 2366; x_wconf 77' lang='lat' dir='ltr'><strong>Vel</strong></span> <span class='ocrx_word' id='word_1_289' title='bbox 1105 2324 1281 2384; x_wconf 87' lang='lat' dir='ltr'><strong>reges,</strong></span> <span class='ocrx_word' id='word_1_290' title='bbox 1308 2311 1442 2368; x_wconf 88' lang='lat' dir='ltr'><strong>dicit</strong></span> <span class='ocrx_word' id='word_1_291' title='bbox 1480 2321 1699 2368; x_wconf 89' lang='lat' dir='ltr'><strong>sanctos</strong></span> <span class='ocrx_word' id='word_1_292' title='bbox 1733 2325 1867 2382; x_wconf 70' lang='lat' dir='ltr'><strong>prie-</strong></span> 
     </span>
    </p>
   </div>
   <div class='ocr_carea' id='block_1_38' title="bbox 280 2397 1868 2473">
    <p class='ocr_par' dir='ltr' id='par_1_38' title="bbox 280 2397 1868 2473">
     <span class='ocr_line' id='line_1_38' title="bbox 280 2397 1868 2473; baseline 0.002 -20"><span class='ocrx_word' id='word_1_293' title='bbox 280 2397 570 2466; x_wconf 87' lang='lat' dir='ltr'><strong>dicatores,</strong></span> <span class='ocrx_word' id='word_1_294' title='bbox 591 2399 684 2470; x_wconf 93' lang='lat' dir='ltr'><strong>qui</strong></span> <span class='ocrx_word' id='word_1_295' title='bbox 715 2414 775 2456; x_wconf 88' lang='lat' dir='ltr'><strong>se</strong></span> <span class='ocrx_word' id='word_1_296' title='bbox 803 2409 1015 2472; x_wconf 86' lang='lat' dir='ltr'><strong>regunt,</strong></span> <span class='ocrx_word' id='word_1_297' title='bbox 1047 2409 1104 2457; x_wconf 91' lang='lat' dir='ltr'><strong>et</strong></span> <span class='ocrx_word' id='word_1_298' title='bbox 1125 2400 1375 2457; x_wconf 89' lang='lat' dir='ltr'><strong>consules</strong></span> <span class='ocrx_word' id='word_1_299' title='bbox 1399 2409 1578 2467; x_wconf 76' lang='lat' dir='ltr'><strong>terrae,</strong></span> <span class='ocrx_word' id='word_1_300' title='bbox 1603 2399 1731 2473; x_wconf 90' lang='lat' dir='ltr'><strong>quia</strong></span> <span class='ocrx_word' id='word_1_301' title='bbox 1759 2407 1868 2458; x_wconf 87' lang='lat' dir='ltr'><strong>ter-</strong></span> 
     </span>
    </p>
   </div>
   <div class='ocr_carea' id='block_1_39' title="bbox 279 2490 1867 2565">
    <p class='ocr_par' dir='ltr' id='par_1_39' title="bbox 279 2490 1867 2565">
     <span class='ocr_line' id='line_1_39' title="bbox 279 2490 1867 2565; baseline 0.004 -21"><span class='ocrx_word' id='word_1_302' title='bbox 279 2491 430 2546; x_wconf 88' lang='lat' dir='ltr'><strong>renis</strong></span> <span class='ocrx_word' id='word_1_303' title='bbox 457 2491 596 2546; x_wconf 88' lang='lat' dir='ltr'><strong>bene</strong></span> <span class='ocrx_word' id='word_1_304' title='bbox 627 2490 935 2548; x_wconf 89' lang='lat' dir='ltr'><strong>consulunt.</strong></span> <span class='ocrx_word' id='word_1_305' title='bbox 959 2491 1101 2549; x_wconf 86' lang='lat' dir='ltr'><strong>Dicit</strong></span> <span class='ocrx_word' id='word_1_306' title='bbox 1121 2508 1254 2565; x_wconf 89' lang='lat' dir='ltr'><strong>ergo</strong></span> <span class='ocrx_word' id='word_1_307' title='bbox 1283 2493 1428 2564; x_wconf 91' lang='lat' dir='ltr'><strong>quod</strong></span> <span class='ocrx_word' id='word_1_308' title='bbox 1464 2493 1511 2550; x_wconf 88' lang='lat' dir='ltr'><strong>si</strong></span> <span class='ocrx_word' id='word_1_309' title='bbox 1539 2507 1646 2550; x_wconf 92' lang='lat' dir='ltr'><strong>non</strong></span> <span class='ocrx_word' id='word_1_310' title='bbox 1673 2507 1867 2564; x_wconf 85' lang='lat' dir='ltr'><strong>pecca-</strong></span> 
     </span>
    </p>
   </div>
   <div class='ocr_carea' id='block_1_40' title="bbox 261 2581 1867 2658">
    <p class='ocr_par' dir='ltr' id='par_1_40' title="bbox 261 2581 1867 2658">
     <span class='ocr_line' id='line_1_40' title="bbox 261 2581 1867 2658; baseline 0.001 -17"><span class='ocrx_word' id='word_1_311' title='bbox 261 2589 387 2648; x_wconf 78' lang='lat' dir='ltr'><strong>ret,</strong></span> <span class='ocrx_word' id='word_1_312' title='bbox 410 2581 537 2638; x_wconf 91' lang='lat' dir='ltr'><strong>illuc</strong></span> <span class='ocrx_word' id='word_1_313' title='bbox 554 2583 719 2640; x_wconf 90' lang='lat' dir='ltr'><strong>etiam</strong></span> <span class='ocrx_word' id='word_1_314' title='bbox 745 2600 854 2642; x_wconf 90' lang='lat' dir='ltr'><strong>non</strong></span> <span class='ocrx_word' id='word_1_315' title='bbox 883 2585 1198 2656; x_wconf 86' lang='lat' dir='ltr'><strong>redemptus</strong></span> <span class='ocrx_word' id='word_1_316' title='bbox 1237 2585 1575 2652; x_wconf 84' lang='lat' dir='ltr'><strong>ascenderet,</strong></span> <span class='ocrx_word' id='word_1_317' title='bbox 1610 2585 1680 2642; x_wconf 90' lang='lat' dir='ltr'><strong>ad</strong></span> <span class='ocrx_word' id='word_1_318' title='bbox 1723 2585 1867 2658; x_wconf 90' lang='lat' dir='ltr'><strong>quod</strong></span> 
     </span>
    </p>
   </div>
   <div class='ocr_carea' id='block_1_41' title="bbox 281 2671 1867 2749">
    <p class='ocr_par' dir='ltr' id='par_1_41' title="bbox 281 2671 1867 2749">
     <span class='ocr_line' id='line_1_41' title="bbox 281 2671 1867 2749; baseline 0.004 -22"><span class='ocrx_word' id='word_1_319' title='bbox 281 2671 515 2743; x_wconf 87' lang='lat' dir='ltr'><strong>apostoli</strong></span> <span class='ocrx_word' id='word_1_320' title='bbox 563 2683 620 2730; x_wconf 90' lang='lat' dir='ltr'><strong>et</strong></span> <span class='ocrx_word' id='word_1_321' title='bbox 651 2676 826 2733; x_wconf 89' lang='lat' dir='ltr'><strong>sancti</strong></span> <span class='ocrx_word' id='word_1_322' title='bbox 865 2675 1249 2748; x_wconf 66' lang='lat' dir='ltr'><strong>praedicatores</strong></span> <span class='ocrx_word' id='word_1_323' title='bbox 1290 2685 1413 2749; x_wconf 91' lang='lat' dir='ltr'><strong>post</strong></span> <span class='ocrx_word' id='word_1_324' title='bbox 1438 2677 1867 2749; x_wconf 88' lang='lat' dir='ltr'><strong>redemptionem</strong></span> 
     </span>
    </p>
   </div>
   <div class='ocr_carea' id='block_1_42' title="bbox 281 2765 1868 2838">
    <p class='ocr_par' dir='ltr' id='par_1_42' title="bbox 281 2765 1868 2838">
     <span class='ocr_line' id='line_1_42' title="bbox 281 2765 1868 2838; baseline 0.003 -20"><span class='ocrx_word' id='word_1_325' title='bbox 281 2777 410 2819; x_wconf 89' lang='lat' dir='ltr'><strong>cum</strong></span> <span class='ocrx_word' id='word_1_326' title='bbox 461 2779 657 2836; x_wconf 91' lang='lat' dir='ltr'><strong>magno</strong></span> <span class='ocrx_word' id='word_1_327' title='bbox 701 2765 888 2823; x_wconf 88' lang='lat' dir='ltr'><strong>labore</strong></span> <span class='ocrx_word' id='word_1_328' title='bbox 914 2768 1259 2838; x_wconf 84' lang='lat' dir='ltr'><strong>perveniunt,</strong></span> <span class='ocrx_word' id='word_1_329' title='bbox 1289 2769 1382 2838; x_wconf 90' lang='lat' dir='ltr'><strong>qui</strong></span> <span class='ocrx_word' id='word_1_330' title='bbox 1411 2783 1516 2825; x_wconf 92' lang='lat' dir='ltr'><strong>non</strong></span> <span class='ocrx_word' id='word_1_331' title='bbox 1548 2765 1868 2828; x_wconf 76' lang='lat' dir='ltr'><strong>diﬁ&#39;eruntur</strong></span> 
     </span>
    </p>
   </div>
   <div class='ocr_carea' id='block_1_43' title="bbox 279 2858 1862 2931">
    <p class='ocr_par' dir='ltr' id='par_1_43' title="bbox 279 2858 1862 2931">
     <span class='ocr_line' id='line_1_43' title="bbox 279 2858 1862 2931; baseline 0.004 -21"><span class='ocrx_word' id='word_1_332' title='bbox 279 2863 343 2911; x_wconf 88' lang='lat' dir='ltr'><strong>ut</strong></span> <span class='ocrx_word' id='word_1_333' title='bbox 396 2858 623 2929; x_wconf 89' lang='lat' dir='ltr'><strong>antiqui,</strong></span> <span class='ocrx_word' id='word_1_334' title='bbox 653 2859 748 2916; x_wconf 89' lang='lat' dir='ltr'><strong>sed</strong></span> <span class='ocrx_word' id='word_1_335' title='bbox 793 2875 919 2916; x_wconf 87' lang='lat' dir='ltr'><strong>mox</strong></span> <span class='ocrx_word' id='word_1_336' title='bbox 969 2869 1092 2931; x_wconf 90' lang='lat' dir='ltr'><strong>post</strong></span> <span class='ocrx_word' id='word_1_337' title='bbox 1126 2869 1356 2917; x_wconf 89' lang='lat' dir='ltr'><strong>mortem</strong></span> <span class='ocrx_word' id='word_1_338' title='bbox 1399 2861 1602 2916; x_wconf 90' lang='lat' dir='ltr'><strong>intrant</strong></span> <span class='ocrx_word' id='word_1_339' title='bbox 1644 2861 1862 2918; x_wconf 79' lang='lat' dir='ltr'><strong>ctelum.</strong></span> 
     </span>
    </p>
   </div>
   <div class='ocr_carea' id='block_1_44' title="bbox 288 2946 1865 3026">
    <p class='ocr_par' dir='ltr' id='par_1_44' title="bbox 288 2946 1865 3026">
     <span class='ocr_line' id='line_1_44' title="bbox 288 2946 1865 3026; baseline 0.005 -24"><span class='ocrx_word' id='word_1_340' title='bbox 288 2965 310 3002; x_wconf 70' lang='grc' dir='ltr'><strong>ε</strong></span> <span class='ocrx_word' id='word_1_341' title='bbox 342 2946 445 3015; x_wconf 90' lang='lat' dir='ltr'><strong>Qui</strong></span> <span class='ocrx_word' id='word_1_342' title='bbox 469 2949 763 3017; x_wconf 66' lang='lat' dir='ltr'><strong>aediﬁcant,</strong></span> <span class='ocrx_word' id='word_1_343' title='bbox 791 2971 811 3004; x_wconf 76' lang='grc' dir='ltr'><strong>ι</strong></span> <span class='ocrx_word' id='word_1_344' title='bbox 852 2951 1042 3008; x_wconf 89' lang='lat' dir='ltr'><strong>Omnis</strong></span> <span class='ocrx_word' id='word_1_345' title='bbox 1068 2961 1317 3009; x_wconf 87' lang='lat' dir='ltr'><strong>terrenus</strong></span> <span class='ocrx_word' id='word_1_346' title='bbox 1354 2953 1536 3010; x_wconf 88' lang='lat' dir='ltr'><strong>densis</strong></span> <span class='ocrx_word' id='word_1_347' title='bbox 1581 2955 1865 3026; x_wconf 72' lang='lat' dir='ltr'><strong>cogitatio-</strong></span> 
     </span>
    </p>
   </div>
   <div class='ocr_carea' id='block_1_45' title="bbox 282 3041 1866 3118">
    <p class='ocr_par' dir='ltr' id='par_1_45' title="bbox 282 3041 1866 3118">
     <span class='ocr_line' id='line_1_45' title="bbox 282 3041 1866 3118; baseline 0.004 -22"><span class='ocrx_word' id='word_1_348' title='bbox 282 3055 415 3096; x_wconf 88' lang='lat' dir='ltr'><strong>num</strong></span> <span class='ocrx_word' id='word_1_349' title='bbox 455 3042 774 3098; x_wconf 88' lang='lat' dir='ltr'><strong>tumultibus</strong></span> <span class='ocrx_word' id='word_1_350' title='bbox 815 3041 979 3100; x_wconf 88' lang='lat' dir='ltr'><strong>c&#39;orde</strong></span> <span class='ocrx_word' id='word_1_351' title='bbox 1005 3048 1401 3118; x_wconf 90' lang='lat' dir='ltr'><strong>comprimitur,</strong></span> <span class='ocrx_word' id='word_1_352' title='bbox 1452 3055 1510 3102; x_wconf 93' lang='lat' dir='ltr'><strong>et</strong></span> <span class='ocrx_word' id='word_1_353' title='bbox 1555 3047 1866 3118; x_wconf 82' lang='lat' dir='ltr'><strong>frequentia</strong></span> 
     </span>
    </p>
   </div>
   <div class='ocr_carea' id='block_1_46' title="bbox 283 3131 1869 3206">
    <p class='ocr_par' dir='ltr' id='par_1_46' title="bbox 283 3131 1869 3206">
     <span class='ocr_line' id='line_1_46' title="bbox 283 3131 1869 3206; baseline 0.006 -19"><span class='ocrx_word' id='word_1_354' title='bbox 283 3131 678 3189; x_wconf 84' lang='lat' dir='ltr'><strong>desideriorum</strong></span> <span class='ocrx_word' id='word_1_355' title='bbox 689 3136 844 3206; x_wconf 89' lang='lat' dir='ltr'><strong>quasi</strong></span> <span class='ocrx_word' id='word_1_356' title='bbox 858 3138 1136 3195; x_wconf 90' lang='lat' dir='ltr'><strong>turbarum</strong></span> <span class='ocrx_word' id='word_1_357' title='bbox 1151 3138 1410 3196; x_wconf 86' lang='lat' dir='ltr'><strong>calcatur.</strong></span> <span class='ocrx_word' id='word_1_358' title='bbox 1424 3139 1532 3196; x_wconf 91' lang='lat' dir='ltr'><strong>Sed</strong></span> <span class='ocrx_word' id='word_1_359' title='bbox 1547 3139 1869 3197; x_wconf 88' lang='lat' dir='ltr'><strong>solitudines</strong></span> 
     </span>
    </p>
   </div>
   <div class='ocr_carea' id='block_1_47' title="bbox 282 3222 1868 3292">
    <p class='ocr_par' dir='ltr' id='par_1_47' title="bbox 282 3222 1868 3292">
     <span class='ocr_line' id='line_1_47' title="bbox 282 3222 1868 3292; baseline 0.006 -14"><span class='ocrx_word' id='word_1_360' title='bbox 282 3222 580 3292; x_wconf 64' lang='lat' dir='ltr'><strong>edulcare,</strong></span> <span class='ocrx_word' id='word_1_361' title='bbox 609 3233 692 3282; x_wconf 88' lang='lat' dir='ltr'><strong>est</strong></span> <span class='ocrx_word' id='word_1_362' title='bbox 719 3241 750 3281; x_wconf 91' lang='lat' dir='ltr'><strong>a</strong></span> <span class='ocrx_word' id='word_1_363' title='bbox 775 3238 986 3286; x_wconf 82' lang='lat' dir='ltr'><strong>secreto</strong></span> <span class='ocrx_word' id='word_1_364' title='bbox 1005 3231 1184 3288; x_wconf 87' lang='lat' dir='ltr'><strong>cordis</strong></span> <span class='ocrx_word' id='word_1_365' title='bbox 1214 3239 1556 3288; x_wconf 88' lang='lat' dir='ltr'><strong>terrenorum</strong></span> <span class='ocrx_word' id='word_1_366' title='bbox 1576 3231 1868 3289; x_wconf 90' lang='lat' dir='ltr'><strong>desiderio-</strong></span> 
     </span>
    </p>
   </div>
   <div class='ocr_carea' id='block_1_48' title="bbox 1965 2032 3554 2110">
    <p class='ocr_par' dir='ltr' id='par_1_48' title="bbox 1965 2032 3554 2110">
     <span class='ocr_line' id='line_1_48' title="bbox 1965 2032 3554 2110; baseline -0.005 -15"><span class='ocrx_word' id='word_1_367' title='bbox 1965 2037 2302 2110; x_wconf 89' lang='lat' dir='ltr'><strong>deceptionis</strong></span> <span class='ocrx_word' id='word_1_368' title='bbox 2344 2037 2551 2094; x_wconf 86' lang='lat' dir='ltr'><strong>homini</strong></span> <span class='ocrx_word' id='word_1_369' title='bbox 2601 2035 2856 2106; x_wconf 88' lang='lat' dir='ltr'><strong>contulit,</strong></span> <span class='ocrx_word' id='word_1_370' title='bbox 2906 2044 2964 2092; x_wconf 91' lang='lat' dir='ltr'><strong>et</strong></span> <span class='ocrx_word' id='word_1_371' title='bbox 3016 2033 3262 2106; x_wconf 90' lang='lat' dir='ltr'><strong>quotidie</strong></span> <span class='ocrx_word' id='word_1_372' title='bbox 3314 2032 3554 2089; x_wconf 82' lang='lat' dir='ltr'><strong>debitum</strong></span> 
     </span>
    </p>
   </div>
   <div class='ocr_carea' id='block_1_49' title="bbox 1966 2125 3556 2202">
    <p class='ocr_par' dir='ltr' id='par_1_49' title="bbox 1966 2125 3556 2202">
     <span class='ocr_line' id='line_1_49' title="bbox 1966 2125 3556 2202; baseline -0.006 -14"><span class='ocrx_word' id='word_1_373' title='bbox 1966 2131 2158 2188; x_wconf 90' lang='lat' dir='ltr'><strong>mortis</strong></span> <span class='ocrx_word' id='word_1_374' title='bbox 2182 2129 2373 2202; x_wconf 79' lang='lat' dir='ltr'><strong>exigit,</strong></span> <span class='ocrx_word' id='word_1_375' title='bbox 2401 2143 2504 2186; x_wconf 84' lang='lat' dir='ltr'><strong>vox</strong></span> <span class='ocrx_word' id='word_1_376' title='bbox 2534 2127 2651 2198; x_wconf 89' lang='lat' dir='ltr'><strong>ejus</strong></span> <span class='ocrx_word' id='word_1_377' title='bbox 2681 2137 2766 2186; x_wconf 88' lang='lat' dir='ltr'><strong>est</strong></span> <span class='ocrx_word' id='word_1_378' title='bbox 2812 2127 3060 2185; x_wconf 87' lang='lat' dir='ltr'><strong>tentatio.</strong></span> <span class='ocrx_word' id='word_1_379' title='bbox 3094 2127 3260 2182; x_wconf 80' lang='lat' dir='ltr'><strong>Audit</strong></span> <span class='ocrx_word' id='word_1_380' title='bbox 3297 2125 3389 2195; x_wconf 91' lang='lat' dir='ltr'><strong>qui</strong></span> <span class='ocrx_word' id='word_1_381' title='bbox 3438 2131 3556 2179; x_wconf 89' lang='lat' dir='ltr'><strong>ten-</strong></span> 
     </span>
    </p>
   </div>
   <div class='ocr_carea' id='block_1_50' title="bbox 1967 2214 3552 2291">
    <p class='ocr_par' dir='ltr' id='par_1_50' title="bbox 1967 2214 3552 2291">
     <span class='ocr_line' id='line_1_50' title="bbox 1967 2214 3552 2291; baseline -0.006 -12"><span class='ocrx_word' id='word_1_382' title='bbox 1967 2231 2136 2289; x_wconf 89' lang='lat' dir='ltr'><strong>tatur,</strong></span> <span class='ocrx_word' id='word_1_383' title='bbox 2167 2230 2223 2278; x_wconf 91' lang='lat' dir='ltr'><strong>et</strong></span> <span class='ocrx_word' id='word_1_384' title='bbox 2245 2220 2451 2278; x_wconf 89' lang='lat' dir='ltr'><strong>resistit</strong></span> <span class='ocrx_word' id='word_1_385' title='bbox 2480 2237 2494 2276; x_wconf 89' lang='lat'><strong>:</strong></span> <span class='ocrx_word' id='word_1_386' title='bbox 2520 2219 2848 2291; x_wconf 86' lang='lat' dir='ltr'><strong>exauditqui</strong></span> <span class='ocrx_word' id='word_1_387' title='bbox 2870 2217 3164 2276; x_wconf 89' lang='lat' dir='ltr'><strong>consentit.</strong></span> <span class='ocrx_word' id='word_1_388' title='bbox 3188 2216 3337 2274; x_wconf 85' lang='lat' dir='ltr'><strong>Idem</strong></span> <span class='ocrx_word' id='word_1_389' title='bbox 3367 2214 3433 2271; x_wconf 90' lang='lat' dir='ltr'><strong>de</strong></span> <span class='ocrx_word' id='word_1_390' title='bbox 3463 2215 3552 2270; x_wconf 86' lang='lat' dir='ltr'><strong>in-</strong></span> 
     </span>
    </p>
   </div>
   <div class='ocr_carea' id='block_1_51' title="bbox 1968 2302 3554 2384">
    <p class='ocr_par' dir='ltr' id='par_1_51' title="bbox 1968 2302 3554 2384">
     <span class='ocr_line' id='line_1_51' title="bbox 1968 2302 3554 2384; baseline -0.006 -13"><span class='ocrx_word' id='word_1_391' title='bbox 1968 2323 2124 2371; x_wconf 89' lang='lat' dir='ltr'><strong>tema</strong></span> <span class='ocrx_word' id='word_1_392' title='bbox 2143 2302 2298 2384; x_wconf 86' lang='lat' dir='ltr'><strong>pace,</strong></span> <span class='ocrx_word' id='word_1_393' title='bbox 2327 2312 2455 2384; x_wconf 88' lang='lat' dir='ltr'><strong>quia</strong></span> <span class='ocrx_word' id='word_1_394' title='bbox 2477 2311 2622 2384; x_wconf 92' lang='lat' dir='ltr'><strong>quod</strong></span> <span class='ocrx_word' id='word_1_395' title='bbox 2643 2324 2797 2368; x_wconf 91' lang='lat' dir='ltr'><strong>mens</strong></span> <span class='ocrx_word' id='word_1_396' title='bbox 2825 2308 2982 2366; x_wconf 89' lang='lat' dir='ltr'><strong>valde</strong></span> <span class='ocrx_word' id='word_1_397' title='bbox 3009 2315 3192 2376; x_wconf 85' lang='lat' dir='ltr'><strong>amat,</strong></span> <span class='ocrx_word' id='word_1_398' title='bbox 3221 2306 3419 2378; x_wconf 83' lang='lat' dir='ltr'><strong>saepius</strong></span> <span class='ocrx_word' id='word_1_399' title='bbox 3459 2319 3554 2362; x_wconf 79' lang='lat' dir='ltr'><strong>rc-</strong></span> 
     </span>
    </p>
   </div>
   <div class='ocr_carea' id='block_1_52' title="bbox 1967 2393 2497 2478">
    <p class='ocr_par' dir='ltr' id='par_1_52' title="bbox 1967 2393 2497 2478">
     <span class='ocr_line' id='line_1_52' title="bbox 1967 2393 2497 2478; baseline -0.002 -16"><span class='ocrx_word' id='word_1_400' title='bbox 1967 2393 2157 2478; x_wconf 69' lang='lat' dir='ltr'><strong>plicat.</strong></span> <span class='ocrx_word' id='word_1_401' title='bbox 2495 2406 2497 2409; x_wconf 85' lang='grc'><em>’</em></span> 
     </span>
    </p>
   </div>
   <div class='ocr_carea' id='block_1_53' title="bbox 2039 2486 3558 2565">
    <p class='ocr_par' dir='ltr' id='par_1_53' title="bbox 2039 2486 3558 2565">
     <span class='ocr_line' id='line_1_53' title="bbox 2039 2486 3558 2565; baseline -0.005 -12"><span class='ocrx_word' id='word_1_402' title='bbox 2039 2495 2208 2553; x_wconf 74' lang='lat' dir='ltr'><strong>Vnus.</strong></span> <span class='ocrx_word' id='word_1_403' title='bbox 2241 2497 2332 2554; x_wconf 81' lang='lat' dir='ltr'><strong>l9.</strong></span> <span class='ocrx_word' id='word_1_404' title='bbox 2362 2526 2434 2538; x_wconf 98' lang='lat'><strong>—</strong></span> <span class='ocrx_word' id='word_1_405' title='bbox 2457 2495 2664 2553; x_wconf 86' lang='lat' dir='ltr'><strong>Parvus</strong></span> <span class='ocrx_word' id='word_1_406' title='bbox 2691 2503 2748 2553; x_wconf 93' lang='lat' dir='ltr'><strong>et</strong></span> <span class='ocrx_word' id='word_1_407' title='bbox 2772 2507 3006 2565; x_wconf 84' lang='lat' dir='ltr'><strong>magnus</strong></span> <span class='ocrx_word' id='word_1_408' title='bbox 3021 2492 3098 2550; x_wconf 91' lang='lat' dir='ltr'><strong>ibi</strong></span> <span class='ocrx_word' id='word_1_409' title='bbox 3121 2500 3268 2550; x_wconf 90' lang='lat' dir='ltr'><strong>sunt.</strong></span> <span class='ocrx_word' id='word_1_410' title='bbox 3313 2510 3333 2545; x_wconf 79' lang='grc' dir='ltr'><strong>ι</strong></span> <span class='ocrx_word' id='word_1_411' title='bbox 3365 2486 3558 2563; x_wconf 75' lang='grc' dir='ltr'><strong>(Ιὺὶά.)</strong></span> 
     </span>
    </p>
   </div>
   <div class='ocr_carea' id='block_1_54' title="bbox 1969 2582 3553 2670">
    <p class='ocr_par' dir='ltr' id='par_1_54' title="bbox 1969 2582 3553 2670">
     <span class='ocr_line' id='line_1_54' title="bbox 1969 2582 3553 2670; baseline -0.004 -28"><span class='ocrx_word' id='word_1_412' title='bbox 1969 2585 2107 2656; x_wconf 87' lang='lat' dir='ltr'><strong>Quia</strong></span> <span class='ocrx_word' id='word_1_413' title='bbox 2135 2587 2224 2644; x_wconf 90' lang='lat' dir='ltr'><strong>hic</strong></span> <span class='ocrx_word' id='word_1_414' title='bbox 2250 2593 2336 2644; x_wconf 92' lang='lat' dir='ltr'><strong>est</strong></span> <span class='ocrx_word' id='word_1_415' title='bbox 2371 2586 2628 2670; x_wconf 77' lang='lat' dir='ltr'><strong>discretio</strong></span> <span class='ocrx_word' id='word_1_416' title='bbox 2665 2589 2935 2670; x_wconf 68' lang='lat' dir='ltr'><strong>operum,&quot;</strong></span> <span class='ocrx_word' id='word_1_417' title='bbox 2952 2584 3028 2641; x_wconf 91' lang='lat' dir='ltr'><strong>ibi</strong></span> <span class='ocrx_word' id='word_1_418' title='bbox 3066 2583 3172 2641; x_wconf 90' lang='lat' dir='ltr'><strong>erit</strong></span> <span class='ocrx_word' id='word_1_419' title='bbox 3205 2582 3553 2656; x_wconf 87' lang='lat' dir='ltr'><strong>dignitatum.</strong></span> 
     </span>
    </p>
   </div>
   <div class='ocr_carea' id='block_1_55' title="bbox 1971 2662 3556 2738">
    <p class='ocr_par' dir='ltr' id='par_1_55' title="bbox 1971 2662 3556 2738">
     <span class='ocr_line' id='line_1_55' title="bbox 1971 2662 3556 2738; baseline -0.007 0"><span class='ocrx_word' id='word_1_420' title='bbox 1971 2679 2127 2738; x_wconf 90' lang='lat' dir='ltr'><strong>Unde</strong></span> <span class='ocrx_word' id='word_1_421' title='bbox 2157 2695 2173 2736; x_wconf 90' lang='lat'><strong>:</strong></span> <span class='ocrx_word' id='word_1_422' title='bbox 2207 2699 2226 2734; x_wconf 76' lang='grc' dir='ltr'><strong>ι</strong></span> <span class='ocrx_word' id='word_1_423' title='bbox 2251 2681 2314 2736; x_wconf 90' lang='lat' dir='ltr'><strong>ln</strong></span> <span class='ocrx_word' id='word_1_424' title='bbox 2333 2662 2493 2736; x_wconf 80' lang='lat' dir='ltr'><strong>domo</strong></span> <span class='ocrx_word' id='word_1_425' title='bbox 2519 2678 2700 2736; x_wconf 86' lang='lat' dir='ltr'><strong>Patris</strong></span> <span class='ocrx_word' id='word_1_426' title='bbox 2726 2679 2836 2735; x_wconf 90' lang='lat' dir='ltr'><strong>mei</strong></span> <span class='ocrx_word' id='word_1_427' title='bbox 2859 2662 3170 2734; x_wconf 71' lang='lat' dir='ltr'><strong>mansiones</strong></span> <span class='ocrx_word' id='word_1_428' title='bbox 3197 2674 3382 2732; x_wconf 65' lang='lat' dir='ltr'><strong>multa:</strong></span> <span class='ocrx_word' id='word_1_429' title='bbox 3409 2679 3556 2729; x_wconf 90' lang='lat' dir='ltr'><strong>sunt.</strong></span> 
     </span>
    </p>
   </div>
   <div class='ocr_carea' id='block_1_56' title="bbox 1970 2767 3564 2844">
    <p class='ocr_par' dir='ltr' id='par_1_56' title="bbox 1970 2767 3564 2844">
     <span class='ocr_line' id='line_1_56' title="bbox 1970 2767 3564 2844; baseline -0.006 -16"><span class='ocrx_word' id='word_1_430' title='bbox 1970 2771 2154 2844; x_wconf 83' lang='lat' dir='ltr'><strong>(Joan.</strong></span> <span class='ocrx_word' id='word_1_431' title='bbox 2184 2772 2320 2844; x_wconf 75' lang='lat' dir='ltr'><strong>XIV.)</strong></span> <span class='ocrx_word' id='word_1_432' title='bbox 2358 2790 2378 2825; x_wconf 77' lang='grc' dir='ltr'><strong>ι</strong></span> <span class='ocrx_word' id='word_1_433' title='bbox 2423 2789 2442 2824; x_wconf 79' lang='grc' dir='ltr'><strong>ι</strong></span> <span class='ocrx_word' id='word_1_434' title='bbox 2478 2771 2547 2827; x_wconf 87' lang='grc' dir='ltr'><em>Ει</em></span> <span class='ocrx_word' id='word_1_435' title='bbox 2571 2785 2781 2827; x_wconf 86' lang='lat' dir='ltr'><strong>servus.</strong></span> <span class='ocrx_word' id='word_1_436' title='bbox 2813 2789 2833 2823; x_wconf 74' lang='grc' dir='ltr'><strong>ι</strong></span> <span class='ocrx_word' id='word_1_437' title='bbox 2878 2767 2980 2837; x_wconf 91' lang='lat' dir='ltr'><strong>Qui</strong></span> <span class='ocrx_word' id='word_1_438' title='bbox 3007 2775 3221 2840; x_wconf 88' lang='lat' dir='ltr'><strong>peccat,</strong></span> <span class='ocrx_word' id='word_1_439' title='bbox 3259 2781 3450 2824; x_wconf 89' lang='lat' dir='ltr'><strong>servus</strong></span> <span class='ocrx_word' id='word_1_440' title='bbox 3479 2771 3564 2821; x_wconf 90' lang='lat' dir='ltr'><strong>est</strong></span> 
     </span>
    </p>
   </div>
   <div class='ocr_carea' id='block_1_57' title="bbox 1968 2857 3561 2936">
    <p class='ocr_par' dir='ltr' id='par_1_57' title="bbox 1968 2857 3561 2936">
     <span class='ocr_line' id='line_1_57' title="bbox 1968 2857 3561 2936; baseline -0.007 -13"><span class='ocrx_word' id='word_1_441' title='bbox 1968 2867 2198 2936; x_wconf 88' lang='lat' dir='ltr'><strong>peccati,</strong></span> <span class='ocrx_word' id='word_1_442' title='bbox 2246 2865 2372 2936; x_wconf 91' lang='lat' dir='ltr'><strong>quia</strong></span> <span class='ocrx_word' id='word_1_443' title='bbox 2399 2864 2491 2921; x_wconf 90' lang='lat' dir='ltr'><strong>hic</strong></span> <span class='ocrx_word' id='word_1_444' title='bbox 2535 2877 2811 2936; x_wconf 91' lang='lat' dir='ltr'><strong>nunquam</strong></span> <span class='ocrx_word' id='word_1_445' title='bbox 2857 2861 2998 2918; x_wconf 91' lang='lat' dir='ltr'><strong>liber</strong></span> <span class='ocrx_word' id='word_1_446' title='bbox 3027 2861 3113 2928; x_wconf 87' lang='lat' dir='ltr'><strong>ﬁt,</strong></span> <span class='ocrx_word' id='word_1_447' title='bbox 3155 2860 3283 2916; x_wconf 91' lang='lat' dir='ltr'><strong>dum</strong></span> <span class='ocrx_word' id='word_1_448' title='bbox 3323 2857 3561 2929; x_wconf 81' lang='lat' dir='ltr'><strong>iudicem</strong></span> 
     </span>
    </p>
   </div>
   <div class='ocr_carea' id='block_1_58' title="bbox 1969 2938 3560 3023">
    <p class='ocr_par' dir='ltr' id='par_1_58' title="bbox 1969 2938 3560 3023">
     <span class='ocr_line' id='line_1_58' title="bbox 1969 2938 3560 3023; baseline -0.006 -9"><span class='ocrx_word' id='word_1_449' title='bbox 1969 2957 2203 3014; x_wconf 88' lang='lat' dir='ltr'><strong>metuit:</strong></span> <span class='ocrx_word' id='word_1_450' title='bbox 2231 2957 2328 3013; x_wconf 88' lang='lat' dir='ltr'><strong>sed</strong></span> <span class='ocrx_word' id='word_1_451' title='bbox 2361 2957 2438 3012; x_wconf 93' lang='lat' dir='ltr'><strong>ibi</strong></span> <span class='ocrx_word' id='word_1_452' title='bbox 2470 2955 2610 3012; x_wconf 90' lang='lat' dir='ltr'><strong>liber</strong></span> <span class='ocrx_word' id='word_1_453' title='bbox 2634 2938 2761 3023; x_wconf 80' lang='lat' dir='ltr'><strong>erit,</strong></span> <span class='ocrx_word' id='word_1_454' title='bbox 2783 2953 2876 3009; x_wconf 90' lang='lat' dir='ltr'><strong>ubi</strong></span> <span class='ocrx_word' id='word_1_455' title='bbox 2898 2953 2965 3008; x_wconf 92' lang='lat' dir='ltr'><strong>de</strong></span> <span class='ocrx_word' id='word_1_456' title='bbox 2992 2951 3154 3008; x_wconf 89' lang='lat' dir='ltr'><strong>venia</strong></span> <span class='ocrx_word' id='word_1_457' title='bbox 3182 2949 3332 3006; x_wconf 90' lang='lat' dir='ltr'><strong>nulla</strong></span> <span class='ocrx_word' id='word_1_458' title='bbox 3365 2947 3560 3004; x_wconf 88' lang='lat' dir='ltr'><strong>dubie-</strong></span> 
     </span>
    </p>
   </div>
   <div class='ocr_carea' id='block_1_59' title="bbox 1971 3033 3562 3119">
    <p class='ocr_par' dir='ltr' id='par_1_59' title="bbox 1971 3033 3562 3119">
     <span class='ocr_line' id='line_1_59' title="bbox 1971 3033 3562 3119; baseline -0.006 -13"><span class='ocrx_word' id='word_1_459' title='bbox 1971 3059 2056 3107; x_wconf 88' lang='lat' dir='ltr'><strong>tas</strong></span> <span class='ocrx_word' id='word_1_460' title='bbox 2083 3051 2206 3106; x_wconf 90' lang='lat' dir='ltr'><strong>erit.</strong></span> <span class='ocrx_word' id='word_1_461' title='bbox 2236 3049 2354 3104; x_wconf 86' lang='lat' dir='ltr'><strong>Erit</strong></span> <span class='ocrx_word' id='word_1_462' title='bbox 2388 3048 2604 3119; x_wconf 91' lang='lat' dir='ltr'><strong>quidem</strong></span> <span class='ocrx_word' id='word_1_463' title='bbox 2647 3046 2722 3102; x_wconf 91' lang='lat' dir='ltr'><strong>ibi</strong></span> <span class='ocrx_word' id='word_1_464' title='bbox 2749 3033 3010 3101; x_wconf 71' lang='lat' dir='ltr'><strong>meinoria</strong></span> <span class='ocrx_word' id='word_1_465' title='bbox 3047 3043 3252 3115; x_wconf 62' lang='lat' dir='ltr'><strong>culpat,</strong></span> <span class='ocrx_word' id='word_1_466' title='bbox 3283 3057 3390 3098; x_wconf 94' lang='lat' dir='ltr'><strong>non</strong></span> <span class='ocrx_word' id='word_1_467' title='bbox 3441 3056 3562 3112; x_wconf 69' lang='lat' dir='ltr'><strong>quae</strong></span> 
     </span>
    </p>
   </div>
   <div class='ocr_carea' id='block_1_60' title="bbox 1969 3132 3564 3213">
    <p class='ocr_par' dir='ltr' id='par_1_60' title="bbox 1969 3132 3564 3213">
     <span class='ocr_line' id='line_1_60' title="bbox 1969 3132 3564 3213; baseline -0.008 -14"><span class='ocrx_word' id='word_1_468' title='bbox 1969 3150 2211 3199; x_wconf 78' lang='lat' dir='ltr'><strong>mentem</strong></span> <span class='ocrx_word' id='word_1_469' title='bbox 2251 3140 2473 3213; x_wconf 85' lang='lat' dir='ltr'><strong>polluat,</strong></span> <span class='ocrx_word' id='word_1_470' title='bbox 2517 3138 2612 3195; x_wconf 90' lang='lat' dir='ltr'><strong>sed</strong></span> <span class='ocrx_word' id='word_1_471' title='bbox 2642 3152 2762 3210; x_wconf 73' lang='lat' dir='ltr'><strong>qua:</strong></span> <span class='ocrx_word' id='word_1_472' title='bbox 2811 3135 2930 3192; x_wconf 85' lang='lat' dir='ltr'><strong>sine</strong></span> <span class='ocrx_word' id='word_1_473' title='bbox 2951 3135 3168 3192; x_wconf 68' lang='lat' dir='ltr'><strong>laesione</strong></span> <span class='ocrx_word' id='word_1_474' title='bbox 3185 3132 3564 3198; x_wconf 90' lang='lat' dir='ltr'><strong>beatitudinis,</strong></span> 
     </span>
    </p>
   </div>
   <div class='ocr_carea' id='block_1_61' title="bbox 1933 3221 3566 3298">
    <p class='ocr_par' dir='ltr' id='par_1_61' title="bbox 1933 3221 3566 3298">
     <span class='ocr_line' id='line_1_61' title="bbox 1933 3221 3566 3298; baseline -0.007 -8"><span class='ocrx_word' id='word_1_475' title='bbox 1933 3271 1936 3274; x_wconf 70' lang='lat'><strong><em>~</em></strong></span> <span class='ocrx_word' id='word_1_476' title='bbox 1973 3233 2180 3290; x_wconf 89' lang='lat' dir='ltr'><strong>arctius</strong></span> <span class='ocrx_word' id='word_1_477' title='bbox 2224 3229 2548 3288; x_wconf 90' lang='lat' dir='ltr'><strong>beatitudini</strong></span> <span class='ocrx_word' id='word_1_478' title='bbox 2591 3237 2648 3286; x_wconf 89' lang='lat' dir='ltr'><strong>et</strong></span> <span class='ocrx_word' id='word_1_479' title='bbox 2680 3226 2883 3284; x_wconf 73' lang='lat' dir='ltr'><strong>laetitiae</strong></span> <span class='ocrx_word' id='word_1_480' title='bbox 2927 3225 3196 3298; x_wconf 87' lang='lat' dir='ltr'><strong>astringat</strong></span> <span class='ocrx_word' id='word_1_481' title='bbox 3220 3265 3236 3290; x_wconf 91' lang='lat'><strong>,</strong></span> <span class='ocrx_word' id='word_1_482' title='bbox 3287 3232 3349 3280; x_wconf 91' lang='lat' dir='ltr'><strong>ut</strong></span> <span class='ocrx_word' id='word_1_483' title='bbox 3390 3221 3566 3280; x_wconf 88' lang='lat' dir='ltr'><strong>sanati</strong></span> 
     </span>
    </p>
   </div>
   <div class='ocr_carea' id='block_1_62' title="bbox 284 3313 3568 3395">
    <p class='ocr_par' dir='ltr' id='par_1_62' title="bbox 284 3313 3568 3395">
     <span class='ocr_line' id='line_1_62' title="bbox 284 3313 3568 3395; baseline 0.001 -26"><span class='ocrx_word' id='word_1_484' title='bbox 284 3328 408 3370; x_wconf 87' lang='lat' dir='ltr'><strong>rum</strong></span> <span class='ocrx_word' id='word_1_485' title='bbox 437 3315 699 3374; x_wconf 89' lang='lat' dir='ltr'><strong>tumultus</strong></span> <span class='ocrx_word' id='word_1_486' title='bbox 717 3319 1006 3388; x_wconf 83' lang='lat' dir='ltr'><strong>expellere,</strong></span> <span class='ocrx_word' id='word_1_487' title='bbox 1029 3330 1084 3376; x_wconf 93' lang='lat' dir='ltr'><strong>et</strong></span> <span class='ocrx_word' id='word_1_488' title='bbox 1105 3321 1161 3378; x_wconf 92' lang='lat' dir='ltr'><strong>in</strong></span> <span class='ocrx_word' id='word_1_489' title='bbox 1194 3337 1436 3380; x_wconf 90' lang='lat' dir='ltr'><strong>amorem</strong></span> <span class='ocrx_word' id='word_1_490' title='bbox 1463 3323 1669 3378; x_wconf 83' lang='lat' dir='ltr'><strong>intimae</strong></span> <span class='ocrx_word' id='word_1_491' title='bbox 1705 3321 1862 3395; x_wconf 87' lang='lat' dir='ltr'><strong>quie-</strong></span> <span class='ocrx_word' id='word_1_492' title='bbox 1890 3313 1942 3380; x_wconf 87' lang='lat' dir='ltr'><strong>C</strong></span> <span class='ocrx_word' id='word_1_493' title='bbox 1972 3325 2218 3385; x_wconf 90' lang='lat' dir='ltr'><strong>dolorum</strong></span> <span class='ocrx_word' id='word_1_494' title='bbox 2251 3323 2369 3380; x_wconf 88' lang='lat' dir='ltr'><strong>sine</strong></span> <span class='ocrx_word' id='word_1_495' title='bbox 2396 3321 2583 3380; x_wconf 89' lang='lat' dir='ltr'><strong>dolore</strong></span> <span class='ocrx_word' id='word_1_496' title='bbox 2609 3320 2993 3386; x_wconf 89' lang='lat' dir='ltr'><strong>recordamur;</strong></span> <span class='ocrx_word' id='word_1_497' title='bbox 3029 3315 3174 3375; x_wconf 91' lang='lat' dir='ltr'><strong>unde</strong></span> <span class='ocrx_word' id='word_1_498' title='bbox 3197 3314 3429 3388; x_wconf 91' lang='lat' dir='ltr'><strong>amplius</strong></span> <span class='ocrx_word' id='word_1_499' title='bbox 3453 3329 3568 3372; x_wconf 80' lang='lat' dir='ltr'><strong>me-</strong></span> 
     </span>
    </p>
   </div>
   <div class='ocr_carea' id='block_1_63' title="bbox 284 3404 1872 3488">
    <p class='ocr_par' dir='ltr' id='par_1_63' title="bbox 284 3404 1872 3488">
     <span class='ocr_line' id='line_1_63' title="bbox 284 3404 1872 3488; baseline 0.005 -25"><span class='ocrx_word' id='word_1_500' title='bbox 284 3404 362 3464; x_wconf 74' lang='lat' dir='ltr'><strong>tis</strong></span> <span class='ocrx_word' id='word_1_501' title='bbox 382 3406 659 3477; x_wconf 81' lang='lat' dir='ltr'><strong>anhelare,</strong></span> <span class='ocrx_word' id='word_1_502' title='bbox 695 3417 756 3465; x_wconf 92' lang='lat' dir='ltr'><strong>ut</strong></span> <span class='ocrx_word' id='word_1_503' title='bbox 787 3412 962 3482; x_wconf 88' lang='lat' dir='ltr'><strong>possit</strong></span> <span class='ocrx_word' id='word_1_504' title='bbox 985 3413 1093 3470; x_wconf 90' lang='lat' dir='ltr'><strong>dici</strong></span> <span class='ocrx_word' id='word_1_505' title='bbox 1127 3431 1141 3469; x_wconf 91' lang='lat'><strong>:</strong></span> <span class='ocrx_word' id='word_1_506' title='bbox 1182 3413 1360 3472; x_wconf 87' lang='lat' dir='ltr'><strong>Unam</strong></span> <span class='ocrx_word' id='word_1_507' title='bbox 1383 3414 1518 3488; x_wconf 90' lang='lat' dir='ltr'><strong>petii</strong></span> <span class='ocrx_word' id='word_1_508' title='bbox 1552 3429 1584 3470; x_wconf 96' lang='lat' dir='ltr'><strong>a</strong></span> <span class='ocrx_word' id='word_1_509' title='bbox 1618 3414 1872 3483; x_wconf 86' lang='lat' dir='ltr'><strong>Domino,</strong></span> 
     </span>
    </p>
   </div>
   <div class='ocr_carea' id='block_1_64' title="bbox 285 3500 960 3574">
    <p class='ocr_par' dir='ltr' id='par_1_64' title="bbox 285 3500 960 3574">
     <span class='ocr_line' id='line_1_64' title="bbox 285 3500 960 3574; baseline 0.003 -18"><span class='ocrx_word' id='word_1_510' title='bbox 285 3507 347 3556; x_wconf 84' lang='lat' dir='ltr'><strong>et</strong></span> <span class='ocrx_word' id='word_1_511' title='bbox 370 3500 512 3557; x_wconf 89' lang='lat' dir='ltr'><strong>hanc</strong></span> <span class='ocrx_word' id='word_1_512' title='bbox 534 3502 830 3574; x_wconf 89' lang='lat' dir='ltr'><strong>requiram,</strong></span> <span class='ocrx_word' id='word_1_513' title='bbox 853 3511 960 3560; x_wconf 90' lang='lat' dir='ltr'><strong>etc.</strong></span> 
     </span>
    </p>
   </div>
   <div class='ocr_carea' id='block_1_65' title="bbox 361 3589 1876 3672">
    <p class='ocr_par' dir='ltr' id='par_1_65' title="bbox 361 3589 1876 3672">
     <span class='ocr_line' id='line_1_65' title="bbox 361 3589 1876 3672; baseline 0.004 -23"><span class='ocrx_word' id='word_1_514' title='bbox 361 3592 527 3651; x_wconf 70' lang='lat' dir='ltr'><strong>Vsus.</strong></span> <span class='ocrx_word' id='word_1_515' title='bbox 558 3589 646 3650; x_wconf 79' lang='lat' dir='ltr'><strong>l5.</strong></span> <span class='ocrx_word' id='word_1_516' title='bbox 677 3627 749 3637; x_wconf 92' lang='lat'><strong>—</strong></span> <span class='ocrx_word' id='word_1_517' title='bbox 781 3614 801 3648; x_wconf 72' lang='grc' dir='ltr'><strong>ε</strong></span> <span class='ocrx_word' id='word_1_518' title='bbox 831 3595 965 3652; x_wconf 90' lang='lat' dir='ltr'><strong>Cum</strong></span> <span class='ocrx_word' id='word_1_519' title='bbox 999 3597 1334 3672; x_wconf 89' lang='lat' dir='ltr'><strong>principibus</strong></span> <span class='ocrx_word' id='word_1_520' title='bbox 1364 3600 1458 3671; x_wconf 92' lang='lat' dir='ltr'><strong>qui</strong></span> <span class='ocrx_word' id='word_1_521' title='bbox 1488 3599 1876 3671; x_wconf 86' lang='lat' dir='ltr'><strong>possidentau-</strong></span> 
     </span>
    </p>
   </div>
   <div class='ocr_carea' id='block_1_66' title="bbox 288 3685 1876 3764">
    <p class='ocr_par' dir='ltr' id='par_1_66' title="bbox 288 3685 1876 3764">
     <span class='ocr_line' id='line_1_66' title="bbox 288 3685 1876 3764; baseline 0.003 -22"><span class='ocrx_word' id='word_1_522' title='bbox 288 3701 436 3742; x_wconf 88' lang='lat' dir='ltr'><strong>rum.</strong></span> <span class='ocrx_word' id='word_1_523' title='bbox 475 3707 494 3740; x_wconf 77' lang='grc' dir='ltr'><strong>ι</strong></span> <span class='ocrx_word' id='word_1_524' title='bbox 525 3685 808 3759; x_wconf 87' lang='lat' dir='ltr'><strong>Principes</strong></span> <span class='ocrx_word' id='word_1_525' title='bbox 829 3696 955 3744; x_wconf 87' lang='lat' dir='ltr'><strong>sunt</strong></span> <span class='ocrx_word' id='word_1_526' title='bbox 983 3689 1238 3747; x_wconf 68' lang='lat' dir='ltr'><strong>Ecclesiae</strong></span> <span class='ocrx_word' id='word_1_527' title='bbox 1262 3700 1524 3759; x_wconf 91' lang='lat' dir='ltr'><strong>rectores,</strong></span> <span class='ocrx_word' id='word_1_528' title='bbox 1550 3700 1682 3759; x_wconf 89' lang='lat' dir='ltr'><strong>etc.,</strong></span> <span class='ocrx_word' id='word_1_529' title='bbox 1711 3707 1876 3764; x_wconf 76' lang='lat' dir='ltr'><strong>usque</strong></span> 
     </span>
    </p>
   </div>
   <div class='ocr_carea' id='block_1_67' title="bbox 285 3766 1876 3852">
    <p class='ocr_par' dir='ltr' id='par_1_67' title="bbox 285 3766 1876 3852">
     <span class='ocr_line' id='line_1_67' title="bbox 285 3766 1876 3852; baseline 0.002 -19"><span class='ocrx_word' id='word_1_530' title='bbox 285 3766 360 3833; x_wconf 76' lang='lat' dir='ltr'><strong>ad</strong></span> <span class='ocrx_word' id='word_1_531' title='bbox 402 3777 494 3848; x_wconf 89' lang='lat' dir='ltr'><strong>qui</strong></span> <span class='ocrx_word' id='word_1_532' title='bbox 557 3786 738 3834; x_wconf 91' lang='lat' dir='ltr'><strong>autem</strong></span> <span class='ocrx_word' id='word_1_533' title='bbox 779 3777 960 3835; x_wconf 89' lang='lat' dir='ltr'><strong>futura</strong></span> <span class='ocrx_word' id='word_1_534' title='bbox 1004 3780 1277 3851; x_wconf 65' lang='lat' dir='ltr'><strong>praevidit,</strong></span> <span class='ocrx_word' id='word_1_535' title='bbox 1319 3779 1434 3852; x_wconf 89' lang='lat' dir='ltr'><strong>jam</strong></span> <span class='ocrx_word' id='word_1_536' title='bbox 1477 3781 1754 3852; x_wconf 60' lang='lat' dir='ltr'><strong>praeterita</strong></span> <span class='ocrx_word' id='word_1_537' title='bbox 1788 3794 1876 3836; x_wconf 87' lang='lat' dir='ltr'><strong>re-</strong></span> 
     </span>
    </p>
   </div>
   <div class='ocr_carea' id='block_1_68' title="bbox 290 3869 441 3926">
    <p class='ocr_par' dir='ltr' id='par_1_68' title="bbox 290 3869 441 3926">
     <span class='ocr_line' id='line_1_68' title="bbox 290 3869 441 3926; baseline -0.007 0"><span class='ocrx_word' id='word_1_538' title='bbox 290 3869 441 3926; x_wconf 91' lang='lat' dir='ltr'><strong>colit.</strong></span> 
     </span>
    </p>
   </div>
   <div class='ocr_carea' id='block_1_69' title="bbox 363 3962 1874 4040">
    <p class='ocr_par' dir='ltr' id='par_1_69' title="bbox 363 3962 1874 4040">
     <span class='ocr_line' id='line_1_69' title="bbox 363 3962 1874 4040; baseline 0.001 -22"><span class='ocrx_word' id='word_1_539' title='bbox 363 3962 530 4020; x_wconf 76' lang='lat' dir='ltr'><strong>Vsns.</strong></span> <span class='ocrx_word' id='word_1_540' title='bbox 577 3965 664 4022; x_wconf 88' lang='grc'><strong>16.</strong></span> <span class='ocrx_word' id='word_1_541' title='bbox 694 3997 767 4008; x_wconf 92' lang='grc'><strong>-</strong></span> <span class='ocrx_word' id='word_1_542' title='bbox 799 3987 818 4020; x_wconf 83' lang='grc'>‹</span> <span class='ocrx_word' id='word_1_543' title='bbox 868 3968 978 4024; x_wconf 85' lang='lat' dir='ltr'><strong>Aut</strong></span> <span class='ocrx_word' id='word_1_544' title='bbox 1034 3969 1173 4025; x_wconf 89' lang='lat' dir='ltr'><strong>sicut</strong></span> <span class='ocrx_word' id='word_1_545' title='bbox 1214 3967 1540 4024; x_wconf 88' lang='lat' dir='ltr'><strong>abortivum.</strong></span> <span class='ocrx_word' id='word_1_546' title='bbox 1603 3987 1622 4021; x_wconf 78' lang='grc' dir='ltr'><strong>ι</strong></span> <span class='ocrx_word' id='word_1_547' title='bbox 1684 3965 1874 4040; x_wconf 76' lang='grc' dir='ltr'><strong>(Ιὺίά.)</strong></span> 
     </span>
    </p>
   </div>
   <div class='ocr_carea' id='block_1_70' title="bbox 288 4056 1877 4132">
    <p class='ocr_par' dir='ltr' id='par_1_70' title="bbox 288 4056 1877 4132">
     <span class='ocr_line' id='line_1_70' title="bbox 288 4056 1877 4132; baseline 0.001 -20"><span class='ocrx_word' id='word_1_548' title='bbox 288 4056 429 4126; x_wconf 91' lang='lat' dir='ltr'><strong>Quia</strong></span> <span class='ocrx_word' id='word_1_549' title='bbox 440 4059 584 4128; x_wconf 91' lang='lat' dir='ltr'><strong>quod</strong></span> <span class='ocrx_word' id='word_1_550' title='bbox 605 4060 932 4128; x_wconf 89' lang='lat' dir='ltr'><strong>abortivum,</strong></span> <span class='ocrx_word' id='word_1_551' title='bbox 953 4068 1077 4117; x_wconf 88' lang='lat' dir='ltr'><strong>ante</strong></span> <span class='ocrx_word' id='word_1_552' title='bbox 1099 4068 1308 4132; x_wconf 87' lang='lat' dir='ltr'><strong>tempus</strong></span> <span class='ocrx_word' id='word_1_553' title='bbox 1330 4060 1524 4127; x_wconf 88' lang='lat' dir='ltr'><strong>oritur,</strong></span> <span class='ocrx_word' id='word_1_554' title='bbox 1545 4059 1877 4116; x_wconf 79' lang='lat' dir='ltr'><strong>exstinctum</strong></span> 
     </span>
    </p>
   </div>
   <div class='ocr_carea' id='block_1_71' title="bbox 288 4150 1877 4224">
    <p class='ocr_par' dir='ltr' id='par_1_71' title="bbox 288 4150 1877 4224">
     <span class='ocr_line' id='line_1_71' title="bbox 288 4150 1877 4224; baseline 0.002 -18"><span class='ocrx_word' id='word_1_555' title='bbox 288 4150 540 4222; x_wconf 91' lang='lat' dir='ltr'><strong>protinus</strong></span> <span class='ocrx_word' id='word_1_556' title='bbox 569 4153 890 4209; x_wconf 90' lang='lat' dir='ltr'><strong>occultatur.</strong></span> <span class='ocrx_word' id='word_1_557' title='bbox 939 4151 1006 4208; x_wconf 81' lang='lat' dir='ltr'><strong>lli</strong></span> <span class='ocrx_word' id='word_1_558' title='bbox 1035 4161 1161 4210; x_wconf 92' lang='lat' dir='ltr'><strong>sunt</strong></span> <span class='ocrx_word' id='word_1_559' title='bbox 1190 4153 1399 4221; x_wconf 89' lang='lat' dir='ltr'><strong>sancti,</strong></span> <span class='ocrx_word' id='word_1_560' title='bbox 1427 4168 1552 4210; x_wconf 89' lang='lat' dir='ltr'><strong>cum</strong></span> <span class='ocrx_word' id='word_1_561' title='bbox 1592 4152 1788 4224; x_wconf 90' lang='lat' dir='ltr'><strong>quibus</strong></span> <span class='ocrx_word' id='word_1_562' title='bbox 1815 4166 1877 4209; x_wconf 83' lang='lat' dir='ltr'><strong>se</strong></span> 
     </span>
    </p>
   </div>
   <div class='ocr_carea' id='block_1_72' title="bbox 290 4242 1879 4316">
    <p class='ocr_par' dir='ltr' id='par_1_72' title="bbox 290 4242 1879 4316">
     <span class='ocr_line' id='line_1_72' title="bbox 290 4242 1879 4316; baseline 0.003 -20"><span class='ocrx_word' id='word_1_563' title='bbox 290 4242 572 4313; x_wconf 88' lang='lat' dir='ltr'><strong>quiescere</strong></span> <span class='ocrx_word' id='word_1_564' title='bbox 599 4245 836 4316; x_wconf 89' lang='lat' dir='ltr'><strong>potuisse</strong></span> <span class='ocrx_word' id='word_1_565' title='bbox 876 4245 1204 4312; x_wconf 87' lang='lat' dir='ltr'><strong>considerat,</strong></span> <span class='ocrx_word' id='word_1_566' title='bbox 1241 4247 1334 4316; x_wconf 90' lang='lat' dir='ltr'><strong>qui</strong></span> <span class='ocrx_word' id='word_1_567' title='bbox 1371 4261 1404 4301; x_wconf 94' lang='lat' dir='ltr'><strong>a</strong></span> <span class='ocrx_word' id='word_1_568' title='bbox 1440 4246 1626 4301; x_wconf 87' lang='lat' dir='ltr'><strong>mundi</strong></span> <span class='ocrx_word' id='word_1_569' title='bbox 1653 4245 1879 4301; x_wconf 83' lang='lat' dir='ltr'><strong>exordio</strong></span> 
     </span>
    </p>
   </div>
   <div class='ocr_carea' id='block_1_73' title="bbox 292 4335 1877 4407">
    <p class='ocr_par' dir='ltr' id='par_1_73' title="bbox 292 4335 1877 4407">
     <span class='ocr_line' id='line_1_73' title="bbox 292 4335 1877 4407; baseline 0.003 -21"><span class='ocrx_word' id='word_1_570' title='bbox 292 4340 420 4386; x_wconf 91' lang='lat' dir='ltr'><strong>ante</strong></span> <span class='ocrx_word' id='word_1_571' title='bbox 445 4338 658 4405; x_wconf 89' lang='lat' dir='ltr'><strong>tempus</strong></span> <span class='ocrx_word' id='word_1_572' title='bbox 685 4335 1070 4407; x_wconf 90' lang='lat' dir='ltr'><strong>redemptionis</strong></span> <span class='ocrx_word' id='word_1_573' title='bbox 1089 4335 1310 4392; x_wconf 85' lang='lat' dir='ltr'><strong>fuerunt</strong></span> <span class='ocrx_word' id='word_1_574' title='bbox 1333 4355 1348 4393; x_wconf 90' lang='lat'><strong>:</strong></span> <span class='ocrx_word' id='word_1_575' title='bbox 1374 4345 1430 4392; x_wconf 92' lang='lat' dir='ltr'><strong>et</strong></span> <span class='ocrx_word' id='word_1_576' title='bbox 1466 4345 1646 4392; x_wconf 89' lang='lat' dir='ltr'><strong>tamen</strong></span> <span class='ocrx_word' id='word_1_577' title='bbox 1674 4335 1877 4392; x_wconf 89' lang='lat' dir='ltr'><strong>mundo</strong></span> 
     </span>
    </p>
   </div>
   <div class='ocr_carea' id='block_1_74' title="bbox 292 4422 1876 4498">
    <p class='ocr_par' dir='ltr' id='par_1_74' title="bbox 292 4422 1876 4498">
     <span class='ocr_line' id='line_1_74' title="bbox 292 4422 1876 4498; baseline 0.003 -20"><span class='ocrx_word' id='word_1_578' title='bbox 292 4435 356 4478; x_wconf 86' lang='lat' dir='ltr'><strong>se</strong></span> <span class='ocrx_word' id='word_1_579' title='bbox 383 4422 873 4480; x_wconf 83' lang='lat' dir='ltr'><strong>mortificaverunt.</strong></span> <span class='ocrx_word' id='word_1_580' title='bbox 927 4423 1163 4498; x_wconf 90' lang='lat' dir='ltr'><strong>Tempus</strong></span> <span class='ocrx_word' id='word_1_581' title='bbox 1208 4426 1445 4497; x_wconf 90' lang='lat' dir='ltr'><strong>primum</strong></span> <span class='ocrx_word' id='word_1_582' title='bbox 1489 4435 1617 4483; x_wconf 90' lang='lat' dir='ltr'><strong>ante</strong></span> <span class='ocrx_word' id='word_1_583' title='bbox 1666 4425 1876 4498; x_wconf 82' lang='lat' dir='ltr'><strong>legem,</strong></span> 
     </span>
    </p>
   </div>
   <div class='ocr_carea' id='block_1_75' title="bbox 295 4515 1879 4592">
    <p class='ocr_par' dir='ltr' id='par_1_75' title="bbox 295 4515 1879 4592">
     <span class='ocr_line' id='line_1_75' title="bbox 295 4515 1879 4592; baseline 0.004 -23"><span class='ocrx_word' id='word_1_584' title='bbox 295 4515 441 4585; x_wconf 84' lang='lat' dir='ltr'><strong>quod</strong></span> <span class='ocrx_word' id='word_1_585' title='bbox 466 4524 652 4586; x_wconf 88' lang='lat' dir='ltr'><strong>patres</strong></span> <span class='ocrx_word' id='word_1_586' title='bbox 679 4517 918 4574; x_wconf 89' lang='lat' dir='ltr'><strong>secundo</strong></span> <span class='ocrx_word' id='word_1_587' title='bbox 950 4527 1197 4577; x_wconf 89' lang='lat' dir='ltr'><strong>mortuos</strong></span> <span class='ocrx_word' id='word_1_588' title='bbox 1222 4521 1471 4591; x_wconf 89' lang='lat' dir='ltr'><strong>protulit,</strong></span> <span class='ocrx_word' id='word_1_589' title='bbox 1501 4520 1657 4592; x_wconf 90' lang='lat' dir='ltr'><strong>quasi</strong></span> <span class='ocrx_word' id='word_1_590' title='bbox 1688 4529 1879 4576; x_wconf 87' lang='lat' dir='ltr'><strong>uterus</strong></span> 
     </span>
    </p>
   </div>
   <div class='ocr_carea' id='block_1_76' title="bbox 295 4607 1878 4683">
    <p class='ocr_par' dir='ltr' id='par_1_76' title="bbox 295 4607 1878 4683">
     <span class='ocr_line' id='line_1_76' title="bbox 295 4607 1878 4683; baseline 0.002 -20"><span class='ocrx_word' id='word_1_591' title='bbox 295 4607 528 4665; x_wconf 86' lang='lat' dir='ltr'><strong>abortivi</strong></span> <span class='ocrx_word' id='word_1_592' title='bbox 569 4607 672 4666; x_wconf 89' lang='lat' dir='ltr'><strong>fuit</strong></span> <span class='ocrx_word' id='word_1_593' title='bbox 703 4627 716 4664; x_wconf 91' lang='lat'>:</span> <span class='ocrx_word' id='word_1_594' title='bbox 745 4619 802 4667; x_wconf 93' lang='lat' dir='ltr'><strong>et</strong></span> <span class='ocrx_word' id='word_1_595' title='bbox 827 4611 931 4682; x_wconf 91' lang='lat' dir='ltr'><strong>ipsi</strong></span> <span class='ocrx_word' id='word_1_596' title='bbox 962 4613 1116 4683; x_wconf 88' lang='lat' dir='ltr'><strong>quasi</strong></span> <span class='ocrx_word' id='word_1_597' title='bbox 1169 4612 1238 4668; x_wconf 90' lang='lat' dir='ltr'><strong>ab</strong></span> <span class='ocrx_word' id='word_1_598' title='bbox 1274 4621 1430 4669; x_wconf 89' lang='lat' dir='ltr'><strong>utero</strong></span> <span class='ocrx_word' id='word_1_599' title='bbox 1476 4611 1677 4668; x_wconf 90' lang='lat' dir='ltr'><strong>mortui</strong></span> <span class='ocrx_word' id='word_1_600' title='bbox 1715 4619 1878 4679; x_wconf 89' lang='lat' dir='ltr'><strong>sunt,</strong></span> 
     </span>
    </p>
   </div>
   <div class='ocr_carea' id='block_1_77' title="bbox 295 4702 1878 4778">
    <p class='ocr_par' dir='ltr' id='par_1_77' title="bbox 295 4702 1878 4778">
     <span class='ocr_line' id='line_1_77' title="bbox 295 4702 1878 4778; baseline 0.003 -20"><span class='ocrx_word' id='word_1_601' title='bbox 295 4702 392 4774; x_wconf 90' lang='lat' dir='ltr'><strong>qui</strong></span> <span class='ocrx_word' id='word_1_602' title='bbox 420 4703 539 4759; x_wconf 89' lang='lat' dir='ltr'><strong>sine</strong></span> <span class='ocrx_word' id='word_1_603' title='bbox 569 4705 768 4762; x_wconf 91' lang='lat' dir='ltr'><strong>tabulis</strong></span> <span class='ocrx_word' id='word_1_604' title='bbox 807 4705 944 4778; x_wconf 88' lang='lat' dir='ltr'><strong>legis</strong></span> <span class='ocrx_word' id='word_1_605' title='bbox 990 4705 1162 4762; x_wconf 88' lang='lat' dir='ltr'><strong>Deum</strong></span> <span class='ocrx_word' id='word_1_606' title='bbox 1191 4707 1515 4764; x_wconf 89' lang='lat' dir='ltr'><strong>naturaliter</strong></span> <span class='ocrx_word' id='word_1_607' title='bbox 1557 4708 1878 4774; x_wconf 89' lang='lat' dir='ltr'><strong>timuerunt,</strong></span> 
     </span>
    </p>
   </div>
   <div class='ocr_carea' id='block_1_78' title="bbox 295 4795 1877 4870">
    <p class='ocr_par' dir='ltr' id='par_1_78' title="bbox 295 4795 1877 4870">
     <span class='ocr_line' id='line_1_78' title="bbox 295 4795 1877 4870; baseline 0.001 -17"><span class='ocrx_word' id='word_1_608' title='bbox 295 4803 355 4853; x_wconf 89' lang='lat' dir='ltr'><strong>et</strong></span> <span class='ocrx_word' id='word_1_609' title='bbox 395 4795 640 4854; x_wconf 85' lang='lat' dir='ltr'><strong>futurum</strong></span> <span class='ocrx_word' id='word_1_610' title='bbox 669 4799 1065 4870; x_wconf 87' lang='lat' dir='ltr'><strong>redemptorem</strong></span> <span class='ocrx_word' id='word_1_611' title='bbox 1092 4800 1378 4857; x_wconf 88' lang='lat' dir='ltr'><strong>credentes</strong></span> <span class='ocrx_word' id='word_1_612' title='bbox 1399 4799 1699 4870; x_wconf 88' lang='lat' dir='ltr'><strong>voluptates</strong></span> <span class='ocrx_word' id='word_1_613' title='bbox 1729 4798 1877 4855; x_wconf 90' lang='lat' dir='ltr'><strong>occi-</strong></span> 
     </span>
    </p>
   </div>
   <div class='ocr_carea' id='block_1_79' title="bbox 299 4887 1880 4960">
    <p class='ocr_par' dir='ltr' id='par_1_79' title="bbox 299 4887 1880 4960">
     <span class='ocr_line' id='line_1_79' title="bbox 299 4887 1880 4960; baseline 0.001 -16"><span class='ocrx_word' id='word_1_614' title='bbox 299 4887 520 4944; x_wconf 90' lang='lat' dir='ltr'><strong>derunt.</strong></span> <span class='ocrx_word' id='word_1_615' title='bbox 550 4908 569 4942; x_wconf 74' lang='grc' dir='ltr'><strong>ι</strong></span> <span class='ocrx_word' id='word_1_616' title='bbox 611 4890 1018 4948; x_wconf 82' lang='lat' dir='ltr'><strong>Absconditum.</strong></span> <span class='ocrx_word' id='word_1_617' title='bbox 1061 4909 1081 4943; x_wconf 73' lang='grc' dir='ltr'><strong><em>ι</em></strong></span> <span class='ocrx_word' id='word_1_618' title='bbox 1115 4889 1250 4958; x_wconf 90' lang='lat' dir='ltr'><strong>Quia</strong></span> <span class='ocrx_word' id='word_1_619' title='bbox 1276 4888 1463 4960; x_wconf 90' lang='lat' dir='ltr'><strong>paucis</strong></span> <span class='ocrx_word' id='word_1_620' title='bbox 1490 4905 1521 4944; x_wconf 90' lang='lat' dir='ltr'><strong>a</strong></span> <span class='ocrx_word' id='word_1_621' title='bbox 1551 4888 1734 4960; x_wconf 87' lang='lat' dir='ltr'><strong>Moyse</strong></span> <span class='ocrx_word' id='word_1_622' title='bbox 1761 4903 1880 4945; x_wconf 87' lang='lat' dir='ltr'><strong>me—</strong></span> 
     </span>
    </p>
   </div>
   <div class='ocr_carea' id='block_1_80' title="bbox 297 4962 1884 5055">
    <p class='ocr_par' dir='ltr' id='par_1_80' title="bbox 297 4962 1884 5055">
     <span class='ocr_line' id='line_1_80' title="bbox 297 4962 1884 5055; baseline 0.001 -20"><span class='ocrx_word' id='word_1_623' title='bbox 297 4980 549 5049; x_wconf 89' lang='lat' dir='ltr'><strong>moratis,</strong></span> <span class='ocrx_word' id='word_1_624' title='bbox 575 4990 706 5050; x_wconf 92' lang='lat' dir='ltr'><strong>etc.,</strong></span> <span class='ocrx_word' id='word_1_625' title='bbox 733 4999 896 5055; x_wconf 75' lang='lat' dir='ltr'><strong>usque</strong></span> <span class='ocrx_word' id='word_1_626' title='bbox 913 4962 996 5038; x_wconf 79' lang='grc' dir='ltr'><em>ἀιι</em></span> <span class='ocrx_word' id='word_1_627' title='bbox 1023 4996 1159 5054; x_wconf 93' lang='lat' dir='ltr'><strong>quos</strong></span> <span class='ocrx_word' id='word_1_628' title='bbox 1180 4981 1402 5052; x_wconf 89' lang='lat' dir='ltr'><strong>spiritus</strong></span> <span class='ocrx_word' id='word_1_629' title='bbox 1426 4980 1721 5051; x_wconf 82' lang='lat' dir='ltr'><strong>prophetiae</strong></span> <span class='ocrx_word' id='word_1_630' title='bbox 1743 4983 1884 5037; x_wconf 82' lang='lat' dir='ltr'><strong>irra-</strong></span> 
     </span>
    </p>
   </div>
   <div class='ocr_carea' id='block_1_81' title="bbox 302 5074 1886 5150">
    <p class='ocr_par' dir='ltr' id='par_1_81' title="bbox 302 5074 1886 5150">
     <span class='ocr_line' id='line_1_81' title="bbox 302 5074 1886 5150; baseline 0.001 -20"><span class='ocrx_word' id='word_1_631' title='bbox 302 5074 500 5142; x_wconf 90' lang='lat' dir='ltr'><strong>diavit,</strong></span> <span class='ocrx_word' id='word_1_632' title='bbox 527 5084 592 5132; x_wconf 94' lang='lat' dir='ltr'><strong>ut</strong></span> <span class='ocrx_word' id='word_1_633' title='bbox 617 5077 794 5147; x_wconf 90' lang='lat' dir='ltr'><strong>ipsum</strong></span> <span class='ocrx_word' id='word_1_634' title='bbox 820 5076 943 5134; x_wconf 81' lang='lat' dir='ltr'><strong>Job.</strong></span> <span class='ocrx_word' id='word_1_635' title='bbox 976 5075 1166 5150; x_wconf 82' lang='lat' dir='ltr'><strong>(Ibid.)</strong></span> <span class='ocrx_word' id='word_1_636' title='bbox 1191 5074 1312 5132; x_wconf 80' lang='lat' dir='ltr'><strong>Jam</strong></span> <span class='ocrx_word' id='word_1_637' title='bbox 1333 5074 1572 5146; x_wconf 90' lang='lat' dir='ltr'><strong>quietem</strong></span> <span class='ocrx_word' id='word_1_638' title='bbox 1608 5075 1770 5147; x_wconf 88' lang='lat' dir='ltr'><strong>hujus</strong></span> <span class='ocrx_word' id='word_1_639' title='bbox 1800 5074 1886 5131; x_wconf 89' lang='lat' dir='ltr'><strong>lu-</strong></span> 
     </span>
    </p>
   </div>
   <div class='ocr_carea' id='block_1_82' title="bbox 301 5165 1885 5240">
    <p class='ocr_par' dir='ltr' id='par_1_82' title="bbox 301 5165 1885 5240">
     <span class='ocr_line' id='line_1_82' title="bbox 301 5165 1885 5240; baseline 0.002 -18"><span class='ocrx_word' id='word_1_640' title='bbox 301 5165 386 5222; x_wconf 88' lang='lat' dir='ltr'><strong>cis</strong></span> <span class='ocrx_word' id='word_1_641' title='bbox 439 5167 636 5238; x_wconf 90' lang='lat' dir='ltr'><strong>aperit,</strong></span> <span class='ocrx_word' id='word_1_642' title='bbox 667 5175 723 5225; x_wconf 89' lang='lat' dir='ltr'><strong>et</strong></span> <span class='ocrx_word' id='word_1_643' title='bbox 781 5167 912 5239; x_wconf 93' lang='lat' dir='ltr'><strong>quid</strong></span> <span class='ocrx_word' id='word_1_644' title='bbox 955 5167 1098 5239; x_wconf 90' lang='lat' dir='ltr'><strong>apud</strong></span> <span class='ocrx_word' id='word_1_645' title='bbox 1152 5182 1273 5224; x_wconf 89' lang='lat' dir='ltr'><strong>eam</strong></span> <span class='ocrx_word' id='word_1_646' title='bbox 1326 5166 1567 5238; x_wconf 91' lang='lat' dir='ltr'><strong>quotidie</strong></span> <span class='ocrx_word' id='word_1_647' title='bbox 1597 5168 1778 5240; x_wconf 90' lang='lat' dir='ltr'><strong>agitur</strong></span> <span class='ocrx_word' id='word_1_648' title='bbox 1815 5168 1885 5225; x_wconf 90' lang='lat' dir='ltr'><strong>de</strong></span> 
     </span>
    </p>
   </div>
   <div class='ocr_carea' id='block_1_83' title="bbox 303 5258 1888 5332">
    <p class='ocr_par' dir='ltr' id='par_1_83' title="bbox 303 5258 1888 5332">
     <span class='ocr_line' id='line_1_83' title="bbox 303 5258 1888 5332; baseline 0.003 -20"><span class='ocrx_word' id='word_1_649' title='bbox 303 5258 716 5316; x_wconf 89' lang='lat' dir='ltr'><strong>conversatione</strong></span> <span class='ocrx_word' id='word_1_650' title='bbox 755 5258 1045 5332; x_wconf 89' lang='lat' dir='ltr'><strong>impiorum</strong></span> <span class='ocrx_word' id='word_1_651' title='bbox 1075 5259 1258 5318; x_wconf 90' lang='lat' dir='ltr'><strong>verbis</strong></span> <span class='ocrx_word' id='word_1_652' title='bbox 1295 5259 1755 5317; x_wconf 83' lang='lat' dir='ltr'><strong>manifestioribus</strong></span> <span class='ocrx_word' id='word_1_653' title='bbox 1796 5261 1888 5316; x_wconf 86' lang='lat' dir='ltr'><strong>de-</strong></span> 
     </span>
    </p>
   </div>
   <div class='ocr_carea' id='block_1_84' title="bbox 303 5356 592 5406">
    <p class='ocr_par' dir='ltr' id='par_1_84' title="bbox 303 5356 592 5406">
     <span class='ocr_line' id='line_1_84' title="bbox 303 5356 592 5406; baseline 0.007 -2"><span class='ocrx_word' id='word_1_654' title='bbox 303 5356 592 5406; x_wconf 87' lang='lat' dir='ltr'><strong>monstrat.</strong></span> 
     </span>
    </p>
   </div>
   <div class='ocr_carea' id='block_1_85' title="bbox 376 5440 1885 5516">
    <p class='ocr_par' dir='ltr' id='par_1_85' title="bbox 376 5440 1885 5516">
     <span class='ocr_line' id='line_1_85' title="bbox 376 5440 1885 5516; baseline 0.001 -18"><span class='ocrx_word' id='word_1_655' title='bbox 376 5440 540 5498; x_wconf 72' lang='lat' dir='ltr'><strong>Vitas.</strong></span> <span class='ocrx_word' id='word_1_656' title='bbox 570 5442 658 5498; x_wconf 91' lang='grc'><strong>17.</strong></span> <span class='ocrx_word' id='word_1_657' title='bbox 685 5472 760 5486; x_wconf 90' lang='lat'><strong>—-</strong></span> <span class='ocrx_word' id='word_1_658' title='bbox 790 5461 813 5497; x_wconf 71' lang='grc' dir='ltr'><strong>ι</strong></span> <span class='ocrx_word' id='word_1_659' title='bbox 837 5442 918 5500; x_wconf 93' lang='lat' dir='ltr'><strong>lbi</strong></span> <span class='ocrx_word' id='word_1_660' title='bbox 939 5443 1112 5516; x_wconf 90' lang='lat' dir='ltr'><strong>impii.</strong></span> <span class='ocrx_word' id='word_1_661' title='bbox 1147 5463 1168 5498; x_wconf 72' lang='grc' dir='ltr'><strong>ι</strong></span> <span class='ocrx_word' id='word_1_662' title='bbox 1194 5442 1251 5500; x_wconf 89' lang='lat' dir='ltr'><strong>Id</strong></span> <span class='ocrx_word' id='word_1_663' title='bbox 1273 5450 1378 5511; x_wconf 89' lang='lat' dir='ltr'><strong>est,</strong></span> <span class='ocrx_word' id='word_1_664' title='bbox 1411 5443 1466 5500; x_wconf 92' lang='lat' dir='ltr'><strong>in</strong></span> <span class='ocrx_word' id='word_1_665' title='bbox 1499 5443 1622 5500; x_wconf 90' lang='lat' dir='ltr'><strong>luce</strong></span> <span class='ocrx_word' id='word_1_666' title='bbox 1647 5443 1885 5512; x_wconf 88' lang='lat' dir='ltr'><strong>Christi,</strong></span> 
     </span>
    </p>
   </div>
   <div class='ocr_carea' id='block_1_86' title="bbox 303 5534 1888 5608">
    <p class='ocr_par' dir='ltr' id='par_1_86' title="bbox 303 5534 1888 5608">
     <span class='ocr_line' id='line_1_86' title="bbox 303 5534 1888 5608; baseline 0.001 -19"><span class='ocrx_word' id='word_1_667' title='bbox 303 5548 469 5604; x_wconf 91' lang='lat' dir='ltr'><strong>quam</strong></span> <span class='ocrx_word' id='word_1_668' title='bbox 491 5534 700 5607; x_wconf 88' lang='lat' dir='ltr'><strong>antiqui</strong></span> <span class='ocrx_word' id='word_1_669' title='bbox 721 5535 1015 5608; x_wconf 64' lang='lat' dir='ltr'><strong>praestolati</strong></span> <span class='ocrx_word' id='word_1_670' title='bbox 1044 5544 1187 5604; x_wconf 91' lang='lat' dir='ltr'><strong>sunt,</strong></span> <span class='ocrx_word' id='word_1_671' title='bbox 1211 5535 1455 5594; x_wconf 85' lang='lat' dir='ltr'><strong>Gentiles</strong></span> <span class='ocrx_word' id='word_1_672' title='bbox 1483 5551 1515 5592; x_wconf 91' lang='lat' dir='ltr'><strong>a</strong></span> <span class='ocrx_word' id='word_1_673' title='bbox 1559 5535 1714 5592; x_wconf 89' lang='lat' dir='ltr'><strong>turba</strong></span> <span class='ocrx_word' id='word_1_674' title='bbox 1741 5536 1888 5593; x_wconf 89' lang='lat' dir='ltr'><strong>desi-</strong></span> 
     </span>
    </p>
   </div>
   <div class='ocr_carea' id='block_1_87' title="bbox 308 5626 1887 5698">
    <p class='ocr_par' dir='ltr' id='par_1_87' title="bbox 308 5626 1887 5698">
     <span class='ocr_line' id='line_1_87' title="bbox 308 5626 1887 5698; baseline 0.001 -18"><span class='ocrx_word' id='word_1_675' title='bbox 308 5627 581 5681; x_wconf 87' lang='lat' dir='ltr'><strong>deriorum</strong></span> <span class='ocrx_word' id='word_1_676' title='bbox 620 5627 804 5683; x_wconf 90' lang='lat' dir='ltr'><strong>mundi</strong></span> <span class='ocrx_word' id='word_1_677' title='bbox 834 5636 1084 5694; x_wconf 86' lang='lat' dir='ltr'><strong>cessant,</strong></span> <span class='ocrx_word' id='word_1_678' title='bbox 1131 5637 1188 5683; x_wconf 90' lang='lat' dir='ltr'><strong>et</strong></span> <span class='ocrx_word' id='word_1_679' title='bbox 1235 5626 1526 5698; x_wconf 90' lang='lat' dir='ltr'><strong>tranquilla</strong></span> <span class='ocrx_word' id='word_1_680' title='bbox 1554 5635 1734 5684; x_wconf 90' lang='lat' dir='ltr'><strong>mente</strong></span> <span class='ocrx_word' id='word_1_681' title='bbox 1769 5628 1887 5698; x_wconf 85' lang='lat' dir='ltr'><strong>jam</strong></span> 
     </span>
    </p>
   </div>
   <div class='ocr_carea' id='block_1_88' title="bbox 305 5719 1887 5791">
    <p class='ocr_par' dir='ltr' id='par_1_88' title="bbox 305 5719 1887 5791">
     <span class='ocr_line' id='line_1_88' title="bbox 305 5719 1887 5791; baseline 0.001 -18"><span class='ocrx_word' id='word_1_682' title='bbox 305 5727 566 5774; x_wconf 64' lang='lat' dir='ltr'><strong>aeternam</strong></span> <span class='ocrx_word' id='word_1_683' title='bbox 603 5719 842 5790; x_wconf 89' lang='lat' dir='ltr'><strong>quietem</strong></span> <span class='ocrx_word' id='word_1_684' title='bbox 879 5727 1229 5791; x_wconf 69' lang='lat' dir='ltr'><strong>przegustant.</strong></span> <span class='ocrx_word' id='word_1_685' title='bbox 1258 5719 1326 5774; x_wconf 85' lang='lat' dir='ltr'><strong>Et</strong></span> <span class='ocrx_word' id='word_1_686' title='bbox 1364 5719 1467 5774; x_wconf 92' lang='lat' dir='ltr'><strong>hoc</strong></span> <span class='ocrx_word' id='word_1_687' title='bbox 1494 5726 1622 5774; x_wconf 89' lang='lat' dir='ltr'><strong>est:</strong></span> <span class='ocrx_word' id='word_1_688' title='bbox 1657 5738 1676 5772; x_wconf 84' lang='grc'>‹</span> <span class='ocrx_word' id='word_1_689' title='bbox 1715 5719 1780 5774; x_wconf 87' lang='grc' dir='ltr'><em>Ει</em></span> <span class='ocrx_word' id='word_1_690' title='bbox 1811 5719 1887 5776; x_wconf 90' lang='lat' dir='ltr'><strong>ibi</strong></span> 
     </span>
    </p>
   </div>
   <div class='ocr_carea' id='block_1_89' title="bbox 309 5810 1887 5880">
    <p class='ocr_par' dir='ltr' id='par_1_89' title="bbox 309 5810 1887 5880">
     <span class='ocr_line' id='line_1_89' title="bbox 309 5810 1887 5880; baseline 0.002 -17"><span class='ocrx_word' id='word_1_691' title='bbox 309 5811 715 5880; x_wconf 87' lang='lat' dir='ltr'><strong>requieverunt.</strong></span> <span class='ocrx_word' id='word_1_692' title='bbox 766 5831 785 5864; x_wconf 73' lang='grc' dir='ltr'><strong>ι</strong></span> <span class='ocrx_word' id='word_1_693' title='bbox 833 5811 892 5866; x_wconf 87' lang='lat' dir='ltr'><strong>In</strong></span> <span class='ocrx_word' id='word_1_694' title='bbox 920 5813 1118 5868; x_wconf 91' lang='lat' dir='ltr'><strong>mundo</strong></span> <span class='ocrx_word' id='word_1_695' title='bbox 1150 5811 1316 5867; x_wconf 81' lang='lat' dir='ltr'><strong>fortes</strong></span> <span class='ocrx_word' id='word_1_696' title='bbox 1345 5812 1562 5877; x_wconf 86' lang='lat' dir='ltr'><strong>robore,</strong></span> <span class='ocrx_word' id='word_1_697' title='bbox 1605 5827 1710 5866; x_wconf 93' lang='lat' dir='ltr'><strong>non</strong></span> <span class='ocrx_word' id='word_1_698' title='bbox 1759 5810 1887 5866; x_wconf 87' lang='lat' dir='ltr'><strong>fessi</strong></span> 
     </span>
    </p>
   </div>
   <div class='ocr_carea' id='block_1_90' title="bbox 312 5897 1962 6000">
    <p class='ocr_par' dir='ltr' id='par_1_90' title="bbox 312 5897 1962 6000">
     <span class='ocr_line' id='line_1_90' title="bbox 312 5897 1962 6000; baseline 0.002 -43"><span class='ocrx_word' id='word_1_699' title='bbox 312 5897 587 5960; x_wconf 87' lang='lat' dir='ltr'><strong>dicuntur.</strong></span> <span class='ocrx_word' id='word_1_700' title='bbox 613 5903 715 5976; x_wconf 83' lang='lat' dir='ltr'><strong>Qui</strong></span> <span class='ocrx_word' id='word_1_701' title='bbox 749 5920 880 5963; x_wconf 83' lang='lat' dir='ltr'><strong>vero</strong></span> <span class='ocrx_word' id='word_1_702' title='bbox 911 5905 966 5962; x_wconf 91' lang='lat' dir='ltr'><strong>in</strong></span> <span class='ocrx_word' id='word_1_703' title='bbox 991 5919 1179 5965; x_wconf 77' lang='lat' dir='ltr'><strong>amore</strong></span> <span class='ocrx_word' id='word_1_704' title='bbox 1199 5904 1298 5964; x_wconf 88' lang='lat' dir='ltr'><strong>Dei</strong></span> <span class='ocrx_word' id='word_1_705' title='bbox 1325 5903 1630 5971; x_wconf 86' lang='lat' dir='ltr'><strong>roboratur,</strong></span> <span class='ocrx_word' id='word_1_706' title='bbox 1657 5901 1962 6000; x_wconf 23' lang='lat' dir='ltr'><strong>salubri-9</strong></span> 
     </span>
    </p>
   </div>
   <div class='ocr_carea' id='block_1_91' title="bbox 1905 4665 1962 4729">
    <p class='ocr_par' dir='ltr' id='par_1_91' title="bbox 1905 4665 1962 4729">
     <span class='ocr_line' id='line_1_91' title="bbox 1905 4665 1962 4729; baseline 0 0"><span class='ocrx_word' id='word_1_707' title='bbox 1905 4665 1962 4729; x_wconf 88' lang='lat' dir='ltr'><strong>D</strong></span> 
     </span>
    </p>
   </div>
   <div class='ocr_carea' id='block_1_92' title="bbox 1977 3415 2575 3490">
    <p class='ocr_par' dir='ltr' id='par_1_92' title="bbox 1977 3415 2575 3490">
     <span class='ocr_line' id='line_1_92' title="bbox 1977 3415 2575 3490; baseline -0.012 -13"><span class='ocrx_word' id='word_1_708' title='bbox 1977 3419 2099 3477; x_wconf 89' lang='lat' dir='ltr'><strong>dico</strong></span> <span class='ocrx_word' id='word_1_709' title='bbox 2118 3417 2322 3490; x_wconf 87' lang='lat' dir='ltr'><strong>gratias</strong></span> <span class='ocrx_word' id='word_1_710' title='bbox 2344 3415 2575 3486; x_wconf 88' lang='lat' dir='ltr'><strong>agimus.</strong></span> 
     </span>
    </p>
   </div>
   <div class='ocr_carea' id='block_1_93' title="bbox 2048 3499 3560 3574">
    <p class='ocr_par' dir='ltr' id='par_1_93' title="bbox 2048 3499 3560 3574">
     <span class='ocr_line' id='line_1_93' title="bbox 2048 3499 3560 3574; baseline -0.008 -8"><span class='ocrx_word' id='word_1_711' title='bbox 2048 3511 2214 3566; x_wconf 68' lang='lat' dir='ltr'><strong>Vens.</strong></span> <span class='ocrx_word' id='word_1_712' title='bbox 2259 3507 2350 3564; x_wconf 74' lang='lat'><strong>20.</strong></span> <span class='ocrx_word' id='word_1_713' title='bbox 2391 3537 2464 3551; x_wconf 90' lang='lat'><strong>—-</strong></span> <span class='ocrx_word' id='word_1_714' title='bbox 2522 3525 2544 3561; x_wconf 74' lang='grc' dir='ltr'><strong>ι</strong></span> <span class='ocrx_word' id='word_1_715' title='bbox 2595 3505 2777 3574; x_wconf 89' lang='lat' dir='ltr'><strong>Quare</strong></span> <span class='ocrx_word' id='word_1_716' title='bbox 2817 3505 3017 3562; x_wconf 88' lang='lat' dir='ltr'><strong>misero</strong></span> <span class='ocrx_word' id='word_1_717' title='bbox 3067 3503 3196 3560; x_wconf 89' lang='lat' dir='ltr'><strong>data</strong></span> <span class='ocrx_word' id='word_1_718' title='bbox 3243 3507 3330 3558; x_wconf 84' lang='lat' dir='ltr'><strong>est</strong></span> <span class='ocrx_word' id='word_1_719' title='bbox 3372 3499 3506 3556; x_wconf 85' lang='lat' dir='ltr'><strong>lux?</strong></span> <span class='ocrx_word' id='word_1_720' title='bbox 3540 3518 3560 3554; x_wconf 73' lang='grc' dir='ltr'><strong>ι</strong></span> 
     </span>
    </p>
   </div>
   <div class='ocr_carea' id='block_1_94' title="bbox 1977 3594 3567 3675">
    <p class='ocr_par' dir='ltr' id='par_1_94' title="bbox 1977 3594 3567 3675">
     <span class='ocr_line' id='line_1_94' title="bbox 1977 3594 3567 3675; baseline -0.006 -17"><span class='ocrx_word' id='word_1_721' title='bbox 1977 3601 2172 3675; x_wconf 73' lang='lat' dir='ltr'><strong>(Gnnc.</strong></span> <span class='ocrx_word' id='word_1_722' title='bbox 2216 3601 2274 3657; x_wconf 79' lang='lat' dir='ltr'><strong>in</strong></span> <span class='ocrx_word' id='word_1_723' title='bbox 2323 3601 2414 3656; x_wconf 80' lang='lat' dir='ltr'><strong>lib.</strong></span> <span class='ocrx_word' id='word_1_724' title='bbox 2457 3599 2558 3656; x_wconf 80' lang='lat' dir='ltr'><strong>Job</strong></span> <span class='ocrx_word' id='word_1_725' title='bbox 2598 3599 2696 3655; x_wconf 89' lang='lat' dir='ltr'><strong>lib.</strong></span> <span class='ocrx_word' id='word_1_726' title='bbox 2725 3597 2803 3672; x_wconf 91' lang='lat' dir='ltr'><strong>v.)</strong></span> <span class='ocrx_word' id='word_1_727' title='bbox 2843 3594 3252 3670; x_wconf 80' lang='lat' dir='ltr'><strong>Contemplatus</strong></span> <span class='ocrx_word' id='word_1_728' title='bbox 3287 3595 3567 3666; x_wconf 88' lang='lat' dir='ltr'><strong>requiem,</strong></span> 
     </span>
    </p>
   </div>
   <div class='ocr_carea' id='block_1_95' title="bbox 1977 3683 3566 3762">
    <p class='ocr_par' dir='ltr' id='par_1_95' title="bbox 1977 3683 3566 3762">
     <span class='ocr_line' id='line_1_95' title="bbox 1977 3683 3566 3762; baseline -0.005 -14"><span class='ocrx_word' id='word_1_729' title='bbox 1977 3692 2071 3748; x_wconf 92' lang='lat' dir='ltr'><strong>ubi</strong></span> <span class='ocrx_word' id='word_1_730' title='bbox 2097 3691 2236 3748; x_wconf 91' lang='lat' dir='ltr'><strong>liber</strong></span> <span class='ocrx_word' id='word_1_731' title='bbox 2256 3707 2287 3746; x_wconf 90' lang='lat' dir='ltr'><strong>a</strong></span> <span class='ocrx_word' id='word_1_732' title='bbox 2306 3689 2538 3748; x_wconf 89' lang='lat' dir='ltr'><strong>Domino</strong></span> <span class='ocrx_word' id='word_1_733' title='bbox 2559 3689 2791 3762; x_wconf 90' lang='lat' dir='ltr'><strong>despicit</strong></span> <span class='ocrx_word' id='word_1_734' title='bbox 2819 3686 3001 3745; x_wconf 69' lang='lat' dir='ltr'><strong>saeculi</strong></span> <span class='ocrx_word' id='word_1_735' title='bbox 3027 3699 3312 3760; x_wconf 89' lang='lat' dir='ltr'><strong>prospera,</strong></span> <span class='ocrx_word' id='word_1_736' title='bbox 3337 3699 3459 3756; x_wconf 65' lang='lat' dir='ltr'><strong>qua:</strong></span> <span class='ocrx_word' id='word_1_737' title='bbox 3496 3683 3566 3740; x_wconf 89' lang='lat' dir='ltr'><strong>ab</strong></span> 
     </span>
    </p>
   </div>
   <div class='ocr_carea' id='block_1_96' title="bbox 1980 3774 3566 3850">
    <p class='ocr_par' dir='ltr' id='par_1_96' title="bbox 1980 3774 3566 3850">
     <span class='ocr_line' id='line_1_96' title="bbox 1980 3774 3566 3850; baseline -0.007 -11"><span class='ocrx_word' id='word_1_738' title='bbox 1980 3799 2046 3840; x_wconf 90' lang='lat' dir='ltr'><strong>ea</strong></span> <span class='ocrx_word' id='word_1_739' title='bbox 2063 3783 2369 3839; x_wconf 88' lang='lat' dir='ltr'><strong>retrahunt.</strong></span> <span class='ocrx_word' id='word_1_740' title='bbox 2405 3800 2425 3834; x_wconf 75' lang='grc' dir='ltr'><strong>ι</strong></span> <span class='ocrx_word' id='word_1_741' title='bbox 2458 3780 2640 3850; x_wconf 89' lang='lat' dir='ltr'><strong>Quare</strong></span> <span class='ocrx_word' id='word_1_742' title='bbox 2669 3779 2873 3837; x_wconf 90' lang='lat' dir='ltr'><strong>misero</strong></span> <span class='ocrx_word' id='word_1_743' title='bbox 2901 3779 3026 3834; x_wconf 90' lang='lat' dir='ltr'><strong>data</strong></span> <span class='ocrx_word' id='word_1_744' title='bbox 3049 3784 3133 3834; x_wconf 77' lang='lat' dir='ltr'><strong>est</strong></span> <span class='ocrx_word' id='word_1_745' title='bbox 3151 3776 3266 3844; x_wconf 87' lang='lat' dir='ltr'><strong>lux,</strong></span> <span class='ocrx_word' id='word_1_746' title='bbox 3302 3793 3324 3831; x_wconf 77' lang='grc' dir='ltr'><strong>ι</strong></span> <span class='ocrx_word' id='word_1_747' title='bbox 3377 3774 3432 3830; x_wconf 90' lang='lat' dir='ltr'><strong>id</strong></span> <span class='ocrx_word' id='word_1_748' title='bbox 3460 3781 3566 3842; x_wconf 86' lang='lat' dir='ltr'><strong>est,</strong></span> 
     </span>
    </p>
   </div>
   <div class='ocr_carea' id='block_1_97' title="bbox 1977 3865 3568 3948">
    <p class='ocr_par' dir='ltr' id='par_1_97' title="bbox 1977 3865 3568 3948">
     <span class='ocr_line' id='line_1_97' title="bbox 1977 3865 3568 3948; baseline -0.007 -16"><span class='ocrx_word' id='word_1_749' title='bbox 1977 3877 2311 3948; x_wconf 82' lang='lat' dir='ltr'><strong>prosperitas</strong></span> <span class='ocrx_word' id='word_1_750' title='bbox 2339 3874 2394 3930; x_wconf 91' lang='lat' dir='ltr'><strong>in</strong></span> <span class='ocrx_word' id='word_1_751' title='bbox 2423 3871 2874 3946; x_wconf 84' lang='lat' dir='ltr'><strong>peregrinationis</strong></span> <span class='ocrx_word' id='word_1_752' title='bbox 2902 3869 3126 3927; x_wconf 89' lang='lat' dir='ltr'><strong>miseria</strong></span> <span class='ocrx_word' id='word_1_753' title='bbox 3158 3885 3174 3926; x_wconf 92' lang='lat'><strong>:</strong></span> <span class='ocrx_word' id='word_1_754' title='bbox 3205 3867 3358 3940; x_wconf 87' lang='lat' dir='ltr'><strong>quia,</strong></span> <span class='ocrx_word' id='word_1_755' title='bbox 3385 3865 3432 3923; x_wconf 90' lang='lat' dir='ltr'><strong>si</strong></span> <span class='ocrx_word' id='word_1_756' title='bbox 3458 3879 3568 3922; x_wconf 93' lang='lat' dir='ltr'><strong>non</strong></span> 
     </span>
    </p>
   </div>
   <div class='ocr_carea' id='block_1_98' title="bbox 1974 3960 3566 4042">
    <p class='ocr_par' dir='ltr' id='par_1_98' title="bbox 1974 3960 3566 4042">
     <span class='ocr_line' id='line_1_98' title="bbox 1974 3960 3566 4042; baseline -0.008 -16"><span class='ocrx_word' id='word_1_757' title='bbox 1974 3970 2183 4042; x_wconf 86' lang='lat' dir='ltr'><strong>justum</strong></span> <span class='ocrx_word' id='word_1_758' title='bbox 2207 3967 2426 4040; x_wconf 90' lang='lat' dir='ltr'><strong>penitus</strong></span> <span class='ocrx_word' id='word_1_759' title='bbox 2447 3965 2729 4038; x_wconf 89' lang='lat' dir='ltr'><strong>opprimit,</strong></span> <span class='ocrx_word' id='word_1_760' title='bbox 2759 3973 2941 4021; x_wconf 90' lang='lat' dir='ltr'><strong>tamen</strong></span> <span class='ocrx_word' id='word_1_761' title='bbox 2970 3969 3211 4020; x_wconf 89' lang='lat' dir='ltr'><strong>mentem</strong></span> <span class='ocrx_word' id='word_1_762' title='bbox 3235 3960 3293 4016; x_wconf 91' lang='lat' dir='ltr'><strong>in</strong></span> <span class='ocrx_word' id='word_1_763' title='bbox 3321 3972 3566 4016; x_wconf 89' lang='lat' dir='ltr'><strong>amorem</strong></span> 
     </span>
    </p>
   </div>
   <div class='ocr_carea' id='block_1_99' title="bbox 1979 4049 3573 4131">
    <p class='ocr_par' dir='ltr' id='par_1_99' title="bbox 1979 4049 3573 4131">
     <span class='ocr_line' id='line_1_99' title="bbox 1979 4049 3573 4131; baseline -0.007 -13"><span class='ocrx_word' id='word_1_764' title='bbox 1979 4061 2076 4118; x_wconf 88' lang='lat' dir='ltr'><strong>Dei</strong></span> <span class='ocrx_word' id='word_1_765' title='bbox 2103 4068 2158 4118; x_wconf 91' lang='lat' dir='ltr'><strong>et</strong></span> <span class='ocrx_word' id='word_1_766' title='bbox 2185 4061 2242 4115; x_wconf 92' lang='lat' dir='ltr'><strong>in</strong></span> <span class='ocrx_word' id='word_1_767' title='bbox 2261 4059 2662 4131; x_wconf 89' lang='lat' dir='ltr'><strong>dispensatione</strong></span> <span class='ocrx_word' id='word_1_768' title='bbox 2685 4055 2768 4113; x_wconf 91' lang='lat' dir='ltr'><strong>sui</strong></span> <span class='ocrx_word' id='word_1_769' title='bbox 2793 4054 3016 4124; x_wconf 90' lang='lat' dir='ltr'><strong>dividit;</strong></span> <span class='ocrx_word' id='word_1_770' title='bbox 3049 4053 3194 4110; x_wconf 88' lang='lat' dir='ltr'><strong>unde</strong></span> <span class='ocrx_word' id='word_1_771' title='bbox 3220 4051 3372 4109; x_wconf 91' lang='lat' dir='ltr'><strong>addit</strong></span> <span class='ocrx_word' id='word_1_772' title='bbox 3400 4065 3416 4107; x_wconf 89' lang='lat'><strong>:</strong></span> <span class='ocrx_word' id='word_1_773' title='bbox 3453 4069 3474 4103; x_wconf 72' lang='grc' dir='ltr'><strong>ι</strong></span> <span class='ocrx_word' id='word_1_774' title='bbox 3499 4049 3573 4107; x_wconf 84' lang='lat' dir='ltr'><strong>Et</strong></span> 
     </span>
    </p>
   </div>
   <div class='ocr_carea' id='block_1_100' title="bbox 1978 4147 3567 4237">
    <p class='ocr_par' dir='ltr' id='par_1_100' title="bbox 1978 4147 3567 4237">
     <span class='ocr_line' id='line_1_100' title="bbox 1978 4147 3567 4237; baseline -0.008 -23"><span class='ocrx_word' id='word_1_775' title='bbox 1978 4158 2094 4213; x_wconf 90' lang='lat' dir='ltr'><strong>vita</strong></span> <span class='ocrx_word' id='word_1_776' title='bbox 2121 4156 2208 4213; x_wconf 89' lang='lat' dir='ltr'><strong>his</strong></span> <span class='ocrx_word' id='word_1_777' title='bbox 2230 4153 2346 4227; x_wconf 91' lang='lat' dir='ltr'><strong>qui,</strong></span> <span class='ocrx_word' id='word_1_778' title='bbox 2374 4164 2480 4210; x_wconf 92' lang='lat' dir='ltr'><strong>etc.</strong></span> <span class='ocrx_word' id='word_1_779' title='bbox 2519 4172 2539 4207; x_wconf 73' lang='lat' dir='ltr'><strong>r</strong></span> <span class='ocrx_word' id='word_1_780' title='bbox 2585 4151 2902 4237; x_wconf 82' lang='lat' dir='ltr'><strong>Amaritudo</strong></span> <span class='ocrx_word' id='word_1_781' title='bbox 2927 4159 3028 4209; x_wconf 84' lang='lat' dir='ltr'><strong>est.</strong></span> <span class='ocrx_word' id='word_1_782' title='bbox 3056 4148 3206 4208; x_wconf 88' lang='lat' dir='ltr'><strong>omni</strong></span> <span class='ocrx_word' id='word_1_783' title='bbox 3229 4147 3398 4220; x_wconf 84' lang='lat' dir='ltr'><strong>justo,</strong></span> <span class='ocrx_word' id='word_1_784' title='bbox 3433 4156 3567 4216; x_wconf 90' lang='lat' dir='ltr'><strong>etc.,</strong></span> 
     </span>
    </p>
   </div>
   <div class='ocr_carea' id='block_1_101' title="bbox 1980 4247 3008 4322">
    <p class='ocr_par' dir='ltr' id='par_1_101' title="bbox 1980 4247 3008 4322">
     <span class='ocr_line' id='line_1_101' title="bbox 1980 4247 3008 4322; baseline -0.005 -16"><span class='ocrx_word' id='word_1_785' title='bbox 1980 4267 2144 4322; x_wconf 79' lang='lat' dir='ltr'><strong>usque</strong></span> <span class='ocrx_word' id='word_1_786' title='bbox 2168 4249 2239 4305; x_wconf 86' lang='lat' dir='ltr'><strong>ad</strong></span> <span class='ocrx_word' id='word_1_787' title='bbox 2262 4247 2344 4305; x_wconf 91' lang='lat' dir='ltr'><strong>vel</strong></span> <span class='ocrx_word' id='word_1_788' title='bbox 2376 4248 2432 4304; x_wconf 92' lang='lat' dir='ltr'><strong>in</strong></span> <span class='ocrx_word' id='word_1_789' title='bbox 2458 4247 2722 4320; x_wconf 88' lang='lat' dir='ltr'><strong>regimine</strong></span> <span class='ocrx_word' id='word_1_790' title='bbox 2750 4261 3008 4319; x_wconf 81' lang='lat' dir='ltr'><strong>praeesse.</strong></span> 
     </span>
    </p>
   </div>
   <div class='ocr_carea' id='block_1_102' title="bbox 2052 4332 3570 4408">
    <p class='ocr_par' dir='ltr' id='par_1_102' title="bbox 2052 4332 3570 4408">
     <span class='ocr_line' id='line_1_102' title="bbox 2052 4332 3570 4408; baseline -0.005 -11"><span class='ocrx_word' id='word_1_791' title='bbox 2052 4341 2219 4397; x_wconf 74' lang='lat' dir='ltr'><strong>Vnus.</strong></span> <span class='ocrx_word' id='word_1_792' title='bbox 2257 4339 2349 4395; x_wconf 77' lang='lat' dir='ltr'><strong>2i.</strong></span> <span class='ocrx_word' id='word_1_793' title='bbox 2382 4369 2451 4381; x_wconf 89' lang='lat'>—</span> <span class='ocrx_word' id='word_1_794' title='bbox 2483 4357 2503 4392; x_wconf 85' lang='grc'><em>‹</em></span> <span class='ocrx_word' id='word_1_795' title='bbox 2529 4338 2633 4407; x_wconf 90' lang='lat' dir='ltr'><strong>Qui</strong></span> <span class='ocrx_word' id='word_1_796' title='bbox 2671 4344 2992 4408; x_wconf 87' lang='lat' dir='ltr'><strong>exspectant</strong></span> <span class='ocrx_word' id='word_1_797' title='bbox 3035 4343 3293 4392; x_wconf 88' lang='lat' dir='ltr'><strong>mortem.</strong></span> <span class='ocrx_word' id='word_1_798' title='bbox 3323 4351 3343 4386; x_wconf 78' lang='grc' dir='ltr'><strong>ι</strong></span> <span class='ocrx_word' id='word_1_799' title='bbox 3379 4332 3570 4407; x_wconf 76' lang='grc' dir='ltr'><strong>(ιὺίά.)</strong></span> 
     </span>
    </p>
   </div>
   <div class='ocr_carea' id='block_1_103' title="bbox 1980 4427 3569 4506">
    <p class='ocr_par' dir='ltr' id='par_1_103' title="bbox 1980 4427 3569 4506">
     <span class='ocr_line' id='line_1_103' title="bbox 1980 4427 3569 4506; baseline -0.003 -17"><span class='ocrx_word' id='word_1_800' title='bbox 1980 4434 2040 4490; x_wconf 85' lang='lat' dir='ltr'><strong>id</strong></span> <span class='ocrx_word' id='word_1_801' title='bbox 2068 4442 2176 4502; x_wconf 89' lang='lat' dir='ltr'><strong>est,</strong></span> <span class='ocrx_word' id='word_1_802' title='bbox 2199 4433 2418 4506; x_wconf 79' lang='lat' dir='ltr'><strong>penitus</strong></span> <span class='ocrx_word' id='word_1_803' title='bbox 2440 4447 2499 4488; x_wconf 89' lang='lat' dir='ltr'><strong>se</strong></span> <span class='ocrx_word' id='word_1_804' title='bbox 2525 4433 2730 4488; x_wconf 91' lang='lat' dir='ltr'><strong>mundo</strong></span> <span class='ocrx_word' id='word_1_805' title='bbox 2757 4429 3088 4487; x_wconf 81' lang='lat' dir='ltr'><strong>mortificare</strong></span> <span class='ocrx_word' id='word_1_806' title='bbox 3113 4427 3446 4494; x_wconf 86' lang='lat' dir='ltr'><strong>desiderant,</strong></span> <span class='ocrx_word' id='word_1_807' title='bbox 3473 4427 3569 4484; x_wconf 91' lang='lat' dir='ltr'><strong>sed</strong></span> 
     </span>
    </p>
   </div>
   <div class='ocr_carea' id='block_1_104' title="bbox 1981 4520 3573 4597">
    <p class='ocr_par' dir='ltr' id='par_1_104' title="bbox 1981 4520 3573 4597">
     <span class='ocr_line' id='line_1_104' title="bbox 1981 4520 3573 4597; baseline -0.004 -13"><span class='ocrx_word' id='word_1_808' title='bbox 1981 4525 2198 4584; x_wconf 89' lang='lat' dir='ltr'><strong>occulto</strong></span> <span class='ocrx_word' id='word_1_809' title='bbox 2224 4525 2319 4580; x_wconf 92' lang='lat' dir='ltr'><strong>Dei</strong></span> <span class='ocrx_word' id='word_1_810' title='bbox 2345 4523 2546 4597; x_wconf 80' lang='lat' dir='ltr'><strong>judicio</strong></span> <span class='ocrx_word' id='word_1_811' title='bbox 2571 4539 2679 4580; x_wconf 93' lang='lat' dir='ltr'><strong>non</strong></span> <span class='ocrx_word' id='word_1_812' title='bbox 2690 4523 2869 4588; x_wconf 89' lang='lat' dir='ltr'><strong>venit,</strong></span> <span class='ocrx_word' id='word_1_813' title='bbox 2897 4521 3024 4593; x_wconf 91' lang='lat' dir='ltr'><strong>quia</strong></span> <span class='ocrx_word' id='word_1_814' title='bbox 3039 4520 3293 4592; x_wconf 88' lang='lat' dir='ltr'><strong>occupari</strong></span> <span class='ocrx_word' id='word_1_815' title='bbox 3316 4520 3573 4592; x_wconf 73' lang='lat' dir='ltr'><strong>iniunctis</strong></span> 
     </span>
    </p>
   </div>
   <div class='ocr_carea' id='block_1_105' title="bbox 1983 4603 3569 4687">
    <p class='ocr_par' dir='ltr' id='par_1_105' title="bbox 1983 4603 3569 4687">
     <span class='ocr_line' id='line_1_105' title="bbox 1983 4603 3569 4687; baseline -0.003 -14"><span class='ocrx_word' id='word_1_816' title='bbox 1983 4617 2280 4674; x_wconf 87' lang='lat' dir='ltr'><strong>honoribus</strong></span> <span class='ocrx_word' id='word_1_817' title='bbox 2304 4616 2720 4687; x_wconf 89' lang='lat' dir='ltr'><strong>compelluntur,</strong></span> <span class='ocrx_word' id='word_1_818' title='bbox 2762 4615 2907 4686; x_wconf 83' lang='lat' dir='ltr'><strong>quod</strong></span> <span class='ocrx_word' id='word_1_819' title='bbox 2941 4615 3036 4672; x_wconf 87' lang='lat' dir='ltr'><strong>Del</strong></span> <span class='ocrx_word' id='word_1_820' title='bbox 3069 4603 3267 4671; x_wconf 79' lang='lat' dir='ltr'><strong>timore</strong></span> <span class='ocrx_word' id='word_1_821' title='bbox 3302 4612 3569 4675; x_wconf 88' lang='lat' dir='ltr'><strong>tolerant;</strong></span> 
     </span>
    </p>
   </div>
   <div class='ocr_carea' id='block_1_106' title="bbox 1986 4703 3575 4779">
    <p class='ocr_par' dir='ltr' id='par_1_106' title="bbox 1986 4703 3575 4779">
     <span class='ocr_line' id='line_1_106' title="bbox 1986 4703 3575 4779; baseline -0.005 -13"><span class='ocrx_word' id='word_1_822' title='bbox 1986 4717 2042 4766; x_wconf 92' lang='lat' dir='ltr'><strong>et</strong></span> <span class='ocrx_word' id='word_1_823' title='bbox 2068 4710 2214 4766; x_wconf 91' lang='lat' dir='ltr'><strong>intus</strong></span> <span class='ocrx_word' id='word_1_824' title='bbox 2249 4720 2336 4766; x_wconf 87' lang='lat' dir='ltr'><strong>est</strong></span> <span class='ocrx_word' id='word_1_825' title='bbox 2363 4708 2692 4765; x_wconf 90' lang='lat' dir='ltr'><strong>desiderium</strong></span> <span class='ocrx_word' id='word_1_826' title='bbox 2719 4706 2970 4779; x_wconf 88' lang='lat' dir='ltr'><strong>pietatis.</strong></span> <span class='ocrx_word' id='word_1_827' title='bbox 2997 4713 3055 4763; x_wconf 88' lang='lat' dir='ltr'><strong>et</strong></span> <span class='ocrx_word' id='word_1_828' title='bbox 3078 4705 3215 4763; x_wconf 89' lang='lat' dir='ltr'><strong>foris</strong></span> <span class='ocrx_word' id='word_1_829' title='bbox 3239 4704 3458 4777; x_wconf 81' lang='lat' dir='ltr'><strong>explent</strong></span> <span class='ocrx_word' id='word_1_830' title='bbox 3478 4703 3575 4758; x_wconf 88' lang='lat' dir='ltr'><strong>mi-</strong></span> 
     </span>
    </p>
   </div>
   <div class='ocr_carea' id='block_1_107' title="bbox 1986 4797 3576 4872">
    <p class='ocr_par' dir='ltr' id='par_1_107' title="bbox 1986 4797 3576 4872">
     <span class='ocr_line' id='line_1_107' title="bbox 1986 4797 3576 4872; baseline -0.004 -14"><span class='ocrx_word' id='word_1_831' title='bbox 1986 4802 2276 4859; x_wconf 88' lang='lat' dir='ltr'><strong>nisterium</strong></span> <span class='ocrx_word' id='word_1_832' title='bbox 2306 4801 2530 4865; x_wconf 88' lang='lat' dir='ltr'><strong>ordinis,</strong></span> <span class='ocrx_word' id='word_1_833' title='bbox 2587 4815 2656 4856; x_wconf 92' lang='lat' dir='ltr'><strong>ne</strong></span> <span class='ocrx_word' id='word_1_834' title='bbox 2696 4815 2796 4872; x_wconf 91' lang='lat' dir='ltr'><strong>per</strong></span> <span class='ocrx_word' id='word_1_835' title='bbox 2843 4797 3152 4870; x_wconf 90' lang='lat' dir='ltr'><strong>superbiam</strong></span> <span class='ocrx_word' id='word_1_836' title='bbox 3195 4797 3576 4855; x_wconf 88' lang='lat' dir='ltr'><strong>contradicant</strong></span> 
     </span>
    </p>
   </div>
   <div class='ocr_carea' id='block_1_108' title="bbox 1985 4889 3574 4965">
    <p class='ocr_par' dir='ltr' id='par_1_108' title="bbox 1985 4889 3574 4965">
     <span class='ocr_line' id='line_1_108' title="bbox 1985 4889 3574 4965; baseline -0.006 -14"><span class='ocrx_word' id='word_1_837' title='bbox 1985 4895 2085 4951; x_wconf 91' lang='lat' dir='ltr'><strong>Dei</strong></span> <span class='ocrx_word' id='word_1_838' title='bbox 2110 4893 2490 4965; x_wconf 89' lang='lat' dir='ltr'><strong>dispositioni:</strong></span> <span class='ocrx_word' id='word_1_839' title='bbox 2518 4899 2575 4948; x_wconf 91' lang='lat' dir='ltr'><strong>et</strong></span> <span class='ocrx_word' id='word_1_840' title='bbox 2603 4892 2684 4948; x_wconf 88' lang='lat' dir='ltr'><strong>sic</strong></span> <span class='ocrx_word' id='word_1_841' title='bbox 2713 4898 2768 4948; x_wconf 92' lang='lat' dir='ltr'><strong>et</strong></span> <span class='ocrx_word' id='word_1_842' title='bbox 2794 4889 2979 4946; x_wconf 91' lang='lat' dir='ltr'><strong>multis</strong></span> <span class='ocrx_word' id='word_1_843' title='bbox 3021 4896 3271 4962; x_wconf 87' lang='lat' dir='ltr'><strong>prosunt,</strong></span> <span class='ocrx_word' id='word_1_844' title='bbox 3295 4897 3350 4944; x_wconf 91' lang='lat' dir='ltr'><strong>et</strong></span> <span class='ocrx_word' id='word_1_845' title='bbox 3380 4902 3488 4959; x_wconf 93' lang='lat' dir='ltr'><strong>quo</strong></span> <span class='ocrx_word' id='word_1_846' title='bbox 3515 4900 3574 4942; x_wconf 88' lang='lat' dir='ltr'><strong>se</strong></span> 
     </span>
    </p>
   </div>
   <div class='ocr_carea' id='block_1_109' title="bbox 1985 4978 3569 5056">
    <p class='ocr_par' dir='ltr' id='par_1_109' title="bbox 1985 4978 3569 5056">
     <span class='ocr_line' id='line_1_109' title="bbox 1985 4978 3569 5056; baseline -0.005 -16"><span class='ocrx_word' id='word_1_847' title='bbox 1985 4983 2338 5056; x_wconf 84' lang='lat' dir='ltr'><strong>imperfectos</strong></span> <span class='ocrx_word' id='word_1_848' title='bbox 2347 4983 2552 5049; x_wconf 89' lang='lat' dir='ltr'><strong>vident,</strong></span> <span class='ocrx_word' id='word_1_849' title='bbox 2567 4995 2667 5054; x_wconf 89' lang='lat' dir='ltr'><strong>per</strong></span> <span class='ocrx_word' id='word_1_850' title='bbox 2683 4981 3044 5038; x_wconf 87' lang='lat' dir='ltr'><strong>humilitatem</strong></span> <span class='ocrx_word' id='word_1_851' title='bbox 3057 4978 3288 5050; x_wconf 90' lang='lat' dir='ltr'><strong>amplius</strong></span> <span class='ocrx_word' id='word_1_852' title='bbox 3300 4985 3528 5048; x_wconf 89' lang='lat' dir='ltr'><strong>surgunt</strong></span> <span class='ocrx_word' id='word_1_853' title='bbox 3554 4992 3569 5032; x_wconf 88' lang='lat'><strong>:</strong></span> 
     </span>
    </p>
   </div>
   <div class='ocr_carea' id='block_1_110' title="bbox 1989 5067 3573 5148">
    <p class='ocr_par' dir='ltr' id='par_1_110' title="bbox 1989 5067 3573 5148">
     <span class='ocr_line' id='line_1_110' title="bbox 1989 5067 3573 5148; baseline -0.008 -13"><span class='ocrx_word' id='word_1_854' title='bbox 1989 5086 2045 5135; x_wconf 90' lang='lat' dir='ltr'><strong>et</strong></span> <span class='ocrx_word' id='word_1_855' title='bbox 2067 5076 2210 5148; x_wconf 90' lang='lat' dir='ltr'><strong>quod</strong></span> <span class='ocrx_word' id='word_1_856' title='bbox 2232 5091 2263 5132; x_wconf 89' lang='lat' dir='ltr'><strong>a</strong></span> <span class='ocrx_word' id='word_1_857' title='bbox 2287 5075 2570 5132; x_wconf 88' lang='lat' dir='ltr'><strong>desideriis</strong></span> <span class='ocrx_word' id='word_1_858' title='bbox 2596 5073 2936 5141; x_wconf 79' lang='lat' dir='ltr'><strong>diﬂ’eruntur,</strong></span> <span class='ocrx_word' id='word_1_859' title='bbox 2966 5074 3084 5144; x_wconf 88' lang='lat' dir='ltr'><strong>ipsa</strong></span> <span class='ocrx_word' id='word_1_860' title='bbox 3105 5071 3362 5128; x_wconf 90' lang='lat' dir='ltr'><strong>tarditate</strong></span> <span class='ocrx_word' id='word_1_861' title='bbox 3387 5067 3456 5124; x_wconf 89' lang='lat' dir='ltr'><strong>ad</strong></span> <span class='ocrx_word' id='word_1_862' title='bbox 3476 5082 3573 5124; x_wconf 88' lang='lat' dir='ltr'><strong>ea-</strong></span> 
     </span>
    </p>
   </div>
   <div class='ocr_carea' id='block_1_111' title="bbox 1989 5159 3567 5236">
    <p class='ocr_par' dir='ltr' id='par_1_111' title="bbox 1989 5159 3567 5236">
     <span class='ocr_line' id='line_1_111' title="bbox 1989 5159 3567 5236; baseline -0.007 -11"><span class='ocrx_word' id='word_1_863' title='bbox 1989 5169 2112 5225; x_wconf 91' lang='lat' dir='ltr'><strong>dem</strong></span> <span class='ocrx_word' id='word_1_864' title='bbox 2137 5167 2432 5223; x_wconf 87' lang='lat' dir='ltr'><strong>dilatantur</strong></span> <span class='ocrx_word' id='word_1_865' title='bbox 2463 5182 2478 5221; x_wconf 92' lang='lat'><strong>:</strong></span> <span class='ocrx_word' id='word_1_866' title='bbox 2511 5168 2654 5224; x_wconf 88' lang='lat' dir='ltr'><strong>unde</strong></span> <span class='ocrx_word' id='word_1_867' title='bbox 2691 5165 2860 5232; x_wconf 91' lang='lat' dir='ltr'><strong>addit,</strong></span> <span class='ocrx_word' id='word_1_868' title='bbox 2887 5164 3043 5236; x_wconf 89' lang='lat' dir='ltr'><strong>quasi</strong></span> <span class='ocrx_word' id='word_1_869' title='bbox 3081 5159 3426 5228; x_wconf 83' lang='lat' dir='ltr'><strong>ell‘odientes,</strong></span> <span class='ocrx_word' id='word_1_870' title='bbox 3462 5167 3567 5215; x_wconf 93' lang='lat' dir='ltr'><strong>etc.</strong></span> 
     </span>
    </p>
   </div>
   <div class='ocr_carea' id='block_1_112' title="bbox 1996 5251 3571 5326">
    <p class='ocr_par' dir='ltr' id='par_1_112' title="bbox 1996 5251 3571 5326">
     <span class='ocr_line' id='line_1_112' title="bbox 1996 5251 3571 5326; baseline -0.004 -15"><span class='ocrx_word' id='word_1_871' title='bbox 1996 5277 2017 5311; x_wconf 74' lang='grc' dir='ltr'><strong>ι</strong></span> <span class='ocrx_word' id='word_1_872' title='bbox 2044 5258 2206 5326; x_wconf 89' lang='lat' dir='ltr'><strong>Quasi</strong></span> <span class='ocrx_word' id='word_1_873' title='bbox 2231 5256 2546 5314; x_wconf 77' lang='lat' dir='ltr'><strong>eﬁodientes</strong></span> <span class='ocrx_word' id='word_1_874' title='bbox 2574 5257 2904 5314; x_wconf 83' lang='lat' dir='ltr'><strong>thesaurum.</strong></span> <span class='ocrx_word' id='word_1_875' title='bbox 2927 5274 2946 5308; x_wconf 70' lang='grc' dir='ltr'><strong>ι</strong></span> <span class='ocrx_word' id='word_1_876' title='bbox 2970 5253 3106 5323; x_wconf 90' lang='lat' dir='ltr'><strong>Quia</strong></span> <span class='ocrx_word' id='word_1_877' title='bbox 3133 5251 3227 5325; x_wconf 93' lang='lat' dir='ltr'><strong>qui</strong></span> <span class='ocrx_word' id='word_1_878' title='bbox 3255 5252 3571 5310; x_wconf 83' lang='lat' dir='ltr'><strong>thesaurum</strong></span> 
     </span>
    </p>
   </div>
   <div class='ocr_carea' id='block_1_113' title="bbox 1990 5343 3571 5424">
    <p class='ocr_par' dir='ltr' id='par_1_113' title="bbox 1990 5343 3571 5424">
     <span class='ocr_line' id='line_1_113' title="bbox 1990 5343 3571 5424; baseline -0.004 -19"><span class='ocrx_word' id='word_1_879' title='bbox 1990 5351 2245 5407; x_wconf 89' lang='lat' dir='ltr'><strong>fodiendo</strong></span> <span class='ocrx_word' id='word_1_880' title='bbox 2277 5351 2491 5420; x_wconf 71' lang='lat' dir='ltr'><strong>quierit,</strong></span> <span class='ocrx_word' id='word_1_881' title='bbox 2518 5359 2652 5418; x_wconf 92' lang='lat' dir='ltr'><strong>etc.,</strong></span> <span class='ocrx_word' id='word_1_882' title='bbox 2681 5365 2846 5424; x_wconf 73' lang='lat' dir='ltr'><strong>usque</strong></span> <span class='ocrx_word' id='word_1_883' title='bbox 2876 5347 2946 5406; x_wconf 84' lang='lat' dir='ltr'><strong>ad</strong></span> <span class='ocrx_word' id='word_1_884' title='bbox 2969 5345 3213 5418; x_wconf 86' lang='lat' dir='ltr'><strong>exempla</strong></span> <span class='ocrx_word' id='word_1_885' title='bbox 3239 5343 3571 5417; x_wconf 77' lang='lat' dir='ltr'><strong>contempla-</strong></span> 
     </span>
    </p>
   </div>
   <div class='ocr_carea' id='block_1_114' title="bbox 1992 5444 2859 5508">
    <p class='ocr_par' dir='ltr' id='par_1_114' title="bbox 1992 5444 2859 5508">
     <span class='ocr_line' id='line_1_114' title="bbox 1992 5444 2859 5508; baseline -0.001 -8"><span class='ocrx_word' id='word_1_886' title='bbox 1992 5445 2159 5502; x_wconf 89' lang='lat' dir='ltr'><strong>tionis</strong></span> <span class='ocrx_word' id='word_1_887' title='bbox 2172 5445 2396 5508; x_wconf 89' lang='lat' dir='ltr'><strong>invenit,</strong></span> <span class='ocrx_word' id='word_1_888' title='bbox 2427 5445 2572 5502; x_wconf 85' lang='lat' dir='ltr'><strong>unde</strong></span> <span class='ocrx_word' id='word_1_889' title='bbox 2593 5445 2744 5502; x_wconf 89' lang='lat' dir='ltr'><strong>dives</strong></span> <span class='ocrx_word' id='word_1_890' title='bbox 2768 5444 2859 5500; x_wconf 89' lang='lat' dir='ltr'><strong>sit.</strong></span> 
     </span>
    </p>
   </div>
   <div class='ocr_carea' id='block_1_115' title="bbox 2065 5534 3568 5606">
    <p class='ocr_par' dir='ltr' id='par_1_115' title="bbox 2065 5534 3568 5606">
     <span class='ocr_line' id='line_1_115' title="bbox 2065 5534 3568 5606; baseline -0.004 -13"><span class='ocrx_word' id='word_1_891' title='bbox 2065 5537 2230 5594; x_wconf 74' lang='lat' dir='ltr'><strong>Vsus.</strong></span> <span class='ocrx_word' id='word_1_892' title='bbox 2265 5537 2454 5592; x_wconf 75' lang='lat'><strong>22.-—</strong></span> <span class='ocrx_word' id='word_1_893' title='bbox 2483 5555 2502 5590; x_wconf 76' lang='grc' dir='ltr'><strong>ι</strong></span> <span class='ocrx_word' id='word_1_894' title='bbox 2545 5538 2678 5594; x_wconf 74' lang='lat' dir='ltr'><strong>Viro</strong></span> <span class='ocrx_word' id='word_1_895' title='bbox 2721 5535 2895 5606; x_wconf 80' lang='lat' dir='ltr'><strong>cuius.</strong></span> <span class='ocrx_word' id='word_1_896' title='bbox 2938 5551 2959 5588; x_wconf 72' lang='grc' dir='ltr'><strong>ι</strong></span> <span class='ocrx_word' id='word_1_897' title='bbox 2997 5534 3140 5592; x_wconf 87' lang='lat' dir='ltr'><strong>Ecce</strong></span> <span class='ocrx_word' id='word_1_898' title='bbox 3182 5548 3308 5592; x_wconf 86' lang='lat' dir='ltr'><strong>cum</strong></span> <span class='ocrx_word' id='word_1_899' title='bbox 3357 5545 3568 5604; x_wconf 67' lang='lat' dir='ltr'><strong>quaere-</strong></span> 
     </span>
    </p>
   </div>
   <div class='ocr_carea' id='block_1_116' title="bbox 1993 5621 3568 5698">
    <p class='ocr_par' dir='ltr' id='par_1_116' title="bbox 1993 5621 3568 5698">
     <span class='ocr_line' id='line_1_116' title="bbox 1993 5621 3568 5698; baseline -0.003 -17"><span class='ocrx_word' id='word_1_900' title='bbox 1993 5633 2146 5684; x_wconf 89' lang='lat' dir='ltr'><strong>retur</strong></span> <span class='ocrx_word' id='word_1_901' title='bbox 2171 5641 2340 5698; x_wconf 90' lang='lat' dir='ltr'><strong>quare</strong></span> <span class='ocrx_word' id='word_1_902' title='bbox 2383 5628 2584 5685; x_wconf 89' lang='lat' dir='ltr'><strong>misero</strong></span> <span class='ocrx_word' id='word_1_903' title='bbox 2636 5627 2762 5683; x_wconf 86' lang='lat' dir='ltr'><strong>data</strong></span> <span class='ocrx_word' id='word_1_904' title='bbox 2791 5633 2876 5682; x_wconf 90' lang='lat' dir='ltr'><strong>est</strong></span> <span class='ocrx_word' id='word_1_905' title='bbox 2901 5624 3017 5693; x_wconf 84' lang='lat' dir='ltr'><strong>lux,</strong></span> <span class='ocrx_word' id='word_1_906' title='bbox 3043 5625 3282 5682; x_wconf 88' lang='lat' dir='ltr'><strong>ostendit</strong></span> <span class='ocrx_word' id='word_1_907' title='bbox 3320 5623 3430 5690; x_wconf 91' lang='lat' dir='ltr'><strong>hic,</strong></span> <span class='ocrx_word' id='word_1_908' title='bbox 3482 5621 3568 5677; x_wconf 88' lang='lat' dir='ltr'><strong>via</strong></span> 
     </span>
    </p>
   </div>
   <div class='ocr_carea' id='block_1_117' title="bbox 1994 5716 3573 5791">
    <p class='ocr_par' dir='ltr' id='par_1_117' title="bbox 1994 5716 3573 5791">
     <span class='ocr_line' id='line_1_117' title="bbox 1994 5716 3573 5791; baseline -0.003 -15"><span class='ocrx_word' id='word_1_909' title='bbox 1994 5720 2308 5776; x_wconf 86' lang='lat' dir='ltr'><strong>abscondita</strong></span> <span class='ocrx_word' id='word_1_910' title='bbox 2328 5729 2413 5777; x_wconf 89' lang='lat' dir='ltr'><strong>est</strong></span> <span class='ocrx_word' id='word_1_911' title='bbox 2438 5720 2556 5776; x_wconf 90' lang='lat' dir='ltr'><strong>viro</strong></span> <span class='ocrx_word' id='word_1_912' title='bbox 2580 5739 2592 5774; x_wconf 95' lang='lat'><strong>:</strong></span> <span class='ocrx_word' id='word_1_913' title='bbox 2617 5719 2743 5791; x_wconf 88' lang='lat' dir='ltr'><strong>quia</strong></span> <span class='ocrx_word' id='word_1_914' title='bbox 2775 5719 2819 5775; x_wconf 90' lang='lat' dir='ltr'><strong>si</strong></span> <span class='ocrx_word' id='word_1_915' title='bbox 2848 5717 2960 5788; x_wconf 82' lang='lat' dir='ltr'><strong>jam</strong></span> <span class='ocrx_word' id='word_1_916' title='bbox 2981 5719 3120 5776; x_wconf 90' lang='lat' dir='ltr'><strong>bene</strong></span> <span class='ocrx_word' id='word_1_917' title='bbox 3141 5717 3270 5790; x_wconf 86' lang='lat' dir='ltr'><strong>agit,</strong></span> <span class='ocrx_word' id='word_1_918' title='bbox 3295 5716 3426 5788; x_wconf 90' lang='lat' dir='ltr'><strong>quid</strong></span> <span class='ocrx_word' id='word_1_919' title='bbox 3449 5723 3573 5788; x_wconf 89' lang='lat' dir='ltr'><strong>aget</strong></span> 
     </span>
    </p>
   </div>
   <div class='ocr_carea' id='block_1_118' title="bbox 1992 5809 3573 5889">
    <p class='ocr_par' dir='ltr' id='par_1_118' title="bbox 1992 5809 3573 5889">
     <span class='ocr_line' id='line_1_118' title="bbox 1992 5809 3573 5889; baseline -0.001 -19"><span class='ocrx_word' id='word_1_920' title='bbox 1992 5817 2049 5870; x_wconf 89' lang='lat' dir='ltr'><strong>in</strong></span> <span class='ocrx_word' id='word_1_921' title='bbox 2087 5815 2194 5870; x_wconf 85' lang='lat' dir='ltr'><strong>ﬁne</strong></span> <span class='ocrx_word' id='word_1_922' title='bbox 2220 5815 2422 5882; x_wconf 88' lang='lat' dir='ltr'><strong>nescit;</strong></span> <span class='ocrx_word' id='word_1_923' title='bbox 2455 5815 2542 5872; x_wconf 87' lang='lat' dir='ltr'><strong>vel</strong></span> <span class='ocrx_word' id='word_1_924' title='bbox 2571 5815 2857 5887; x_wconf 84' lang='lat' dir='ltr'><strong>aliquando</strong></span> <span class='ocrx_word' id='word_1_925' title='bbox 2889 5831 3010 5889; x_wconf 64' lang='lat' dir='ltr'><strong>quae</strong></span> <span class='ocrx_word' id='word_1_926' title='bbox 3035 5822 3296 5888; x_wconf 90' lang='lat' dir='ltr'><strong>putantur</strong></span> <span class='ocrx_word' id='word_1_927' title='bbox 3327 5813 3436 5869; x_wconf 92' lang='lat' dir='ltr'><strong>Deo</strong></span> <span class='ocrx_word' id='word_1_928' title='bbox 3457 5809 3573 5886; x_wconf 82' lang='lat' dir='ltr'><strong>pla-</strong></span> 
     </span>
    </p>
   </div>
   <div class='ocr_carea' id='block_1_119' title="bbox 1994 5906 2471 5980">
    <p class='ocr_par' dir='ltr' id='par_1_119' title="bbox 1994 5906 2471 5980">
     <span class='ocr_line' id='line_1_119' title="bbox 1994 5906 2471 5980; baseline 0.006 -16"><span class='ocrx_word' id='word_1_929' title='bbox 1994 5920 2140 5977; x_wconf 89' lang='lat' dir='ltr'><strong>cere,</strong></span> <span class='ocrx_word' id='word_1_930' title='bbox 2165 5906 2471 5980; x_wconf 84' lang='lat' dir='ltr'><strong>displicent.</strong></span> 
     </span>
    </p>
   </div>
  </div>
