3982 6352
431 339 537 398 765

923 331 1313 391 WALAFRIDI
1351 331 1597 388 STRABI
1635 330 1842 387 FULD.
1886 326 2053 385 MON.
2095 327 2248 389 OPP.
2290 327 2471 385 PARS
2507 328 2549 384 l.
2586 356 2658 369 —
2693 325 3154 383 THEOLOGICA.

3593 318 3715 379 τα

498 454 662 511 Vsus.
703 453 797 510 23.
818 480 891 493 -
924 469 942 502 ι
982 449 1347 506 Circum'dedit
1379 463 1502 505 eum
1530 448 1690 503 Deus.
1733 464 1753 499 ι
1795 444 2015 518 (ti-asc.)
2041 450 2090 511 Α
2117 444 2247 499 vult.
2274 443 2517 512 Quantus
2542 448 2665 497 ante
2695 441 2798 496 fuit
2825 443 2916 513 qui
2946 450 3028 496 tot
3052 440 3164 497 suis
3191 446 3481 511 occupatus
3512 441 3716 514 dispo-

430 548 573 619 Qnia
588 542 989 605 licetotnlestia
1008 541 1298 606 desideret,
1322 549 1502 595 tamen
1521 539 1653 610 quid
1675 538 1742 595 de
1769 553 1831 594 se
1864 538 2013 594 intus

432 635 751 709 dispositum
797 632 871 691 sit
922 631 1114 689 nescit.
1144 628 1284 685 Sunt
1309 639 1367 684 et
1408 628 1555 685 circa
1598 643 1722 684 eum
1772 627 2017 683 tenebras

435 726 777 802 ignorantiae,
812 722 1074 796 praeteriti
1118 728 1205 778 est
1238 720 1543 788 immemor,
1573 719 1755 776 futura
1785 736 1894 778 non
1919 720 2015 777 in-

403 766 1035 890 liKiL'EQcﬁmn
1064 813 1233 880 novit,
1264 813 1453 869 intima
1474 766 1894 884 dispensationis
1914 811 2015 868 Dei

435 919 720 984 penetrare
764 909 974 979 nequit.
1023 906 1123 975 Qui
1153 921 1285 961 vero
1320 905 1420 961 bas
1460 906 1714 963 tenebras
1761 905 2009 969 intendit,

432 1005 529 1061 ﬂet
561 1023 575 1059 :
621 1011 676 1060 et
703 1002 853 1059 omni
891 1001 1009 1059 visu
1031 1015 1322 1071 supernam
1352 1000 1526 1056 lucem
1564 1000 1793 1072 requirit
1822 1017 1837 1054 :
1870 1001 2013 1055 unde

440 1096 507 1152 tit
534 1094 848 1167 aliquando,
879 1101 940 1149 ut
965 1093 1019 1149 in
1064 1092 1156 1163 pio
1181 1092 1307 1148 ﬂetu
1351 1091 1551 1149 interni
1581 1090 1761 1163 gaudii
1792 1090 2017 1147 claritas

433 1194 715 1258 erumpat;
748 1184 891 1241 unde
912 1183 1157 1255 sequitur
1185 1200 1200 1238 :

511 1278 673 1334 Vsus.
693 1275 785 1332 24.
801 1307 873 1317 -
887 1294 907 1328 ι
928 1274 1234 1345 Antequam
1255 1273 1557 1329 comedam.
1572 1291 1593 1325 ι
1621 1271 1918 1329 Comedere
1934 1278 2025 1328 est

432 1367 908 1440 contemplationis
941 1366 1061 1423 luce
1086 1367 1257 1438 pasci,
1286 1380 1449 1437 quam
1479 1382 1587 1422 non
1617 1366 1779 1421 habet
1803 1365 1906 1419 nisi
1927 1362 2029 1433 qui

428 1461 583 1532 prius
616 1460 671 1516 in
719 1461 823 1517 hoc
847 1459 1058 1525 exsilio,
1086 1459 1241 1530 quasi
1257 1459 1349 1515 ubi
1374 1474 1482 1515 non
1519 1468 1646 1514 sunt
1668 1459 1805 1514 bona
1829 1457 2018 1525 gemit,

435 1560 493 1606 ct
509 1546 749 1623 suspirat
779 1552 1050 1609 desiderio
1081 1560 1137 1607 et
1164 1551 1483 1621 exsequitur
1500 1552 1607 1606 vim
1633 1550 2017 1621 lacrymarum.

511 1663 531 1696 ι
562 1644 635 1699 Et
664 1645 822 1716 quasi
873 1644 1201 1700 inundantes
1248 1659 1421 1715 aqua,
1452 1650 1560 1698 etc.
1607 1662 1627 1696 ι
1672 1642 1841 1713 Aquae
1870 1642 2025 1697 inun.

435 1736 626 1791 dantes
672 1735 1267 1792 multis'voluminibus
1308 1735 1513 1804 impetu
1542 1734 1813 1799 feruntur,
1860 1733 1939 1790 sic
1967 1733 2027 1788 in

2112 537 2319 604 nendis,
2344 537 2509 592 etiam
2534 534 2703 591 libere
2728 534 2864 591 alios
2889 534 3092 600 docuit,
3116 540 3240 590 actu
3266 541 3319 589 et
3346 533 3516 589 verbo
3544 544 3709 591 recta

2111 631 2439 689 ostendens?
2461 631 2596 699 Quia
2648 645 2780 687 vero
2827 628 3146 686 criminator
3189 629 3331 684 bona
3379 628 3446 686 de
3496 628 3707 686 eodem

2113 722 2263 789 dicit,
2287 723 2354 778 ad
2393 723 2600 780 crimen
2634 722 2863 787 inﬂexit,
2889 720 3076 778 dicens
3103 740 3116 776 :

2187 816 2349 873 Veiis.
2377 817 2435 871 5.
2462 846 2535 858 —-
2570 834 2593 869 ς
2614 814 2765 872 Nunc
2808 824 2991 870 autem
3017 812 3197 879 venit,
3227 819 3360 879 δια,
3393 812 3553 883 quasi
3584 827 3708 867 non

2115 909 2341 964 servasti
2366 918 2512 964 recta
2546 923 2666 979 quae
2705 907 2939 963 dicebas.
2972 926 2992 959 ι
3026 905 3163 962 Nota
3194 913 3374 960 autem
3396 904 3541 976 quod
3569 913 3709 959 sunt

2116 1000 2304 1072 iniqui,
2332 1012 2387 1056 et
2408 1002 2551 1058 bona
2571 1000 2842 1071 iustorum
2869 1014 2989 1070 quae
3026 1008 3153 1055 nota
3203 1012 3404 1070 negare
3436 1012 3544 1052 non
3572 1011 3709 1067 pos-

2118 1101 2261 1157 sunt,
2295 1092 2500 1159 dicunt,
2532 1106 2601 1147 ne
2626 1093 2778 1165 pravi
2828 1091 3153 1147 videantur:
3186 1099 3243 1145 et
3270 1096 3330 1145 ut
3364 1088 3496 1167 Mc
3524 1090 3707 1161 magis

2118 1180 2371 1238 credatur
2409 1183 2510 1248 eis,
2552 1182 2606 1237 in
2648 1182 2804 1237 matis
2848 1196 2968 1251 qum
3016 1182 3280 1247 inserunt,
3312 1189 3368 1237 et
3417 1180 3534 1237 haec
3582 1181 3707 1251 ipsa

2119 1275 2259 1330 bona
2292 1277 2358 1330 ad
2389 1276 2661 1331 cumulum
2708 1285 2890 1332 reatus
2922 1276 3213 1332 invertunt.
3270 1275 3369 1332 Hic
3406 1284 3557 1333 recta
3602 1275 3710 1333 Job

2120 1381 2250 1438 ergo
2279 1368 2501 1434 dixisse,
2530 1369 2625 1424 sed
2654 1383 2758 1423 non
2783 1385 3051 1437 servasse,
3080 1369 3236 1441 quasi
3262 1385 3361 1426 suo
3388 1370 3708 1426 testimonio

2123 1458 2297 1514 malus
2344 1459 2791 1529 reprelienditur:
2823 1460 3046 1516 inferius
3088 1460 3229 1516 male
3274 1460 3420 1532 loqui
3458 1470 3711 1527 notatur,

2124 1558 2182 1604 ut
2208 1535 2406 1605 taceat.
2460 1549 2527 1604 Et
2564 1551 2618 1606 hi
2645 1559 2771 1607 sunt
2807 1551 2913 1605 duo
2942 1551 3083 1606 modi
3114 1550 3310 1621 quibus
3333 1552 3505 1607 bonos
3529 1552 3710 1620 impe-

2124 1650 2245 1696 tunt
2272 1642 2420 1709 mali,
2461 1643 2701 1699 dicentes
2735 1658 2830 1699 eos
2852 1642 2943 1699 'vel
2968 1658 3134 1716 prava
3180 1643 3382 1711 dicere,
3428 1642 3515 1699 vel
3564 1644 3713 1699 bona

2125 1749 2245 1804 quas.
2270 1734 2453 1789 dicunt
2475 1750 2579 1789 non
2613 1743 2823 1791 tenere.

437 1825 745 1896 lugentibus
774 1826 943 1881 multa
966 1826 1258 1894 volumina,
1291 1827 1417 1882 dum
1440 1827 1532 1898 qui
1572 1827 1713 1898 apud
1737 1825 1907 1882 Deum
1928 1827 2021 1882 de-
2048 1839 2095 1901 Β
2200 1845 2220 1878 ί
2256 1824 2532 1894 Defecisti,
2561 1836 2667 1884 etc.
2726 1828 2825 1883 Ubi
2851 1836 2935 1884 est
2963 1829 3124 1884 timor
3170 1828 3339 1883 tuus?
3374 1846 3393 1881 ι
3431 1827 3597 1895 Quasi
3645 1829 3715 1883 de

442 1926 719 1983 cernatur,
741 1918 991 1973 nesciunt
1016 1936 1028 1971 :
1060 1917 1187 1974 dum
1207 1919 1481 1989 praeterita
1508 1933 1606 1975 sua
1633 1919 1904 1985 recolunt,
1937 1917 2021 1972 fu-

438 2016 558 2063 tura
586 2008 1000 2079 pertimescunt,
1043 2017 1100 2065 et
1151 2009 1205 2065 in
1246 2010 1404 2066 bonis
1434 2010 1548 2067 suis
1586 2025 1655 2065 ne
1694 2020 1899 2076 errent,
1929 2024 2025 2065 ve-

434 2106 626 2154 rentur
656 2118 669 2154 :
705 2114 843 2170 quos
879 2102 1003 2155 dum
1033 2097 1240 2170 ﬂagella
1276 2100 1374 2155 Dei
1402 2101 1723 2172 corripiunt,
1751 2116 1811 2157 se
1845 2099 2019 2157 oﬂ‘eu—

435 2190 581 2247 disse
608 2191 987 2263 suspicantur:
1018 2191 1158 2246 unde
1188 2191 1377 2247 addit:

508 2283 668 2339 Vens.
698 2283 790 2339 25.
817 2314 888 2325 —
913 2302 933 2336 ι
972 2284 1108 2352 Quia
1136 2285 1314 2341 timor.
1339 2304 1361 2337 ι
1405 2283 1561 2341 Fient
1591 2284 1759 2349 enim,
1781 2285 1908 2355 quia
1930 2284 2027 2341 de-

434 2375 541 2433 seri
565 2390 623 2431 se
648 2375 839 2431 timent
868 2393 881 2430 :
910 2387 965 2432 et
986 2392 1055 2432 ne
1076 2376 1164 2447 pia
1192 2375 1472 2446 percussio
1492 2391 1598 2432 non
1622 2374 2019 2445 sitdisciplinae,

433 2469 528 2525 sed
582 2469 852 2537 vindicta,
882 2469 1072 2525 unde:
1127 2488 1146 2521 ‹
1193 2466 1325 2537 Quis
1368 2469 1521 2523 novit
1561 2475 1883 2538 potestatem
1928 2467 2023 2521 irae

433 2562 580 2618 tuae?
608 2558 801 2634 (Paul.
843 2560 1092 2632 uxxpx.)
1140 2579 1158 2611 ι
1209 2559 1513 2630 Aliquando
1543 2560 1688 2617 enim
1738 2568 1823 2615 est
1847 2558 2023 2629 gratia

434 2669 601 2728 quam
633 2653 865 2711 dicimus
894 2654 1052 2720 iram,
1085 2661 1143 2708 et
1167 2652 1463 2723 aliquando
1486 2653 1569 2708 ira
1603 2666 1764 2722 quam
1793 2652 2023 2708 dicimus

436 2746 693 2819 gratiam,
723 2743 867 2801 unde
890 2759 1114 2801 necesse
1136 2752 1223 2799 est
1246 2751 1305 2799 ut
1348 2744 1403 2799 in
1449 2743 1699 2807 omnibus
1732 2743 2020 2808 timeatur;

436 2835 492 2892 in
524 2833 821 2906 prOSperis,
848 2842 907 2889 ut
934 2848 1045 2889 non
1066 2833 1176 2889 sint
1199 2832 1303 2889 sibi
1326 2833 1450 2889 data
1477 2832 1546 2887 ad
1564 2832 1822 2903 majorem
1848 2847 2025 2889 exae-

437 2926 728 2995 cationem,
750 2942 860 2982 non
886 2926 955 2983 ad
982 2926 1432 2993 consolationem,
1454 2937 1516 2981 ut
1541 2924 1698 2983 bonis
1710 2925 1849 2982 solet
1881 2924 2021 2993 ﬁeri,

440 3034 512 3074 ne
539 3019 611 3074 sit
635 3019 689 3074 in
709 3018 955 3075 adversis
983 3018 1200 3074 initium
1229 3033 1427 3090 pinna.

510 3108 676 3166 Vens.
704 3109 798 3165 26.
827 3140 898 3150 —
925 3128 944 3163 ι
976 3109 1343 3169 Dissimulavi.
1374 3129 1393 3165 ι
1430 3108 1621 3181 (Ιὺὶά.)
1651 3108 1719 3166 Et
1744 3110 1788 3167 si
1814 3126 2025 3182 semper

2122 1916 2411 1971 virtutibus
2470 1916 2700 1971 miretur
2745 1917 2994 1986 perditis,
3044 1932 3181 1988 quas
3230 1932 3469 1989 congruo
3517 1916 3717 1973 ordine

2121 2009 2295 2080 ponit.
2338 2007 2493 2063 Sicut
2549 2009 2600 2064 in
2656 2009 2742 2063 via
2787 2009 2967 2063 sa:culi
3031 2009 3255 2064 audacia
3312 2008 3713 2073 fortitudinem,

2123 2100 2287 2155 timor
2306 2101 2637 2156 debilitatem
2656 2102 2821 2171 parit,
2841 2102 2913 2156 ita
2935 2110 2989 2158 et
3012 2101 3066 2156 in
3090 2100 3172 2156 via
3194 2101 3289 2156 Dei
3311 2102 3537 2156 audacia
3557 2100 3720 2156 debi-

2121 2190 2350 2257 litatem,
2376 2193 2537 2247 timor
2562 2192 2655 2247 Dei
2694 2190 3061 2248 fortitudinem
3094 2211 3107 2247 :
3145 2192 3272 2263 quia
3317 2192 3407 2262 qui
3442 2191 3553 2248 Deo
3587 2191 3721 2261 jun-

2122 2284 2286 2356 gitur,
2316 2293 2583 2354 potestate
2619 2286 2851 2355 quadam
2895 2301 3058 2358 super
3101 2286 3281 2342 omnia
3316 2284 3559 2351 levatur;
3603 2286 3719 2340 for-

2123 2377 2298 2433 titudo
2327 2390 2435 2433 non
2464 2378 2567 2432 nisi
2606 2377 2659 2431 in
2707 2378 2950 2433 adversis
2980 2377 3304 2444 ostenditur,
3333 2378 3476 2435 unde
3498 2378 3723 2449 patien-

2125 2470 2201 2524 tia
2228 2468 2477 2535 additur,
2526 2468 2654 2538 quia
2684 2468 2737 2523 in
2788 2467 3105 2525 fortitudine
3152 2469 3310 2541 quasi
3336 2470 3572 2541 prolicit,
3621 2471 3721 2541 qui

2125 2559 2267 2615 maia
2309 2559 2485 2615 aliena
2524 2574 2631 2614 non
2672 2568 2850 2617 motus
2898 2560 3111 2617 tolerat.
3166 2561 3243 2617 De
3293 2562 3552 2633 patientia
3580 2576 3722 2634 per—

2126 2649 2287 2705 fectio
2319 2650 2581 2715 nascitur,
2611 2650 2751 2707 unde
2772 2651 2826 2706 in
2878 2652 3135 2721 patientia
3161 2652 3399 2708 animam
3432 2652 3724 2724 possidere

2126 2739 2293 2795 homo
2314 2738 2533 2807 dicitur,
2562 2741 2617 2795 id
2644 2749 2756 2808 est,
2786 2740 2839 2796 in
2883 2743 3134 2799 omnibus
3162 2750 3312 2799 recte
3354 2744 3557 2808 vivere,
3582 2759 3725 2799 cun-

2125 2830 2230 2887 ctis
2257 2831 2496 2886 motibus
2524 2832 2726 2888 mentis
2749 2847 2817 2888 ex
2853 2833 3054 2889 virtute
3098 2834 3363 2890 dominari
3394 2851 3409 2889 :
3442 2835 3535 2906 qui
3566 2835 3725 2891 enim

2126 2934 2185 2976 se
2210 2920 2398 2986 vincit,
2428 2930 2617 2977 contra
2653 2924 2835 2978 omnia
2857 2933 2942 2980 est
2962 2924 3138 2982 fortis.

2199 3011 2385 3084 (Ιιίό.)
2410 3012 2675 3081 Quoniam
2699 3024 2881 3071 autem
2912 3017 3215 3073 invehendo
3252 3015 3530 3088 corripuit,
3571 3030 3729 3074 nunc
3798 3058 3809 3065 .

2129 3108 2281 3178 quasi
2309 3108 2646 3163 exhortando
2674 3107 2855 3164 subdit
2888 3126 2902 3163 :

445 3200 772 3272 cogitando,
809 3210 943 3268 θυι..
969 3216 1135 3273 usque
1168 3200 1238 3255 ad
1264 3202 1308 3256 si
1341 3199 1442 3257 Job
1467 3200 1645 3271 qualis
1669 3201 1725 3257 in
1756 3210 2025 3274 potestate
2051 3195 2099 3261 C
2200 3202 2363 3259 Vens.
2405 3202 2456 3257 7.
2482 3232 2555 3243 —
2580 3221 2598 3254 ι
2620 3201 2951 3269 Recordare,
2980 3203 3207 3259 obsecro
3230 3212 3304 3259 te.
3338 3221 3358 3257 ι
3387 3200 3493 3259 Sed
3519 3212 3577 3260 et
3610 3203 3729 3260 hoc

443 3291 547 3351 fuit
579 3293 647 3349 ad
683 3293 996 3365 exemplum
1024 3294 1301 3366 proponit.

514 3401 535 3436 ι
569 3381 760 3439 Nonne
780 3383 1189 3439 dissimulavi?»
1222 3383 1470 3440 Potestas
1499 3384 1686 3442 habita
1712 3393 1768 3441 et
1795 3384 1865 3441 ad
1886 3384 2027 3440 utili-

441 3481 608 3533 tatem
638 3473 959 3549 cogitanda,
984 3483 1040 3531 et
1059 3483 1281 3547 propter
1306 3482 1578 3533 tumorem
1614 3474 2028 3543 dissimulanda,

437 3572 494 3621 et
514 3574 709 3638 potens
736 3573 799 3621 ut
817 3566 1077 3637 prodesse
1102 3565 1313 3633 debeat,
1341 3582 1501 3639 posse
1523 3581 1584 3624 se
1620 3566 1778 3624 sciat.

515 3676 535 3715 ς
569 3657 759 3717 Nonne
778 3656 937 3717 silui?
963 3678 983 3711 ι
1009 3657 1149 3715 Ecce
1169 3658 1343 3730 qualis
1366 3665 1452 3715 est
1481 3658 1535 3716 in
1560 3673 1701 3725 ore.,

514 3770 535 3805 ι
569 3751 761 3825 Nonne
780 3750 999 3829 quievi?
1019 3772 1039 3804 ι
1066 3752 1205 3809 Ecce
1222 3751 1401 3823 qualis
1427 3766 1556 3822 erga
1577 3752 1784 3819 illicita,
1799 3759 2037 3818 θωπικ-

437 3858 537 3917 que
577 3842 648 3898 ad
680 3843 811 3915 quia
843 3850 1029 3903 nostra
1061 3843 1325 3916 perfectio
1362 3842 1518 3917 culpa
1550 3859 1657 3901 non
1682 3851 1860 3911 caret,
1890 3843 2039 3899 unde

362 3962 369 3975 ·
444 3934 599 3997 addit
622 3951 637 3988 :

520 4049 541 4084 ι
571 4030 641 4087 Et
671 4029 819 4087 venit
856 4045 1039 4102 super.
1069 4046 1158 4087 me
1192 4029 1509 4102 indignatio.
1567 4049 1589 4085 ι
1643 4029 1797 4088 Unde
1842 4044 2038 4099 magna

443 4133 563 4183 arte
583 4125 829 4185 dictum
851 4125 1110 4191 verbera,
1138 4122 1405 4196 praamisit
1431 4131 1583 4179 recte
1601 4121 1766 4189 facta,
1790 4130 1849 4178 ut
1872 4121 1928 4176 in
1951 4121 2038 4177 his

443 4219 673 4290 quisque
691 4218 1004 4276 consideret
1030 4233 1152 4291 qua:
1172 4232 1335 4290 pinna
1363 4226 1581 4274 maneat
1605 4216 1840 4287 iniquos,
1872 4215 1920 4272 si
1960 4216 2037 4272 ita

444 4314 535 4375 hic
560 4314 793 4387 castigat
834 4314 1031 4387 iustos,
1065 4321 1128 4370 ut
1156 4313 1205 4375 si
1239 4311 1421 4384 justus
1467 4312 1559 4373 vix
1586 4310 1904 4379 salvabitur,
1936 4311 2038 4367 im-

446 4404 570 4479 pius
598 4406 695 4463 ubi
716 4404 972 4478 parebit?

1054 4493 1281 4555 CAPUT
1318 4493 1408 4551 IV.

2128 3294 2628 3367 reprehensibiliter
2670 3296 2797 3365 agit.
2829 3294 3092 3351 lnnocens
3116 3294 3262 3350 enim
3291 3302 3346 3350 et
3373 3300 3553 3350 rectus
3578 3308 3731 3363 saepe

2132 3387 2223 3445 hic
2255 3386 2495 3442 funditus
2534 3386 2804 3453 delentur,
2865 3387 2966 3443 etsi
3015 3385 3083 3442 ad
3131 3395 3332 3441 aeterna
3382 3394 3726 3441 servantur:

2134 3479 2229 3535 sed
2277 3480 2368 3549 qui
2414 3495 2520 3535 non
2550 3496 2649 3552 pro
2686 3491 2888 3535 aeterna
2918 3480 3012 3537 sed
3064 3487 3279 3536 terrena
3311 3479 3560 3536 mercede
3608 3476 3733 3535 Deo

2135 3573 2396 3639 serviunt,
2428 3573 2530 3645 ipsi
2564 3573 2663 3630 sibi
2694 3573 2901 3645 tingunt
2946 3572 3090 3643 quod
3132 3580 3401 3643 quaerunt,
3433 3580 3490 3627 et
3524 3569 3733 3626 docere

2134 3674 2523 3737 praesumentes
2548 3681 2671 3721 cum
2708 3674 2978 3720 terrenam
3008 3664 3355 3720 securitatem
3402 3660 3729 3734 pradicant,

2136 3760 2349 3815 cunctis
2376 3759 2489 3816 suis
2516 3758 2791 3815 laboribus
2815 3756 3105 3813 ostenan
3124 3755 3267 3827 quod
3295 3762 3501 3810 amant.

2208 3850 2373 3908 Vens.
2407 3851 2463 3907 8.
2484 3881 2556 3891 —
2582 3868 2601 3902 ι
2636 3849 2779 3918 Quin
2828 3848 3009 3920 potius
3036 3848 3143 3904 vidi
3176 3862 3291 3904 eos.
3332 3867 3353 3900 ι
3390 3844 3583 3919 (ιῡίά.)
3614 3842 3731 3901 Do.

2135 3942 2280 3999 lorcs
2305 3943 2555 4009 seminat,
2595 3943 2686 4013 qui
2716 3941 2866 3998 dicit.
2898 3938 3265 3996 Fraudulenta
3294 3937 3473 4003 metit,
3506 3936 3599 4009 qui
3646 3936 3733 3992 di-

2138 4038 2310 4093 cendo
2355 4036 2630 4109 praevalet.
2663 4034 2760 4091 Vel
2801 4034 3016 4092 dolores
3061 4034 3316 4099 seminat,
3345 4034 3438 4104 qui
3467 4046 3731 4104 perversa

2141 4131 2273 4203 agit.
2325 4130 2496 4197 Metit,
2524 4130 2617 4201 qui
2660 4129 2713 4184 in
2742 4129 2823 4185 eis
2861 4135 3228 4200 prosperatur.
3275 4124 3341 4181 lli
3374 4140 3480 4181 non
3516 4125 3600 4191 (ut
3628 4124 3728 4195 ait)

2139 4233 2385 4294 pereunt,
2416 4224 2511 4279 sed
2544 4222 2754 4279 felicius
2782 4222 2873 4277 hic
2893 4207 3057 4292 just‘is
3086 4220 3291 4274 vivunt.
3323 4216 3537 4273 Patitur
3576 4218 3727 4272 enim

2140 4316 2283 4371 Deus
2304 4316 2567 4386 quosdam
2593 4314 2682 4370 hic
2706 4312 3016 4385 prmvalere,
3048 4320 3108 4368 ut
3136 4309 3386 4367 mundius
3418 4310 3528 4365 vita
3550 4307 3728 4380 justo-

2141 4421 2260 4465 rum
2289 4413 2564 4478 purgetur.
2597 4405 2757 4462 Punit
2787 4420 2911 4460 mox
2943 4403 3100 4470 alios,
3126 4419 3194 4460 ne
3223 4410 3446 4475 putetur
3484 4402 3726 4458 humana

2142 4500 2434 4573 negligere,
2458 4507 2513 4554 et
2545 4498 2711 4553 multa
2751 4497 2889 4553 mala
2918 4497 3232 4568 praeterire,
3271 4503 3334 4550 ut
3376 4494 3541 4551 corda
3572 4492 3729 4548 inuo-

516 4610 681 4668 Vm
709 4610 860 4667 s.—
892 4628 917 4665 ε
966 4610 1026 4667 Si
1069 4610 1398 4680 coeperimus
1438 4607 1588 4679 loqui
1622 4606 1742 4663 tibi.
1778 4625 1798 4660 ι
1838 4603 2033 4677 um.)
2056 4565 2111 4627 D
2138 4565 2400 4657 centium,
2436 4589 2528 4660 qui
2572 4565 2941 4680 pusillanimes
2979 4596 3136 4680 sunt,
3186 4584 3511 4680 confirmet“:
3540 4582 3727 4638 verius

444 4702 680 4763 Molliter
724 4704 1011 4777 incipiunt,
1043 4705 1140 4761 sed
1184 4705 1238 4760 in
1273 4718 1467 4776 aspera
1509 4707 1890 4773 prorumpunt.
1941 4698 2035 4755 Sic

443 4794 687 4854 haeretici
710 4795 905 4853 blanda
926 4797 1095 4854 verba
1139 4805 1471 4869 proponunt,
1496 4810 1566 4853 ne
1592 4802 1909 4861 caveantur,
1937 4790 2033 4849 sed

444 4904 637 4963 aspera
660 4887 1027 4947 subiciet-ult.

522 5004 544 5038 ι
576 4985 686 5042 Sed
729 4991 1069 5056 conceptum.
1104 5001 1124 5037 ο
1159 4981 1347 5055 (Ιὸίά.)
1376 4978 1608 5037 Perfecti
1634 4992 1737 5033 nec
1766 4976 1821 5031 in
1871 4974 2037 5031 corde

446 5092 702 5150 perversa
731 5076 1045 5149 concipiunt
1093 5088 1216 5147 quas
1248 5073 1463 5131 silentio
1507 5076 1878 5140 compescunt.
1930 5065 2060 5122 Alii.

447 5184 614 5240 prava
661 5169 995 5241 concipiunt,
1026 5168 1122 5226 sed
1168 5164 1372 5224 silentii
1412 5162 1600 5234 vigore
1657 5172 1853 5231 magno
1904 5170 2037 5214 con—

449 5262 726 5334 stringunt
765 5280 780 5317 :
814 5262 907 5321 alii
954 5271 1011 5320 et
1060 5260 1373 5332 concipiunt
1421 5264 1477 5313 et
1526 5270 1648 5311 mox
1685 5251 1934 5310 ederunt.
1975 5248 2035 5306 In

449 5368 613 5415 sensu
662 5354 828 5421 leves,
857 5355 915 5411 in
944 5355 1126 5427 lingua
1156 5348 1481 5425 praecipites.
1533 5346 1611 5402 De
1654 5346 1741 5401 his
1789 5350 1876 5399 est
1930 5341 2039 5398 Eli-

448 5445 615 5519 pbaz,
641 5446 735 5517 qui
760 5461 859 5502 suo
901 5446 1279 5516 experimento
1301 5441 1369 5497 de
1399 5437 1655 5507 omnibus
1680 5434 1821 5492 idem
1850 5433 2034 5490 sentit.

526 5553 547 5589 ε
588 5536 799 5593 Tenere
844 5536 968 5608 quis
1003 5534 1226 5606 poterit.
1274 5552 1293 5587 ο
1328 5529 1499 5599 Quasi
1545 5528 1708 5583 vellet
1760 5526 2036 5584 retinere:

449 5621 511 5683 in
539 5642 649 5697 quo
673 5628 850 5683 innuit
872 5641 933 5683 se
959 5627 1013 5682 in
1042 5625 1309 5697 loquendo
1331 5614 1685 5678 otl‘ensurum.

2138 4690 2318 4740 autem
2367 4682 2574 4737 diceret
2601 4680 2669 4735 de
2704 4678 2978 4743 omnibus,
3005 4678 3059 4732 in
3083 4677 3219 4743 line;
3260 4672 3585 4748 generaliter
3626 4688 3731 4743 po-

2139 4784 2279 4833 terat
2322 4774 2450 4841 dici,
2477 4772 2623 4845 quod
2648 4772 2911 4832 innocens
2934 4780 2992 4827 et
3024 4776 3206 4825 rectus
3249 4782 3357 4824 non
3406 4766 3567 4837 perit,
3598 4764 3727 4835 quia

2136 4870 2236 4927 etsi
2259 4868 2347 4925 hic
2370 4867 2624 4927 atteritur
2639 4905 2655 4934 ,
2685 4864 2830 4936 apud
2856 4863 3027 4918 Deum
3065 4874 3195 4916 vera
3219 4859 3395 4915 salute
3418 4864 3725 4926 reparatur.

2136 4963 2206 5018 Et
2235 4960 2362 5018 mali
2397 4966 2658 5032 pereunt,
2706 4957 2833 5027 quia
2875 4955 2978 5012 etsi
3003 4953 3094 5010 hic
3138 4951 3302 5007 altius
3352 4955 3627 5013 crescant,
3674 4946 3731 5002 in

2139 5055 2246 5111 ﬁne
2298 5054 2488 5111 durius
2534 5050 2820 5106 ferientur.
2877 5047 2983 5105 Sed
3035 5046 3161 5118 quia
3207 5043 3367 5110 dicit,
3416 5038 3729 5105 recordare,

2138 5157 2287 5221 patet
2313 5153 2586 5203 transacta
2606 5142 2675 5199 ad
2704 5151 2944 5199 mentem
2968 5140 3172 5207 reduci,
3202 5150 3309 5195 non
3346 5134 3529 5192 futura
3560 5146 3733 5189 enun-

2139 5239 2283 5296 tiari.

2210 5330 2373 5386 Vsus.
2402 5327 2456 5384 9.
2487 5356 2555 5367 -
2599 5346 2618 5379 ι
2674 5324 2868 5381 Flaute
2896 5323 3010 5379 Deo
3057 5320 3285 5392 perisse.
3323 5337 3342 5370 ι
3377 5314 3571 5390 (Ιῡξδ.)
3620 5312 3735 5369 Nos

2137 5420 2433 5481 conﬂamus
2452 5434 2653 5485 aerem,
2684 5419 2811 5476 dum
2833 5417 2911 5472 ab
2927 5422 3081 5471 extra
3102 5414 3248 5469 intus
3268 5411 3559 5477 trahimus,
3580 5417 3637 5466 et
3662 5409 3734 5465 ab

2141 5516 2287 5571 intus
2307 5523 2462 5570 extra
2485 5511 2782 5568 reddimus.
2814 5506 2958 5567 Deus
2980 5522 3111 5579 ergo
3130 5502 3187 5562 in
3214 5504 3575 5562 retributione
3598 5500 3735 5557 flare

2142 5610 2359 5674 dicitur,
2396 5606 2521 5680 quia
2547 5604 2617 5662 ab
2643 5603 3005 5661 exterioribus
3028 5601 3209 5657 causis
3236 5594 3589 5666 intusgjudicii
3609 5609 3736 5651 cou-

525 5688 693 5775 πίω.
730 5718 788 5775 3.
824 5750 893 5761 —
937 5739 959 5772 ι
1000 5688 1143 5775 Ecce
1178 5715 1405 5774 docuisti
1442 5713 1725 5786 plurimos.
1773 5727 1795 5764 ι
1835 5703 2046 5782 (ιωιι.)
2145 5702 2324 5759 silium
2351 5698 2605 5771 concipit,
2637 5706 2697 5753 et
2721 5696 2791 5753 ab
2819 5696 3036 5751 interno
3068 5691 3299 5750 consilio
3334 5688 3583 5786 cimus
3606 5701 3735 5741 sen-

451 5804 618 5872 m
654 5809 797 5868 bona
830 5818 963 5870 sunt
1001 5816 1207 5884 qua“
1233 5805 1331 5866 ille
1369 5782 1596 5875 fatetur,
1627 5806 1721 5880 qui
1770 5802 2049 5866 criminari
2148 5794 2373 5852 tentiam
2419 5790 2650 5865 emittit,
2678 5790 2733 5846 id
2762 5796 2868 5857 est,
2909 5802 2941 5845 a
2984 5787 3144 5844 malis
3178 5782 3381 5842 nostris
3428 5796 3550 5855 quae
3572 5788 3733 5838 extra
