3982 6352
320 322 429 380 765

1360 332 1627 393 GLOSSA
1665 335 2063 401 ORDINARIA.
2104 376 2173 389 —-
2211 347 2340 406 LIB.
2379 350 2561 410 JOB.’

318 435 486 502 videt,
509 433 774 506 judicium
801 436 948 496 intus
973 431 1226 511 disponit,
1278 450 1333 498 et
1386 446 1456 500 ab
1504 446 1753 521 interno~
1772 452 1977 515 con-A
2003 455 2384 525 subtrahatur;
2429 461 2619 519 unde:
2665 482 2684 516 ε
2735 463 2934 527 Vacate
2978 478 3034 526 et

3486 372 3590 432 766

3079 471 3261 532 videte
3286 493 3301 531 :
3332 482 3587 551 quoniam

316 534 486 630 cepto.
519 528 1125 634 extrandamnationem
1177 531 1326 590 facit.
1376 534 1471 593 Vel
1496 537 1625 596 ﬂare
1652 541 1815 609 Deus,
1846 542 1901 600 id
1998 560 2097 617 ego
2134 561 2253 602 sum
2308 548 2453 607 Deus
2504 550 2678 624 (Psal.
2703 564 2849 629 xu).
2898 578 2918 611 ι
2954 557 3059 617 Sed
3107 528 3588 634 quovﬁimus-‘id

315 625 422 685 est,
469 617 634 733 irzsci
900 636 1001 692 per
1027 625 1232 693 simile,
1259 629 1385 699 quia
1416 647 1515 687 nos
1543 646 1665 689 cum
1711 635 1900 694 irasci-
1996 637 2450 709 contemplatione
2496 641 2705 701 levatus
2753 617 2914 720 super
2950 666 3013 707 se
3057 617 3252 712 altiora
3296 664 3583 733 conspicit,

316 724 458 775 mur,
508 708 638 766 ﬂatu
681 709 885 769 furoris
939 714 1358 775 inﬂammamur.
1406 721 1528 778 Fiat
1572 739 1701 797 ergo
1755 726 1898 785 Deus

316 798 603 856 irascendo
641 800 935 859 vindictam
992 806 1275 879 cogitans,
1321 827 1466 880 cum,
1505 824 1627 884 post
1680 816 1896 891 longam

312 893 653 963 patientiam,
694 896 793 965 qui
823 896 878 953 in
916 911 977 954 se
1024 902 1347 973 tranquillus
1391 914 1475 963 est
1528 909 1636 965 reis
1683 911 1897 968 videtur

299 983 674 1067 ‘turbulentus,
722 1000 844 1043 cum
895 989 998 1061 ipsi
1055 1008 1242 1050 coram
1293 1011 1360 1053 eo
1412 1006 1561 1055 reatu
1614 1014 1712 1058 suo
1780 1012 1894 1059 tur-

313 1077 528 1133 bentur.

384 1158 914 1244 (Gnsc.)Postquam
939 1176 1232 1236 clementer
1254 1161 1480 1252 momiit,
1509 1196 1694 1258 aperte
1723 1189 1896 1246 incre-

310 1268 424 1332 pat.
458 1282 476 1314 ι
514 1261 741 1334 Rugitus
778 1266 983 1335 leonis,
1023 1290 1041 1322 ι
1086 1270 1141 1326 id
1173 1282 1276 1337 est,
1324 1277 1586 1354 severitas
1632 1289 1689 1335 et
1718 1290 1895 1338 terror

308 1354 479 1426 ipsius
502 1354 605 1413 Job
630 1376 642 1412 :
666 1376 685 1409 σ
711 1374 816 1415 vox
847 1360 1050 1430 leaena»,
1076 1384 1094 1415 ›
1119 1364 1419 1436 loquacitas
1441 1369 1705 1444 conjugis,
1727 1393 1745 1425 ‹
1770 1376 1895 1430 den-

310 1457 390 1505 tes
420 1450 752 1519 catulorum,
788 1472 807 1508 ι
840 1456 1081 1513 edacitas
1108 1457 1338 1516 filiorum
1371 1463 1646 1522 destructa
1669 1476 1772 1522 est.
1805 1466 1895 1522 Ri-

305 1541 463 1614 gidus
508 1544 771 1608 exsultat,
803 1548 956 1617 quasi
983 1548 1106 1619 jure
1149 1562 1330 1608 essent
1358 1553 1632 1612 damnata.
1686 1558 1891 1629 Tigridi

303 1635 468 1690 etiam
498 1635 599 1692 Job
625 1649 903 1711 comparat
927 1657 1026 1712 pro
1053 1644 1279 1701 maculis
1307 1646 1683 1705 simulationis.
1713 1649 1893 1723 Hypo-

302 1727 439 1783 crita
472 1729 638 1795 enim,
670 1732 758 1800 qui
791 1741 973 1789 rectus
1006 1735 1235 1804 videtur,
1264 1739 1427 1794 habet
1461 1739 1683 1796 latentia
1725 1743 1886 1809 vitia,

1996 741 2062 783 eo
2092 727 2145 783 in
2181 744 2239 786 se
2278 732 2572 791 terribilius
2599 738 2803 807 tremit,
2832 741 2975 797 unde
3005 761 3019 797 :

2072 837 2091 871 ‹
2120 819 2295 922 Pavor
2307 826 2479 881 tenuit
2500 842 2586 883 me
2605 837 2660 884 et
2679 839 2879 887 tremor
2913 843 2970 889 et
2989 837 3167 893 omnia
3191 853 3334 897 ossa.
3358 862 3376 895 ι
3397 842 3585 922 (Ibid.)

1993 908 2050 965 Id
2080 920 2185 977 est,
2217 912 2441 971 fortiora
2468 926 2606 985 acta,
2633 928 2737 977 etc.
2757 962 2773 990 ,
2798 939 2961 996 usque
2985 927 3056 981 ad
3082 929 3360 990 stimulum
3403 908 3587 997 carnis

1994 1003 2178 1068 sentit,
2210 1004 2362 1060 addit
2386 1021 2401 1061 :

2066 1090 2348 1186 Vens.kl6.
2372 1127 2443 1137 —
2478 1114 2497 1149 ι
2531 1097 2694 1157 Stetit
2744 1104 2984 1176 quidam.
3032 1107 3223 1186 (Ibid.)
3256 1113 3329 1171 Ut
3370 1116 3586 1174 incom-

1992 1182 2379 1253 prehensibilia
2431 1202 2490 1244 se
2542 1193 2757 1249 novisse
2805 1182 3070 1265 judicent,
3121 1182 3253 1269 etc.,
3308 1222 3472 1279 usque
3514 1209 3586 1265 ad

1994 1273 2120 1343 quia
2146 1276 2346 1332 bonum
2376 1294 2663 1338 commune
2686 1287 2994 1356 specialiter
3029 1290 3131 1347 sibi
3161 1273 3464 1365 arrogavit.

2069 1384 2087 1416 ι
2135 1366 2633 1444 lnhorrueruntpili
2651 1377 2830 1433 carnis
2857 1396 3008 1437 mete.
3047 1403 3065 1436 ι
3100 1382 3290 1458 (Ibid.)
3318 1386 3418 1444 Pili
3458 1397 3588 1447 sunt

1993 1460 2263 1527 superﬂua
2293 1463 2543 1533 quaelibet
2573 1468 2822 1526 humanae
2847 1477 3208 1546 corruptionis
3230 1481 3588 1552 cogitationes

1993 1548 2118 1604 vitae
2167 1554 2369 1609 veteris
2406 1572 2420 1608 ε
2465 1571 2599 1626 quas
2641 1559 2687 1614 si
2735 1575 2765 1615 a
2804 1571 2983 1619 mente
3037 1548 3398 1638 excludimhs,
3445 1572 3586 1643 pilos

1994 1652 2158 1693 carne
2210 1641 2519 1711 incidimus,
2559 1656 2619 1702 ut
2666 1664 2772 1704 non
2827 1651 3011 1710 dolore
3063 1654 3375 1729 fatigemur.
3433 1641 3585 1719 Unde

1993 1729 2247 1802 Moyses:
2286 1754 2306 1786 ‹
2339 1733 2540 1791 Leviue
2590 1738 2780 1795 radant
2817 1757 3005 1800 omnes
3049 1746 3189 1816 pilos
3238 1751 3420 1809 carnis
3470 1767 3583 1808 suae

307 1835 428 1890 quae
457 1821 744 1892 aliquando
788 1829 1123 1898 erumpentia
1161 1831 1396 1886 colorem
1436 1834 1665 1889 variant.
1702 1834 1876 1892 Prmda

1997 1820 2183 1894 (Leuit.
2223 1823 2358 1897 κη’).
2395 1846 2414 1878 ι
2451 1826 2574 1884 Haec
2625 1840 2806 1887 autem
2856 1815 3105 1892 subtilius
3152 1839 3207 1894 in
3254 1839 3410 1896 nobis
3455 1856 3586 1897 con-

299 1916 385 1966 est
404 1908 677 1979 justomm
707 1914 874 1985 gloria
898 1959 912 1985 ,
941 1934 1103 1990 quam
1134 1921 1235 1977 sibi
1276 1924 1468 1995 arripit
1495 1943 1509 1980 :
1538 1937 1735 1996 putans
1763 1945 1893 2001 ergo

300 1998 404 2055 iste
435 2011 679 2058 sanctum
709 2002 810 2061 Job
832 2006 970 2064 bona
997 2026 1119 2081 qua:
1145 2011 1198 2067 in
1236 2027 1302 2068 eo
1328 2026 1572 2083 noverat,
1598 2032 1694 2087 per
1722 1998 1892 2092 hypo-

299 2088 484 2145 crisim
512 2094 773 2160 tenuisse,
798 2095 931 2152 dicit
956 2115 970 2151 :

370 2178 537 2239 Vens.
572 2184 660 2239 11.
691 2218 764 2227 -
792 2207 811 2240 ι
843 2187 1023 2262 Tigris
1076 2193 1257 2263 periit.
1306 2214 1324 2248 ι
1359 2195 1474 2253 Hoc.
1523 2208 1605 2255 est
1653 2202 1889 2258 varietas

296 2281 403 2330 tuze
432 2275 793 2337 simulationis
817 2284 1080 2340 exstincta
1107 2296 1357 2356 est,ete.,
1384 2308 1545 2363 usque
1573 2294 1644 2348 ad
1669 2295 1720 2350 hi
1756 2296 1889 2354 tales

295 2382 397 2437 per
421 2370 739 2439 sapientiam
778 2383 969 2446 putant
1007 2392 1064 2434 se
1094 2394 1281 2437 omnes
1312 2388 1713 2443 transcendere.

378 2459 540 2519 Vens.
573 2462 661 2520 12.
685 2496 755 2507 --
785 2485 804 2519 ι
838 2467 1008 2525 Porro
1060 2471 1125 2525 ad
1168 2488 1256 2529 me
1298 2476 1499 2531 dictum
1532 2488 1616 2534 est
1662 2480 1886 2537 verbum

297 2553 693 2611 absconditum.
734 2579 751 2612 ι
790 2558 1332 2633 (lbid.)Abscondita
1382 2584 1440 2623 se
1490 2569 1731 2626 haeretici
1783 2588 1882 2625 au-

295 2645 414 2702 dire
471 2648 747 2719 simulant,
785 2654 932 2709 unde
961 2664 1014 2710 et
1041 2656 1273 2713 latenter
1318 2662 1638 2731 praedicant,
1670 2674 1727 2718 ut
1758 2680 1884 2720 san—

293 2735 435 2792 ctior
463 2752 648 2795 eorum
672 2744 981 2814 praedicatio
1009 2748 1298 2815 habeatur,
1329 2766 1435 2807 non
1466 2752 1586 2807 aliis
1608 2769 1781 2824 aequa.

370 2849 389 2883 ι
424 2830 665 2902 Furtive,
698 2845 805 2893 etc.
844 2856 863 2890 ι
895 2836 1082 2911 (Ibid.)
1111 2840 1245 2908 Quia
1292 2859 1399 2898 non
1451 2860 1572 2899 cum
1618 2845 1740 2900 aliis
1787 2862 1883 2916 per

287 2922 489 3007 ostium
516 2925 750 2992 intrant,
779 2927 874 2983 sed
903 2928 1068 2984 rimas
1093 2941 1341 3000 quzerunt
1368 2918 1548 3004 pravae
1576 2934 1881 3007 intelligen-

291 3004 407 3080 the,
427 3016 553 3087 quia
584 3033 713 3074 vero
754 3018 841 3074 fur
860 3018 1042 3075 lumen
1076 3020 1249 3089 timet,
1275 3020 1425 3077 addit
1458 3042 1472 3083 ;

358 3107 526 3163 Vens.
575 3109 660 3165 l5.
690 3140 760 3151 —
788 3130 806 3162 ε
852 3109 909 3165 In
954 3112 1184 3168 horrore
1239 3112 1462 3169 visionis
1518 3123 1816 3172 nocturnae.
1854 3137 1873 3169 ι

284 3199 345 3256 In
389 3216 590 3272 pavore
636 3215 917 3259 nocturnae
963 3203 1189 3261 visionis
1244 3220 1302 3261 se
1348 3206 1658 3277 percepisse
1710 3222 1876 3263 venas

283 3295 494 3352 susurri
539 3295 709 3351 divini
764 3296 984 3364 dicunt,
1030 3297 1154 3368 quia
1194 3307 1253 3352 ut
1300 3297 1404 3353 alta
1429 3296 1771 3367 jactent,vix
1812 3315 1877 3355 ea

242 3401 443 3457 -posse
478 3402 541 3444 se
588 3401 781 3460 capere
833 3388 1036 3444 dicunt.
1096 3386 1203 3444 Sed
1234 3390 1361 3445 dum
1408 3390 1483 3446 ita
1530 3390 1635 3446 alta
1663 3400 1871 3457 notant,

283 3486 452 3534 testes
500 3487 689 3534 contra
738 3494 798 3535 se
838 3480 1090 3551 nequitiae
1139 3489 1282 3536 sunt.
1311 3479 1373 3537 In
1416 3490 1685 3540 nocturna
1728 3484 1875 3539 enim

278 3568 491 3625 visione
521 3568 679 3625 dubie
713 3570 979 3626 cernitur.

358 3681 377 3713 ‹
414 3659 639 3730 Quando
686 3660 822 3718 solet
872 3679 1035 3736 sopor
1079 3679 1368 3737 occupare.
1410 3686 1426 3716 ι
1464 3664 1581 3721 Hoc
1607 3674 1712 3731 est,
1744 3666 1873 3722 dum

275 3765 467 3808 omnes
518 3752 743 3809 inferius
796 3753 1073 3811 dormiunt
1137 3764 1401 3827 torpore,
1438 3752 1570 3813 'nos
1638 3759 1705 3813 ad
1759 3759 1870 3814 alta

276 3849 337 3896 et
364 3856 593 3914 superna
622 3844 970 3917 percipienda
990 3846 1298 3917 vigilamus.
1331 3848 1398 3904 Et
1427 3848 1553 3904 dum
1582 3847 1872 3922 aliquando

277 3933 386 3990 hoc
418 3936 617 4008 despici
671 3937 887 4009 vident,
932 3938 1139 4012 seipsos
1184 3939 1376 3997 timere
1422 3939 1680 3996 simulant
1725 3941 1870 4013 quod

278 4025 488 4094 dicunt,
519 4028 661 4084 unde
688 4028 869 4087 subdit
895 4050 909 4085 :
1754 4080 1765 4093 .

349 4118 512 4175 Vsus.
542 4120 629 4175 M.
654 4150 726 4162 —-
749 4140 768 4174 ι
799 4121 977 4178 Pavor
1003 4123 1176 4178 tenuit
1199 4138 1303 4179 me.
1345 4143 1363 4176 ι
1401 4123 1472 4181 Ut
1497 4123 1621 4180 miri
1642 4123 1863 4181 videan—

275 4217 369 4265 tur
404 4209 458 4265 in
506 4209 661 4276 altis,
700 4213 855 4283 quasi
894 4213 1287 4284 pertimescunt
1338 4228 1457 4284 quae
1504 4214 1713 4286 lingunt
1753 4232 1766 4269 :
1810 4222 1867 4271 et

273 4310 455 4358 tamen
485 4303 718 4361 audaces
758 4313 884 4361 sunt
921 4304 1189 4378 proferre,
1221 4322 1340 4379 quae
1370 4316 1623 4365 asserunt
1671 4308 1759 4363 vix
1806 4323 1864 4365 se

269 4395 518 4467 potuisse
548 4398 757 4454 audire.

1993 1915 2273 1984 spicimus,
2311 1932 2434 1974 cum
2479 1919 2588 1976 alta
2630 1932 3001 1994 penetramus,
3054 1930 3198 1986 unde
3250 1940 3400 1988 recte
3439 1949 3585 1992 nunc

1993 2006 2188 2061 dicitur
2218 2023 2233 2062 :

2070 2118 2087 2150 ι
2121 2099 2253 2155 Cum
2289 2100 2512 2173 spiritus
2537 2108 2813 2164 transiret.
2849 2129 2868 2162 ι
2909 2110 3042 2167 Cum
3091 2114 3236 2172 enim
3268 2133 3423 2175 mens
3450 2135 3582 2177 vera

1991 2195 2154 2261 videt,
2189 2194 2375 2252 durius
2418 2214 2477 2254 se
2515 2200 2581 2255 de
2621 2203 2908 2273 superfluis
2954 2208 3185 2263 cruciat.
3242 2209 3582 2268 Transeunte

1989 2303 2118 2359 ergo
2166 2290 2381 2359 spiritu,
2416 2291 2509 2362 pili
2542 2294 2957 2364 pertimescunt,
2989 2300 3115 2369 quia
3141 2309 3267 2355 ante
3291 2302 3402 2357 vim
3432 2318 3583 2359 com-

1986 2386 2294 2455 punctionis
2344 2386 2627 2456 superﬂuae
2662 2389 3021 2461 cogitationes
3057 2391 3289 2464 fugiunt,
3320 2395 3444 2466 quia
3496 2394 3582 2451 in-

1989 2474 2117 2528 tima
2176 2476 2309 2531 visio
2359 2476 2597 2531 animam
2647 2488 2838 2537 contra
2880 2496 2939 2536 se
2970 2482 3303 2550 inﬂammat;
3350 2494 3406 2540 et
3451 2485 3578 2541 dum

1987 2563 2172 2619 illicita
2220 2566 2464 2621 districte
2511 2576 2757 2635 resecat,
2810 2584 2964 2626 mens
3013 2570 3176 2627 latius
3225 2572 3581 2643 speculationi

1985 2655 2230 2722 inhaeret,
2255 2667 2311 2711 et
2345 2658 2482 2713 bene
2511 2657 2626 2729 figit
2676 2659 2931 2731 spiritum
2983 2663 3074 2733 qui
3135 2664 3435 2730 transibat,
3480 2680 3582 2721 nec

1987 2759 2165 2806 tamen
2206 2751 2321 2806 haec
2351 2751 2463 2822 ipsa
2514 2767 2666 2807 mora
2697 2755 3173 2825 contemplationis
3202 2757 3312 2813 vim
3358 2757 3579 2828 pietatis

1948 2838 2139 2911 'plene
2162 2843 2357 2911 aperit,
2388 2842 2531 2899 unde
2558 2843 2780 2899 subdit:

2059 2952 2076 2983 ι
2122 2931 2284 2987 Stetit
2314 2934 2531 3004 quidam
2557 2935 2710 3006 cujus
2740 2951 2846 2992 non
2874 2939 3237 3010 agnoscebam
3277 2939 3502 2996 vultum.
3549 2960 3570 2993 ›

1984 3022 2171 3094 (Ibid.)
2194 3024 2425 3092 Quidam
2474 3041 2579 3082 non
2614 3028 2833 3095 dicitur,
2865 3038 2997 3096 etc.,
3046 3048 3208 3102 usque
3235 3030 3304 3087 ad
3332 3046 3433 3103 per
3483 3046 3577 3091 co-

1983 3122 2242 3169 :eternam
2273 3114 2388 3184 ejus
2417 3118 2651 3186 speciem
2677 3120 2961 3189 conspicit,
2992 3121 3176 3177 subdit
3208 3140 3221 3177 :

2058 3228 2076 3260 ‹
2116 3207 2297 3280 imago
2323 3224 2506 3264 coram
2545 3209 2715 3266 oculis
2758 3228 2863 3267 me.
2904 3232 2922 3264 ι
2951 3212 3135 3286 Imago
3178 3214 3358 3271 Patris
3406 3215 3577 3273 Filius

1979 3309 2083 3368 est,
2109 3302 2199 3372 qui
2238 3303 2367 3358 dicit
2393 3321 2405 3356 :
2439 3301 2608 3359 Nemo
2634 3305 2781 3359 venit
2802 3302 2868 3360 ad
2895 3305 3138 3373 Patrem,
3167 3308 3273 3363 nisi
3300 3324 3401 3378 per
3429 3324 3536 3365 me.

2054 3415 2070 3446 ι
2106 3394 2171 3449 Ει
2211 3411 2397 3451 vocem
2421 3399 2576 3468 quasi
2605 3413 2755 3452 aurae
2783 3399 2921 3454 lenis
2945 3399 3146 3455 audivi.
3181 3420 3200 3455 ι
3230 3401 3417 3474 (Ibid.)
3448 3402 3569 3461 Vox

1976 3505 2144 3557 aurae,
2173 3490 2444 3563 cognitio,
2486 3500 2627 3556 etc.,
2676 3510 2837 3564 usque
2881 3494 2950 3547 ad
2982 3494 3075 3563 qui
3099 3509 3166 3551 ex
3211 3495 3315 3553 hoc
3359 3494 3569 3562 auditu,

1977 3582 2184 3638 didicit.

2006 3676 2009 3681 “
2046 3671 2210 3729 Vens.
2249 3674 2428 3728 l7.—
2467 3694 2484 3727 ι
2521 3673 2775 3746 Nunquid
2820 3676 2983 3732 homo
3022 3679 3431 3750 comparatione
3471 3678 3571 3739 Dei

1968 3767 2396 3839 justiﬁcabitur?
2427 3788 2446 3822 ι
2481 3767 2595 3824 Hoc
2626 3769 2680 3825 in
2727 3769 3182 3841 contemplatione
3219 3771 3388 3835 novit,
3423 3773 3568 3841 quod

1967 3856 2177 3929 justitia
2207 3858 2441 3914 humana
2473 3859 2667 3915 divinae
2709 3871 3025 3935 comparata
3050 3862 3336 3939 injustitia,
3365 3870 3425 3919 ut
3445 3877 3566 3935 quas

1971 3950 2190 4007 lucerna
2242 3951 2297 4007 in
2342 3951 2579 4008 tenebris
2609 3950 2771 4019 lucet,
2827 3946 2880 4007 in
2938 3952 3051 4010 sole
3102 3955 3303 4027 caligat
3349 3969 3365 4009 :
3419 3954 3567 4026 quod

1970 4041 2168 4114 potuit,
2199 4040 2326 4114 quia
2373 4042 2463 4113 qui
2500 4041 2678 4100 lucem
2705 4038 2873 4111 videt,
2907 4044 3009 4100 scit
3040 4043 3172 4115 quid
3217 4042 3286 4101 de
3322 4043 3565 4111 tenebris

1968 4138 2222 4197 aestimet.

2044 4252 2062 4285 ι
2099 4231 2206 4286 Aut
2263 4228 2466 4288 factore
2519 4248 2619 4288 suo
2646 4232 2867 4303 purior?
2903 4251 2921 4284 ι
2959 4230 3146 4305 (llud)
3179 4230 3295 4289 Hoc
3322 4232 3569 4303 aestimat

1967 4324 2059 4397 qui
2090 4333 2282 4381 contra
2310 4323 2667 4397 ﬂagellantem
2712 4334 3029 4378 murmurat.
3068 4323 3174 4378 Sed
3201 4322 3366 4379 debet
3389 4323 3559 4391 scire,

1965 4420 2092 4491 quia
2139 4418 2301 4489 impie
2353 4434 2459 4473 non
2492 4416 2748 4489 ﬂagellat,
2779 4418 2868 4488 qui
2901 4418 3034 4473 mira
3065 4433 3130 4473 ex
3160 4417 3296 4475 nihil
3322 4416 3470 4486 fecit,
3502 4428 3561 4477 et

349 4506 369 4540 ι
409 4486 493 4542 Ad
522 4502 610 4545 me
650 4489 853 4545 dictum
881 4500 963 4547 est
988 4492 1233 4548 verbum.
1271 4512 1289 4544 ι
1318 4491 1496 4561 (Ibid.
1517 4492 1535 4564 )
1560 4492 1732 4549 Filius
1764 4493 1864 4550 Dei

1995 4486 2231 4566 ionditor
2273 4518 2481 4565 naturae
2511 4486 2617 4563 non
2646 4518 2731 4564 est
2764 4486 2984 4578 iniquus
3015 4508 3181 4592 jpdex
3210 4511 3403 4582 culpm.
3437 4512 3555 4568 Etsi

268 4579 487 4643 dicitur,
526 4588 670 4648 etc.,
702 4599 862 4654 usque
892 4583 961 4637 ad
990 4599 1056 4639 eo
1099 4583 1271 4655 magis
1322 4583 1699 4639 rectitudinem
1744 4583 1862 4656 ejus

1995 4612 2066 4659 ste
2092 4602 2288 4672 injuste
2308 4599 2409 4655 Job
2434 4600 2731 4672 redarguit,
2765 4610 2911 4656 recte
2942 4579 3121 4657 tanien
3148 4579 3366 4660 modum
3390 4621 3547 4662 crea-

270 4685 521 4743 repressa
544 4668 798 4728 formidat
826 4691 839 4731 :
869 4675 1013 4729 unde
1041 4674 1223 4730 subdit
1250 4692 1263 4727 :

1964 4705 2100 4750 tura:
2123 4694 2176 4748 in
2208 4690 2616 4762 comparatione
2654 4688 2931 4747 Creatoris
2959 4691 3239 4749 describit.
3270 4693 3552 4753 Puriorem

345 4781 365 4814 ι
410 4760 469 4817 In
518 4763 746 4820 horrore
788 4762 1013 4821 ViSiOﬂiS
1048 4773 1343 4833 ηοεῑυτηω,
1375 4774 1482 4821 θίο·
1519 4785 1537 4818 ³
1581 4763 1639 4819 1d
1664 4772 1769 4832 es"
1803 4764 1858 4819 in
1962 4778 2093 4857 ergo
2136 4800 2194 4839 se
2222 4785 2304 4839 vir
2332 4760 2542 4839 iactore
2571 4798 2668 4838 suo
2709 4783 3034 4851 mstimat,si
3067 4795 3254 4842 contra
3281 4785 3553 4860 ﬂagellum

266 4869 473 4925 pavore
505 4856 730 4914 occultae
766 4857 1251 4929 contemplationis,
1295 4858 1348 4912 in
1375 4872 1482 4927 qua
1517 4856 1651 4913 nihil
1679 4857 1856 4912 mani-

268 4948 429 5017 feste,
456 4950 554 5007 sed
592 4950 749 5023 quasi
801 4951 1136 5024 imaginarie,
1162 4951 1393 5008 videtur.
1453 4951 1559 5009 Sed
1597 4954 1665 5009 ad
1717 4954 1858 5009 hanc

266 5060 432 5100 nemo
459 5045 738 5118 pertingit,
770 5046 876 5102 nisi
908 5045 1214 5119 carnalibus
1245 5046 1525 5105 desideriis
1572 5047 1855 5118 repressis,

265 5135 450 5195 unde:
698 5190 703 5195 .

346 5249 365 5282 ι
402 5226 628 5298 Quando
653 5231 790 5288 solet
817 5246 979 5303 sopor
1005 5246 1272 5303 occupare
1298 5232 1567 5289 homines.
1606 5251 1624 5285 ι
1659 5232 1861 5305 Vigilat

265 5321 362 5392 qui
388 5322 532 5378 curis
560 5323 740 5379 saeculi
770 5322 1001 5383 intendit
1037 5340 1050 5376 :
1090 5322 1289 5378 dormit
1322 5323 1373 5378 in
1419 5323 1603 5394 quiete
1650 5325 1739 5394 qui
1772 5323 1857 5378 fu-

1960 4874 2235 4947 quereiam
2266 4882 2441 4944 parat,
2471 4887 2701 4943 eumque
2727 4873 2824 4928 sibi
2851 4874 3035 4944 procul
3063 4877 3226 4932 dubio
3254 4881 3548 4952 postponit,

1963 4982 2086 5023 cum
2118 4963 2511 5035 ejusjudicium
2543 4966 2607 5023 de
2635 4980 2732 5021 sua
2756 4964 3042 5023 alllictione
3076 4970 3351 5040 redarguit

2042 5076 2059 5108 ι
2097 5056 2237 5117 Ecce
2288 5055 2383 5127 qui
2408 5055 2652 5112 serviunt
2689 5057 2759 5112 ei.
2798 5077 2816 5110 ι
2853 5056 3049 5133 (Ibi-1M.)
3078 5060 3312 5135 Angelus
3339 5064 3440 5119 etsi
3494 5066 3547 5122 in

1964 5155 2107 5203 statu
2138 5164 2235 5202 suo
2263 5146 2613 5202 immutabilis
2641 5160 2939 5219 permanet,
2974 5148 3026 5203 in
3055 5151 3157 5206 hoc
3193 5159 3372 5208 tamen
3403 5154 3546 5225 quod

1963 5248 2210 5295 creatura
2237 5246 2342 5305 est,
2371 5237 2800 5295 vicissitudinem
2850 5240 3225 5299 mutabilitatis
3271 5243 3455 5311 habet,
3491 5256 3548 5301 et

1962 5331 2041 5386 ita
2076 5330 2284 5387 stabilis
2318 5346 2422 5411 non
2455 5340 2555 5386 est.
2590 5331 2644 5388 Si
2684 5333 2828 5389 enim
2879 5341 3069 5388 natura
3108 5333 3223 5392 haec
3269 5338 3544 5394 mutabilis

268 5413 370 5482 git.
393 5412 496 5469 Hic
531 5421 619 5471 est
640 5412 808 5471 Iacob
852 5415 943 5486 qui
972 5414 1025 5470 in
1056 5414 1251 5471 itinere
1293 5414 1490 5475 dormit
1533 5423 1588 5472 et
1635 5415 1854 5487 angelos
1958 5437 2069 5478 non
2095 5431 2239 5479 esset
2265 5465 2280 5490 ,
2327 5438 2450 5479 cum
2480 5431 2624 5479 esset
2654 5424 2791 5479 bene
2819 5424 3031 5478 condita
3059 5465 3074 5491 ,
3118 5424 3172 5480 in
3199 5427 3362 5483 nullis
3400 5428 3544 5485 ceci-

265 5504 436 5573 videt,
462 5505 517 5561 id
544 5514 667 5573 est,
693 5507 746 5563 in
774 5521 932 5575 cursu
978 5507 1137 5579 hujus
1183 5507 1307 5564 vita:
1335 5523 1365 5562 a
1394 5508 1745 5565 saecularibus
1768 5526 1853 5566 re-

266 5596 369 5653 bus
414 5597 599 5654 oculos
640 5599 842 5655 claudit
881 5600 1022 5669 quod
1062 5599 1129 5657 ad
1165 5600 1649 5671 concupiscendum
1695 5603 1849 5674 culpa

266 5689 460 5760 primis
503 5690 818 5762 parentibus
844 5692 1069 5760 aperuit.
1106 5692 1173 5747 Et
1218 5709 1377 5749 nemo
1406 5695 1473 5748 ad
1503 5695 1728 5752 videnda
1764 5699 1846 5752 in-

269 5789 431 5863 ιφζιιλ
455 5782 793 5858 perducitur,
820 5783 927 5841 nisi
956 5785 1024 5841 ab
1050 5784 1137 5842 his
1164 5802 1283 5859 quae
1302 5789 1539 5846 exterius
1564 5790 1847 5862 implicant

1959 5514 2149 5571 disset.
2190 5512 2295 5571 Sed
2327 5532 2392 5571 ex
2428 5516 2655 5571 arbitrio
2692 5515 2879 5571 habuit
2904 5531 3061 5573 ruere
3088 5518 3173 5574 vel
3201 5529 3369 5587 stare,
3390 5531 3446 5577 et
3484 5522 3540 5579 in

1954 5607 2224 5663 stantibus
2256 5609 2507 5664 meritum
2562 5608 2683 5675 fuit,
2733 5617 2939 5665 motum
2981 5608 3354 5668 mutab‘ilitatis
3401 5629 3537 5682 suat,

1953 5712 2037 5756 Sili
2082 5702 2131 5756 io
2154 5702 2441 5757 voluntatis
2468 5700 2667 5756 fixisse.
2709 5699 2822 5755 Hoc
2845 5701 3220 5760 mutabilitatis
3247 5719 3536 5777 argumen-

1956 5805 2061 5849 twu
2084 5804 2166 5851 est
2190 5795 2329 5866 quod
2360 5796 2426 5850 de
2448 5802 2690 5868 apostata
2723 5794 2902 5851 subdit
2928 5813 2942 5852 :

3546 5876 3617 5944 κ.
