3982 6352
2 483 6 634 ξ

2 641 5 732 l

2 817 6 1017 ll

476 340 579 398 767

962 348 1354 415 murmur
1393 359 1640 420 STRABI
1676 334 1880 424 rum.
1922 367 2086 425 nou.
2124 369 2277 428 ore.
2319 373 2497 434 rans
2535 378 2576 435 ι.
2615 412 2686 425 -
2725 381 3176 442 THEOLOGICA.

3631 387 3746 445 768

546 461 968 578 1Ef_‘f‘_f‘_“_“_°_',“
997 473 1706 578 ³¹¹Ῐ³ητθνῗτίῖῬν³νίί²ιθπ¹ς
1737 502 1760 578 Ρ
1792 485 1882 578 Εἰ
1905 502 2044 558 (1υο-
2070 491 2122 553 Λ
2148 491 2216 548 ad
2245 493 2472 564 gleriam
2522 513 2709 558 eorum
2762 513 3042 576 sequatur,
3088 505 3508 578 prosperitatem
3535 521 3750 568 eorum

472 565 593 608 rum
612 562 1033 650 Aeomparatione
1054 565 1342 626 inﬁrmitas
1370 571 1603 630 humana
1624 575 1916 650 colligitur.

549 663 568 696 ι
601 643 816 713 Quanto
841 654 1014 726 magis
1045 655 1099 712 hi
1134 659 1225 728 qui
1270 661 1517 719 habitant
1563 643 1779 724 domos-
1799 669 1991 728 luteas.
2023 691 2045 726 ι

472 735 690 832 (ϐψω.)
721 740 777 797 Id
805 753 890 800 est
928 754 1142 805 terrena
1195 768 1442 826 corpora,
1471 768 1602 829 etc.,
1632 778 1794 832 usque
1821 767 1891 820 ad
1916 782 2048 824 con-

471 829 708 898 spiciunt
737 838 884 892 curis
904 841 1086 896 saeculi
1115 849 1391 918 occupati;
1423 851 1567 909 unde
1585 829 1766 913 subdit
1793 875 1807 912 :

543 922 708 1020 Vens.
733 926 826 982 20.
849 961 916 972 -
939 931 1014 988 De
1067 951 1224 994 mane
1261 955 1430 1013 usque
1475 945 1543 1001 ad
1591 962 1892 1020 vesperam.
1932 971 1950 1006 ι
1989 952 2050 1010 Id

469 1021 636 1118 estne
661 1017 798 1118 vitae.
831 1037 942 1118 suae
964 1029 1186 1086 exordio
1213 1047 1387 1106 usque
1432 1038 1499 1092 ad
1529 1017 1816 1099 terminum
1860 1059 2051 1118 perpe-

469 1105 700 1210 tratione
726 1111 1026 1184 iniquitatis
1048 1105 1422 1194 vulnerantur,
1450 1143 1481 1184 a
1501 1144 1609 1201 qua
1634 1135 1830 1192 succisi
1853 1105 1907 1192 in
1923 1105 2050 1210 pro-

468 1192 690 1256 fundum
720 1215 902 1262 ruunt.

540 1287 728 1390 (Ibid)
758 1296 854 1353 Vel
899 1315 1076 1372 mane,
1106 1313 1472 1382 prosperitas;
1504 1332 1750 1390 vespera,
1809 1324 2049 1383 adversi-

743 1402 841 1456 per
868 1401 1159 1492 uirumque
1185 1419 1436 1478 per-eum:
1481 1384 1615 1485 (lilia-
1651 1384 1751 1488 υθέ
1787 1433 2046 1492 Prospera

460 1466 685 1568 lascivi,
715 1493 814 1550 per
859 1485 1084 1546 adversa
1137 1466 1582 1566 impatientesjad
1609 1466 1877 1564 itilsanilam
1915 1466 2048 1568 lsur—

461 1568 610 1668 gum.
643 1564 709 1623 Et
734 1572 860 1668 quia
890 1577 1068 1637 nullus
1095 1564 1279 1644 eorum
1301 1629 1318 1656 ,
1357 1592 1580 1663 scilicet,
1619 1616 1639 1649 ι
1671 1599 1763 1668 qui
1795 1601 1861 1656 de
1889 1564 2046 1660 uia—ne

461 1663 630 1762 itaque
685 1660 772 1762 and.
803 1678 1088 1762 vesperam
1141 1678 1485 1738 succidentur
1517 1703 1536 1736 ι
1566 1660 1870 1758 intelligit,
1916 1693 2044 1762 quid

463 1739 620 1801 bonis
665 1748 878 1810 alllictis
921 1758 1012 1815 hic

2150 591 2443 659 reprobant
2493 597 2696 652 statim.
2751 598 3004 656 Inﬁrmus
3052 615 3176 656 cum
3233 600 3492 671 qualitate
3541 618 3745 659 rem

2147 689 2422 751 mutatur,
2455 686 2582 742 dum
2612 689 2758 746 videt
2791 705 3070 763 prospera,
3101 691 3304 759 laudat,
3337 694 3463 750 dum
3502 703 3746 753 mutan-

2148 780 2274 841 tur,
2336 777 2470 833 nihil
2519 794 2640 837 esse
2682 780 2892 852 judicat
2944 803 2957 839 :
3003 786 3100 841 sed
3148 785 3338 842 ﬁrmus
3407 803 3534 843 cum
3608 788 3745 858 ipsa

2148 863 2318 934 gloria
2349 883 2564 938 pmnam
2592 873 2902 931 considerat
2946 885 3286 946 sequentem,
3326 885 3382 934 et
3408 893 3537 936 mox
3568 879 3742 934 dam-

2147 963 2260 1010 nat.
2295 957 2401 1014 Sed
2430 962 2554 1032 quia
2582 964 2928 1033 proﬁcientes
2975 967 3031 1023 in
3055 969 3260 1026 mundo
3291 969 3491 1026 multos
3538 986 3742 1027 secum

2148 1046 2387 1114 trahunt,
2426 1052 2634 1108 subdit:

2225 1135 2384 1195 Vens.
2413 1140 2468 1196 4.
2499 1173 2568 1184 -
2593 1164 2612 1197 ι
2642 1144 2827 1219 Longe
2856 1145 2990 1204 ﬁent
3019 1148 3114 1206 ﬁlii
3147 1147 3290 1220 ejus.
3325 1170 3346 1205 ι
3393 1149 3453 1208 Id
3482 1161 3608 1220 est,
3635 1169 3740 1210 se—

2148 1239 2366 1297 quaces.
2499 1281 2502 1284 λ

2225 1338 2244 1371 ι
2280 1320 2336 1375 In
2365 1331 2542 1393 porta.
2575 1344 2594 1379 ι
2634 1325 2826 1401 (Ιὺίά.)
2872 1327 3035 1386 Porta
3063 1330 3218 1404 regni
3247 1338 3332 1388 est
3355 1331 3472 1389 dies
3491 1329 3686 1403 iudicii
3715 1374 3736 1400 ,

2147 1407 2202 1463 in
2229 1425 2338 1480 quo
2363 1412 2517 1469 electi
2543 1415 2748 1473 intrant
2774 1417 2838 1473 ad
2869 1419 3092 1490 gloriam
3117 1462 3133 1489 ,
3161 1427 3288 1478 ante
3316 1438 3475 1494 quem
3501 1423 3600 1479 ﬁlii
3627 1425 3743 1479 hu-

2140 1499 2231 1571 jus
2259 1505 2444 1561 mundi
2469 1507 2595 1562 elati
2623 1517 2766 1575 sunt,
2801 1510 2894 1566 sed
2926 1519 3055 1568 tunc
3086 1523 3452 1571 conterentur.

2218 1595 2380 1654 Vens.
2411 1598 2462 1654 5.
2491 1631 2563 1641 —
2593 1619 2612 1652 ‹
2649 1602 2717 1657 Et
2741 1618 2849 1658 non
2874 1605 2981 1662 erit
3001 1606 3092 1675 qui
3119 1615 3294 1663 eruat.
3326 1627 3346 1662 ι
3375 1607 3564 1681 (Ibid)
3587 1608 3737 1676 Quia

2149 1684 2267 1742 illos
2299 1687 2373 1744 ibi
2421 1691 2622 1748 veritas
2665 1693 2866 1766 eripit,
2915 1710 3053 1766 quos
3099 1696 3191 1753 hic
3238 1711 3338 1768 per
3379 1697 3734 1770 disciplinam

1057 1773 1321 1834 servetur,
1354 1772 1483 1842 quid
1509 1775 1611 1830 sibi
1659 1777 1900 1836 futurum
1947 1783 2040 1852 qui
2071 1849 2108 1852 _
2145 1780 2369 1849 premit-

583 1837 752 1953 bella”
763 1855 980 1953 putant.
1011 1851 1116 1911 Sed
1138 1860 1264 1928 quia
1291 1831 1400 1920 non
1443 1880 1631 1926 omnes
1679 1831 2046 1933 sic—deserui:
2069 1849 2120 1911 Β
2146 1831 2202 1849 Γ
2465 1891 2718 1934 messem.
2752 1897 2770 1930 ι
2803 1878 2978 1936 Habet
3011 1881 3240 1953 quisque
3277 1881 3478 1938 donum
3518 1881 3730 1938 intelli-

465 1931 570 1994 tur,
600 1933 782 1992 subdit
807 1955 820 1993 :

539 2020 691 2132 LQEui
744 2036 923 2088 autem
973 2035 1166 2132 reliqui
1207 2043 1430 2104 fuerint.
1473 2070 1493 2103 ι
1542 2051 1600 2109 Id
1646 2052 1755 2122 est,‘
1804 2057 2043 2132 despecti

463 2113 682 2222 flvit-(ii;
729 2133 866 2222 quos
894 2128 1144 2187 satculum
1173 2143 1234 2190 ut
1262 2137 1511 2211 indignos
1538 2113 2045 2222 reliquit,

461 2197 768 2314 figvptius,
805 2211 859 2314 id
911 2227 1030 2314 est,
1065 2233 1278 2282 amator
1330 2197 1509 2288 seaculi
1533 2274 1547 2298 ,
1581 2197 1818 2306 peccatis
1865 2197 2038 2314 nirgcl'.

460 2304 600 2362 saepe
627 2311 657 2352 a
691 2303 886 2361 saeculo
923 2308 1205 2381 despectus
1251 2303 1613 2395 relinquitur“,
1661 2338 1722 2385 ut
1760 2347 1866 2388 non

457 2395 524 2491 eo
553 2401 756 2491 currat,
797 2399 1149 2491 sedifractus
1195 2410 1436 2472 adversis
1479 2425 1714 2491 torpeat.
1759 2422 1865 2481 Sed
1897 2427 2040 2486 hunc

459 2473 650 2548 David,
683 2481 734 2576 id
765 2499 869 2554 est,
898 2490 1166 2565 Christus,
1195 2501 1423 2574 invenit,
1455 2518 1511 2564 et
1534 2473 1592 2566 iii
1611 2526 1768 2569 suum
1795 2473 2037 2576 amorem

455 2574 762 2678 convertit,
793 2588 849 2678 et
887 2583 1009 2642 cibo
1048 2591 1200 2646 verbi
1229 2597 1433 2665 pascit,
1479 2607 1536 2656 et
1581 2603 1771 2661 ducem
1807 2574 2037 2678 itineris,

457 2659 509 2715 id
537 2673 641 2764 est,
665 2672 1073 2764 praedicatorem
1114 2659 1272 2742 suum
1315 2659 1487 2747 facit:
1525 2709 1632 2764 quo
1675 2659 2039 2759 duce-

459 2761 671 2859 vant'es,
716 2760 768 2860 id
807 2773 913 2860 est,
946 2773 1129 2828 mundi
1181 2776 1423 2836 laetitiam
1478 2760 1726 2854 destruit,
1756 2804 1876 2860 quae
1911 2806 2035 2848 eum
2063 2821 2090 2840 ο

455 2847 706 2905 comitem
737 2853 937 2914 habere
959 2861 1224 2934 despexit.

534 2955 553 3047 ξ
593 2937 924 3047 ἑρᾉΐςγθξιιυι*
950 2965 1017 3006 ex
1051 2954 1148 3011 eis.
1191 2977 1210 3010 ι
1252 2959 1387 3028 Quia
1427 2964 1569 3023 Deus
1597 2967 1699 3026 sibi
1727 2983 1821 3027 eos
1847 2972 2031 3047 elegit.

532 3043 564 3134 ι⁸
593 3027 904 3134 Moriemur,
931 3047 987 3095 et
1029 3058 1136 3100 non
1187 3047 1242 3104 in
1291 3053 1576 3123 sapientia.
1635 3078 1658 3113 ι
1712 3027 2034 3134 Interposita

2147 1965 2361 2034 gentiae,
2385 1981 2492 2036 quo
2517 1977 2665 2024 recta
2696 1969 2947 2043 intelligit
2969 1981 3025 2027 et
3048 1972 3216 2029 dicit:
3247 1971 3354 2029 Sed
3375 1973 3502 2044 quia
3535 1975 3736 2030 eadem

2151 2068 2256 2108 non
2288 2064 2436 2111 amat
2458 2073 2558 2114 nec
2588 2059 2741 2127 facit,
2775 2076 2804 2115 a
2845 2077 3023 2118 messe
3061 2078 3225 2134 quam
3255 2063 3442 2131 habet,
3469 2062 3734 2133 jejunat;

2144 2147 2238 2201 sed
2292 2148 2384 2217 qui
2431 2149 2601 2205 esurit
2646 2149 2918 2218 justitiam
2955 2155 3024 2210 ab
3077 2154 3168 2210 illo
3206 2156 3435 2211 audiens
3464 2163 3643 2220 recta,
3671 2169 3738 2209 se

2143 2236 2338 2302 reﬁcit,
2369 2240 2550 2295 unde:
2581 2259 2601 2294 ι
2636 2241 2766 2309 Quae
2804 2243 3012 2310 dicunt,
3047 2244 3208 2301 facite
3244 2245 3462 2316 (Matth.
3488 2244 3678 2316 xxm).
3707 2264 3730 2298 ι

2219 2349 2240 2384 ‹
2272 2331 2340 2388 Et
2367 2333 2540 2405 ipsum
2568 2337 2744 2408 rapiet
2768 2349 3030 2396 armatus.
3061 2360 3081 2392 ι
3127 2339 3315 2413 (Ibid.)
3359 2338 3621 2396 Diabolus
3670 2347 3734 2394 nt

2141 2419 2366 2478 inermis
2393 2422 2649 2492 vincitur,
2673 2443 2794 2482 cum
2826 2436 3009 2500 aperta
3028 2429 3172 2486 mala
3205 2444 3522 2502 suggerens,
3541 2431 3736 2486 omnia

2139 2513 2280 2569 bona
2322 2515 2571 2574 similiter
2605 2519 2793 2575 tollere
2819 2530 3048 2577 conatur
3085 2539 3099 2576 :
3134 2523 3226 2578 sed
3251 2531 3495 2577 armatus
3531 2522 3732 2588 vincit,

2139 2603 2244 2659 alia
2279 2606 2422 2662 bona
2457 2607 2662 2665 intacta
2689 2611 2933 2680 praeterit
2957 2651 2973 2677 ,
3007 2611 3112 2666 alia
3140 2612 3374 2669 latenter
3398 2613 3730 2682 corrumpit.

2218 2717 2237 2749 ‹
2271 2697 2338 2753 Ει
2365 2697 2568 2756 bibent.
2605 2720 2624 2754 ι
2681 2701 2879 2775 (luem)
2937 2703 3148 2760 Stultus
3189 2719 3332 2776 saepe
3378 2704 3547 2760 habet
3584 2704 3733 2760 divi-

2137 2788 2261 2854 tias,
2295 2797 2426 2857 etc.,
2451 2807 2615 2862 usque
2641 2792 2710 2846 ad
2739 2802 2794 2848 et
2839 2794 3118 2850 studiosus
3149 2794 3410 2850 tarditate
3453 2794 3732 2865 praepedi-

2135 2882 2262 2936 tur?
2289 2883 2578 2954 respondet
2618 2902 2632 2938 :

2209 2971 2372 3029 Vens.
2396 2971 2450 3028 6.
2479 3005 2552 3016 —
2583 2992 2605 3027 ι
2638 2973 2784 3030 Nihil
2811 2975 2864 3031 in
2897 2983 3040 3032 terra
3067 2977 3128 3033 ﬁt
3155 2977 3272 3035 sine
3298 2993 3485 3035 causa.
3513 2997 3534 3032 ι
3581 2976 3729 3045 Quia

2135 3062 2260 3118 inde
2294 3063 2395 3118 ille
2447 3062 2647 3133 justius
2704 3067 2771 3122 de
2830 3067 3154 3140 negligentia
3201 3069 3464 3140 punitur,
3503 3069 3608 3124 iste
3652 3070 3730 3125 de

634 3118 923 3230 Ῑξεςῑονυξξιν
947 3134 1094 3230 redit
1133 3137 1200 3230 ad
1253 3118 1529 3200 interitum
1579 3163 1687 3204 non
1737 3118 2035 3224 intelligen-
2061 3201 2108 3230 η
2139 3153 2317 3208 studio
2343 3118 2654 3210 coronatur.
2689 3153 2796 3210 Sed
2841 3118 3080 3226 quoiaoad
3133 3118 3532 3230 intelligendum
3568 3168 3727 3215 recta

629 3302 642 3315 _
659 3211 891 3319 Βςρςίξξῇ
942 3221 1114 3292 iuSlos
1148 3228 1470 3302 despiciunt,
1491 3236 1617 3306 quia
1665 3255 1762 3309 per
1804 3201 2033 3302 mortem
2061 3201 2108 3267 Ο
2138 3256 2246 3297 non
2272 3243 2432 3298 modo
2457 3245 2656 3309 studio,
2688 3247 2782 3301 sed
2810 3201 2874 3301 etl
2897 3201 3391 3319 persecutionib:s_
3411 3249 3724 3318 erudimur,

453 3311 606 3393 suam
617 3302 914 3393 invisibilia
938 3327 1218 3386 quaarunt,
1241 3321 1324 3377 vel
1347 3339 1446 3393 per
1469 3302 1698 3384 mortem
1741 3332 1906 3389 vitam
1947 3334 2034 3391 in-

451 3388 714 3487 visibilem
738 3411 1004 3467 quarunt.
1037 3405 1144 3464 Sed
1188 3410 1310 3481 ipsi,
1343 3388 1436 3484 qui
1468 3418 1674 3487 pariter
1721 3388 2035 3484 mortemwet

451 3483 768 3582 sapientiam
798 3490 1030 3565 fugiunt,
1051 3483 1376 3572 sapientiam
1396 3483 1613 3579 quidem
1634 3515 1850 3582 penitus
1878 3483 2034 3575 desé

449 3584 597 3670 runt,
621 3580 867 3644 nolentes
890 3605 988 3660 pro
1014 3595 1242 3653 veritate
1267 3601 1426 3670 mori,
1464 3580 1693 3662 mortem
1724 3617 1900 3667 tamen
1921 3627 2030 3670 non

1084 3754 1310 3814 CAPUT
1353 3761 1413 3818 V.

528 3855 688 3917 Vens.
719 3861 772 3917 I.
801 3893 873 3905 —
904 3885 924 3920 ‹
959 3869 1103 3926 Voca
1137 3888 1284 3948 ergo.
1323 3895 1340 3929 ι
1371 3877 1560 3950 (Ibid.)
1607 3880 1872 3949 Quoniam
1923 3886 2028 3945 hoc

451 3951 725 4043 veraciter
758 3965 945 4013 contra
974 3959 1188 4032 iniquos
1226 3969 1468 4036 protulit,
1500 3975 1750 4043 quamvis
1795 3975 2028 4034 latenter

449 4036 550 4138 iob
585 4041 640 4097 in
686 4059 913 4103 numero
937 4064 1122 4108 eorum
1150 4062 1491 4128 proposuerit
1564 4061 1702 4118 fastu
1748 4067 2028 4138 sapientiae

449 4129 670 4230 inflatus
718 4147 959 4207 apertam
1012 4142 1319 4204 irrisionem
1361 4150 1414 4205 in
1443 4149 1542 4209 Joh
1571 4153 1752 4210 subdit
1779 4129 1848 4210 τ’(
1881 4157 2026 4230 Voca

447 4238 597 4321 ergo,
620 4246 638 4279 ι
659 4228 711 4285 id
725 4238 828 4297 est,
855 4233 900 4288 si
925 4233 1155 4294 afﬂictus
1177 4239 1401 4311 clames,
1419 4246 1560 4302 Deus
1579 4263 1687 4303 non
1711 4228 2025 4321 respondet,

331 4353 338 4360 -
447 4316 501 4372 id
530 4329 614 4376 est
642 4338 748 4378 non
773 4325 868 4382 dat
893 4326 1140 4388 eﬂ‘eetum
1159 4372 1175 4398 ,
1199 4334 1322 4404 quia
1374 4337 1429 4392 in
1473 4316 1862 4411 tranquillitate
1901 4316 2025 4401 eum

448 4415 848 4486 contempsisti;
888 4428 944 4476 et
975 4441 994 4474 ‹
1033 4423 1102 4478 ad
1151 4425 1385 4498 aliquem
1432 4443 1757 4499 sanctorum,
1792 4455 1811 4487 ι
1844 4436 1897 4492 id
1919 4447 2022 4506 est,

2137 3332 2378 3388 additum
2409 3351 2422 3388 :
2458 3351 2479 3386 α
2512 3334 2580 3390 Εῑ
2609 3336 2675 3390 de
2707 3335 2870 3392 humo
2897 3353 3004 3392 non
3034 3339 3362 3410 egredietur.
3389 3358 3409 3392 ι

2211 3439 2231 3475 ‹
2259 3422 2327 3478 Ει
2377 3423 2445 3480 de
2484 3424 2651 3481 humo
2691 3441 2796 3480 non
2843 3426 3167 3498 egredietur.
3207 3447 3224 3480 ι
3269 3427 3459 3501 (Ibid)
3483 3427 3719 3498 Humus,

2132 3516 2187 3574 id
2220 3525 2327 3584 est,
2365 3516 2632 3574 elementa
2671 3520 2856 3574 mundi
2894 3520 2947 3574 in
2972 3534 3188 3590 poenam
3223 3531 3511 3577 vertuntur
3537 3522 3720 3578 delin-

2131 3609 2410 3679 quentium
2439 3626 2454 3675 ;
2485 3612 2627 3667 unde
2661 3611 2856 3666 dicitur
2889 3629 2903 3665 :
2953 3629 2974 3662 ι
3014 3609 3279 3684 Pugnabit
3319 3627 3420 3684 pro
3465 3629 3566 3679 eo,
3603 3634 3622 3667 ι
3654 3615 3717 3670 id

2130 3708 2238 3769 est,
2271 3715 2370 3770 pro
2401 3699 2661 3767 Domino,
2693 3701 2841 3756 orbis
2869 3709 3135 3773 terrarum
3166 3711 3351 3758 contra
3379 3704 3711 3772 insensatos,

2133 3790 2228 3846 sed
2254 3798 2437 3846 tamen
2461 3790 2529 3845 de
2558 3791 2638 3846 eis
2680 3805 2787 3846 non
2830 3791 3139 3862 egredietur
3163 3792 3338 3859 dolor,
3379 3794 3503 3864 quia
3545 3809 3710 3863 paena

2129 3896 2238 3936 non
2287 3881 2529 3938 nascitur
2577 3882 2642 3936 de
2682 3881 2767 3937 his
2809 3897 2929 3953 qua:
2964 3881 3200 3950 feriunt,
3238 3884 3335 3941 sed
3365 3885 3431 3940 de
3479 3885 3563 3940 his
3613 3885 3707 3955 qui

2129 3977 2405 4048 peccando
2432 3976 2811 4047 percussiones
2858 3985 3205 4034 extorserunt
3233 3996 3246 4032 :
3285 3979 3381 4034 sed
3409 3993 3516 4050 quo
3547 3988 3704 4035 exte-

2128 4065 2427 4140 rior'pmna
2455 4069 2836 4140 castigat,,eo
2880 4082 3036 4126 mens
3065 4071 3130 4126 ad
3173 4085 3407 4141 superna
3454 4071 3701 4138 levatur;

2127 4159 2270 4214 unde
2291 4159 2500 4216 subdit:
3185 4145 3188 4150 ’

2199 4253 2362 4310 Vens.
2391 4253 2442 4308 7.
2471 4284 2543 4295 —
2569 4272 2588 4306 ‹
2624 4252 2796 4309 Homo
2826 4253 2895 4309 ad
2929 4254 3171 4312 laborem
3205 4255 3470 4312 nascitur.
3510 4274 3530 4309 ι
3560 4253 3697 4322 Quia

2129 4344 2456 4415 impossibile
2499 4353 2583 4400 est
2631 4345 2686 4400 in
2733 4346 2836 4401 hac
2880 4346 3318 4418 peregrinatione
3359 4347 3478 4403 sine
3515 4345 3698 4403 labore

2127 4451 2246 4492 esse
2278 4454 2291 4490 :
2317 4437 2410 4492 sed
2431 4437 2484 4492 in
2507 4452 2572 4492 eo
2595 4437 2738 4506 quod
2762 4451 2891 4492 caro
2910 4436 3182 4508 afﬂigitur,
3206 4453 3359 4494 mens
3379 4439 3448 4493 ad
3469 4440 3700 4509 petenda

445 4507 756 4625 sanctos-in
782 4509 1072 4616 afﬂictione
1105 4515 1377 4588 adjutores
1406 4536 1514 4576 non
1558 4521 1748 4591 habes,
1778 4526 1904 4596 quia
1931 4542 2022 4583 so-
2046 4562 2102 4625 D
2128 4523 2236 4579 alta
2265 4524 2489 4580 levatur.
2520 4545 2540 4577 ‹
2565 4525 2665 4580 Vel
2699 4527 2860 4582 homo
2887 4566 2902 4593 ,
2931 4545 2950 4579 ι
2994 4507 3047 4583 id
3091 4536 3200 4594 est,
3228 4507 3504 4594 carnalis,
3559 4528 3700 4584 mala

444 4595 557 4652 cios
581 4597 637 4653 in
659 4599 930 4660 hilaritate
953 4621 1062 4662 non
1089 4609 1344 4668 habuisti.

516 4690 707 4764 (Ibid.)
748 4695 879 4755 Post
919 4701 1224 4761 irrisionem
1263 4709 1442 4766 subdit
1485 4712 1839 4780 sententiam,
1889 4722 2017 4783 etc.,

444 4797 609 4876 usque
636 4785 706 4839 ad
735 4787 851 4846 haec
880 4793 1155 4863 sapientes
1209 4801 1414 4869 turbat,
1453 4802 1549 4860 sed
1586 4804 1666 4861 ira
1702 4821 1802 4876 per
1829 4806 2016 4864 vitium

440 4875 634 4933 stultos
663 4880 914 4938 trucidat.

517 4988 536 5021 ε
571 4969 638 5027 Et
662 4975 947 5044 parvulum
985 4980 1200 5038 occidit.
1232 5002 1252 5037 ι
1286 4984 1343 5042 Id
1368 4992 1473 5054 est,
1511 4987 1636 5044 dum
1689 4988 1738 5044 ei
1786 4988 2014 5057 invidet,

443 5075 602 5152 quem
635 5074 790 5134 putat
815 5069 1093 5142 majorem,
1119 5081 1248 5144 etc.,
1271 5094 1434 5150 usque
1454 5079 1524 5134 ad
1548 5079 1634 5137 vel
1675 5089 1888 5152 partem
1918 5081 2016 5137 ha-

440 5150 616 5208 bendo
645 5161 999 5227 quantitatem
1022 5164 1179 5222 nobis
1202 5170 1502 5242 restringit.

513 5246 704 5315 (Gneo.
742 5252 834 5309 lib.
867 5271 920 5311 γι
951 5255 1169 5326 Moral.,
1199 5275 1320 5331 cap.
1369 5262 1448 5334 v.)
1483 5260 1618 5328 Quia
1649 5263 1776 5320 totis
1803 5264 2014 5320 deside-

441 5337 541 5395 riis
574 5341 629 5396 in
669 5351 882 5404 terreno
912 5363 1096 5406 amore
1125 5350 1406 5420 solidatur,
1455 5354 1596 5409 unde
1623 5356 1830 5426 primus
1879 5356 2012 5412 Cain

441 5431 496 5487 in
527 5443 673 5491 terra
703 5437 976 5496 civitatem
1013 5445 1362 5513 construxit,
1407 5445 1617 5504 alienus
1662 5462 1693 5502 a
1738 5447 1876 5505 coelo
1923 5448 2014 5505 hic

443 5524 652 5583 felicius
678 5529 842 5601 degit.

513 5617 676 5675 Vens.
701 5621 754 5676 5.
785 5653 855 5663 —
895 5643 915 5676 c
952 5623 1020 5680 Et
1071 5627 1336 5691 maledixi
1375 5629 1762 5700 pulchritudini
1816 5630 1950 5701 ejus.
1988 5649 2008 5682 ι

441 5709 637 5786 (Iota)
677 5712 814 5782 Quia
853 5731 978 5772 cum
1012 5732 1079 5774 ex
1131 5720 1245 5778 visa
1290 5724 1652 5795 prosperitate
1707 5723 1969 5777 malorum
1999 5762 2016 5790 ,

438 5805 606 5880 pedes
633 5804 970 5865 inﬁrmorum
993 5817 1215 5869 nutent:
1234 5811 1415 5881 fortes,
1443 5816 1686 5872 videntes
1709 5828 1830 5884 quae
1853 5827 2013 5884 ptena

2131 4616 2318 4671 mundi
2349 4617 2533 4682 sentit,
2561 4615 2686 4686 quia
2727 4615 3003 4671 inhianter
3027 4616 3167 4672 bona
3190 4618 3308 4689 ejus
3332 4619 3556 4690 appetit.
3589 4618 3699 4674 Sed

2129 4705 2284 4776 cujus
2307 4721 2459 4762 mens
2485 4707 2600 4762 haec
2626 4708 2820 4763 transit
2844 4749 2859 4775 ,
2887 4717 2947 4764 ut
2974 4709 3089 4764 avis
3125 4707 3192 4764 ad
3220 4708 3347 4774 alta,
3377 4723 3554 4780 penna
3583 4709 3699 4780 spei

2126 4799 2356 4865 levatus,
2388 4799 2464 4854 nil
2489 4799 2617 4855 mali
2665 4801 2866 4866 sentit,’
2894 4802 3228 4872 congaudent
3254 4811 3310 4857 et
3332 4803 3399 4858 de
3425 4801 3650 4874 ﬂagellis
3676 4842 3695 4872 ,

2127 4891 2221 4945 sed
2244 4890 2368 4960 quia
2401 4891 2516 4945 haec
2543 4890 2721 4947 nullus
2744 4891 2856 4947 suis
2881 4891 3086 4947 viribus
3110 4891 3276 4958 valet,
3303 4891 3486 4947 subdit
3524 4910 3539 4946 :

2197 4981 2361 5038 Vens.
2400 4983 2452 5038 8.
2478 5014 2549 5024 —
2579 5003 2599 5036 ι
2629 4983 2988 5051 Quamobrem
3015 4998 3115 5055 ego
3139 4992 3214 5040 te.
3253 5003 3272 5038 ι
3319 4983 3379 5041 Id
3409 4992 3514 5052 est,
3544 4984 3696 5041 illum

2121 5089 2251 5146 rogo
2276 5090 2372 5146 per
2399 5089 2557 5145 quem
2581 5075 2696 5130 haec
2725 5074 2888 5130 tribui
2916 5075 3048 5131 scio.
3388 5095 3390 5098 ·

2189 5168 2353 5223 Vens.
2385 5167 2438 5222 9.
2467 5197 2537 5208 —
2579 5186 2597 5219 ‹
2631 5165 2895 5222 Mirabilia
2943 5165 3146 5237 absque
3187 5182 3435 5222 numero.
3488 5185 3507 5219 ι
3557 5165 3694 5234 Quia

2119 5258 2424 5314 divinorum
2448 5271 2671 5327 operum
2697 5258 3012 5327 magnitudo
3035 5299 3052 5326 ,
3080 5273 3185 5314 nec
3211 5273 3278 5313 ex
3305 5258 3567 5329 qualitate
3599 5271 3666 5311 va

2119 5350 2194 5406 let
2221 5351 2413 5407 discuti
2437 5364 2536 5405 nec
2563 5365 2629 5405 ex
2653 5351 2953 5421 quantitate
2977 5350 3274 5406 numerari.

2191 5441 2354 5499 Vens.
2399 5441 2580 5498 I0.—
2611 5462 2630 5494 ε
2661 5441 2763 5509 Qui
2811 5443 2905 5497 dat
2951 5441 3212 5512 pluviam.
3241 5459 3262 5494 ι
3316 5439 3520 5514 (Πρω.)
3565 5439 3692 5496 Ilico

2115 5536 2278 5592 verba
2325 5534 2549 5606 mystica
2598 5541 2756 5601 sunt,
2787 5533 2916 5604 quia
2944 5532 3104 5588 amici
3132 5531 3233 5588 Job
3261 5533 3526 5589 societate
3572 5532 3691 5602 ejus

2117 5627 2313 5684 eruditi
2356 5637 2531 5682 erant.
2578 5646 2596 5677 ι
2630 5627 2733 5682 Dat
2781 5624 3017 5696 pluviam
3061 5632 3258 5680 terrm:
3295 5643 3312 5676 ι
3365 5639 3490 5680 cum
3539 5621 3690 5677 arida

2119 5720 2400 5792 gentilium
2441 5719 2603 5773 corda
2631 5718 2802 5789 gratia
2831 5713 3230 5788 praedicationis
3259 5714 3510 5770 infundit.

2195 5797 2444 5886 «(Irrigat
2482 5822 2660 5869 autem
2687 5813 2843 5884 aquis
2869 5811 3142 5867 universa.
3179 5827 3201 5864 ι
3233 5807 3369 5866 Cum
3411 5806 3691 5866 hominem
