3982 6352
308 395 413 454 769

1361 388 1632 449 GLOSSA
1669 384 2067 449 ORDINARIA.
2104 421 2174 433 —
2203 344 2334 447 ue.
2371 389 2508 449 JOB.

3456 405 3561 465 770

309 512 502 587 spiritu
532 507 705 582 replet
741 510 809 567 ad
842 485 1299 566 fructiﬁca—ndum.
1330 506 1504 566 Homo
1530 508 1730 564 dicitur
1770 522 1887 562 om-
1914 508 1970 569 Α
1991 504 2253 577 Iniquitas
2267 520 2468 577 autem,
2495 527 2615 582 qua:
2642 513 2802 570 modo
2814 514 3003 572 dilatat
3029 532 3093 575 os
3116 534 3275 576 suum
3290 520 3348 578 in
3376 536 3567 584 contu-

311 608 421 673 nia,
454 605 582 676 quia
608 619 731 660 cum
761 604 1011 659 omnibus
1035 603 1200 659 habet
1231 602 1433 673 aliquid
1451 619 1758 659 commune.
1792 601 1888 659 Vel

311 699 588 763 universa,
626 693 680 749 id
709 702 817 760 est,
858 694 1051 750 divites
1080 702 1135 749 et
1161 709 1445 765 pauperes,
1489 703 1543 750 et
1570 709 1760 751 omnes
1790 694 1894 749 dif-

314 791 573 845 ferentias
610 786 896 843 hominum
922 826 939 855 ,
989 786 1116 858 quia
1144 788 1349 844 bonum
1376 802 1512 860 opus
1537 788 1780 860 sequitur
1805 804 1892 848 re-

312 881 556 937 tributio.

382 972 548 1028 Vens.
582 971 669 1026 11.
699 1000 771 1011 -
804 989 825 1024 ε
862 970 964 1039 Qui
1003 971 1153 1042 ponit
1202 970 1433 1028 humiles
1478 972 1535 1027 in
1583 971 1833 1030 sublime.
1864 989 1887 1025 ι

315 1062 529 1137 (GM-:6.)
562 1063 633 1120 Ut
656 1063 817 1120 modo
852 1063 1093 1135 despecti
1120 1064 1365 1136 judicent
1387 1081 1512 1123 cum
1534 1065 1781 1122 Domino.

391 1177 411 1209 ι
448 1157 759 1212 Haerentes.
799 1175 818 1208 ι
849 1155 987 1224 Quia
1034 1166 1239 1229 quanto
1274 1158 1449 1228 magis
1477 1173 1621 1213 nunc
1649 1158 1894 1215 adversis

319 1251 666 1319 tribulantur,
697 1259 753 1307 et
776 1266 835 1307 se
854 1267 951 1322 per
975 1252 1209 1308 lamenta
1231 1252 1528 1324 castigant,
1552 1259 1704 1308 tanto
1722 1253 1892 1309 subli-

317 1347 547 1403 miorem
571 1345 889 1417 sospitatem
912 1345 1192 1402 habebunt
1213 1345 1379 1401 etiam
1404 1345 1459 1401 in
1481 1346 1586 1401 hac
1606 1346 1735 1402 vita.
1766 1345 1894 1403 Haec

320 1438 385 1494 de
411 1437 600 1493 electis
622 1426 853 1507 possunt
894 1435 1143 1507 intelligi,
1173 1437 1265 1492 ubi
1310 1436 1541 1493 humiles
1582 1436 1690 1492 alta
1712 1444 1894 1493 mente

318 1508 503 1588 omnia
532 1528 850 1601 temporalia
876 1529 1283 1595 transcendunt,
1310 1537 1365 1584 et
1384 1526 1564 1585 aﬂlicti
1586 1536 1710 1585 sunt
1728 1528 1895 1585 erecti

320 1621 617 1693 sospitate,
656 1635 762 1675 non
793 1618 1033 1686 insania,
1068 1619 1247 1697 utqui
1290 1620 1543 1676 laetantur
1571 1637 1695 1678 cum
1729 1621 1895 1680 male-

319 1713 569 1771 fecerint.
599 1711 668 1769 Hi
695 1726 827 1768 vero
850 1712 917 1769 de
939 1711 1263 1769 certitudine
1287 1720 1505 1770 aeternae
1536 1713 1729 1770 salutis
1752 1713 1895 1772 hila-

321 1814 560 1863 rescunt.

1991 598 2209 653 meliam
2226 599 2446 668 Christi,
2469 601 2683 659 claudet
2712 620 2809 675 per
2833 608 3175 679 supplicium,
3192 612 3276 667 vel
3300 629 3565 675 conversa

1992 699 2168 746 cessat
2197 693 2265 747 ab
2296 691 2529 761 injuriis.
2575 694 2777 751 Eadem
2811 697 2877 753 de
2920 700 3103 768 pravis
3149 704 3495 773 generaliter.

2069 805 2087 839 (
2118 788 2194 843 De
2217 803 2383 845 manu
2426 789 2646 846 violenti
2687 806 2994 863 pauperem.
3026 812 3047 848 ι
3105 794 3165 851 Id
3206 805 3293 853 est
3339 801 3567 857 adversa

1990 888 2283 951 potestate,
2321 890 2383 938 ut
2409 899 2510 940 nec
2536 884 2918 943 blandimentis
2951 888 3263 945 suasionum
3286 892 3567 963 trahatur,

1993 986 2098 1028 nec
2143 973 2327 1031 dolore
2370 978 2755 1047 suppliciorum
2793 982 3091 1055 frangatur.
3130 985 3343 1058 Pauper
3387 995 3569 1047 autem

1993 1077 2104 1118 non
2140 1064 2389 1131 trahitur,
2418 1068 2560 1137 ‘quia
2599 1085 2721 1140 spes
2747 1069 2863 1141 ejus
2888 1072 2995 1130 ﬁxa
3041 1074 3098 1131 in
3138 1078 3355 1136 aeternis
3382 1088 3571 1138 contra

1995 1153 2117 1210 haec
2165 1155 2443 1212 solidatur.
2488 1158 2573 1216 Ad
2611 1161 2765 1232 cujus
2793 1162 2909 1234 spei
2936 1162 3172 1222 fructum
3199 1182 3325 1224 cum
3367 1183 3573 1241 pauper

1993 1249 2240 1314 venerit,
2291 1249 2465 1307 elatus
2492 1253 2860 1324 obmutescit,
2914 1267 2970 1314 et
3009 1261 3283 1319 contrahit
3318 1278 3418 1320 os:
3444 1264 3572 1336 quia

1996 1348 2265 1398 tormenta
2306 1343 2549 1417 linguam
2587 1346 2794 1419 ligant,
2841 1365 2963 1421 quae
3013 1351 3335 1424 loquebatur
3384 1366 3574 1415 contra

1989 1429 2167 1502 justos
2189 1433 2539 1492 detrahendo.
2580 1435 2687 1493 Sed
2721 1445 2781 1493 ut
2831 1438 3034 1498 electus
3057 1442 3321 1515 supplicia
3353 1448 3569 1516 evadat,

1995 1531 2052 1580 et
2072 1525 2140 1580 ad
2162 1526 2383 1596 praemia
2415 1528 2688 1601 pertingat
2704 1570 2720 1598 ,
2749 1530 2911 1588 debet
2936 1533 3027 1590 hic
3060 1534 3281 1609 ﬂagellis
3307 1539 3571 1612 purgari,

1996 1615 2141 1675 unde
2161 1617 2376 1673 subdit:

2068 1703 2235 1762 Vens.
2265 1707 2352 1762 17.
2382 1737 2454 1749 -
2485 1727 2505 1761 ι
2538 1708 2967 1782 Increpationem
2988 1730 3117 1789 ergo
3143 1718 3357 1776 Domini
3396 1735 3467 1777 ne
3493 1737 3579 1779 re-

2002 1811 2021 1845 (
2053 1793 2272 1865 probes.
2301 1816 2320 1849 ι
2351 1796 2539 1871 (Ibid.)
2580 1801 2854 1871 Reprobat
2875 1805 2968 1875 qui
3001 1820 3060 1861 se
3085 1806 3283 1877 injuste
3308 1810 3424 1881 pati
3448 1826 3578 1868 cou-

392 1898 556 1954 Vsns.
586 1896 672 1953 12.
700 1927 773 1939 -
801 1916 819 1951 ι
846 1896 948 1967 Qui
975 1898 1203 1972 dissipat
1238 1899 1608 1972 cogitationes.
1644 1919 1664 1954 ι
1695 1872 1894 1976 anei.)

2011 1890 2268 1960 queritur.
2294 1869 2526 1963 Eliphaz’
2560 1869 2689 1967 ergo
2729 1869 2926 1966 putans
2968 1898 3069 1955 Job
3117 1869 3217 1971 pro
3258 1869 3580 1974 purgatione

320 1988 459 2046 Cum
508 1982 725 2062 reprobi
765 1992 1005 2064 cogitent
1052 1993 1194 2048 mala
1224 2033 1241 2061 ,
1299 1993 1441 2050 Deus
1492 1994 1781 2065 aliquando
1828 2011 1897 2053 ne

320 2089 510 2136 contra
537 2082 708 2139 bonos
730 2081 1081 2152 praevaleant,
1112 2081 1257 2139 vires
1295 2083 1450 2148 tollit,
1483 2091 1545 2140 ut
1565 2083 1761 2140 eﬂ‘ectu
1804 2100 1897 2141 ca-

321 2181 476 2229 reant
494 2174 695 2245 operis,
725 2182 781 2231 et
812 2173 953 2245 apud
979 2174 1149 2231 Deum
1175 2175 1510 2231 conscientia
1537 2175 1617 2232 rei
1640 2176 1771 2232 sint.

393 2264 555 2321 Vens.
582 2265 756 2321 15.-
776 2284 795 2318 ι
828 2265 929 2334 Qui
954 2266 1311 2338 apprehendit
1331 2268 1622 2338 sapientes.
1655 2287 1674 2321 ι
1708 2266 1900 2340 (Ibid.)

322 2353 458 2421 Quia
488 2354 728 2411 consiliis
750 2355 848 2411 Dei
873 2356 1107 2411 humana
1131 2357 1275 2413 facta
1316 2358 1478 2413 etiam
1510 2367 1636 2414 tunc
1661 2371 1902 2431 congrue

320 2446 562 2502 serviunt
585 2462 710 2503 cum
736 2448 1020 2515 resistunt,
1058 2458 1119 2505 ut
1151 2450 1207 2505 in
1237 2450 1549 2508 venditione
1567 2451 1791 2523 Joseph,
1830 2467 1901 2510 ne

321 2538 683 2606 adoraretur;
738 2540 795 2594 in
835 2540 1097 2610 petitione
1132 2542 1518 2613 praeputiorum
1557 2558 1589 2598 a
1620 2540 1791 2612 ~Saul,
1840 2551 1902 2601 ut

320 2627 489 2687 David
515 2630 955 2704 exstingueretur
978 2649 992 2699 ;
1018 2633 1073 2688 in
1114 2642 1294 2691 morte
1320 2634 1568 2702 Domini,
1611 2651 1681 2692 ne
1710 2651 1900 2695 omnes

318 2719 604 2777 crederent
626 2721 683 2777 in
711 2737 855 2779 eum.
890 2724 1033 2780 Deus
1060 2723 1167 2781 alia
1199 2726 1447 2782 concedit
1467 2727 1766 2798 propitius,
1792 2729 1900 2786 alia

320 2810 588 2880 permittit
616 2812 827 2870 iratus:
850 2830 971 2886 quae
999 2823 1129 2873 tunc
1156 2816 1212 2872 in
1235 2831 1395 2873 usum
1434 2816 1516 2873 sui
1544 2817 1757 2875 consilii
1778 2834 1899 2875 ver-

321 2902 410 2969 tit,
444 2911 506 2960 ut
550 2921 671 2977 quae
716 2904 833 2976 ejus
876 2907 1102 2965 consilio
1150 2917 1466 2981 repugnant,
1504 2908 1622 2980 ejus
1671 2911 1899 2969 consilio

320 2991 592 3061 militent;
618 3003 675 3051 et
703 2997 847 3066 quod
890 2999 1009 3054 sine
1052 2996 1171 3067 ejus
1213 2999 1490 3058 voluntate
1516 3002 1742 3074 geritur,
1782 3002 1898 3072 ejus

320 3082 587 3141 voluntati
610 3087 945 3145 contrarium
971 3104 1082 3146 non
1105 3090 1217 3166 _sit,
1265 3092 1445 3148 unde:
1479 3111 1499 3145 ι
1533 3092 1726 3151 Omnia
1752 3109 1897 3166 quaa-

321 3189 537 3245 cunque
562 3175 747 3244 voluit,
770 3185 877 3234 etc.
908 3197 928 3232 ι
965 3176 979 3212 ο⁴
1071 3181 1075 3185 ’
1104 3163 1118 3176 ’

392 3264 558 3321 Vens.
587 3266 675 3321 14.
705 3297 777 3309 -
805 3286 825 3319 ι
856 3268 960 3325 Per
982 3268 1123 3326 diem
1159 3271 1453 3330 incurrent.
1485 3293 1506 3329 ι
1542 3273 1677 3341 Quia
1697 3275 1755 3331 in
1778 3276 1898 3349 ipsa

320 3353 569 3411 veritatis
589 3358 900 3426 praesentia,
928 3361 1170 3431 perﬁdiae
1196 3378 1381 3421 errore
1418 3366 1604 3421 caecati
1646 3375 1794 3435 sunt,
1819 3368 1901 3423 vi-

322 3443 517 3502 dentes
537 3447 797 3504 miracula
823 3447 1027 3507 Christi
1048 3462 1103 3509 et
1119 3453 1187 3510 de
1207 3453 1322 3525 ejus
1347 3456 1549 3514 deitate
1567 3457 1896 3516 dubitantes.

400 3558 421 3593 ι
456 3540 621 3609 Quasi
650 3543 705 3597 in
724 3553 932 3600 nocte.»
963 3544 1238 3618 Palpando
1265 3550 1559 3619 quaerimus
1579 3566 1700 3621 qua:
1727 3553 1901 3609 oculis

323 3645 433 3687 non
462 3632 705 3705 videmus
739 3653 753 3690 :
782 3634 950 3692 Judaei
1001 3639 1262 3696 miracula
1300 3641 1585 3709 viderant,
1616 3652 1672 3699 et
1722 3645 1901 3703 adhuc

323 3724 478 3794 quasi
506 3726 786 3798 palpantes
815 3731 1130 3799 quaerebant
1157 3746 1172 3786 :
1206 3752 1224 3784 ι
1262 3731 1320 3789 Si
1350 3741 1408 3789 tu
1435 3750 1496 3791 es
1520 3735 1785 3805 Christus,
1814 3739 1903 3796 dic

321 3814 481 3871 nobis
521 3816 701 3887 palam
746 3817 929 3890 (Joan.
961 3822 1039 3892 ι).
1078 3842 1099 3876 ι
1140 3822 1248 3879 Sed
1288 3824 1483 3883 horum
1513 3829 1763 3885 manibus
1807 3828 1901 3887 diu

322 3905 545 3962 retineri
573 3924 683 3965 non
712 3912 889 3983 potuit
914 3912 1184 3971 Christus.

399 4014 419 4049 ι
455 3995 560 4053 Per
587 3999 730 4055 diem
752 4000 1032 4059 incurrent
1069 4005 1338 4063 tenebras.
1374 4027 1394 4061 ι
1427 4006 1615 4081 (Ibid.)
1642 4009 1791 4068 Mens
1819 4013 1903 4069 in-

321 4086 432 4142 vidi
474 4104 596 4144 cum
627 4091 715 4157 de,
747 4092 890 4150 bono
940 4095 1114 4152 alieno
1167 4097 1443 4169 aﬂligitur,
1489 4099 1556 4155 de
1590 4100 1742 4158 radio
1772 4100 1903 4160 Solis

320 4182 662 4241 obscuratur.

399 4291 420 4327 ι
453 4275 522 4332 Et
550 4279 704 4347 quasi
734 4279 793 4335 in
839 4288 999 4337 nocte
1038 4282 1119 4339 sic
1160 4284 1456 4355 palpabunt
1495 4286 1550 4341 in
1596 4287 1842 4344 meridie.
1877 4307 1897 4342 ι

320 4366 453 4424 Dies
480 4370 607 4427 boni
635 4372 815 4443 Operis
842 4373 900 4429 in
946 4378 1196 4447 proximo
1228 4378 1471 4436 exterius
1508 4378 1654 4437 lucet
1683 4400 1698 4437 :
1748 4382 1905 4453 quasi

320 4460 378 4517 in
406 4471 564 4521 nocte
585 4465 835 4537 palpant,
876 4469 1025 4540 quia,
1054 4470 1225 4527 livore
1267 4473 1394 4529 caeci
1412 4514 1429 4541 ,
1472 4474 1653 4546 aliqua
1675 4490 1796 4547 qua:
1820 4493 1908 4535 re-

1998 1984 2246 2055 percuti,
2286 2000 2393 2041 non
2436 1988 2757 2057 probatione
2788 1989 3154 2060 fortitudinis,
3203 1995 3329 2065 quia
3372 1994 3473 2051 Job
3516 1996 3579 2053 li-

1999 2076 2129 2132 bere
2176 2076 2450 2148 loquitur,
2495 2094 2685 2136 causas
2716 2097 2826 2138 sute
2872 2084 3238 2153 percussionis
3290 2102 3536 2158 quaerens
3562 2127 3578 2155 ,

2000 2174 2155 2236 putat
2211 2181 2332 2222 eum
2387 2168 2811 2239 iucrepationem
2870 2172 3085 2230 Domini
3121 2176 3431 2248 reprobare.
3488 2177 3581 2234 Sic

2002 2255 2243 2312 haeretici
2272 2257 2417 2327 quod
2447 2267 2597 2316 recte
2643 2260 2711 2317 ab
2744 2260 2985 2318 Ecclesia
3026 2264 3223 2336 agitur,
3267 2266 3336 2322 ad
3379 2265 3582 2323 malum

2001 2356 2295 2402 CODVCI‘WD
2303 2356 2341 2403 ι.

2074 2434 2238 2493 Vnus.
2264 2438 2352 2495 18.
2374 2468 2448 2481 -
2471 2458 2489 2492 ι
2518 2439 2655 2508 Quia
2676 2441 2792 2513 ipse
2816 2442 3113 2500 vulnerata
3142 2445 3341 2519 (lnam)
3367 2448 3584 2505 Duobus

1998 2531 2177 2587 modis
2212 2532 2461 2590 vulnerat
2490 2534 2633 2591 Deus
2659 2549 2797 2605 quos
2823 2536 2892 2593 ad
2921 2536 3150 2595 salutem
3191 2540 3420 2597 reducit.
3464 2540 3580 2596 Ali-

2000 2626 2216 2695 quando
2254 2627 2492 2697 percutit
2528 2627 2586 2683 in
2621 2642 2849 2700 corpore
2882 2638 2943 2685 ut
2976 2638 3214 2687 mentem
3253 2641 3438 2700 sanet;
3486 2632 3586 2690 ali-

1999 2719 2217 2790 quando
2258 2720 2378 2777 sine
2424 2721 2787 2777 exterioribus
2831 2720 3056 2793 ﬂagellis
3084 2724 3282 2781 mentis
3326 2723 3583 2782 duritiam

1948 2854 1969 2871 .
1999 2825 2097 2867 suo
2126 2810 2395 2869 desiderio
2430 2812 2682 2893 percutit,
2712 2821 2766 2869 et
2791 2813 2869 2870 sic
2896 2829 3016 2871 eam
3040 2824 3217 2883 sanat,
3247 2831 3368 2888 quae
3394 2831 3585 2874 secura

2001 2902 2057 2957 in
2092 2902 2293 2959 mundo
2332 2912 2546 2961 mortua
2594 2905 2927 2976 quiescebat.
2984 2905 3111 2974 Sed,
3144 2907 3271 2964 dum
3321 2924 3474 2967 mens
3515 2909 3583 2965 ad

1999 2996 2171 3052 Deum
2215 2996 2434 3052 anhelat
2457 3004 2515 3053 et
2539 2997 2720 3053 omnia
2756 2996 3036 3054 saecularia
3074 2998 3343 3069 despicit,
3396 3000 3580 3057 omnia

1999 3100 2127 3143 mox
2165 3086 2215 3143 ei
2239 3095 2525 3144 vertuntur
2552 3088 2607 3143 in
2652 3088 3027 3157 tentationem,
3068 3098 3123 3146 et
3156 3105 3275 3147 eam
3301 3088 3580 3163 aﬂligunt;

2000 3177 2128 3244 sed,
2159 3179 2286 3233 dum
2329 3178 2643 3235 transitorio
2694 3178 2877 3261 labore
2914 3180 3200 3248 atteritur,
3242 3196 3274 3237 a
3317 3193 3583 3255 perpetuo

2002 3264 2285 3336 liberatur,
2311 3277 2367 3325 et
2386 3269 2509 3326 ideo
2530 3270 2715 3326 subdit
2746 3288 2760 3325 :

2074 3362 2237 3419 Vzns.
2264 3362 2353 3418 19.
2378 3393 2447 3404 -
2476 3381 2495 3415 ι
2530 3362 2588 3419 In
2619 3377 2715 3419 sex
2747 3363 3235 3420 tribulationibus.»
3269 3364 3457 3437 (Ibid.)
3480 3365 3579 3423 Se-

2001 3455 2177 3522 nario,
2211 3470 2373 3526 quem
2396 3456 2659 3527 septimus
2685 3455 2950 3525 sequitur,
2984 3456 3262 3527 praesentis
3289 3456 3414 3512 vitae
3455 3472 3583 3528 ope-

2001 3545 2143 3602 ratio
2184 3552 2242 3603 et
2276 3545 2553 3602 discursus
2602 3546 2843 3615 signatur
2887 3564 2899 3601 :
2951 3546 3095 3616 quia,
3127 3555 3281 3603 sexto
3310 3546 3398 3604 die
3439 3545 3583 3605 Deus

2003 3637 2190 3695 omnia
2225 3636 2535 3709 perticiens,
2567 3638 2845 3694 hominem
2895 3637 3172 3705 condidit,
3239 3646 3296 3696 et
3352 3638 3583 3711 septima

2002 3730 2240 3801 quievit,
2264 3731 2359 3801 qui
2386 3745 2494 3787 non
2515 3730 2678 3787 habet
2710 3744 3013 3801 vesperam,
3044 3730 3098 3787 id
3142 3741 3245 3798 est,
3284 3731 3487 3801 ﬁnem;
3527 3731 3585 3789 in

2003 3824 2237 3893 septima
2264 3837 2395 3894 ergo
2425 3822 2775 3878 tribulatione
2803 3821 3016 3890 liberat,
3048 3838 3117 3879 ne
3138 3823 3191 3878 in
3219 3824 3445 3894 septima
3469 3840 3584 3882 ma-

2002 3914 2115 3970 lum
2149 3916 2379 3987 attingat
2410 3933 2424 3969 :
2451 3914 2577 3985 quia
2606 3916 2697 3971 hic
2732 3924 2957 3985 paterne
2978 3916 3229 3975 erudiens
3253 3918 3457 3986 atterit,
3489 3917 3584 3975 sed

2003 4007 2060 4063 in
2098 4007 2185 4063 die
2210 4004 2398 4077 iudicii
2438 4021 2469 4062 a
2505 4008 2731 4063 verbere
2759 4007 3063 4063 abscondit.

2077 4097 2242 4154 Vens.
2274 4097 2364 4152 20.
2393 4128 2464 4138 --
2495 4115 2514 4150 ι
2544 4097 2603 4153 ln
2635 4097 2795 4155 fame.
2825 4117 2844 4150 ι
2887 4098 3077 4170 (Ιὸὶά.)
3109 4098 3401 4155 Enumerat
3444 4099 3583 4157 mala

2012 4193 2295 4264 praesentis
2339 4192 2466 4251 vita:
2508 4201 2564 4249 et
2604 4192 2871 4264 adjutoria
2905 4192 3021 4247 Dei.
3056 4191 3248 4247 Fames
3284 4192 3482 4247 mentis
3505 4201 3588 4249 est

2006 4284 2280 4341 silentium
2319 4283 2473 4340 verbi
2510 4283 2646 4341 Dei:
2674 4298 2782 4354 quo
2810 4283 3107 4350 subtracto,
3136 4282 3363 4338 tentatio
3401 4283 3583 4342 carnis

2008 4373 2311 4439 invalescit,
2335 4388 2457 4445 quae
2476 4381 2562 4430 est
2586 4373 2807 4429 bellum.
2841 4371 2947 4428 Sed
2977 4373 3119 4428 Deus
3153 4371 3320 4427 etiam
3348 4373 3403 4429 in
3443 4372 3587 4432 fame

2010 4479 2043 4521 a
2062 4473 2241 4522 morte
2261 4465 2497 4520 animam
2523 4463 2704 4534 eripit,
2733 4463 2859 4533 quia
2888 4462 3052 4519 verbo
3093 4477 3192 4519 suo
3232 4463 3427 4520 reﬁcit.
3464 4484 3482 4517 ι
3518 4464 3600 4523 Ειη

319 4553 680 4623 prehendam,
713 4557 957 4617 invenire
1005 4570 1277 4634 satagunt,
1300 4564 1442 4621 Ecce
1485 4566 1642 4632 Loth,
1692 4568 1747 4624 id
1797 4577 1901 4637 εει,
1926 4579 1984 4643 D
2011 4553 2075 4643 in
2091 4554 2252 4612 bello.
2278 4573 2296 4605 ι
2325 4553 2527 4610 Contra
2552 4553 2879 4609 tentationes
2902 4552 3083 4610 carnis
3099 4553 3269 4610 fortes
3304 4553 3453 4612 facit.
3480 4554 3587 4616 Sed

315 4643 497 4715 justus
545 4647 704 4706 malis
736 4650 1150 4710 adversantibus
1175 4654 1320 4711 intra
1356 4654 1577 4711 domum
1605 4658 1898 4716 recluditur

2011 4642 2133 4701 talis
2196 4644 2373 4701 factus
2408 4643 2698 4715 aliquando
2736 4643 3099 4702 detractiones
3159 4647 3394 4715 metuit,
3446 4647 3589 4706 unde

321 4743 380 4792 et
419 4737 678 4806 munitur,
720 4740 774 4795 id
825 4751 908 4797 est
946 4744 1014 4797 ad
1057 4753 1294 4801 mentem
1325 4746 1618 4802 revertitur
1644 4757 1700 4803 et
1721 4759 1904 4807 manet

322 4828 575 4896 interius,
604 4830 896 4890 Sodomitae
921 4835 1052 4891 caeci
1072 4836 1430 4907 circumeunt,
1455 4839 1509 4895 id
1536 4849 1640 4908 est,
1663 4842 1907 4899 inviden-

323 4929 408 4976 tes
429 4920 571 4978 facta
595 4923 846 4996 dictaque
868 4937 1203 4997 scrutantur,
1225 4945 1325 4987 nec
1344 4933 1561 4998 ostium,
1586 4933 1639 4996 id
1675 4941 1778 5003 est,
1811 4936 1908 4992 ad-

323 5012 463 5069 itum
498 5017 966 5088 reprchensionis,
1004 5019 1320 5087 inveniunt,
1370 5023 1464 5079 sed
1491 5023 1750 5094 parietem
1794 5024 1909 5098 pal-

319 5118 472 5182 pant,
506 5114 633 5184 quia
670 5116 870 5187 ubique
907 5115 1191 5174 laudabilis
1218 5118 1511 5189 actiojusti
1533 5121 1613 5179 eis
1630 5122 1834 5179 obviat.

324 5258 329 5261 _
400 5218 421 5253 (
447 5200 799 5273 Palpabunt.»
831 5204 937 5261 Sed
962 5199 1402 5279 pauper'spiritu,
1433 5210 1489 5266 id
1514 5219 1616 5279 est,
1649 5212 1742 5283 qui
1767 5213 1911 5284 apud

323 5306 386 5347 se
414 5308 521 5349 non
545 5302 629 5350 est
656 5295 830 5352 elatus
864 5313 878 5351 :
909 5296 1145 5352 salvatur
1166 5313 1198 5353 a
1226 5297 1405 5370 gladio
1428 5300 1559 5371 oris,
1587 5303 1640 5359 id
1671 5314 1771 5370 est,
1808 5302 1912 5359 ini-

324 5396 432 5454 qua
462 5388 833 5456 persuasione.

401 5477 566 5535 Vens.
598 5479 686 5535 15.
716 5509 786 5519 ——
813 5497 832 5530 ‹
863 5479 1032 5535 Porro
1065 5479 1272 5536 salvum
1299 5481 1461 5537 faciet
1482 5498 1709 5556 egenum
1736 5500 1767 5540 a
1789 5485 1904 5558 gla-

330 5568 421 5625 dio
444 5569 576 5625 oris.
616 5588 636 5622 ›
661 5569 885 5625 Gladius
908 5571 1020 5626 oris
1040 5578 1124 5627 est
1143 5574 1416 5629 accusatio
1435 5573 1763 5631 Judaeorum.
1789 5576 1903 5632 Ma-

330 5678 439 5720 nus
470 5664 736 5734 violenti,
789 5670 1062 5741 gentilitas
1113 5686 1233 5741 quae
1273 5671 1543 5728 cruciﬁxit
1589 5687 1605 5727 :
1658 5675 1752 5730 sed
1806 5675 1909 5732 hos

330 5755 581 5815 Christus
608 5759 934 5833 resurgendo
964 5762 1257 5832 superavit.
1280 5763 1340 5819 In
1366 5778 1474 5835 quo
1500 5779 1689 5836 egeno,
1719 5765 1774 5821 id
1802 5772 1907 5833 est,

334 5851 525 5913 humili
550 5855 746 5929 populo
774 5854 1012 5916 ﬁdelium
1032 5869 1159 5928 spes
1175 5856 1301 5915 vitae
1316 5856 1595 5928 sequentis
1620 5856 1903 5916 solidatur.

2007 4736 2161 4792 addit
2201 4753 2215 4791 :

2080 4827 2245 4884 Vsus.
2271 4827 2363 4882 2t.
2391 4857 2462 4868 —
2487 4843 2508 4879 ι
2543 4827 2590 4883 Δ
2628 4825 2838 4898 ﬂagello
2869 4826 3084 4900 linguae.
3116 4848 3137 4884 ι
3181 4829 3239 4887 ld
3263 4839 3369 4898 est,
3405 4829 3474 4886 ab
3498 4844 3590 4887 ex-

2008 4919 2362 4991 probratione
2403 4919 2741 4975 contumeliae
2772 4959 2789 4987 ,
2835 4930 3061 4992 propter
3102 4937 3265 4993 quam
3311 4922 3505 4978 irrisus
3556 4938 3588 4978 a

2011 5011 2156 5069 bono
2178 5017 2385 5077 cessat;
2412 5008 2557 5065 unde
2587 5009 2796 5066 David:
2831 5028 2850 5062 ι
2878 5010 2947 5067 Ει
2968 5027 2999 5067 a
3020 5013 3188 5069 verbo
3218 5026 3431 5083 aspero.
3462 5030 3481 5065 ι
3506 5011 3590 5068 Ab

2010 5104 2116 5160 hac
2143 5109 2362 5160 sanctus
2385 5100 2757 5171 absconditur,
2779 5102 2927 5174 quia,
2960 5102 3087 5160 dum
3106 5103 3195 5158 hic
3224 5102 3436 5159 laudem
3479 5116 3589 5158 non

2013 5198 2226 5271 quaerit,
2256 5211 2360 5253 nec
2391 5196 2749 5254 contumelias
2794 5198 2992 5264 sentit;
3035 5197 3151 5264 sed,
3166 5196 3292 5267 quia
3329 5205 3451 5269 post
3474 5195 3591 5253 haec

2015 5294 2208 5365 aliquis
2245 5291 2519 5349 cruciatus
2559 5305 2848 5361 corporum
2875 5286 3064 5356 timet,
3110 5289 3353 5359 sequitur
3395 5305 3409 5343 :
3458 5307 3476 5339 ι
3524 5288 3590 5343 Et

2020 5406 2039 5439 ι
2075 5401 2184 5443 non
2216 5385 2431 5441 timebis
2457 5384 2843 5439 calamitatem.
2876 5402 2896 5435 ι
2930 5381 2988 5436 ld
3008 5389 3110 5447 est,
3149 5381 3539 5452 persecutionis
3572 5398 3584 5435 :

2012 5479 2127 5545 sed,
2157 5477 2285 5548 quia
2315 5476 2438 5532 talis
2475 5475 2533 5530 in
2580 5458 3008 5544 terrore'judicii
3048 5472 3216 5529 futuri
3244 5472 3589 5544 securitatem

2013 5572 2115 5628 sibi
2145 5578 2323 5642 parat,
2356 5567 2538 5625 subdit
2560 5585 2574 5623 :

2085 5663 2248 5718 Vens.
2284 5660 2374 5716 22.
2402 5689 2472 5701 --
2516 5676 2534 5710 ι
2563 5658 2622 5713 ln
2649 5657 2901 5712 vastitate
2926 5665 2981 5712 et
3009 5657 3170 5712 fame.
3208 5676 3226 5708 ι
3256 5654 3589 5710 Vastilases

2012 5756 2258 5830 gehenna
2285 5768 2411 5825 quae
2444 5750 2600 5817 foris,
2645 5756 2774 5813 etc.,
2829 5765 2990 5820 usque
3037 5748 3107 5803 ad
3154 5756 3214 5801 ut
3253 5747 3307 5800 in
3357 5745 3587 5801 articulo

2014 5849 2208 5912 mortis
2252 5846 2372 5919 ejus
2419 5846 2651 5917 impetus
2696 5857 2804 5902 non
2851 5843 3093 5911 horreat,
3145 5839 3428 5900 subditur:
3469 5855 3488 5892 ι
3521 5838 3593 5899 Et
