3982 6352
463 417 567 474 771

460 531 664 589 bestias
693 537 872 586 terrae.
910 549 930 583 ι
960 529 1090 598 Quae
1139 538 1381 601 tempore
1424 528 1620 583 mortis
1666 527 1732 582 ad
1767 526 2054 597 rapiendas

461 624 674 680 animas
703 621 1055 686 eﬂ'nenantur,
1107 622 1201 676 sed
1255 621 1541 675 saevientes
1582 633 1688 673 non
1725 619 1896 684 timet,
1954 620 2048 690 qui

462 714 804 772 blandientes
842 722 1064 768 secutus
1095 729 1200 768 non
1232 721 1316 766 est
1351 731 1362 766 :
1398 721 1452 766 et
1491 711 1702 765 initium
1737 711 2049 766 retributio-

462 808 549 864 nis
577 815 680 870 est,
713 806 768 860 in
789 805 941 861 obitu
971 805 1238 860 securitas
1263 804 1480 858 mentis.
1527 802 1662 858 Cum
1693 811 1873 858 autem
1911 803 2049 858 bene

462 905 686 969 vivitur,
715 902 1017 958 cavendum
1062 911 1145 957 est
1185 916 1252 956 ne
1293 901 1415 970 quis
1441 898 1708 970 despectis
1741 899 1952 954 caeteris
1982 898 2049 954 de

465 996 840 1068 singularitate
867 995 1148 1064 glorietur,
1181 993 1276 1049 sed
1303 992 1501 1048 sociale
1521 993 1722 1048 bonum
1763 991 2046 1062 recogitet,

463 1089 604 1144 unde
621 1089 777 1144 addit
814 1105 828 1142 :

537 1181 700 1237 Vens.
727 1181 816 1238 25.
847 1212 919 1222 -
949 1200 969 1233 ‹
1007 1179 1116 1236 Sed
1162 1195 1285 1236 cum
1317 1178 1582 1250 lapidibus
1632 1178 1913 1249 regionum
1960 1191 2051 1246 pa-

468 1291 491 1328 σ
523 1282 692 1330 ctum.
729 1294 746 1326 ι
780 1273 944 1342 Quasi
977 1273 1163 1328 divisae
1201 1282 1328 1328 sunt
1374 1271 1623 1342 regiones
1666 1269 1926 1340 gentium,
1955 1280 2045 1321 ec-

462 1357 644 1424 clesia:
691 1367 931 1421 moribus
970 1373 1024 1420 et
1057 1365 1272 1436 linguas
1308 1364 1608 1427 distantes;
1637 1361 1839 1432 lapides
1869 1358 2045 1430 electi,

461 1460 555 1530 qui
585 1459 639 1512 in
665 1457 891 1512 aedilicio
921 1467 1216 1528 ponuntur.
1261 1455 1361 1522 Qui
1389 1469 1521 1525 ergo
1561 1459 1707 1507 recte
1733 1450 1866 1504 vivit
1891 1457 2048 1518 pacto

463 1566 524 1608 se
561 1549 830 1621 lapidibus
863 1550 1043 1621 jungit
1072 1567 1083 1602 :
1111 1549 1236 1618 quia
1268 1549 1320 1602 in
1365 1561 1429 1602 eo
1471 1545 1613 1616 quod
1651 1543 1909 1598 mundum
1949 1540 2046 1594 de-

465 1642 619 1707 serit,
645 1641 852 1697 sanctis
885 1656 980 1709 per
1010 1640 1365 1694 imitationem
1401 1653 1460 1690 se
1501 1635 1720 1705 alligat;
1757 1631 1895 1685 unde
1943 1630 2046 1682 im-

463 1732 724 1804 pngnatio
746 1731 961 1796 crescit,
1001 1745 1108 1801 qua
1142 1737 1322 1784 tamen
1370 1727 1586 1782 attritus
1635 1723 1892 1779 humilius
1939 1722 2048 1776 Deo

451 1823 739 1889 subditur,
765 1822 908 1878 unde
947 1820 1165 1890 subiicit
1204 1838 1217 1875 :
1264 1838 1284 1872 ι
1325 1820 1392 1874 Et
1441 1818 1626 1873 bestia:
1671 1825 1846 1871 teme.
1878 1834 1896 1866 ι
1929 1811 2044 1867 Non

463 1919 667 1984 pacata:
700 1915 795 1969 sed
829 1911 1092 1984 paciﬁcae,
1119 1911 1244 1981 quia
1293 1926 1396 1964 non
1451 1923 1641 1979 pacem
1683 1907 1920 1972 habent,
1957 1905 2052 1960 sed

463 2021 654 2078 pacem
681 2005 914 2073 faciunt;
951 2006 1076 2076 quia
1107 2021 1231 2061 cum
1265 2005 1446 2059 acrius
1469 2003 1628 2058 homo
1656 2017 1685 2055 a
1711 1999 1922 2054 diabolo
1952 1999 2051 2053 im-

465 2109 752 2172 pugnatur,
791 2100 1022 2170 amplius
1068 2100 1135 2154 ad
1186 2113 1426 2153 amorem
1485 2095 1798 2166 impellitur,
1829 2103 1882 2149 et
1929 2110 2050 2149 cum

463 2205 529 2247 eo
574 2191 846 2246 robustior
901 2207 1006 2262 pax
1053 2188 1301 2245 eilicitur.
1343 2188 1441 2244 Vel
1491 2187 1679 2242 bestiae
1720 2196 1845 2241 sunt
1873 2197 2052 2240 motus

463 2284 645 2340 carnis
673 2325 687 2350 ,
719 2299 840 2353 quae
878 2284 1213 2338 continentia
1259 2282 1412 2351 quasi
1461 2295 1624 2336 cavea
1659 2295 1858 2350 pressae
1885 2320 1900 2344 ,
1949 2280 2050 2333 etsi

463 2375 722 2431 tentando
752 2375 992 2445 rugiunt,
1027 2391 1132 2429 non
1172 2383 1353 2429 tamen
1386 2374 1450 2427 ad
1483 2372 1735 2428 eil‘ectum
1783 2372 1936 2442 quasi
1985 2372 2049 2424 ad

461 2468 672 2524 rabiem
699 2483 914 2522 morsus
943 2467 1229 2531 excedunt,
1260 2466 1313 2520 in
1363 2481 1471 2535 quo
1517 2473 1642 2520 sunt
1670 2463 1928 2534 paciﬁcte.
1957 2463 2052 2518 Vel

463 2559 590 2630 quia
609 2559 957 2631 perturbant,
991 2559 1222 2627 amplius
1259 2556 1411 2622 illud,
1467 2557 1556 2610 ubi
1599 2555 1744 2610 nulla
1777 2555 2051 2610 contradi-

465 2653 644 2708 ctione
673 2652 894 2714 vivitur,
925 2651 1165 2722 diligitur
1196 2667 1208 2703 :
1238 2660 1294 2705 et
1334 2649 1412 2704 sic
1449 2649 1517 2703 ad
1561 2663 1800 2704 amorem
1848 2647 2050 2702 intimze

463 2741 665 2812 quietis
691 2740 992 2811 impellunt.

533 2830 698 2886 Vens.
727 2829 819 2884 24.
853 2858 920 2868 --
953 2846 972 2879 ι
1001 2825 1069 2883 Ει
1091 2826 1230 2882 εεὶεε
1246 2825 1388 2896 quod
1413 2840 1622 2896 pacem.
1659 2845 1677 2877 ι
1699 2824 2047 2896 (Gnec.)Pax

459 2925 550 2982 vel
582 2925 855 2990 inchoata,
880 2940 999 2995 qua:
1025 2924 1116 2978 hic
1143 2931 1226 2978 est
1248 2933 1508 2994 concepta
1533 2937 1597 2978 ex
1629 2922 1896 2978 desiderio
1919 2923 2044 2988 Dei;

457 3017 548 3074 vel
573 3017 753 3088 plena,
781 3033 900 3087 qure
939 3016 993 3071 in
1047 3015 1228 3071 futuro
1249 3031 1314 3070 ex
1359 3015 1566 3070 visione
1603 3015 1722 3069 Dei.
1753 3015 1887 3071 Cum
1918 3031 2048 3088 ergo

461 3123 618 3164 mens
644 3108 754 3164 Deo
783 3107 869 3163 vel
897 3119 1024 3161 caro
1045 3105 1212 3160 menti
1245 3105 1564 3176 subiugatur
1593 3145 1606 3170 ,
1637 3103 2044 3160 tabernaculum

455 3195 614 3269 justi,
649 3197 705 3253 id
750 3206 853 3262 est,
881 3211 1077 3266 corpus
1128 3195 1272 3266 quod
1317 3209 1470 3250 mens
1518 3193 1804 3277 inhabitat,
1853 3209 2041 3264 pacem

460 3293 622 3350 habet
669 3291 904 3347 motibus
929 3289 1316 3346 desideriorum
1361 3288 1461 3343 sub
1479 3286 1691 3358 justitia
1730 3286 2037 3342 refrenatis.

455 3383 569 3441 Sed
598 3383 731 3440 nihil
753 3392 839 3439 est
861 3384 978 3438 haec
1007 3382 1230 3438 castitas
1261 3381 1463 3446 carnis,
1486 3380 1531 3435 si
1555 3395 1660 3436 non
1685 3381 1826 3435 adsit
1845 3381 2042 3437 mentis

460 3474 701 3530 suavitas
725 3473 780 3528 in
811 3487 995 3528 amore
1031 3471 1284 3544 proximi.

537 3581 557 3616 ‹
589 3563 657 3618 Et
682 3563 908 3618 visitans
929 3562 1164 3632 speciem
1195 3569 1342 3615 tuam
1368 3575 1477 3616 non
1507 3559 1776 3630 peccabis.
1805 3579 1822 3610 ι
1852 3559 2041 3633 (Ibid.)

455 3651 685 3728 Species
709 3662 896 3710 nostra
927 3661 1008 3708 est
1031 3653 1332 3723 proximus,
1365 3659 1493 3715 etc.,
1517 3667 1678 3722 usque
1707 3651 1776 3704 ad
1803 3651 1929 3720 quia
1976 3665 2042 3706 ex

457 3745 667 3802 semine
687 3742 817 3799 boni
846 3742 1027 3812 operis
1057 3743 1252 3798 uberes
1277 3741 1484 3796 fructus
1503 3740 1904 3809 praedicationis
1931 3740 2042 3795 col-

458 3833 612 3906 ligit;
639 3833 780 3889 unde
803 3833 1050 3889 subditur
1079 3851 1094 3886 :

531 3924 698 3980 Vens.
742 3923 835 3977 25.
870 3954 939 3964 -
981 3940 1001 3974 ι
1033 3922 1184 3978 Scies
1224 3937 1439 3993 quoque
1480 3923 1733 3992 quoniam
1763 3921 2040 3993 multiplex

467 4033 486 4066 ι
522 4014 628 4070 erit
656 4029 839 4069 semen
873 4021 1042 4067 tuum.
1075 4031 1094 4064 ι
1129 4011 1224 4066 llle
1243 4012 1386 4067 enim
1408 4012 1544 4067 bene
1567 3997 1820 4081 loquendi
1851 4011 2039 4067 facun-

459 4106 606 4164 diam
641 4106 854 4176 accipit,
889 4105 983 4176 qui
1007 4107 1146 4160 bene
1167 4105 1322 4171 vivit,
1345 4119 1446 4159 nec
1467 4104 1796 4160 conscientia
1820 4105 2042 4174 loquen-

457 4206 569 4254 tem
615 4197 894 4269 przepedit.
947 4194 1085 4250 Hinc
1130 4203 1214 4249 est
1246 4197 1390 4264 quod
1421 4193 1656 4266 Egyptii
1702 4194 1841 4250 servi
1871 4193 2040 4261 facti,

459 4289 732 4346 frumenta
761 4290 829 4344 ad
858 4301 1042 4345 semen
1075 4287 1401 4360 percipiunt,
1453 4289 1543 4358 qui
1593 4298 1718 4343 ante
1759 4287 1918 4344 liberi
1971 4289 2041 4344 ad

459 4395 615 4436 esum
644 4388 968 4452 acceperant
995 4396 1008 4433 :
1039 4379 1166 4449 quia
1204 4393 1324 4434 cum
1362 4378 1519 4448 plene
1571 4377 1682 4434 Deo
1735 4378 2036 4445 subdimur,

457 4475 628 4530 verbo
683 4473 1082 4545 praedicationis
1130 4471 1422 4543 replemur.
1473 4471 1612 4528 Ante
1665 4472 1820 4528 liberi
1881 4487 2039 4528 sacro

459 4565 676 4634 eloquio
714 4564 887 4635 pasti;
913 4572 967 4619 et
1010 4573 1189 4619 tamen
1222 4564 1288 4618 ad
1317 4563 1564 4632 quzedam
1594 4578 1714 4633 qua:
1743 4563 1797 4618 in
1839 4561 2040 4619 mundo

459 4658 696 4729 petimus
736 4666 1014 4711 vacantes.
1065 4657 1142 4711 Ex
1179 4657 1585 4727 praedicatione,
1617 4674 1811 4729 magna
1862 4659 2040 4728 proles

460 4747 698 4804 ﬁdelium
738 4749 999 4817 sequitur.
1033 4748 1100 4802 Et
1126 4749 1228 4803 hoc
1255 4757 1336 4803 est
1376 4767 1388 4802 :
1424 4766 1442 4799 ‹
1477 4749 1545 4804 Εῑ
1583 4749 1867 4821 progenies
1911 4759 2037 4817 tua,

459 4840 616 4912 quasi
667 4839 834 4894 herba
886 4847 1062 4894 terrae.
1117 4857 1137 4891 ι
1189 4839 1244 4893 ld
1287 4847 1405 4903 est,
1455 4825 2037 4894 innuinerabilis.'Vel

457 4931 642 4989 herbae
669 4939 1036 5002 comparatur,
1059 4931 1206 5002 quia,
1231 4939 1469 4987 arentem
1493 4932 1676 4986 mundi
1705 4930 1930 5001 gloriam
1946 4931 2038 4985 de-

457 5039 669 5092 serens,
694 5041 789 5097 spe
813 5025 1023 5080 interna
1045 5025 1284 5081 virescit.
1318 5023 1470 5078 Justo
1499 5031 1676 5077 autem
1709 5037 1814 5077 non
1842 5021 2037 5078 suliieit

459 5117 576 5172 haec
593 5132 789 5188 magna
802 5117 1042 5172 exterius
1064 5131 1242 5189 agere,
1269 5115 1370 5170 nisi
1397 5115 1557 5170 etiam
1587 5130 1684 5185 per
1703 5114 2036 5185 contempla-

461 5208 664 5263 tionem
691 5209 746 5264 in
772 5218 974 5264 aeterna
997 5216 1281 5279 penetret;
1305 5206 1446 5261 unde
1465 5207 1713 5262 subditur
1740 5225 1753 5261 :

535 5302 698 5358 Vens.
738 5302 830 5357 26.
857 5333 928 5343 —
966 5321 985 5353 ι
1015 5299 1337 5373 lngredieris
1385 5299 1438 5353 in
1488 5299 1818 5356 abundantia
1855 5301 2038 5371 sepul-

468 5413 487 5446 ι
521 5409 694 5450 crum.
741 5392 932 5466 (Ιὺὶἀ.)
976 5392 1295 5463 Sepulcrum
1324 5399 1407 5446 est
1440 5393 1820 5462 contemplatio
1848 5434 1861 5456 ,
1909 5401 2036 5458 etc.,

461 5502 625 5556 usque
645 5487 716 5539 ad
734 5486 875 5558 quod
897 5485 1117 5540 utilitati
1134 5485 1501 5555 proximorum
1517 5484 1824 5538 refundant.
1847 5502 1864 5534 ι
1887 5485 2040 5538 Sicut

466 5574 695 5631 infertur
758 5591 982 5631 acervus
1023 5576 1208 5630 tritici.
1268 5594 1285 5626 ι
1343 5575 1482 5643 Quia
1547 5582 1758 5644 tempus
1812 5576 2038 5631 actionis

461 5669 698 5740 primum
727 5679 832 5734 est,
871 5675 1170 5724 extremum
1214 5667 1698 5738 contemplationis.
1722 5668 1786 5722 Et
1819 5685 2039 5725 necesse

465 5773 551 5818 est
581 5773 640 5818 ut
666 5764 940 5834 perfectus
969 5774 1203 5820 mentem
1241 5766 1390 5836 prius
1421 5765 1707 5818 virtutibus
1750 5774 2000 5819 exerceat
2021 5805 2036 5831 ,

464 5862 524 5912 et
546 5867 666 5912 eam
687 5866 879 5929 postea
926 5859 980 5914 in
1015 5859 1269 5914 horreum
1319 5857 1513 5928 quietis
1557 5857 1770 5912 condat.
1807 5858 1899 5912 Vel
1949 5874 2034 5913 se-

955 406 1354 474 WALAFRIDI
1392 412 1642 470 STRABI
1679 410 1882 466 FULD.
1927 405 2090 462 MON.
2133 403 2283 461 OPP.
2326 403 2506 461 PARS
2545 405 2589 461 l.
2629 439 2699 450 —
2740 409 3198 470 THEOLOGICA.

3640 413 3766 471 772

2078 529 2128 591 Α
2153 525 2400 597 pulcrum
2427 537 2511 584 est
2539 529 2692 599 quies
2720 538 2943 597 aeterna,
2971 530 3028 586 in
3050 546 3154 600 qua
3177 537 3328 585 tanto
3374 532 3561 587 verius
3593 533 3768 603 quie-

2153 623 2341 687 scitur,
2373 632 2576 693 quanto
2601 621 2896 692 perfectius
2941 624 3053 676 vita
3094 622 3464 693 corruptionis
3493 635 3761 679 necatur.

2148 711 2302 769 Hanc
2344 715 2398 768 in
2436 715 2761 768 abundantia
2795 714 3126 785 ingreditur,
3170 713 3262 782 qui
3314 723 3436 784 post
3483 725 3764 786 congesta

2151 807 2314 878 hujus
2343 808 2465 862 vitae
2492 823 2678 878 opera,
2713 808 2840 862 huic
2877 806 3227 862 mutabilitati
3259 804 3414 876 plene
3451 816 3715 863 mortuus
3739 848 3758 872 ,

2151 900 2207 956 in
2240 909 2452 956 secreto
2486 902 2602 956 veri
2634 901 2855 956 luminis
2903 900 3224 965 occultatur,
3276 900 3418 955 sicut
3454 900 3708 956 triticum
3740 921 3757 957 :

2151 993 2277 1062 quia
2302 993 2434 1062 justi
2468 994 2520 1047 in
2573 993 2750 1048 alieno
2791 1002 3028 1063 tempore
3063 991 3441 1062 percussiones
3480 993 3756 1060 sentiunt,

2151 1086 2246 1142 sed
2273 1086 2325 1139 in
2354 1101 2471 1152 suo,
2504 1095 2563 1140 ut
2591 1103 2780 1158 grana,
2808 1088 2860 1140 in
2893 1088 3150 1142 horreum
3176 1086 3404 1140 intrant.

2224 1175 2386 1232 Vens.
2421 1177 2510 1232 27.
2549 1209 2617 1218 -
2651 1197 2670 1229 ι
2704 1178 3180 1249 Investigavimus.
3215 1196 3234 1229 ι
3263 1176 3321 1231 In
3345 1177 3451 1233 hoc
3479 1186 3636 1233 notat
3663 1194 3756 1246 se,

2149 1283 2256 1323 non
2282 1271 2573 1326 secundum
2599 1269 2939 1342 superﬁciem
2965 1269 3170 1324 dixisse
3202 1283 3363 1338 supra
3403 1269 3753 1339 sepulcrum,

2149 1359 2376 1426 bestias,
2411 1361 2634 1431 lapides,
2671 1360 3098 1425 tabernaculum,
3124 1371 3179 1414 et
3211 1360 3539 1431 huiusmodi,
3562 1362 3662 1416 sed
3691 1362 3758 1416 in

2149 1452 2238 1507 his
2270 1454 2527 1508 interiora
2578 1456 2856 1525 quaesisse.
2895 1475 2913 1506 ι
2953 1455 3105 1521 Quod
3139 1455 3382 1510 auditum
3412 1465 3596 1510 mente
3619 1471 3756 1527 per—-

2153 1551 2344 1597 tracta.
2388 1564 2404 1594 ι
2448 1545 2620 1600 Verba
2663 1545 2971 1616 jactantize;
3029 1554 3083 1601 et
3137 1547 3182 1601 si
3223 1545 3361 1601 bene
3395 1547 3602 1612 docuit,
3650 1546 3758 1600 im-

2157 1636 2354 1706 peritia
2404 1645 2486 1691 est
2517 1637 2651 1693 velle
2681 1640 2878 1694 docere
2905 1639 3180 1694 meliorem
3214 1657 3228 1692 :
3257 1637 3402 1696 unde
3429 1640 3574 1695 dicta
3611 1640 3758 1695 ami-

2151 1741 2338 1781 corum
2371 1727 2472 1783 etsi
2514 1739 2681 1796 recta,
2711 1746 2818 1785 non
2851 1739 2999 1784 recte
3031 1731 3173 1785 dicta
3201 1739 3527 1799 arguuntur.

2776 1818 3007 1876 CAPUT
3040 1820 3124 1874 Vl.

2077 1893 2128 1955 Β
2225 1909 2392 1966 Vens.
2431 1910 2488 1965 2.
2534 1940 2604 1949 —
2649 1928 2668 1960 ι
2699 1908 2920 1966 Utinam
2969 1911 3429 1981 appenderentur.
3468 1931 3489 1965 ι
3545 1910 3758 1970 Tactus

2149 1999 2378 2072 ﬂagellis
2408 1999 2592 2056 verbis
2617 1999 2926 2065 lacessitur,
2959 2016 3067 2055 non
3095 2009 3154 2054 ut
3185 2015 3294 2055 non
3323 2011 3540 2057 erectus
3570 2003 3626 2058 in
3659 2004 3758 2060 de-

2153 2091 2454 2147 fensionem
2493 2100 2784 2147 contumax
2812 2095 3033 2148 caderet
3071 2110 3083 2146 :
3118 2093 3212 2149 sed
3249 2102 3309 2147 ut
3340 2107 3640 2163 percussus
3674 2106 3759 2150 ta-

2153 2198 2280 2239 cens
2310 2185 2513 2254 gratias
2537 2184 2667 2255 egit,
2699 2184 2983 2240 lacessitus
3029 2195 3182 2240 recta
3227 2188 3544 2257 respondit:
3584 2207 3603 2241 ι
3641 2190 3756 2244 uti-

2153 2293 2276 2332 nam
2307 2279 2744 2349 appenderentur
2775 2287 3022 2350 peccata.
3064 2299 3080 2330 ι

2229 2392 2248 2423 ε
2287 2370 2520 2426 Statera.
2557 2392 2574 2425 ι
2606 2372 2794 2444 (Ιὺὶά.)
2840 2372 2897 2427 ln
2941 2388 3102 2426 manu
3137 2373 3308 2444 patris
3356 2371 3608 2429 Christus
3652 2375 3758 2430 ha-

2149 2467 2286 2522 bens
2312 2465 2522 2520 lancem
2554 2465 2942 2521 misericordize
2971 2474 3026 2520 et
3057 2466 3306 2538 justitize,
3339 2477 3622 2538 peccatum
3649 2483 3756 2539 per

2151 2557 2579 2611 misericordiam
2619 2557 2808 2612 laxans
2833 2599 2846 2623 ,
2879 2557 2996 2612 leve
3023 2571 3172 2624 esse;
3222 2558 3590 2614 calamitatem
3621 2575 3752 2616 mo-
3813 2597 3824 2604 -

2151 2647 2340 2702 riendo
2384 2648 2563 2718 gravis
2596 2663 2715 2703 esse
2764 2648 3021 2717 ponderis
3066 2650 3322 2704 ostendit.
3379 2649 3475 2706 Cui
3527 2661 3584 2706 et
3641 2652 3753 2708 hoc

2151 2738 2339 2807 gratiae
2368 2738 2480 2804 dat,
2506 2747 2565 2791 ut
2588 2739 2702 2808 ipsa
2731 2739 3111 2811 cognoscibilis
3136 2741 3207 2795 sit
3227 2741 3531 2796 calamitas.
3552 2741 3752 2798 Cmcus

2151 2829 2293 2884 enim
2317 2831 2482 2884 homo
2507 2830 2558 2884 in
2583 2831 2797 2896 exsilio,
2825 2832 2978 2901 quasi
3002 2831 3055 2886 in
3081 2833 3282 2902 patria,
3311 2825 3580 2904 gaudebat
3604 2851 3616 2887 :
3645 2835 3749 2888 sed

2150 2919 2294 2976 Deus
2321 2931 2472 2976 extra
2501 2937 2767 2996 apparens
2795 2923 3068 2979 hominem
3096 2925 3240 2980 intus
3266 2933 3507 2989 revocat,
3530 2933 3590 2978 ut
3622 2926 3750 2980 viso

2131 3014 2294 3084 'quod
2324 3014 2522 3079 amisit,
2553 3030 2716 3086 grave
2743 3014 2922 3070 doleat
2949 3016 3093 3085 quod
3128 3014 3353 3082 tolerat;
3393 3015 3522 3071 dicit
3566 3030 3744 3087 ergo:

2227 3124 2243 3155 ι
2285 3103 2502 3158 Utinam
2551 3105 3003 3174 appenderentur.
3051 3124 3070 3158 ›
3121 3104 3177 3161 ld
3230 3113 3337 3173 est,
3377 3103 3577 3160 malum
3635 3121 3745 3160 no-

2150 3204 2298 3261 strze,
2331 3205 2463 3262 etc.,
2509 3213 2669 3264 usque
2697 3197 2766 3250 ad
2794 3213 3030 3267 pensans
3053 3197 3260 3268 judicia
3306 3197 3401 3253 Dei
3433 3197 3630 3268 quibus
3655 3194 3748 3250 af-

2059 3259 2116 3327 Ὀ
2145 3288 2366 3362 ﬂigitur,
2398 3300 2452 3346 et
2486 3291 2588 3346 hoc
2615 3302 2695 3347 est
2725 3310 2737 3346 :

2219 3383 2382 3436 Vens.
2413 3381 2465 3435 '5.
2500 3399 2638 3433 —-¢
2685 3381 2838 3438 Unde
2882 3390 2936 3437 et
2990 3382 3152 3437 verba
3200 3399 3320 3438 mea
3375 3383 3560 3439 dolore
3610 3393 3746 3440 sunt

2151 3489 2169 3524 ε
2199 3472 2380 3542 plena,
2427 3473 2553 3543 quia
2615 3473 2827 3544 sagittae
2873 3475 3107 3529 Domini.
3152 3493 3171 3528 ι
3219 3475 3276 3531 Id
3317 3485 3424 3543 est,
3454 3478 3748 3548 percussio

2145 3565 2630 3621 animadversionis
2668 3565 2806 3634 Dei,
2839 3584 2960 3639 quas
2990 3583 3095 3624 non
3130 3585 3237 3638 me,
3264 3579 3324 3625 ut
3371 3569 3596 3634 multos,
3648 3569 3744 3625 in-

2143 3657 2494 3712 emundatum
2523 3657 2762 3712 dimittit.

2217 3751 2380 3805 Vens.
2423 3750 2476 3803 4.
2516 3781 2582 3789 -
2617 3769 2635 3801 ε
2677 3749 2859 3805 Ebibit
2899 3750 3168 3821 spiritum.
3211 3771 3228 3804 ι
3274 3751 3494 3824 (Gnec.)
3520 3751 3579 3808 ld
3627 3760 3738 3819 est,

2143 3838 2434 3896 elationem
2484 3843 2820 3910 compescit,
2854 3853 2913 3896 ut
2943 3842 3126 3897 dicat:
3173 3862 3191 3894 ι
3246 3843 3454 3899 Deiecit
3511 3833 3741 3913 spiritus

2142 3945 2296 3986 meus
2326 3930 2498 4003 (Paul.
2531 3932 2736 4003 Lxxvi).
2778 3953 2796 3985 ι
2832 3933 2899 3988 Ει
2929 3935 3248 3989 nonsolum
3280 3951 3438 4006 gemo
3462 3936 3607 4006 quod
3635 3951 3738 4006 pa-

2144 4024 2268 4091 tior,
2304 4026 2396 4079 sed
2423 4025 2585 4080 timeo
2609 4026 2751 4096 quod
2774 4027 3020 4093 minaris,
3051 4035 3104 4081 et
3127 4029 3229 4083 hoc
3249 4037 3330 4083 est
3355 4046 3368 4082 :

2220 4132 2239 4165 ‹
2278 4113 2539 4170 Terrores
2563 4114 2777 4172 Domini
2807 4117 3044 4173 militant
3073 4137 3085 4172 :
3128 4139 3146 4172 ι
3177 4135 3246 4175 ηε
3275 4131 3399 4190 post
3436 4122 3537 4178 hoc
3585 4139 3736 4178 mors

2143 4213 2347 4260 aeterna
2377 4215 2656 4276 sequatur.
2701 4207 2808 4264 Sed
2838 4210 2966 4282 quia
3007 4218 3234 4268 staturae
3263 4215 3559 4270 adventum
3583 4215 3733 4271 desi-

2143 4296 2318 4363 derat,
2347 4311 2454 4366 quo
2475 4299 2670 4354 ardore
2694 4302 2945 4356 eumdem
2969 4302 3265 4373 gentilitas,
3288 4314 3343 4359 et
3359 4302 3546 4360 Judma
3560 4305 3756 4373 sitiat,‘

2135 4391 2416 4460 supponit,
2447 4405 2571 4447 cum
2603 4392 2680 4447 ait
2707 4411 2719 4446 :

2215 4482 2379 4539 Vens.
2420 4483 2472 4539 5.
2513 4516 2584 4525 —
2615 4504 2634 4537 ι
2669 4483 2918 4556 Nunquid
2965 4487 3141 4560 rugiet
3182 4504 3388 4563 onager
3418 4532 3434 4558 ,
3477 4510 3496 4544 ›
3550 4491 3604 4547 id
3627 4501 3728 4558 est,

2065 4617 2118 4678 D
2143 4576 2371 4646 agrestis
2411 4577 2596 4634 asinus
2615 4620 2630 4645 ,
2661 4587 2765 4634 etc.
2796 4621 2811 4647 ,
2840 4595 3002 4653 usque
3024 4583 3094 4637 ad
3120 4585 3215 4639 sed
3254 4584 3550 4641 carnaliter
3578 4597 3728 4644 tene-

2146 4669 2322 4734 batur,
2354 4669 2534 4726 subdit
2563 4688 2577 4725 :

2221 4761 2381 4817 Vens.
2417 4761 2468 4817 6.
2500 4795 2570 4804 —
2603 4783 2620 4814 ‹
2652 4764 2756 4818 Aut
2783 4765 2983 4835 poterit
3024 4769 3232 4826 comedi
3265 4769 3553 4826 insulsum.
3586 4792 3606 4826 ι
3639 4773 3729 4829 Sal

2139 4861 2228 4908 ‘est
2257 4853 2427 4908 virtus
2454 4855 2678 4910 occulta:
2705 4856 3090 4929 intelligentiae,
3123 4869 3228 4916 etc.
3251 4901 3267 4927 ,
3299 4878 3461 4933 usque
3496 4862 3568 4917 ad
3595 4878 3728 4920 oon-

2144 4950 2404 5004 vertendo
2437 4951 2681 5006 esuriens
2721 4954 2940 5022 recepit.

2219 5037 2406 5110 (Ibid.)
2429 5039 2520 5096 Ille
2543 5042 2816 5098 desiderat
2854 5053 3112 5100 stateram
3140 5087 3155 5112 ,
3186 5063 3284 5103 nos
3300 5046 3415 5118 jam
3436 5065 3538 5121 per
3566 5049 3726 5124 ﬁdem

2144 5128 2258 5199 ejus
2279 5130 2538 5199 vivimus;
2563 5133 2656 5188 sed
2691 5146 2870 5189 tamen
2897 5153 2996 5208 pro
3024 5139 3341 5210 purgatione
3362 5142 3590 5212 sagittas
3609 5140 3723 5211 ejus

2131 5222 2379 5291 patimur
2399 5264 2412 5288 ,
2441 5233 2494 5277 et
2524 5233 2731 5280 terrore
2761 5226 2924 5282 futuri
2955 5229 3223 5286 timemus.

2216 5310 2321 5366 Sed
2343 5313 2465 5381 quia
2490 5313 2581 5367 lilii
2607 5332 2812 5384 sumus,
2837 5335 2940 5372 non
2966 5321 3221 5377 debemus
3245 5323 3435 5378 timere
3459 5333 3514 5377 ut
3539 5323 3721 5379 Domi-

2142 5417 2291 5466 num,
2340 5403 2434 5457 sed
2466 5404 2688 5473 diligere
2715 5417 2771 5461 ut
2802 5408 3013 5464 Patrem
3033 5452 3046 5475 ,
3081 5422 3132 5466 et
3163 5413 3229 5466 ad
3271 5427 3396 5467 eum
3422 5413 3681 5469 anhelare
3705 5456 3718 5478 ,

2141 5493 2230 5548 ubi
2263 5494 2382 5549 cibo
2407 5536 2423 5560 ,
2471 5496 2522 5550 id
2551 5507 2652 5562 est,
2682 5502 2981 5555 aeternitate
3008 5481 3122 5573 ejus
3159 5519 3461 5574 pascamur,
3491 5520 3592 5576 pro
3614 5521 3722 5574 quo

2141 5584 2302 5638 modo
2329 5585 2588 5655 rugimus,
2616 5591 2755 5644 unde
2780 5607 2792 5642 :

2219 5695 2235 5726 ι
2277 5675 2526 5747 Nunquid
2574 5681 2748 5750 rugiet
2797 5697 3020 5752 onager.
3062 5703 3078 5736 ι
3109 5684 3296 5756 (Ibid.)
3323 5685 3538 5756 Onager
3565 5726 3581 5752 ,
3635 5695 3720 5740 est

2139 5765 2368 5836 populus
2414 5769 2504 5836 qui
2533 5809 2547 5834 ,
2603 5779 2705 5822 etc.
2741 5811 2753 5835 ,
2809 5789 2968 5843 usque
3017 5776 3084 5827 ad
3113 5777 3276 5831 etiam
3307 5777 3375 5832 ab
3408 5777 3718 5846 bujusmodi

2139 5859 2320 5915 verbis
2361 5875 2417 5915 se
2449 5875 2714 5932 separant,
2745 5874 2794 5918 rt
2825 5866 2926 5921 hoc.
2957 5877 3038 5923 est
3065 5887 3076 5923 :
