3982 6352
301 405 405 467 773

1360 410 1632 471 GLOSSA
1666 406 2065 469 ORDINARIA.
2106 440 2177 452 -
2211 411 2343 470 LIB.
2383 411 2524 471 JOB.

3466 408 3575 479 επι

373 546 395 582 ¢
422 526 535 585 Aut
552 529 754 601 poterit
790 530 1003 587 comedi
1048 530 1334 587 insulsum.
1365 549 1385 583 ι
1421 529 1528 585 Sed
1550 528 1664 600 jam
1691 527 1745 582 in
1771 525 1881 581 alto
1908 534 1962 594 Α
1985 524 2350 596 cognitionem
2371 541 2548 598 paena:
2569 526 2782 587 fervere
2821 529 3112 602 crepet-int,
3156 549 3187 590 a
3211 530 3573 597 delectatione

294 621 484 695 positi,
511 637 544 676 a
572 623 755 679 stultis
780 623 997 689 semoti,
1045 638 1185 694 saepe
1229 623 1358 679 dum
1403 622 1520 678 sola
1566 621 1784 692 propria
1808 622 1881 677 ad

296 712 581 773 ferendum
608 716 743 771 dura
770 724 1085 787 procurant,
1126 731 1226 787 pro
1261 729 1446 772 amore
1489 714 1736 771 veritatis
1771 729 1880 770 nou

294 816 427 867 sunt
455 807 710 863 accincti.

242 919 272 935 ε·
370 916 391 951 ι
419 896 529 953 Aut
550 902 727 968 potest
753 896 947 968 aliquis
974 904 1212 969 gustare.
1245 917 1264 952 ι
1307 896 1525 972 (ϐιιεο.)
1553 898 1757 953 Durum
1794 904 1879 953 est

291 996 481 1059 petere
507 988 652 1057 quod
692 987 923 1053 cruciat,
951 988 1094 1058 quod
1126 989 1295 1045 vitam
1351 988 1544 1061 fugat,
1601 986 1697 1045 sed
1736 1003 1877 1060 saepe

290 1092 419 1136 cum
448 1078 511 1137 fit
532 1077 590 1139 ixi
614 1078 748 1146 alto,
778 1079 844 1135 ad
877 1078 1101 1139 fereuda
1134 1081 1425 1138 stultorum
1455 1080 1594 1137 mala
1627 1097 1687 1137 se
1716 1081 1873 1137 incli-

290 1178 406 1238 nat,
438 1180 498 1227 ut
534 1187 630 1228 eos
656 1172 854 1231 trahat.
903 1172 1080 1235 Aucte
1098 1174 1249 1233 enim
1275 1174 1547 1231 desiderio
1569 1174 1874 1230 caelestium

289 1265 653 1336 angustiatur,
680 1273 735 1322 et
776 1282 888 1338 prae
924 1267 1205 1324 dulcedine
1230 1268 1449 1324 illorum
1474 1284 1660 1325 amara
1693 1268 1877 1325 saeculi

288 1370 395 1415 non
410 1358 626 1415 metuit.
644 1357 816 1427 Unde,
831 1368 887 1415 et
898 1360 1414 1432 postimpossibilem
1431 1363 1622 1418 mortis
1633 1371 1871 1435 gustum,

287 1448 472 1505 subdit
500 1467 517 1505 ε

362 1540 529 1601 Vens.
563 1542 617 1597 7.
656 1573 720 1584 -η-
743 1561 763 1595 ι
795 1542 927 1613 Qua:
946 1545 1098 1615 prius
1120 1545 1337 1601 nolebat
1360 1556 1600 1617 tangere,
1640 1567 1659 1599 ι
1690 1546 1742 1602 id
1765 1556 1871 1613 est,

288 1633 430 1691 mala
454 1633 640 1695 saeculi
657 1633 773 1707 jam
803 1645 931 1693 sunt
953 1637 1139 1695 dulces
1156 1638 1261 1695 cibi
1292 1654 1404 1709 prae
1429 1654 1616 1694 amore
1636 1638 1781 1695 caeli.
1804 1638 1873 1694 Et

285 1745 411 1791 cum
456 1730 575 1786 hate
625 1726 801 1787 dulcia
853 1731 983 1798 sint,
1020 1751 1038 1783 ‹
1076 1732 1210 1801 Quis
1239 1733 1330 1789 det
1372 1740 1431 1788 ut
1470 1733 1654 1789 veniat
1679 1732 1870 1804 petitio

288 1824 555 1880 tmea?)

1986 618 2187 683 carnis,
2218 634 2380 690 quam
2409 619 2677 677 desiderio
2701 622 2974 689 tenebant,
3007 625 3421 695 separabantur.
3444 626 3570 685 Mali

1983 716 2190 765 aeterna
2217 725 2325 765 non
2356 711 2664 783 intelligunt
2689 753 2704 780 ,
2746 713 2851 770 nisi
2899 730 3025 770 curn
3066 714 3182 785 jam
3210 731 3309 787 pro
3338 720 3572 778 terrenis

1980 802 2320 873 puniuntur:
2355 812 2484 860 tunc
2516 819 2669 862 mens
2704 815 2915 874 aestuat,
2952 816 3008 862 et
3047 809 3174 881 igne
3214 823 3351 866 serae
3392 812 3572 881 paeni-

1981 895 2164 951 tentiae
2187 910 2246 951 se
2267 894 2594 963 inﬂammat;
2621 906 2749 955 tunc
2767 897 2885 968 ejus
2905 898 3102 955 duritia
3128 914 3227 971 per
3238 901 3565 973 supplicium

1979 984 2239 1056 liquatur,
2264 988 2404 1043 unde
2424 990 2683 1059 propheta
2709 1009 2721 1045 :
2754 1011 2772 1043 ι
2801 984 3195 1049 Tantummodo
3214 996 3430 1052 vexatio
3451 997 3567 1054 sola

1978 1080 2314 1137 intellectum
2341 1082 2492 1138 dabit
2519 1084 2725 1141 auditui
2770 1102 2790 1140 ι
2839 1086 3005 1161 (Isai.
3026 1088 3266 1163 xxvut),
3296 1090 3402 1147 hoc
3438 1098 3569 1149 tunc

1977 1174 2210 1244 passuri,
2243 1174 2462 1230 interim
2490 1176 2575 1231 his
2604 1177 2973 1248 implicantur.

2052 1263 2214 1321 Vens.
2247 1265 2332 1321 18.
2354 1297 2424 1306 -
2450 1286 2469 1319 ‹
2496 1266 2752 1323 Involuta:
2781 1278 2926 1324 sunt.
2956 1288 2975 1321 ι
3008 1264 3180 1327 Omne
3222 1273 3368 1343 quod
3388 1271 3567 1329 invol-

1975 1356 2122 1412 vitur
2150 1359 2203 1415 in
2235 1373 2294 1415 se
2336 1359 2665 1433 replicatur:
2698 1362 2777 1417 sic
2802 1356 2953 1428 mali,
2999 1363 3244 1421 volentes
3273 1362 3563 1437 aliquando

1974 1447 2115 1503 bona
2148 1448 2302 1518 quasi
2346 1459 2499 1504 extra
2524 1464 2581 1504 se
2606 1450 2743 1506 tensi
2771 1491 2786 1516 ,
2815 1452 2882 1505 ad
2910 1460 3169 1509 consueta
3198 1454 3340 1509 mala
3370 1453 3568 1510 tentati

1974 1540 2327 1609 replicantur.
2354 1541 2454 1598 Vel
2500 1542 2754 1598 involuta:
2803 1552 2962 1609 sunt,
2992 1545 3085 1616 qui
3123 1546 3225 1601 etsi
3274 1544 3568 1617 aliquando

1972 1631 2119 1688 victa
2151 1647 2257 1687 una
2287 1633 2531 1705 nequitia
2576 1635 2767 1704 pedem
2799 1635 3010 1703 levant,
3036 1652 3274 1708 regnans
3314 1638 3484 1695 altera
3513 1645 3571 1697 et

1974 1723 2043 1778 ad
2092 1738 2214 1777 eam
2265 1738 2428 1793 quam
2469 1724 2714 1781 vicerant
2744 1725 3000 1797 implicat,
3030 1730 3204 1799 utqui
3234 1726 3346 1798 jam
3386 1737 3569 1801 spreta

1973 1813 2206 1869 avaritia
2236 1814 2415 1871 adhuc
2441 1814 2751 1872 luxuriosus
2770 1826 2874 1884 est,
2904 1833 3004 1888 pro
3040 1819 3216 1890 pretio
3245 1819 3473 1876 luxuria:
3499 1819 3570 1876 ad

354 1916 518 1972 Vens.
535 1918 675 1973 9.—
692 1936 712 1970 ι
732 1917 833 1987 Qui
864 1919 1051 1990 etrapit,
1084 1921 1198 1991 ipse
1228 1934 1315 1975 me
1341 1926 1610 1977 conterat.
1633 1939 1652 1971 ι
1670 1917 1863 1991 (Gneo.

1977 1904 2267 1986 avaritiam
2310 1906 2473 1962 redit.
2525 1904 2619 1962 Sic
2670 1922 2774 1978 ope
2822 1909 3029 1965 vicaria
3082 1909 3366 1982 fugitivum
3410 1924 3568 1966 suum

279 2009 339 2071 in
364 2007 468 2065 Job
515 2011 610 2069 lib.
634 2013 758 2084 vn.)
788 2013 1037 2069 Conterit
1076 2014 1445 2080 adversarius,
1497 2021 1555 2069 et
1596 2012 1797 2071 defecit
1836 2030 1869 2069 a

282 2107 336 2154 te
364 2099 546 2156 homo.
578 2101 825 2159 Conterit
854 2103 1022 2170 Deus,
1046 2112 1100 2158 et
1130 2104 1335 2160 fractus
1360 2119 1391 2158 a
1413 2104 1560 2159 vitiis
1584 2093 1639 2159 in
1670 2103 1872 2160 virtute

278 2188 577 2261 solidatur.
595 2191 699 2261 Qui
732 2208 869 2265 ergo
886 2208 985 2263 per
1009 2192 1219 2265 ﬂagella
1252 2193 1368 2249 Deo
1393 2193 1748 2265 apprOpriare
1776 2194 1870 2250 de-

280 2277 524 2347 siderat,
556 2282 728 2338 dicit:
761 2300 779 2332 ι
814 2282 915 2350 Qui
948 2284 1112 2354 erepit
1141 2324 1157 2349 ,
1202 2283 1317 2354 ipse
1358 2290 1637 2350 conterat,
1676 2301 1694 2335 ι
1740 2283 1870 2354 quia

276 2367 569 2440 aliquando
599 2374 790 2443 incipit
824 2375 968 2429 Deus
995 2374 1380 2431 contritionem
1409 2373 1662 2430 vitiorum
1685 2415 1701 2441 ,
1731 2382 1788 2429 et
1813 2374 1867 2430 in

272 2457 399 2535 ipso
422 2472 714 2534 provectus
756 2464 911 2521 initio
952 2465 1116 2523 homo
1169 2465 1471 2531 extollitur,
1499 2475 1557 2521 et
1586 2466 1667 2523 sic
1692 2467 1868 2523 hostis

272 2553 549 2621 exclusus,
581 2557 799 2628 gravior
824 2559 1120 2631 assumptis
1149 2558 1272 2615 aliis
1296 2558 1581 2630 spiritibus
1615 2559 1867 2630 surripit,

271 2654 332 2700 et
358 2646 588 2703 virtutes
617 2650 871 2709 conterit.

352 2757 371 2792 ε
404 2739 588 2797 Solvat
608 2759 846 2808 manum,
878 2762 896 2796 ι
926 2743 979 2799 id
1000 2751 1104 2809 est,
1133 2750 1386 2799 exerceat
1417 2740 1705 2809 effectum;
1735 2741 1867 2798 dum

272 2829 424 2885 enim
452 2829 669 2891 inﬂatus
691 2832 851 2906 longa
877 2834 1241 2904 prosperitate
1282 2848 1524 2890 amorem
1578 2848 1737 2890 suum
1768 2848 1868 2904 per

271 2920 485 2994 ﬂagella
517 2940 629 2981 non
655 2936 907 2993 exercet,
936 2928 1093 2998 quasi
1122 2943 1342 2982 manum
1368 2928 1435 2983 ad
1462 2927 1705 2983 ferienda
1732 2926 1868 2983 vitia

272 3013 498 3085 ligatam
531 3024 698 3081 tenet,
730 3018 875 3074 unde
900 3019 1146 3089 pcccanti
1172 3019 1371 3089 pepulo
1400 3018 1532 3073 dicit
1560 3036 1573 3071 :
1598 3017 1721 3073 .lam
1758 3033 1866 3074 non

271 3104 488 3165 irascar
510 3107 631 3174 tibi,
657 3118 714 3167 et
738 3109 886 3166 zelus
907 3123 1061 3166 meus
1091 3111 1314 3166 recessit
1340 3126 1370 3165 a
1394 3120 1468 3167 te.

350 3215 371 3249 ι
408 3196 667 3253 Succidat
690 3214 798 3255 me.
831 3219 851 3253 ›
883 3198 1018 3255 Cum
1042 3200 1189 3256 enim
1214 3200 1367 3257 dolor
1391 3200 1477 3256 vel
1508 3199 1733 3257 tentatio
1757 3216 1862 3256 non

266 3291 534 3361 percutit,
564 3291 728 3347 elatio
752 3293 951 3350 mentis
972 3293 1184 3350 succisa
1209 3294 1387 3362 cadit,
1424 3301 1485 3349 ut
1508 3292 1625 3364 jam
1654 3303 1863 3367 quaerat

270 3396 495 3438 manum
524 3384 777 3440 levantis.

346 3476 511 3535 Vsus.
542 3477 631 3532 lO.
662 3507 733 3521 -—-
757 3478 825 3534 Et
853 3479 970 3534 haec
996 3479 1131 3535 mihi
1162 3479 1234 3535 sit
1276 3477 1580 3537 consolatio
1616 3487 1675 3534 ut
1716 3476 1859 3534 ami-

268 3583 425 3638 gens.
466 3587 486 3623 ι
521 3558 710 3643 (Ῐὸὶά.)
743 3566 908 3639 Quasi
930 3572 1251 3642 quibusdam
1284 3573 1373 3629 hic
1400 3574 1597 3645 parcit,
1620 3581 1680 3630 ut
1703 3582 1862 3629 aeter-

269 3673 402 3713 num
428 3656 619 3727 feriat;
649 3662 744 3718 sed
768 3676 858 3719 me
880 3663 970 3719 hic
1002 3679 1110 3719 non
1132 3679 1365 3735 parcens
1394 3664 1574 3732 feriat,
1606 3666 1751 3737 quod
1777 3673 1862 3721 est

269 3750 409 3807 mihi
445 3754 764 3811 consolatio.
797 3754 1013 3811 Timent
1042 3757 1188 3813 enim
1214 3756 1391 3814 sancti
1416 3758 1506 3814 hic
1539 3758 1644 3815 sibi
1684 3759 1857 3830 parci.

268 3839 428 3908 Quod
475 3842 592 3899 haec
642 3859 751 3901 non
809 3846 1183 3913 tumenti,sed
1229 3848 1419 3905 humili
1472 3856 1653 3904 mente
1699 3848 1857 3917 dixit,

267 3931 510 3987 ostendit
539 3932 591 3988 in
622 3934 726 3990 his.

349 4043 369 4075 «
400 4022 513 4081 Nec
542 4028 913 4085 contradicam
958 4029 1318 4087 sermonibus.
1357 4050 1377 4084 δ
1427 4030 1720 4101 sermones
1759 4033 1858 4090 Dei

269 4116 342 4173 ad
367 4133 467 4175 nos
497 4139 511 4174 :
540 4136 647 4177 non
674 4122 837 4180 modo
874 4123 1018 4179 dicta
1040 4164 1057 4193 ,
1097 4125 1195 4181 sed
1218 4132 1274 4181 et
1297 4123 1441 4181 facta
1467 4166 1484 4193 ,
1512 4133 1573 4180 ut
1610 4126 1699 4184 hic
1724 4141 1855 4198 per-

269 4210 452 4267 cussio
481 4208 614 4279 Job;
655 4214 743 4269 cui
774 4216 1164 4272 murmurando
1208 4232 1316 4273 non
1359 4218 1702 4286 contradicit,
1729 4220 1857 4291 quia

268 4306 328 4354 et
356 4315 518 4370 quem
548 4301 790 4360 feriendo
832 4304 1059 4372 tolerat,
1088 4316 1335 4363 sanctum
1366 4317 1543 4364 vocat.

343 4392 508 4450 Vens.
537 4395 624 4450 ll.
641 4395 855 4464 —Qua3
878 4406 962 4454 est
989 4400 1137 4454 enim
1162 4398 1424 4458 fortitudo
1446 4402 1604 4458 mea?
1625 4421 1646 4457 ι
1665 4401 1855 4477 (Ιὺίά.)

266 4483 393 4543 Alia
420 4494 505 4545 est
532 4487 794 4547 fortitudo
812 4492 1107 4559 bonorum,
1137 4501 1271 4561 etc.,
1297 4511 1460 4567 usque
1486 4495 1557 4551 ad
1585 4504 1640 4550 et
1668 4511 1769 4568 pro
1791 4510 1855 4552 ea

268 4591 433 4646 quam
462 4594 567 4634 non
589 4589 755 4647 amat,
783 4583 895 4652 pati
922 4592 1162 4649 recusat,
1186 4585 1319 4640 dicit
1337 4599 1470 4658 ergo
1495 4604 1509 4639 :

347 4689 366 4722 ι
402 4670 532 4738 Qua:
557 4681 642 4730 est
665 4675 810 4730 enim
834 4675 1127 4744 fortitudo,
1150 4686 1245 4735 aut
1275 4679 1399 4748 quis
1420 4678 1585 4735 ﬂuis?
1614 4698 1632 4730 ι
1658 4677 1717 4735 1d
1744 4690 1852 4748 est,

268 4762 435 4829 mala,
465 4773 600 4832 etc.,
625 4766 873 4839 usquead
896 4767 1041 4825 unde
1062 4767 1313 4827 infirmus
1332 4768 1498 4825 habet
1524 4771 1691 4837 vires,
1711 4771 1854 4827 unde

267 4853 545 4927 subjungit
567 4871 582 4910 :

343 4944 508 5001 Vens.
537 4946 627 5001 13.
654 4977 725 4990 -
758 4965 777 5001 ι
809 4947 950 5004 Ecce
987 4963 1095 5004 non
1126 4957 1210 5005 est
1237 4950 1519 5006 auxilium.
1556 4970 1576 5003 ι
1618 4951 1704 5007 Ad
1740 4968 1857 5009 ma-

258 5031 403 5103 joris
421 5050 635 5107 quoque
658 5039 913 5095 meritum
943 5038 1303 5108 fortitudinis,
1323 5042 1596 5113 quomodo
1620 5057 1653 5098 a
1670 5045 1856 5115 proxi-

271 5127 379 5183 mis
399 5126 730 5199 destituitur,
748 5131 911 5188 addit
936 5148 956 5187 ς

347 5238 367 5270 ‹
405 5219 711 5278 Necessarii
764 5239 1001 5296 quoque.
1048 5244 1069 5279 ι
1125 5223 1185 5281 Si
1237 5225 1480 5283 exterius
1527 5227 1810 5301 despectus
1834 5269 1851 5297 ,

270 5309 421 5367 intus
443 5310 785 5381 soliojudicii
814 5316 1073 5387 praesidet
1090 5333 1106 5383 ;
1121 5332 1246 5375 nam
1262 5317 1331 5373 ad
1352 5318 1649 5375 sententias
1679 5335 1854 5379 erum-

266 5401 351 5474 pit
378 5415 395 5456 :
427 5420 447 5453 ι
474 5400 580 5471 Qui
608 5404 778 5473 tollit,
806 5416 945 5463 etc.»

344 5493 507 5553 Vsus.
554 5496 641 5552 M.
665 5526 740 5538 —-
769 5516 789 5550 ς
822 5498 923 5573 Qui
966 5501 1104 5557 tollit
1131 5502 1201 5559 ab
1228 5502 1406 5559 amico
1450 5518 1569 5560 suo.
1608 5524 1629 5559 ι
1665 5503 1853 5579 (Ιὸἱά.)

268 5588 494 5645 Amicus
513 5598 597 5646 est
610 5590 837 5662 quilibet
849 5594 1150 5663 proximus,
1164 5603 1297 5659 etc.,
1312 5611 1475 5666 usque
1494 5596 1563 5649 ad
1584 5596 1678 5668 qui
1705 5596 1852 5651 intus

271 5679 476 5737 dudum
530 5690 735 5739 aeterna
784 5681 1104 5754 negligendo
1148 5685 1426 5754 perierunt
1476 5704 1489 5738 :
1541 5687 1609 5741 de
1657 5685 1854 5757 quibus

274 5782 426 5831 recte
459 5775 656 5829 dicitur
690 5795 702 5830 :
960 5766 967 5773 ’

350 5865 511 5923 Vsus.
538 5868 623 5923 17.
653 5892 723 5909 -ι
748 5887 766 5921 ι
795 5867 859 5922 Ει
885 5867 1307 5938 utincaluerint,
1342 5890 1361 5922 ι
1390 5869 1441 5926 id
1481 5880 1581 5935 est,
1601 5886 1722 5927 cum
1752 5887 1852 5945 per

1975 1998 2105 2053 vitia
2138 1998 2397 2065 retinent,
2423 2001 2659 2070 et‘quasi
2688 2001 2900 2072 laqueis
2928 2014 3181 2073 egressus
3206 2001 3394 2074 ligant,
3425 2000 3570 2058 unde

1974 2102 2118 2161 saepe
2146 2090 2281 2162 lapsi
2314 2092 2382 2148 ad
2409 2108 2537 2148 suas
2562 2093 2862 2165 voluptates
2884 2095 3135 2161 redeunt,
3156 2110 3258 2152 nec
3286 2103 3480 2151 curant
3503 2109 3569 2153 ea

1973 2194 2094 2251 qua:
2118 2192 2464 2254 permanent,
2515 2186 2658 2241 unde
2681 2185 2864 2242 subdit
2893 2204 2906 2240 :

2049 2292 2067 2325 ι
2100 2274 2471 2332 Ambulabunt
2496 2277 2550 2331 in
2578 2292 2809 2332 vacuum
2835 2286 2891 2333 et
2910 2277 3186 2348 peribunt.
3221 2296 3242 2331 ι
3276 2277 3412 2347 Quia
3429 2278 3566 2337 nihil

1972 2380 2157 2421 secum
2194 2367 2262 2423 de
2303 2367 2483 2424 fructu
2527 2368 2611 2423 sui
2642 2368 2847 2424 laboris
2881 2377 3123 2441 portant.
3159 2368 3268 2426 Sed
3290 2371 3471 2442 justus
3508 2371 3567 2428 in

1970 2469 2264 2531 conspectu
2293 2458 2508 2517 Domini
2544 2476 2649 2518 non
2686 2472 2912 2533 apparet
2948 2478 3153 2519 vacuus
3176 2481 3189 2518 :
3214 2473 3395 2536 portat
3418 2464 3567 2522 enim

1970 2550 2279 2621 nianipulos
2294 2551 2541 2624 iustitiae.
2567 2552 2651 2608 Ab
2676 2552 2891 2609 illorum
2929 2562 3111 2609 autem
3139 2554 3444 2612 imitatione
3467 2571 3567 2629 per

1969 2641 2135 2698 finem
2166 2651 2354 2710 terret,
2388 2662 2408 2695 ‹
2446 2643 2802 2701 Considerate
2831 2646 3077 2713 semitas,
3109 2654 3215 2703 etc.
3252 2667 3271 2700 ι

2042 2736 2210 2791 Vsus.
2242 2737 2412 2792 l9.—
2445 2756 2464 2789 ι
2494 2736 2850 2794 Considerate
2871 2739 3113 2796 semitas.
3147 2759 3167 2793 ι
3203 2738 3393 2814 (Ιὸἱά.)
3422 2740 3567 2798 The-

1967 2842 2057 2881 ma
2082 2828 2474 2900 interpretatur
2495 2841 2689 2895 auster,
2725 2827 2867 2884 Saba
2902 2837 3018 2885 rete
3053 2847 3066 2884 :
3094 2829 3294 2885 Auster
3342 2831 3436 2903 qui
3482 2840 3568 2888 te—

1967 2938 2103 2995 pore
2135 2925 2378 2980 membra
2412 2926 2678 2991 dissolvit,
2712 2935 2797 2982 est
2829 2927 2915 2981 hic
2942 2922 3083 2981 ﬂuxa
3116 2927 3331 2985 vivendi
3380 2929 3563 2984 remis-

1967 3014 2047 3068 sio
2060 3031 2081 3081 ;
2107 3018 2223 3069 r'ete
2251 3023 2336 3070 est
2355 3017 2585 3071 actionis
2608 3016 2886 3088 obligatio,
2915 3017 3149 3074 et'fluxis
3170 3016 3382 3077 actibus
3402 3020 3565 3078 homo

1969 3104 2302 3175 implicatur,
2333 3107 2459 3162 dum
2486 3123 2592 3163 non
2622 3105 2864 3179 perfecte
2900 3109 3163 3165 mundum
3188 3110 3411 3179 deserit,
3434 3112 3565 3168 dum

1967 3210 2076 3250 non
2109 3196 2358 3253 districto
2384 3197 2589 3265 studio,
2641 3199 2735 3255 sed
2761 3197 3043 3255 dissolutis
3069 3200 3348 3271 gressibus
3373 3203 3562 3272 vadit,

1968 3297 2031 3344 ut
2077 3290 2171 3358 qui
2218 3304 2319 3360 pro
2359 3305 2549 3348 amore
2575 3280 2779 3347 carnali
2808 3301 3096 3363 parentum
3126 3292 3193 3348 ad
3226 3309 3290 3349 ea
3317 3310 3438 3366 quae
3464 3295 3561 3353 Dei

1868 3394 1873 3399 '
1966 3387 2095 3435 sunt
2120 3382 2466 3452 pmpeditur.
2501 3400 2520 3434 ι
2551 3381 2906 3439 Considerate
2928 3423 2946 3451 ,
2980 3403 2999 3435 ι
3052 3383 3222 3452 dicit,
3274 3386 3401 3457 quia
3429 3401 3562 3460 per-

1964 3484 2127 3527 versa
2164 3472 2373 3544 agendo
2408 3472 2700 3546 diligimus,
2724 3474 2818 3531 sed
2842 3474 2958 3531 hate
2987 3476 3100 3532 visa
3130 3477 3185 3532 in
3214 3478 3338 3534 aliis
3360 3478 3559 3551 dijudi-

1965 3570 2156 3614 camus
2178 3599 2194 3627 ,
2247 3560 2389 3617 unde
2428 3561 2497 3618 ad
2527 3576 2627 3619 nos
2682 3562 2888 3620 reversi
2916 3563 2983 3621 de
3011 3565 3321 3637 hujusmodi
3357 3569 3556 3626 erube-

1958 3653 2198 3709 scimus.

2041 3761 2059 3795 ι
2095 3741 2425 3815 Exspectate
2450 3744 2780 3817 paulisper.»
2806 3745 2945 3815 Quia
2972 3764 3164 3821 parum
3189 3756 3274 3807 est
3293 3749 3558 3822 quidquid

1962 3836 2181 3901 finitur;
2211 3836 2306 3893 sed
2352 3838 2446 3908 qui
2486 3837 2591 3894 hoc
2634 3837 2852 3912 longum
2881 3848 3057 3912 putat,
3101 3841 3172 3898 de
3195 3841 3416 3900 aeternis
3444 3857 3556 3900 non

1962 3934 2138 3983 curat.
2172 3927 2325 3983 Dicta
2360 3926 2630 3985 brevitate
2668 3929 2795 3986 vita:
2839 3939 3033 3987 contra
3059 3932 3276 4006 iniquos
3323 3932 3560 4009 insurgit

1959 4032 2096 4076 voce
2115 4020 2388 4092 iustorum

2033 4109 2196 4168 Vens.
2231 4110 2321 4168 20.
2347 4143 2421 4154 —
2450 4131 2468 4165 ι
2504 4110 2728 4170 Confusi
2768 4121 2913 4170 sunt.
2954 4134 2975 4169 ι
3006 4113 3143 4184 Quia
3189 4115 3401 4173 scilicet
3423 4115 3557 4174 mali

1956 4198 2131 4259 bonos
2153 4218 2252 4275 per
2279 4218 2472 4276 aspera
2502 4220 2533 4259 a
2565 4220 2660 4277 spe
2684 4215 2951 4262 conantur
2982 4207 3264 4264 retrahere
3290 4222 3305 4262 :
3333 4210 3479 4277 quod
3504 4209 3554 4266 si

1956 4304 2247 4367 peragunt,
2271 4296 2573 4364 exsultant;
2599 4297 2643 4351 si
2676 4312 2805 4363 non,
2824 4297 3095 4352 incassum
3119 4280 3367 4353 crudeles
3384 4296 3556 4355 fuisse

1957 4387 2309 4455 erubescunt;
2335 4388 2477 4444 unde
2500 4395 2555 4444 et
2579 4388 2707 4457 quid
2730 4389 2784 4444 in
2814 4388 3174 4444 retributione
3193 4386 3310 4455 ﬂat,
3326 4389 3548 4447 subdit:

2034 4498 2055 4532 ι
2085 4479 2371 4536 Venerunt
2427 4494 2664 4549 quoque.
2702 4499 2721 4533 ι
2760 4478 2819 4534 lu
2846 4476 3053 4548 judicio
3098 4477 3226 4533 mali
3269 4479 3337 4536 ad
3374 4479 3555 4551 justas

1956 4572 2310 4645 perveniunt,
2346 4571 2474 4643 quia
2522 4585 2713 4627 eorum
2742 4570 2973 4642 gloriam
3006 4569 3289 4638 videbunt,
3318 4579 3380 4627 ut
3422 4587 3549 4645 gra-

1960 4665 2081 4720 vius
2112 4662 2330 4719 doleant
2363 4663 2609 4720 videntes
2631 4662 2776 4733 quod
2802 4660 3174 4734 perdiderunt.
3200 4656 3353 4720 Tunc
3378 4663 3553 4734 pudor

1959 4773 2055 4814 eos
2075 4757 2275 4828 operit,
2307 4772 2431 4813 cum
2470 4756 2623 4812 testis
2650 4754 2987 4812 conscientia
3020 4754 3149 4811 urit.
3198 4755 3401 4812 Eadem
3439 4755 3552 4828 spi-

1962 4848 2252 4907 ritualiter.
2281 4850 2456 4906 Amici
2478 4849 2578 4906 Job
2604 4849 2816 4906 confusi
2839 4834 2980 4915 sunt,
3007 4850 3133 4922 quia
3155 4849 3283 4907 dum
3324 4865 3450 4907 eum
3478 4851 3549 4909 ad

1960 4944 2395 5016 desperationem
2428 4942 2704 5001 inﬂectere
2750 4953 3044 5016 nequeunt,
3100 4942 3549 5011 confunduntur,

1958 5046 2226 5095 venerunt
2253 5039 2382 5094 dum
2402 5036 2515 5109 jam
2551 5039 2750 5097 mentis
2792 5038 3149 5095 constantiam
3181 5036 3328 5092 intus
3380 5049 3551 5106 agno-

1961 5142 2122 5189 scunt
2172 5140 2229 5187 et
2263 5131 2610 5188 erubescunt.
2641 5129 2789 5198 Quos
2820 5129 3059 5189 ostendit
3086 5128 3153 5185 de
3181 5138 3411 5182 numero
3452 5138 3547 5180 eo-

1962 5240 2083 5281 rum
2118 5224 2212 5295 qui
2241 5222 2409 5281 Deum
2456 5239 2564 5280 non
2606 5223 2840 5292 timent,
2890 5221 2995 5280 nisi
3037 5219 3151 5278 suis
3185 5216 3270 5273 vel
3313 5216 3545 5274 aliorum

1961 5314 2203 5391 adversis
2238 5312 2431 5369 territi.

2036 5402 2309 5460 Vens.21.
2335 5433 2406 5444 —
2437 5422 2456 5456 ι
2488 5401 2641 5459 Nunc
2667 5402 2933 5468 venistis,
2983 5406 3041 5456 et
3087 5397 3250 5456 modo
3296 5396 3547 5455 videntes

1967 5517 1985 5553 ι
2016 5497 2233 5570 plagam
2274 5510 2471 5553 meam.
2511 5515 2532 5549 ι
2567 5494 2757 5569 (Ιὺὶά.)
2786 5493 2975 5563 Quasi,
3000 5505 3102 5564 ego
3129 5489 3299 5546 Deum
3329 5497 3385 5545 et
3412 5494 3544 5546 ante

1962 5593 2191 5649 adversa
2211 5590 2387 5657 timui,
2411 5606 2510 5648 vos
2540 5592 2632 5663 qui
2660 5606 2728 5647 ex
2758 5602 2944 5645 amore
2972 5586 3143 5645 Deum
3167 5602 3274 5642 non
3313 5583 3540 5653 timetis,

1958 5698 2025 5740 ex
2054 5681 2170 5738 solo
2193 5683 2418 5739 verbere
2437 5681 2761 5739 formidatis.

2032 5777 2195 5833 Vsus.
2228 5778 2319 5832 22.
2342 5807 2412 5818 —
2438 5795 2456 5828 ι
2488 5775 2740 5846 Nunquid
2758 5773 2891 5831 dixi.
2925 5793 2945 5826 ι
2972 5770 3212 5829 Ecclesia
3234 5768 3541 5827 substantia

1956 5871 2339 5928 haereticorum
2388 5870 2643 5942 (quorum
2697 5868 2867 5941 figura
2897 5875 3023 5925 sunt
3054 5865 3212 5923 amici
3258 5860 3380 5938 Job)
3426 5877 3538 5921 non
