3982 6352
464 383 575 446 ’175

953 373 1350 436 WALAFRJDI
1388 370 1636 430 STRABI
1670 313 1874 427 FULD.
1916 359 2082 420 MON.
2118 357 2269 418 OPP.
2310 356 2492 415 PARS
2525 355 2567 413 l.
2606 386 2676 399 -
2712 350 3172 412 THEOLOGICA.

3627 348 3752 408 ’ΠΒ

463 503 606 568 eget,
637 492 691 551 ld
718 498 823 559 est,
849 487 1056 547 carnali
1090 486 1388 559 sapientia;
1419 493 1474 539 et
1502 492 1670 550 recta,
1702 491 2041 560 quaagcontra
2065 479 2121 544 Α
2143 474 2382 540 lacessit,
2407 473 2511 568 nisi
2549 487 2643 568 spe
2668 471 2790 527 finis
2819 468 3175 536 relevaretur,
3203 465 3300 524 sed
3325 462 3416 524 illo
3443 464 3568 522 viso
3597 461 3754 521 nihil

465 584 741 647 diabolum
766 584 834 640 de
861 579 1220 638 conversione
1268 576 1555 646 aliquando
1597 575 1911 646 loquuntur,
1949 587 2045 627 au-

465 682 582 740 dire
603 681 672 736 ab
701 677 782 735 eis
801 673 1003 742 renuit,
1019 673 1144 744 quia
1168 685 1265 742 per
1285 670 1402 727 haec
1421 668 1490 724 ad
1507 667 1787 740 perﬁdiam
1803 665 2044 722 trahunt.

470 793 490 828 ι
529 772 718 829 Manus
760 768 972 826 hostis:
1011 773 1100 822 est
1137 762 1401 821 fortitudo
1441 759 1673 819 Satanae.
1709 778 1728 813 ι
1761 758 1989 816 Robusti
2021 778 2042 812 ι

467 875 596 926 sunt
621 862 847 936 maligni
876 860 1120 933 spiritus.
1525 915 1548 935 ¢

551 976 570 1011 ι
605 954 861 1026 Nunquid
889 952 1003 1009 dixi
1037 969 1053 1008 :
1087 947 1312 1007 Afferte.
1348 967 1366 1002 ι
1397 946 1600 1004 Contra
1645 945 1838 1004 divites
1887 960 2048 1002 mun-

471 1049 548 1116 di,
565 1057 697 1117 etc.,
715 1063 877 1119 usque
902 1045 972 1102 ad
997 1051 1054 1102 et
1077 1041 1218 1117 quod
1255 1042 1310 1100 in
1339 1039 1530 1113 seipsis
1557 1038 1880 1112 despiciunt,
1908 1045 1964 1095 et
1993 1037 2051 1094 in

479 1139 618 1196 aliis.

540 1228 708 1286 Vnus.
731 1228 905 1285 24.-
919 1245 942 1282 ι
969 1226 1170 1284 Docete
1211 1239 1320 1282 me.
1354 1241 1375 1277 ι
1402 1222 1516 1279 Hoc
1535 1221 1900 1295 velprioribus
1927 1219 2054 1279 sub-

471 1321 741 1396 iungitur,
769 1320 856 1378 vel
879 1336 979 1394 per
1007 1333 1068 1377 se
1091 1317 1290 1375 dicitur
1310 1331 1408 1389 per
1432 1315 1874 1386 increpationem.

545 1412 710 1470 Vsus.
737 1411 914 1469 25.-—
931 1428 952 1464 ι
979 1409 1159 1480 Quare
1177 1407 1506 1466 detraxistis.
1541 1426 1560 1460 ι
1589 1405 1804 1479 ((ῗιιιες.)
1825 1403 2054 1462 Mundus

471 1515 594 1562 esse
619 1505 799 1573 debet,
827 1511 964 1570 etc.,
1015 1517 1180 1574 usque
1205 1501 1271 1556 ad
1304 1498 1750 1573 reprehensibilia
1798 1496 2055 1570 profertis

473 1595 542 1651 ad
574 1593 1010 1666 increpandum?

543 1684 737 1759 (Ibid.)
774 1686 892 1743 Duo
919 1697 1117 1756 genera
1148 1681 1436 1738 locutionis
1461 1681 1622 1737 noxia
1649 1689 1806 1746 sunt,
1833 1679 1976 1750 quod
1997 1685 2054 1736 et

473 1791 734 1848 perversa
765 1776 953 1833 laudat
976 1782 1032 1832 et
1057 1773 1202 1846 quod
1237 1773 1400 1828 etiam
1449 1779 1598 1828 recta
1633 1771 1934 1841 vituperat;
1975 1767 2052 1825 ibi

2147 575 2306 642 putat
2335 565 2480 638 quod
2503 566 2690 622 sentit.
2711 609 2717 614 .

2219 659 2386 716 Vens.
2413 659 2468 713 5.
2491 688 2562 698 -
2596 674 2617 710 ‹
2655 655 2864 712 Menses
2910 667 3133 710 vacuos.
3177 671 3196 704 ι
3230 648 3466 706 Αἰοθδιιδ
3517 647 3752 716 mundi,

2149 751 2276 823 quia
2300 765 2409 805 non
2449 763 2544 803 eas
2585 753 2835 818 quaerunt
2868 759 2968 816 per
2997 751 3153 800 actus
3191 757 3320 799 suos
3368 742 3516 809 boni,
3551 749 3610 798 et
3637 755 3752 798 no-

2148 850 2266 900 ctes
2310 839 2699 898 adversitatum
2737 837 2974 893 tolerant
3011 835 3332 902 laboriosas,
3376 836 3595 907 quando
3618 835 3747 906 jam

2149 943 2277 992 sunt
2302 934 2359 990 in
2387 933 2634 990 cruciatu
2670 929 2936 1000 corporis.
2969 927 3066 985 Vel
3110 943 3328 984 menses
3353 927 3511 984 vacui
3532 968 3551 994 ,
3607 928 3750 1000 quia

2150 1025 2309 1083 modo
2335 1033 2420 1081 est
2458 1023 2632 1088 labor,
2662 1020 2757 1077 sed
2783 1018 3018 1076 nondum
3045 1017 3350 1090 prtemium.

2227 1137 2248 1172 ι
2280 1117 2476 1174 Noctes
2511 1114 2830 1172 laboriosas.
2862 1129 2888 1168 ι
2917 1111 3235 1179 Enumerat,
3265 1119 3400 1179 etc.,
3449 1128 3619 1184 usque
3667 1111 3752 1167 ad

2151 1223 2218 1266 eo
2247 1208 2421 1282 magis
2445 1207 2612 1281 gemit
2657 1205 2750 1263 diu
2797 1203 3036 1263 nescisse
3079 1203 3223 1276 quod
3263 1203 3484 1276 quaerit,
3513 1212 3572 1261 et
3595 1206 3752 1277 quod

2154 1299 2392 1358 inaniter
2421 1298 2710 1360 laboravit.

2225 1391 2391 1448 Vens.
2426 1391 2482 1448 4.
2509 1421 2579 1432 -
2619 1409 2639 1444 ‹
2668 1389 2729 1447 Si
2777 1389 3070 1447 dormiero.
3117 1407 3137 1442 ι
3191 1389 3214 1460 (
3226 1386 3397 1460 Ibid.)
3428 1386 3752 1444 Secundum

2154 1483 2440 1541 historiam
2469 1483 2682 1540 animus
2710 1481 2940 1540 dolentis
2969 1480 3309 1552 exprimitur,
3351 1479 3470 1551 qui,
3512 1487 3756 1552 cogente

2155 1575 2434 1643 maestitia,
2459 1591 2556 1647 per
2603 1575 2816 1632 diversa
2859 1573 3129 1632 desideria
3164 1580 3425 1646 vagatur;
3477 1571 3533 1626 in
3581 1581 3758 1631 nocte

2157 1665 2301 1722 diem
2321 1706 2337 1733 ,
2366 1666 2421 1721 in
2465 1665 2554 1722 die
2588 1679 2873 1736 vesperam
2914 1663 3204 1730 desiderat,
3255 1663 3380 1734 quia
3431 1661 3589 1718 dolor
3636 1677 3755 1719 non

2159 1759 2290 1817 sinit
2313 1761 2526 1832 placere
2556 1760 2702 1832 quod
2727 1760 2910 1828 adest;
2947 1767 3004 1816 et
3029 1759 3138 1830 iam
3163 1759 3268 1816 hoc
3301 1768 3564 1830 expertus
3614 1774 3752 1830 gra-

477 1847 649 1934 favor,
673 1867 762 1923 hic
789 1868 910 1922 ira:
940 1867 1007 1923 de
1052 1867 1157 1922 hoc
1185 1864 1392 1920 amicos
1434 1861 1535 1918 Job
1578 1862 1782 1934 arguit;
1813 1861 1880 1916 ad
1909 1859 2052 1930 quod
2079 1849 2128 1910 B
2155 1864 2252 1916 ve,
2281 1849 2594 1906 consolante
2620 1849 2887 1907 desiderio
2907 1849 3054 1906 aliud
3077 1856 3386 1922 exspectat;
3418 1847 3515 1906 56d
3541 1862 3649 1905 nec
3667 1849 3754 1905 sic

476 1959 669 2015 vitium
701 1974 769 2014 ex
795 1957 988 2015 otiosis
1015 1958 1176 2014 dictis
1202 1955 1546 2027 pervenitur,
1572 1953 1715 2010 unde
1741 1951 1960 2008 subdit:

513 2060 522 2068 ‘
548 2049 713 2107 Vens.
742 2049 833 2107 26.
859 2080 926 2094 —-
952 2068 974 2102 ι
1011 2049 1080 2106 Ει
1103 2049 1159 2104 in
1196 2056 1438 2105 ventum.
1470 2066 1488 2099 ι
1540 2045 1600 2102 ln
1638 2054 1859 2101 ventum
1888 2044 2058 2101 verba

476 2141 740 2215 proferre,
767 2150 896 2210 etc.,
933 2158 1095 2214 usque
1122 2141 1191 2196 ad
1229 2140 1301 2197 sit
1329 2155 1461 2212 ergo
1480 2139 1679 2196 ostium
1701 2137 1897 2212 lingua:
1915 2140 2059 2210 quod

477 2232 640 2290 modo
659 2231 966 2300 claudatur,
999 2232 1162 2289 modo
1188 2231 1482 2304 aperiatur.

549 2325 715 2382 Vens.
765 2325 858 2381 27.
886 2355 958 2366 —
986 2344 1006 2378 ι
1039 2324 1212 2397 Super
1251 2322 1533 2395 pupillum.
1571 2342 1590 2374 ι
1624 2320 1816 2395 (Gneo.
1857 2323 1916 2378 in
1955 2322 2058 2380 Job

473 2414 572 2473 lib.
603 2415 745 2489 VIII.)
771 2416 918 2491 Ecce
952 2425 1169 2488 quantae
1207 2413 1540 2471 infirmitatis
1573 2428 1636 2471 se
1671 2428 1793 2472 esse
1829 2429 2060 2488 perpen-

478 2506 590 2576 dat,
621 2515 750 2574 etc.,
789 2523 951 2580 usque
987 2508 1056 2563 ad
1097 2507 1143 2565 si
1169 2505 1368 2564 tolerat
1395 2520 1530 2578 quos
1553 2520 1663 2564 non
1690 2514 1858 2576 amat,
1886 2506 1974 2564 vel
2012 2505 2061 2563 si

478 2611 586 2654 non
619 2597 815 2655 tolerat
835 2614 973 2670 quos
995 2606 1161 2655 amat.

548 2687 711 2745 Vsus.
736 2689 828 2747 28.
855 2719 926 2730 -—
972 2706 993 2742 ‹
1023 2687 1212 2744 Videte
1246 2703 1315 2743 an
1347 2688 1598 2744 mentiar.
1629 2706 1648 2740 ι
1695 2685 1885 2760 (Ιὺίά.)
1924 2685 2058 2756 Quia

479 2777 722 2846 humilis,
753 2794 872 2851 qua:
903 2779 1052 2846 dicit,
1086 2794 1192 2836 non
1216 2793 1283 2836 ex
1321 2779 1647 2838 auctoritate
1675 2781 1938 2852 praecipit,
1967 2781 2064 2839 sed

479 2885 547 2927 ex
583 2872 788 2928 ratione
830 2871 1155 2944 persuadet;
1197 2872 1290 2929 sed
1333 2873 1460 2945 quia
1499 2872 1785 2930 occasione
1812 2873 2060 2942 rationis,

478 2963 742 3021 contrarii
771 2967 840 3021 ad
874 2965 1276 3022 contentionem
1313 2965 1668 3034 ell‘renantur,
1698 2967 1902 3024 subdit.

552 3055 716 3112 Vens.
740 3055 906 3114 29.—
931 3076 950 3110 α
979 3056 1340 3129 Respondete,
1360 3059 1590 3115 obsecro
1616 3058 1820 3130 absque
1847 3067 2064 3117 conten-

486 3162 508 3198 (
533 3144 699 3202 tione.
729 3166 750 3200 ι
778 3146 917 3215 Quia
965 3147 1205 3206 hmretici
1247 3148 1687 3221 inquisitionibus
1727 3165 1834 3209 non
1886 3152 2063 3209 inten-

483 3234 619 3292 dunt
639 3238 922 3296 veritatem
949 3239 1182 3312 assequi,
1211 3242 1306 3297 sed
1332 3241 1570 3298 victores
1597 3242 1788 3299 videri.

557 3343 580 3379 ι
613 3325 682 3384 Et
706 3327 1010 3399 loquentes,
1038 3338 1143 3387 etc.
1181 3349 1201 3383 ι
1234 3330 1370 3399 Quia
1413 3327 1502 3402 qui
1553 3333 1813 3405 loquitur,
1855 3335 2062 3406 judicio

483 3416 748 3474 auditoris
781 3419 1047 3478 subditur.
1082 3420 1229 3478 lnter
1257 3437 1354 3480 cor
1379 3430 1435 3478 et
1467 3423 1707 3496 linguam
1736 3425 1853 3498 ejus
1877 3443 2064 3500 aequus

485 3507 690 3564 arbiter
715 3511 809 3576 sit,
844 3518 904 3566 ut
937 3511 1071 3567 nihil
1097 3513 1501 3584 praecipitanter
1524 3515 1593 3572 de
1625 3515 1788 3573 corde
1821 3532 1921 3589 per
1960 3519 2065 3575 lin-

483 3613 646 3668 guam
672 3601 937 3670 prodeat,
969 3603 1063 3659 sed
1093 3605 1246 3675 prius
1271 3605 1544 3663 examinet
1584 3622 1748 3678 quam
1799 3609 1962 3667 dicat.
1997 3611 2070 3670 Et

486 3688 613 3758 quia
637 3691 728 3762 qui
755 3692 906 3764 prius
935 3695 1001 3752 de
1025 3695 1160 3764 suis,
1197 3705 1347 3755 recte
1381 3696 1631 3768 iudicant
1659 3701 1727 3759 de
1747 3701 1906 3762 dictis
1935 3703 2067 3762 alie-

483 3777 592 3844 nis,
621 3780 772 3838 addit
798 3802 812 3837 :

557 3871 721 3928 Vens.
759 3872 850 3928 30.
881 3905 951 3916 —-
985 3876 1092 3933 «Et
1118 3892 1225 3935 non
1254 3879 1540 3939 invenietis
1561 3883 1617 3938 in
1641 3883 1827 3955 lingua
1866 3901 2006 3944 mea.
2037 3907 2060 3942 ι

487 3957 623 4024 Quia
653 3973 762 4017 non
809 3963 962 4020 vobis
988 3965 1043 4020 in
1082 3982 1168 4022 me
1207 3969 1438 4026 stultitia
1476 3980 1675 4039 sonat,
1719 3975 1764 4030 si
1803 3990 1835 4030 a
1883 3985 2065 4033 vestra

489 4047 820 4107 conscientia
850 4066 958 4110 non
988 4057 1276 4124 procedat;
1335 4059 1414 4114 sic
1447 4060 1688 4119 Ecclesia
1725 4065 1876 4136 prius
1930 4067 2066 4124 falsa

490 4137 727 4195 hostium
754 4140 1008 4212 destruit,
1040 4154 1162 4216 post
1186 4161 1315 4203 vera
1360 4152 1572 4220 aperit,
1599 4154 1794 4224 quibus
1823 4172 1930 4214 non
1982 4165 2068 4216 est

489 4225 642 4287 locus
665 4231 791 4288 dum
823 4231 957 4292 falsa
991 4251 1093 4308 pro
1135 4239 1277 4296 veris
1301 4239 1600 4310 habentur;
1625 4259 1722 4316 per
1745 4267 1764 4300 ι
1792 4246 2058 4322 linguam;

490 4331 675 4392 aperta
702 4322 934 4394 locutio,
964 4341 1063 4398 per
1094 4330 1338 4388 «fauces:
1374 4334 1586 4391 occulta
1618 4341 1902 4408 tractatio,
1935 4342 2064 4414 quia

488 4415 634 4488 quod
671 4414 915 4476 Ecclesia
957 4418 1090 4479 foris
1120 4423 1400 4493 praedicat,
1428 4427 1657 4486 vivendo
1684 4431 1937 4489 custodit.

1099 4512 1328 4574 CAPUT
1367 4515 1475 4573 Vll.

561 4594 730 4691 Vens.
760 4599 814 4691 l.
841 4628 912 4641 —
944 4620 962 4655 ι
991 4601 1062 4658 Et
1086 4604 1229 4661 sicut
1256 4606 1389 4663 'dies
1425 4613 1768 4668 mercenarii.
1799 4631 1818 4667 ι
1843 4613 2062 4691 (Germ)

493 4685 596 4754 Qui
630 4686 747 4745 dies
767 4688 876 4747 cito
905 4693 1139 4750 transire
1159 4704 1330 4764 optat,
1376 4706 1436 4754 ut
1461 4700 1529 4756 ad
1555 4700 1758 4760 laboris
1780 4685 2062 4776 praemium

490 4779 690 4848 veniat,
720 4780 802 4838 sic
849 4784 1254 4856 omnisjustus;
1287 4798 1342 4846 et
1370 4791 1510 4848 sicut
1550 4794 1638 4850 ille
1667 4797 1720 4852 in
1762 4797 1952 4854 alienis
1977 4799 2061 4854 la-

489 4870 712 4928 boribus
755 4873 928 4942 sudat,
959 4876 1055 4932 sed
1097 4880 1372 4951 proprium
1414 4885 1696 4954 pmmium
1735 4886 1839 4943 sibi
1879 4897 2059 4959 parat,

491 4962 573 5019 sic
607 4961 789 5033 justus
841 4966 898 5022 in
947 4968 1234 5027 mundanis
1269 4972 1427 5030 malis
1479 4976 1672 5045 sudet,
1706 4987 1765 5032 ut
1820 4977 2063 5035 cmlestia

492 5054 634 5112 bona
659 5055 856 5129 capiat.
889 5056 1058 5116 Cavet
1083 5075 1153 5116 ne
1183 5076 1384 5120 vacuus
1427 5065 1496 5120 ab
1537 5080 1700 5137 opere
1733 5067 1847 5124 dies
1871 5075 1979 5135 eat,
2010 5075 2069 5125 et

493 5152 772 5224 praemium
807 5153 1098 5211 minuatur.
1128 5155 1339 5214 Patitur
1362 5158 1518 5224 dura,
1556 5169 1615 5215 ut
1637 5160 1810 5231 magis
1844 5175 2068 5218 corone-

497 5251 607 5310 tur,
633 5243 760 5301 licet
786 5260 999 5302 merces
1019 5247 1134 5319 jam
1155 5248 1226 5304 sit
1253 5248 1310 5304 in
1327 5250 1519 5315 corde;
1543 5249 1636 5304 sed
1652 5258 1831 5304 tamen
1851 5251 2068 5322 gravius

495 5345 659 5393 :estus
683 5340 912 5395 sentitur
940 5340 995 5396 in
1031 5355 1280 5412 corpore,
1309 5347 1510 5410 utpost
1536 5340 1606 5396 sit
1641 5339 1979 5414 refrigerium
2008 5343 2064 5400 in

495 5430 694 5500 quiete,
725 5440 782 5486 et
811 5433 914 5489 hoc
937 5443 1056 5490 est:

571 5521 729 5576 Vens.
757 5523 812 5576 2.
836 5554 905 5564 —
944 5543 962 5574 ε
992 5523 1146 5578 Sicut
1169 5537 1374 5578 servus.
1416 5543 1434 5574 ι
1468 5521 1612 5578 Bene
1654 5524 1831 5579 omnis
1863 5524 2067 5581 electus

499 5626 686 5666 servus
712 5612 926 5679 dicitur,
959 5614 1213 5682 quamdiu
1248 5613 1348 5668 sub
1367 5612 1496 5684 jugo
1525 5614 1884 5682 corruptionis
1911 5615 2070 5685 hujus

499 5709 605 5766 est,
635 5709 923 5771 antequam
945 5703 1127 5758 veniat
1151 5704 1203 5758 in
1231 5703 1532 5759 libertatem
1564 5703 1764 5774 gloriae.

576 5813 594 5844 ι
626 5792 692 5849 Et
725 5793 864 5852 sicut
883 5795 1270 5860 mercenarius.
1301 5814 1320 5848 ι
1351 5794 1450 5867 Qui
1493 5795 1558 5851 de
1597 5794 1859 5863 gravitate
1891 5795 2071 5867 operis

2157 1939 2310 1996 dolor
2333 1940 2539 2006 linitur,
2556 1940 2698 1998 unde
2727 1959 2740 1996 :

2233 2049 2252 2084 ι
2284 2029 2353 2087 Et
2403 2031 2652 2104 replebor
2700 2031 2998 2091 doloribus.
3033 2051 3054 2088 ι
3087 2031 3264 2091 Causa
3309 2039 3494 2090 autem
3531 2032 3750 2092 doloris

2157 2124 2274 2182 haec
2301 2133 2387 2181 est
2419 2143 2434 2181 :

2227 2217 2393 2275 Vsus.
2424 2218 2479 2275 5.
2502 2249 2576 2262 —
2604 2236 2626 2272 ί
2676 2219 2866 2278 [nduta
2911 2228 3016 2278 est.
3050 2237 3071 2275 ι
3112 2219 3311 2294 (Ibid)
3339 2219 3541 2278 Eadem
3570 2219 3756 2278 subti-

2157 2307 2261 2366 lius
2290 2309 2346 2364 in
2383 2308 2646 2380 Ecclesia,
2675 2319 2806 2380 etc.,
2838 2328 3001 2384 usque
3031 2312 3100 2369 ad
3127 2326 3239 2370 non
3263 2312 3346 2371 eis
3363 2321 3450 2371 est
3472 2312 3565 2370 hic
3606 2312 3755 2370 inte-

2157 2417 2256 2475 gra
2285 2401 2454 2471 salus,
2491 2404 2636 2462 unde
2659 2405 2884 2480 subdit:

2235 2513 2254 2548 ι
2303 2493 2371 2552 Ει
2420 2495 2670 2566 replebor
2727 2497 3002 2557 doloribus
3048 2513 3219 2572 usque
3265 2499 3335 2558 ad
3385 2499 3670 2558 tenebras.
3722 2518 3748 2554 ι

2159 2587 2295 2657 Quia
2340 2589 2687 2648 securitatem
2715 2605 2824 2648 non
2867 2592 3098 2659 invenit,
3140 2595 3309 2652 donec
3341 2593 3562 2665 penitus
3603 2601 3754 2650 ten-

2158 2693 2260 2751 pus
2307 2680 2619 2740 tentationis
2685 2672 2963 2757 relinquit.
3014 2684 3228 2745 Doloris
3276 2693 3459 2745 autem
3515 2701 3751 2746 causa

2161 2769 2342 2826 subdit
2375 2784 2389 2823 :
2697 2795 2701 2800 -

2165 2873 2180 2902 ἀ
2235 2879 2255 2914 σ
2285 2861 2478 2920 lnduta
2512 2872 2597 2922 est
2635 2877 2784 2932 caro,
2822 2884 2844 2918 ι
2873 2864 2929 2922 id
2978 2873 3097 2934 est,
3147 2866 3386 2925 carnalis
3430 2867 3545 2924 vita
3574 2883 3751 2939 quam
3851 2841 3870 2862 ’

2159 2966 2286 3024 ago,
2311 2951 2397 3009 vel
2429 2953 2571 3010 mala
2601 2955 2917 3027 operatione
2958 2957 3234 3030 polluitur,
3275 2959 3360 3017 vel
3387 2960 3513 3018 inde
3551 2961 3754 3018 restri-

2161 3052 2270 3112 cta,
2305 3058 2374 3102 ex
2423 3047 2686 3104 memoria
2733 3047 3054 3120 imaginibus
3085 3059 3434 3122 peccatorum
3471 3049 3753 3123 fuscatur,

2163 3151 2284 3209 quae
2309 3139 2464 3209 quasi
2494 3139 2670 3211 pulvis
2689 3149 2818 3196 ante
2840 3140 3027 3199 oculos
3053 3151 3303 3216 surgunt.
3333 3143 3578 3201 Ecclesia
3608 3159 3754 3203 vero

2086 3203 2136 3271 θ
2165 3203 2221 3284 in
2249 3203 2571 3299 quibusdam
2599 3231 2943 3304 putredinem
2991 3203 3220 3290 luxuria:
3259 3235 3439 3293 carnis
3463 3235 3660 3304 sentit,
3690 3236 3754 3292 in

2164 3319 2358 3391 quibus
2381 3323 2610 3380 terrenis
2635 3325 2846 3384 actibus
2867 3326 3064 3386 deditis
3083 3327 3304 3400 pulvere
3330 3329 3750 3404 conspergitur:

2166 3411 2234 3468 de
2269 3411 2517 3484 utrisque
2555 3413 2739 3472 subdit
2771 3434 2788 3473 :

2243 3521 2263 3558 ‹
2301 3504 2456 3563 Cutis
2497 3522 2638 3564 mea.
2673 3527 2694 3563 ι
2724 3507 2878 3568 Cutis
2923 3520 3050 3569 sunt
3095 3512 3152 3570 in
3197 3513 3478 3585 Ecclesia,
3515 3517 3614 3590 qui
3648 3532 3754 3575 so-

2164 3596 2234 3654 lis
2291 3599 2653 3658 exterioribus
2698 3601 2846 3661 curis
2867 3613 3063 3662 vacant
3100 3621 3374 3678 :quorum
3421 3608 3592 3666 corda
3643 3609 3751 3666 de-

2165 3689 2401 3761 speratio
2448 3691 2655 3760 siccat,
2703 3702 2761 3750 et
2811 3693 2936 3753 ideo
2996 3698 3392 3756 contrahuntur
3411 3739 3428 3767 ,
3478 3713 3589 3756 non
3639 3715 3752 3757 e1-

2165 3781 2301 3836 tenti
2340 3796 2436 3853 per
2478 3781 2939 3856 longanimitatem
2975 3786 3044 3844 ad
3070 3796 3330 3847 aeternam
3361 3790 3528 3849 vitam
3560 3809 3575 3846 :
3603 3807 3754 3863 pra:-

2167 3874 2411 3931 sentibus
2440 3875 2649 3932 haerent
2676 3894 2690 3932 :
2720 3878 2866 3948 quod
2892 3878 3015 3937 ideo
3036 3879 3118 3948 ﬁt,
3164 3882 3295 3954 quia
3321 3898 3429 3941 non
3456 3884 3754 3940 attendunt

2167 3981 2330 4040 quam
2354 3967 2580 4040 fugitiva
2607 3969 2724 4026 lucc
2745 3970 2856 4027 vita
2883 3971 2975 4029 sit.
2991 3971 3099 4030 Sed
3118 3973 3359 4032 Ecclesia
3387 3983 3612 4032 econtra
3637 3995 3650 4032 :

2240 4057 2403 4115 Vens.
2424 4058 2477 4114 6.
2495 4090 2567 4100 —
2586 4078 2605 4112 ε
2623 4060 2750 4117 Dies
2776 4062 2883 4119 mei
2896 4061 3153 4121 velocius.
3179 4083 3200 4119 ι
3219 4063 3371 4123 Sicut
3391 4067 3497 4124 tela
3520 4067 3650 4136 ﬁlis,
3663 4069 3752 4126 sic

2167 4149 2280 4205 vita
2306 4150 2495 4208 diebus
2519 4151 2746 4223 singulis
2769 4154 2986 4225 prolicit
3017 4173 3032 4210 :
3075 4156 3170 4213 sed
3188 4172 3297 4228 quo
3321 4158 3496 4230 magis
3520 4159 3748 4228 crescit,

2169 4241 2236 4296 ad
2261 4241 2577 4298 incisionem
2603 4245 2795 4300 tendit.
2828 4245 2934 4302 Sed
2963 4255 3020 4302 et
3055 4246 3180 4304 tela:
3204 4246 3568 4305 festinantium
3595 4250 3750 4306 velo—

2166 4332 2304 4389 citas
2329 4332 2453 4388 vita:
2481 4334 2694 4400 transit,
2719 4350 2840 4406 quae
2873 4351 3090 4408 semper
3113 4336 3316 4395 deficit.
3343 4338 3415 4395 Et
3429 4338 3550 4397 ideo
3578 4339 3747 4397 electi

2166 4440 2263 4481 cor
2285 4439 2394 4482 non
2423 4425 2479 4480 in
2509 4441 2574 4481 ea
2601 4425 2794 4497 ﬁgunt,
2825 4427 2968 4484 unde
2994 4428 3071 4484 ait
3096 4443 3112 4484 :

2243 4532 2262 4567 ι
2298 4515 2366 4570 Et
2391 4517 2694 4588 consumpti
2731 4524 2887 4584 sunt,
2919 4536 2939 4570 ι
2966 4517 3022 4573 id
3046 4526 3152 4588 est,
3189 4519 3396 4576 nullam
3423 4520 3554 4577 mihi
3599 4519 3746 4578 ﬁdu-

2168 4605 2308 4663 ciam
2333 4619 2475 4677 pono
2512 4607 2566 4662 in
2596 4606 2680 4663 bis
2711 4624 2726 4662 :
2762 4608 2906 4678 quod
2962 4607 3169 4666 faciunt
3211 4611 3452 4682 reprobi,
3479 4626 3580 4684 ego
3609 4627 3744 4668 non.

2242 4697 2402 4754 Vsus.
2433 4697 2489 4751 7.
2511 4727 2582 4738 —
2615 4715 2635 4749 ι
2662 4696 2950 4755 Memento.
2986 4719 3006 4753 ι
3042 4699 3232 4775 (Ιὺεά.)
3261 4701 3320 4760 ld
3343 4712 3450 4770 est,
3479 4703 3749 4775 benignus

2168 4785 2429 4842 velociter
2461 4793 2830 4844 transeuntem
2876 4787 3104 4859 respice,
3143 4789 3272 4861 quia
3316 4791 3570 4848 humana
3619 4791 3750 4849 bre-

2167 4877 2353 4933 vitatis
2379 4877 2766 4946 consideratio,
2791 4879 2903 4936 Deo
2929 4887 3015 4936 est
3042 4887 3197 4952 grata
3223 4879 3446 4938 oblatio.

2243 4987 2264 5022 ι
2297 4967 2434 5035 Quia
2483 4978 2676 5026 ventus
2719 4977 2822 5026 est.
2858 4989 2878 5024 ι
2911 4971 3032 5028 Vita
3062 4979 3266 5028 :eterna
3299 4980 3356 5029 et
3379 4971 3550 5031 solida
3584 4987 3606 5030 :
3653 4975 3746 5033 hic

2167 5060 2279 5118 vita
2302 5074 2405 5116 nec
2440 5059 2612 5116 solida
2646 5075 2748 5117 nec
2779 5076 3006 5119 manens
3027 5059 3321 5133 iudicatur.

2239 5156 2428 5230 (Ibid.)
2449 5157 2518 5212 Et
2545 5157 2672 5228 quia
2703 5166 2992 5230 postquam
3030 5158 3224 5216 transit
3253 5159 3381 5227 vita,
3423 5173 3531 5217 non
3557 5167 3646 5218 est
3667 5159 3743 5218 lo-

2165 5263 2263 5307 cus
2282 5249 2523 5306 merendi
2546 5249 2776 5317 veniam,
2809 5251 3026 5306 subdit:

2244 5359 2263 5392 ι
2289 5340 2358 5395 Et
2383 5355 2491 5396 non
2520 5341 2825 5396 revertitur.
2872 5361 2892 5394 ι
2933 5341 2992 5396 ld
3012 5352 3113 5407 est,
3160 5352 3282 5414 post
3304 5349 3553 5408 mortem,
3584 5358 3740 5400 mens

2169 5447 2320 5490 suam
2362 5431 2773 5488 retributionem
2803 5433 3014 5501 videns,
3042 5450 3150 5490 non
3175 5443 3458 5490 revocatur
3480 5435 3550 5490 ad
3578 5435 3738 5490 exhi-

2166 5525 2338 5580 benda
2391 5524 2528 5579 bona
2577 5538 2741 5592 opera
2777 5538 2791 5577 :
2826 5525 2966 5580 unde
3007 5524 3158 5580 dives
3209 5525 3276 5580 de
3317 5541 3377 5581 se
3421 5525 3739 5595 desperans,

2168 5617 2312 5686 quod
2354 5625 2437 5672 est
2487 5616 2796 5686 aggravatio
2840 5631 3012 5685 poenm
3039 5655 3054 5681 ,
3105 5631 3201 5686 pro
3248 5615 3505 5670 fratribus
3565 5627 3740 5687 rogat.

2169 5708 2308 5763 Ecce
2344 5707 2452 5762 vita
2506 5707 2725 5775 transit,
2769 5706 2910 5778 quod
2962 5706 3204 5778 sequitur
3247 5713 3550 5777 permanet.
3615 5704 3744 5762 Post

2172 5797 2356 5863 etiam,
