3982 6352
226 429 330 486 777

1274 405 1550 466 GLOSSA
1588 354 1985 460 onotNAmA.
2025 426 2094 437 —
2129 395 2258 453 un.
2295 393 2434 453 JOB.

3370 383 3478 446 778

289 537 458 594 Vens.
488 535 542 593 8.
569 563 642 576 —
670 552 689 585 ς
722 530 832 588 Nec
857 527 1082 601 aspiciet
1113 539 1202 580 me
1218 523 1368 579 visus
1387 519 1642 577 hominis.
1684 537 1702 568 ι
1739 513 1797 570 Id
1825 515 1874 577 Α
1899 526 2000 567 nos
2028 510 2300 566 custodire
2332 516 2678 578 nequeamus,
2702 509 2760 560 et
2785 502 2832 558 si
2875 501 3006 573 quid
3042 513 3320 567 conamur,
3345 514 3480 575 ραις

219 624 688 689 estmisericordia
712 618 1114 691 Redemptoris,
1131 630 1251 688 quae
1279 614 1621 685 peccantium
1647 608 1796 663 duri—

220 725 356 779 tiam
393 716 616 781 emollit,
656 722 716 770 ut
753 727 879 769 cum
905 710 1127 766 Petrum
1171 703 1408 777 respexit
1437 701 1592 773 (Luc.
1629 698 1796 770 xm);

1904 604 2040 660 catis
2063 617 2368 674 gravamur,
2393 602 2563 654 unde:

1979 713 1998 746 ι
2033 695 2208 762 Quare
2231 690 2454 764 posuisti
2489 704 2577 744 me
2598 687 2950 744 contrarium.
2979 704 3000 739 ι
3025 685 3160 743 Cum
3184 687 3347 746 homo
3368 703 3482 746 ser-
3524 677 3535 690 ’

221 812 319 871 sed
342 819 464 883 post
494 779 724 864 mortem
762 816 870 859 non
903 800 1129 863 liberat,
1161 811 1322 868 quem
1345 803 1470 849 ante
1487 791 1662 864 gratia
1692 799 1800 844 non
1901 788 2073 883 penti-
2103 785 2508 883 credi_dit,-e-tc.
2533 823 2548 850 ,
2583 798 2745 853 usque
2797 780 2866 834 ad
2904 780 3000 836 sed
3051 779 3485 838 misericordiam
3581 819 3598 832 .

222 905 506 963 reformat.
537 898 656 954 Non
681 897 830 953 visus
859 890 1114 955 hominis,
1135 889 1233 946 sed
1252 929 1270 957 ,

305 1017 325 1051 ι
359 994 514 1053 Oculi
533 992 612 1048 tui
639 992 716 1047 in.
743 1009 762 1042 ι
790 985 1010 1063 (Gram)
1033 984 1092 1040 ld
1113 991 1217 1051 est,
1245 979 1545 1038 districtum
1565 975 1804 1048 iudicem

223 1091 296 1148 ad
319 1087 622 1146 feriendum
639 1081 868 1147 videbis,
897 1087 956 1136 et
978 1077 1071 1150 qui
1100 1077 1190 1132 hic
1216 1080 1559 1146 exspectatus
1597 1069 1666 1126 ad
1689 1082 1804 1140 poe-

223 1178 513 1237 nitentiam
539 1173 779 1239 substiti,
805 1173 920 1245 jam
946 1184 1053 1226 non
1077 1168 1355 1224 subsistat.
1385 1163 1500 1219 Hoc
1512 1161 1662 1232 justo
1683 1176 1808 1217 con-

223 1271 400 1336 venit,
425 1269 517 1341 qui
541 1267 696 1323 timet
719 1279 881 1321 omne
907 1261 1052 1334 quod
1079 1259 1223 1331 agit,
1267 1266 1322 1313 et
1353 1265 1557 1313 remota
1609 1255 1808 1327 pietate

225 1377 290 1419 se
313 1359 612 1432 periturum
634 1353 874 1426 praescit,
913 1360 969 1408 et
1012 1366 1119 1407 non
1147 1348 1396 1405 subsistit
1433 1354 1560 1401 ante
1597 1345 1805 1410 oculos,

225 1455 358 1528 quia
387 1466 563 1526 poenae
584 1451 694 1505 vita
721 1463 831 1504 non
856 1443 1070 1511 suﬂicit,
1110 1444 1156 1499 si
1190 1441 1402 1512 justitia
1429 1456 1552 1496 eum
1588 1440 1806 1511 premit.

224 1547 341 1604 Nec
360 1547 503 1602 enim
523 1552 693 1610 astra,
714 1541 770 1597 id
783 1548 870 1596 est
885 1539 978 1610 qui
1000 1538 1286 1594 sanctitate
1311 1536 1511 1600 lucent,
1538 1549 1722 1590 coram
1746 1548 1812 1589 eo

227 1637 434 1693 munda
462 1642 607 1692 sunt.
641 1632 810 1704 Culpa
841 1639 1026 1687 autem
1052 1637 1108 1685 et
1130 1643 1288 1699 poena
1335 1627 1556 1682 humani
1598 1626 1813 1699 generis

224 1727 470 1784 breviter
505 1724 774 1782 subditur.

306 1818 469 1872 Vens.
495 1816 636 1873 9.-
653 1833 673 1868 ‹
693 1814 847 1871 Sicut
871 1813 1207 1871 consumitur
1232 1811 1422 1867 nubes.
1448 1831 1468 1863 ι
1501 1808 1687 1883 (Ιὸἰά.)
1711 1807 1815 1864 Nu-

1906 880 2124 952 qumrit,
2152 877 2294 933 unde
2323 875 2471 932 addit
2500 893 2514 931 :

1977 973 2123 1030 Vens
2169 971 2260 1026 21.
2302 1001 2374 1011 -
2401 988 2420 1022 ι
2452 969 2562 1025 Cur
2592 983 2700 1025 non
2731 968 2895 1026 tollis.
2935 988 2954 1021 ›
2993 968 3132 1026 Ecce
3160 969 3490 1028 desiderium

1907 1063 2233 1126 Mediatoris,
2259 1061 2352 1132 qui
2392 1059 2528 1116 tollit
2554 1069 2778 1132 peccata
2810 1061 3014 1115 mundi.
3041 1061 3171 1126 Vel,
3202 1069 3330 1119 tunc
3359 1077 3490 1134 pec-

1909 1165 2089 1212 catum
2103 1153 2277 1224 'plene
2319 1149 2566 1216 tolletur,
2611 1165 2736 1205 cum
2786 1151 2841 1206 in
2885 1152 3287 1222 corruptionem
3329 1155 3492 1210 homo

1909 1245 2228 1300 mutabitur.
2261 1241 2544 1298 Desiderat
2574 1256 2701 1312 ergo
2730 1239 3146 1312 Redemptorem
3189 1241 3276 1303 vel
3306 1260 3491 1300 resur-

1912 1337 2229 1400 rectionem,
2255 1335 2397 1390 unde
2421 1342 2478 1389 et
2494 1347 2711 1405 poenam
2751 1348 2913 1403 quam
2940 1348 3007 1388 ex
3030 1335 3240 1406 origine
3271 1336 3491 1402 meruit,

1912 1438 1969 1486 et
1990 1429 2252 1500 judicium
2297 1427 2439 1498 quod
2482 1443 2547 1482 ex
2593 1427 3058 1498 propriaoactione
3091 1429 3265 1495 timet,
3309 1428 3496 1499 adjun-

1915 1524 2010 1596 git.
2042 1522 2178 1578 Ecce
2213 1536 2359 1576 nunc
2389 1520 2636 1590 peccanti
2681 1519 2884 1575 homini
2934 1520 3140 1576 dictum
3187 1529 3271 1578 est
3299 1537 3316 1577 :
3348 1521 3498 1580 Cinis

1915 1630 1974 1671 es
1993 1655 2006 1680 ,
2038 1623 2094 1669 et
2121 1613 2176 1668 in
2199 1613 2438 1668 cinerem
2466 1610 2776 1666 reverteris.
2815 1630 2834 1662 ι

1995 1725 2012 1756 ‹
2036 1705 2214 1773 Quare
2239 1701 2462 1774 posuisti
2490 1715 2576 1755 me
2596 1701 2952 1756 contrarium.
2978 1721 2996 1753 ι
3023 1701 3214 1774 (Ιὺὶά.)
3243 1703 3381 1772 Quia
3413 1703 3500 1759 in-

1917 1799 2123 1866 ferior,
2168 1797 2344 1853 factus
2399 1795 2705 1852 contrarius
2755 1796 2915 1851 modo
2973 1796 3278 1868 superiori,
3319 1797 3376 1852 id
3421 1806 3502 1853 est

226 1912 332 1964 bes
375 1908 443 1964 ad
472 1906 582 1964 alia
607 1907 836 1974 ιεναιυιι,
867 1913 1000 1974 etc.,
1035 1922 1195 1977 usque
1229 1904 1299 1959 ad
1323 1904 1461 1959 vade
1504 1903 1562 1959 in
1590 1903 1811 1960 domum
1838 1902 1889 1964 Β
1915 1891 2028 1948 Deo
2060 1909 2074 1946 :
2117 1890 2237 1946 ideo
2269 1897 2513 1946 nostrum
2551 1886 2798 1953 inferius,
2828 1887 2882 1942 id
2923 1896 3007 1942 est
3052 1887 3394 1954 sensualilas,
3429 1888 3504 1944 fa-

229 2013 471 2151 “ﬁngis.
503 2093 590 2150 10.
617 2123 690 2135 -
719 2112 740 2146 ι
783 2091 971 2164 Neque
1013 2099 1302 2164 cognoscet
1340 2104 1465 2146 eum
1492 2089 1822 2162 ampliusllo-

228 2205 354 2246 cus.
391 2208 408 2241 ι
447 2184 665 2260 (ιὺἱά.)
693 2185 870 2242 Locus
895 2185 1130 2242 hominis
1154 2184 1297 2240 Deus
1322 2192 1406 2240 est
1426 2223 1442 2250 ,
1485 2191 1590 2239 etc.
1617 2223 1634 2250 ,
1661 2199 1822 2255 usque

229 2281 310 2334 ad
359 2279 534 2336 adhuc
589 2277 656 2334 de
707 2277 1054 2350 corruptione
1107 2275 1291 2333 carnis
1340 2273 1824 2332 contradictionem

232 2382 478 2520 ⁵8132118.
512 2462 600 2520 12.
629 2493 700 2505 -
733 2481 754 2517 ι
786 2461 1040 2535 Nunquid
1080 2475 1232 2516 mare
1252 2475 1392 2516 sum.
1425 2478 1444 2513 ›
1475 2458 1668 2535 (ιῡίά.)
1693 2457 1826 2516 Car-

235 2567 358 2620 cer,
387 2563 468 2610 est
497 2569 624 2609 caro
651 2568 772 2625 qua:
797 2552 1038 2625 impedit,
1065 2559 1195 2618 etc.,
1230 2568 1392 2623 usque
1427 2550 1498 2608 ad
1527 2565 1671 2610 nunc
1693 2550 1825 2606 sub-

238 2645 324 2699 dit
354 2643 640 2699 consilium
661 2651 850 2700 contra
883 2658 970 2700 ea.

317 2733 480 2789 Vens.
511 2733 684 2790 15.-
702 2751 724 2786 ι
749 2732 1112 2802 Quamobrem
1127 2731 1311 2804 elegit.
1340 2749 1359 2784 ι
1387 2728 1578 2805 (Ποία.)
1605 2729 1827 2796 Anima,

238 2833 331 2884 est
358 2827 584 2883 intentio
610 2826 830 2894 mentis,
851 2835 987 2895 etc.,
1015 2843 1177 2898 usque
1204 2825 1273 2881 ad
1310 2844 1327 2876 ι
1371 2824 1419 2880 si
1455 2823 1560 2880 hoc
1587 2821 1722 2878 mihi
1751 2821 1831 2876 fa-

240 2931 436 2978 cturus
459 2937 519 2979 es
545 2922 791 2980 interfice
820 2939 928 2979 me.
962 2943 982 2977 ι

237 2995 252 3016 ⁸
320 3013 485 3070 Vens.
511 3015 599 3072 16.
621 3045 696 3056 -
727 3033 747 3068 ι
776 3015 948 3072 Parce
987 3016 1118 3071 mihi
1143 3056 1160 3081 ,
1193 3014 1420 3072 Domine
1442 3055 1459 3082 ,
1493 3033 1512 3067 ι
1541 3023 1602 3070 ιιι
1627 3021 1833 3069 aeterna

242 3107 367 3173 des,
393 3107 521 3178 quia
563 3114 874 3178 contemptu
902 3106 1117 3164 illorum
1142 3106 1259 3162 haec
1295 3104 1489 3160 melius
1522 3115 1830 3175 sperantur.

245 3197 389 3253 Dum
415 3197 563 3270 parci
614 3197 716 3254 sibi
741 3197 918 3270 petit,
964 3199 1159 3269 probat
1204 3197 1350 3269 quod
1382 3214 1488 3254 non
1531 3215 1562 3254 a
1591 3196 1703 3255 Deo
1740 3198 1834 3255 de-

1921 1994 2070 2041 ctum
2121 1989 2204 2039 est
2249 1979 2586 2038 contrarium
2622 1979 2908 2051 superiori,
2948 1979 3000 2036 id
3031 1988 3116 2036 est
3167 1980 3402 2050 spiritui,
3450 1987 3506 2035 ut

1922 2091 2141 2148 semper
2177 2080 2440 2146 pugnent.

1979 2175 2018 2220 ”‹
2056 2166 2247 2230 Mane,
2287 2184 2306 2219 ι
2338 2164 2395 2219 id
2437 2170 2540 2228 est,
2577 2163 2632 2218 in
2681 2162 2914 2218 adventu
2958 2161 3177 2231 judicis,
3211 2161 3296 2218 cui
3327 2163 3507 2218 omnia

1925 2267 2131 2334 aperta.
2158 2257 2414 2327 Quaerere
2463 2254 2592 2320 Dei,
2624 2261 2708 2311 est
2755 2253 3001 2308 districte
3050 2252 3328 2325 judicare,
3387 2264 3511 2310 ante

1925 2366 2088 2422 quem
2117 2364 2218 2406 nec
2246 2350 2423 2419 justus
2449 2347 2726 2410 subsistit;
2767 2345 2860 2401 sed
2892 2346 2996 2400 hoc
3041 2355 3124 2402 est
3173 2343 3423 2401 solatium
3455 2346 3505 2402 li.

1926 2440 2244 2507 berationis,
2268 2440 2411 2513 quod
2438 2453 2498 2496 se
2517 2437 2764 2497 sufficere
2786 2452 2894 2494 non
2922 2453 3082 2510 posse
3108 2437 3239 2494 dicit
3258 2438 3511 2504 humilTs;

1926 2533 2135 2606 plangit
2161 2547 2292 2606 ergo
2333 2541 2566 2617 mortem
2610 2547 2731 2604 qua:
2761 2547 2904 2587 nunc
2931 2540 3034 2599 est,
3065 2532 3219 2588 timet
3248 2529 3513 2601 judicium

1931 2625 2076 2697 quod
2103 2624 2370 2682 imminet.

2521 2713 2750 2770 CAPUT
2791 2714 2920 2771 Vlll.

2001 2834 2167 2890 Vens.
2194 2833 2244 2887 l.
2269 2862 2340 2872 —
2369 2850 2388 2883 ι
2409 2831 2763 2902 Respondeas
2785 2837 2986 2886 autem.
3023 2850 3042 2883 ι
3071 2828 3290 2903 (ρης.)
3332 2830 3521 2889 Scien-

1935 2925 2066 2980 dum
2101 2932 2188 2980 est
2225 2922 2514 2992 imprimis,
2545 2921 2672 2990 quia
2701 2921 2841 2976 sicut
2868 2921 3091 2992 Eliphaz
3113 2923 3520 2980 sanctissimum

1934 3013 2035 3070 Job
2062 3015 2129 3069 de
2157 3014 2409 3084 superbia
2447 3012 2816 3084 principaliter
2843 3013 3080 3080 notavit,
3098 3015 3226 3073 licet
3254 3017 3399 3073 etde
3422 3019 3524 3090 hy-

1934 3106 2134 3176 pocrisi
2175 3105 2416 3161 breviter
2455 3105 2712 3174 tetigerit,
2753 3105 2827 3158 ita
2869 3112 2925 3160 et
2980 3106 3083 3162 iste
3127 3107 3195 3163 de
3247 3109 3524 3180 hypocrisi

1933 3196 2307 3268 principaliter
2349 3203 2541 3250 notare
2591 3195 2848 3258 intendit;
2904 3197 2998 3251 sed
3054 3197 3367 3268 priusquam
3420 3200 3528 3256 hoc

244 3293 519 3364 speravit;
552 3291 696 3364 quod
733 3302 835 3358 est,
867 3292 1212 3362 suspendium
1243 3291 1428 3362 elegit,
1459 3290 1563 3346 hoc
1598 3300 1704 3357 est,
1734 3291 1830 3346 de-
1859 3274 1905 3337 C
1936 3287 2118 3352 faciat,
2157 3287 2412 3358 quiddam
2441 3284 2722 3356 praemittit
2766 3284 2907 3341 unde
2953 3287 3309 3358 perpenditur
3361 3305 3526 3359 quam

247 3383 505 3452 speravit,
533 3381 600 3437 de
629 3382 817 3438 eodem
845 3381 1046 3446 intulit,
1067 3397 1228 3452 parce
1257 3398 1271 3435 :
1307 3381 1450 3452 quod
1471 3387 1575 3448 est,
1600 3389 1831 3438 mortem

246 3489 379 3530 ossa
410 3491 423 3527 :
448 3473 551 3529 hoc
577 3480 682 3540 est,
706 3488 816 3529 non
849 3473 990 3528 ultra
1021 3471 1204 3527 vivant
1229 3472 1336 3527 hoc
1364 3471 1545 3534 tertio.

335 3583 355 3617 ε
391 3563 535 3620 Nihil
566 3563 712 3620 enim
741 3573 869 3621 sunt
903 3565 1018 3621 dies
1043 3565 1169 3619 mei.
1223 3583 1243 3616 ι
1277 3562 1381 3631 Qui
1409 3571 1611 3619 aeterna
1659 3564 1835 3619 consi-

252 3658 434 3723 derat,
461 3657 529 3712 ad
570 3671 630 3713 se
659 3656 876 3714 rediens
909 3657 1049 3713 bene
1096 3657 1199 3712 hos
1241 3655 1357 3712 dies
1387 3654 1523 3710 nihil
1566 3663 1752 3723 vocat,
1781 3663 1838 3711 et

253 3749 504 3806 districte
524 3747 758 3818 iudicari
779 3748 1054 3804 formidat.

333 3841 502 3898 Vens.
531 3841 616 3896 l7.
639 3872 710 3883 —
741 3861 759 3893 ‹
781 3841 918 3910 Quid
943 3851 1028 3897 est
1055 3839 1238 3896 homo.
1268 3860 1287 3894 ι
1321 3838 1509 3913 (Ibid.)
1531 3838 1842 3912 Magnificat

256 3936 406 3990 Deus
447 3933 723 3990 hominem
773 3933 942 3989 multo
989 3932 1254 4005 spirituali
1291 3947 1550 3999 munere,
1605 3941 1661 3987 et
1711 3947 1841 4004 erga

256 4041 386 4083 eum
415 4027 568 4098 ponit
613 4018 736 4092 cor,
765 4027 892 4097 quia
920 4040 1019 4096 pro
1070 4025 1214 4081 datis
1264 4024 1566 4080 districtius
1608 4023 1836 4093 judicat.

261 4119 375 4175 Sed
417 4119 546 4189 quid
591 4118 790 4175 homo?
819 4118 974 4189 quasi
1001 4132 1016 4172 :
1045 4118 1147 4173 etsi
1174 4116 1551 4189 magnificatus
1593 4116 1736 4172 ultra
1782 4131 1844 4172 se

261 4209 423 4266 donis
446 4209 551 4263 tuis
571 4249 586 4274 ,
619 4215 804 4264 tamen
834 4208 960 4280 quia
993 4223 1124 4265 caro
1147 4217 1254 4274 est,
1287 4207 1334 4263 si
1370 4209 1487 4263 sine
1513 4207 1716 4278 pietate
1749 4207 1841 4278 ju-

264 4301 496 4363 dicetur,
523 4299 668 4356 ferre
699 4315 804 4355 non
837 4309 1034 4370 potest,
1067 4300 1210 4355 unde
1240 4298 1416 4356 adhuc
1437 4300 1622 4354 addit:

337 4390 504 4447 Vens.
541 4392 628 4448 18.
654 4419 723 4431 —-
758 4411 776 4443 ι
815 4391 1015 4446 Visitas
1042 4406 1166 4446 cum
1198 4391 1451 4447 diluculo.
1489 4410 1508 4443 ι
1539 4389 1846 4446 Diluculum

263 4493 354 4540 est
390 4498 512 4539 cum
554 4481 622 4537 de
650 4492 807 4537 nocte
836 4481 1085 4537 vitiorum
1120 4491 1176 4537 et
1201 4483 1519 4553 ignorantia:
1558 4483 1628 4538 ad
1670 4482 1845 4537 lucem

265 4577 416 4634 venit
442 4576 625 4642 homo,
659 4575 712 4629 in
739 4589 845 4646 quo
867 4583 922 4630 et
946 4590 1068 4629 mox
1099 4575 1358 4644 probatur
1386 4593 1399 4629 :
1432 4590 1500 4630 ne
1519 4575 1664 4630 enim
1704 4575 1844 4630 bona

269 4689 303 4726 a
342 4683 402 4725 se
435 4668 634 4725 habere
677 4669 958 4738 glorietur,
992 4669 1286 4725 tentatione
1330 4670 1546 4725 concuti
1588 4668 1850 4739 permitti-

271 4773 384 4828 tur,
423 4770 484 4816 ut
504 4762 730 4818 altitudo
754 4762 847 4817 Dei
877 4771 932 4816 et
967 4763 1049 4818 sui
1078 4762 1364 4817 infirmitas
1400 4762 1668 4822 videatur.
1709 4761 1850 4816 sicut

271 4854 532 4912 Salomon
573 4863 699 4925 post
730 4853 1049 4924 sapientiam
1087 4859 1326 4908 tentatur
1363 4867 1393 4906 a
1440 4851 1847 4917 meretricibus;

271 4950 394 5005 hac
441 4956 549 5003 tota
602 4949 707 5003 hac
767 4946 1095 5002 mortalitate
1158 4946 1321 5002 homo
1373 4944 1616 5017 patitur,
1661 4945 1850 4998 unde:

279 5061 302 5096 ε
339 5039 634 5110 Usquequo
662 5053 771 5094 non
796 5038 976 5108 parcis
1002 5037 1154 5092 mihi.
1197 5057 1216 5089 ι

349 5133 516 5190 Vens.
547 5132 632 5189 19.
666 5161 736 5172 —-
768 5151 787 5184 ι
825 5130 1082 5186 Salivam.
1122 5151 1141 5184 ι
1177 5129 1366 5203 (Ιὸἱά.)
1408 5130 1587 5187 Saliva
1633 5131 1689 5186 in
1732 5145 1795 5187 os
1820 5146 1852 5187 a

278 5224 459 5296 capite
489 5222 708 5288 labitur,
733 5229 862 5286 etc.,
904 5237 1065 5292 usque
1109 5221 1178 5275 ad
1215 5221 1306 5292 qui
1353 5223 1455 5278 hoc
1483 5222 1596 5277 vult
1632 5223 1852 5290 mereri,

278 5318 484 5373 fatetur
509 5315 709 5370 malum
739 5313 880 5384 quod
909 5312 1074 5368 fecit:
1111 5332 1130 5366 ‹
1156 5312 1402 5379 Peccavi,
1429 5322 1534 5370 etc.
1575 5334 1594 5367 ι

355 5408 520 5463 Vens.
540 5405 634 5461 20.
657 5436 722 5445 -
759 5425 776 5456 ‹
813 5404 1072 5471 Peccavi,
1103 5405 1234 5475 quid
1262 5403 1454 5460 faciam
1474 5406 1588 5461 tibi.
1611 5426 1630 5459 ι
1667 5404 1854 5478 (ιὸἱά.)

280 5501 452 5572 Quasi
487 5519 499 5555 :
541 5501 670 5572 quid
699 5500 753 5554 in
788 5501 1346 5571 recompensationem
1384 5500 1482 5556 tibi
1507 5499 1728 5556 offeram
1747 5515 1858 5556 non

282 5587 543 5660 invenio,
599 5593 728 5664 quia
780 5591 958 5649 omnis
1004 5592 1178 5648 virtus
1237 5590 1472 5646 hominis
1525 5592 1594 5646 ad
1644 5593 1857 5662 culpam

283 5687 609 5744 abluendam
651 5686 866 5741 infirma
903 5693 1004 5740 est.
1033 5683 1158 5749 Vel,
1205 5702 1222 5734 ι
1271 5683 1400 5752 quid
1434 5682 1629 5738 faciam
1675 5684 1806 5749 tibi,
1833 5702 1854 5736 ι

285 5780 444 5852 quasi
471 5797 485 5833 :
511 5780 695 5834 omnia
723 5779 862 5833 bona
893 5793 1000 5831 non
1037 5776 1164 5840 tibi,
1197 5776 1294 5830 sed
1320 5774 1476 5830 nobis
1509 5783 1752 5844 prosunt.

364 5897 380 5926 ι
429 5873 475 5930 0
499 5880 683 5929 custos
725 5871 1022 5926 hominum.
1054 5889 1074 5922 ι
1106 5869 1241 5937 Quia
1284 5885 1380 5924 nos
1414 5870 1492 5924 sic
1513 5869 1776 5934 destituit,
1805 5877 1866 5924 ut

609 5964 890 6026 ΡΑτιιοι..
929 5960 1148 6024 CXlll.

1936 3396 2167 3439 onerosa
2205 3381 2254 3436 ci
2299 3379 2500 3436 fuerint
2547 3380 2713 3434 verba
2757 3379 2926 3449 ipsius
2957 3378 3080 3445 101),
3107 3382 3272 3436 verba
3319 3383 3529 3438 scilicet

1937 3473 2310 3530 aedificationis
2341 3489 2354 3525 :
2388 3471 2545 3542 quasi
2589 3485 2720 3541 ergo
2753 3470 2981 3527 ulterius
3029 3472 3169 3528 bene
3217 3471 3526 3544 loquentem

1937 3563 2052 3634 pati
2078 3577 2188 3618 non
2214 3562 2415 3633 possit,
2447 3561 2781 3632 indignative
2805 3561 2864 3617 in
2906 3561 3024 3619 haec
3065 3564 3231 3620 verba
3253 3567 3525 3636 prorupit,

1895 3689 1903 3695 -
1941 3655 2126 3710 dicens
2155 3668 2171 3708 :

2013 3749 2176 3804 Vsus.
2211 3748 2264 3803 2.
2308 3779 2377 3789 -
2410 3769 2430 3802 ί
2487 3748 2782 3822 Usquequo
2827 3749 3066 3824 loqueris
3100 3753 3249 3809 talia.
3305 3772 3325 3807 ι
3361 3753 3527 3823 Quasi

1942 3841 2089 3898 dicat
2114 3861 2132 3930 ,ς
2165 3857 2336 3914 quare
2360 3842 2601 3913 loqueris
2652 3843 2912 3901 inutilia?
2957 3854 3014 3902 et
3066 3847 3290 3918 spiritus
3341 3850 3527 3906 multi-

1942 3937 2086 4008 plex.
2107 3977 2122 3991 .
2143 3976 2156 3991 .
2178 3975 2226 3991 ..

2022 4046 2042 4080 ‹
2080 4028 2264 4100 Usque
2331 4029 2570 4101 loqueris
2623 4030 2769 4086 talia.
2825 4049 2845 4083 ι
2897 4031 3087 4104 (λιθία.)
3147 4032 3282 4102 Quia
3339 4036 3528 4107 gravia

1947 4129 2072 4176 sunt
2125 4121 2312 4191 iniquo
2368 4121 2534 4177 verba
2600 4122 2973 4180 aedificationis
3023 4125 3178 4194 quasi
3235 4125 3381 4182 ferre
3420 4141 3530 4181 non

1946 4212 2150 4284 possit;
2195 4222 2252 4269 et
2276 4213 2402 4284 quia
2425 4229 2532 4270 non
2563 4214 2680 4270 vult
2706 4215 3106 4289 corrigi,.bene
3147 4217 3292 4272 dicta
3340 4219 3531 4273 crimi-

1948 4320 2014 4359 na
2022 4313 2128 4361 tur.

2031 4414 2050 4447 ι
2088 4396 2156 4451 Ει
2177 4396 2402 4468 spiritus
2428 4397 2728 4467 multiplex.
2751 4415 2771 4448 ι
2791 4397 2980 4469 (Ibid.)
3006 4398 3143 4454 Dum
3165 4399 3534 4472 multiplicite-

1950 4495 2058 4542 tem
2075 4487 2316 4542 sermoni
2339 4487 2456 4557 ejus
2480 4487 2693 4552 tribuit,
2709 4487 2942 4556 inopiam
2968 4488 3336 4559 intelligentiae
3362 4492 3532 4561 ipsius

1950 4581 2314 4652 reprehendit.
2347 4581 2416 4635 Et
2447 4589 2574 4636 nota
2600 4595 2719 4636 esse
2763 4589 2995 4650 quatuor
3023 4596 3217 4652 genera
3247 4583 3526 4655 loquendi.

1953 4673 2059 4729 Alii
2087 4673 2234 4728 enim
2285 4672 2448 4743 ampli
2499 4679 2626 4728 sunt
2677 4687 2774 4728 ore
2801 4681 2856 4727 et
2905 4687 3092 4741 sensu,
3145 4676 3238 4746 qui
3276 4675 3531 4734 laudandi

1954 4774 2113 4831 sunt;
2155 4763 2246 4818 alii
2273 4779 2404 4820 vero
2433 4772 2666 4835 utroque
2720 4764 2920 4831 stricti,
2961 4766 3054 4836 qui
3083 4766 3406 4834 miserandi;
3437 4769 3532 4824 alii

1955 4872 2118 4912 sensu
2171 4855 2372 4928 ampli,
2431 4855 2524 4911 sed
2570 4870 2676 4910 non
2735 4863 2960 4925 possunt
3007 4857 3207 4927 eloqui,
3263 4860 3356 4931 qui
3407 4871 3534 4915 sunt

1957 4947 2280 5020 adjuvandi;
2329 4947 2420 5002 alii
2467 4962 2630 5002 sensu
2679 4948 2901 5018 inopes,
2953 4951 3051 5005 sed
3102 4949 3281 5022 lingua
3322 4962 3532 5006 torren-

1958 5049 2076 5106 tes,
2113 5039 2204 5109 qui
2233 5038 2568 5110 despiciendi
2605 5057 2620 5093 :
2651 5040 2798 5109 quod
2830 5040 2934 5096 iste
2957 5041 3014 5096 in
3041 5041 3244 5097 crimen
3270 5039 3373 5096 101)
3421 5050 3534 5098 tor-

1958 5142 2106 5205 quet.

2031 5225 2196 5280 Vens.
2227 5225 2282 5279 5.
2309 5253 2381 5264 —
2409 5241 2428 5275 ‹
2461 5222 2712 5294 Nunquid
2757 5225 2916 5280 Deus.
2949 5243 2969 5276 ι
3001 5222 3234 5295 ⁵(ϐιιεο.)
3264 5221 3391 5280 Haec
3431 5225 3534 5280 101)

1961 5329 2063 5370 nec
2091 5321 2382 5383 negaverat
2410 5328 2510 5368 nec
2555 5314 2866 5382 ignorabat,
2903 5321 3008 5369 etc.
3029 5353 3046 5379 ,
3077 5329 3238 5382 usque
3278 5315 3348 5368 ad
3376 5318 3534 5386 quasi

1957 5407 2104 5478 juste
2137 5404 2420 5474 perierint,
2447 5404 2582 5460 alios
2617 5403 2838 5471 feriunt,
2872 5405 3014 5459 unde
3036 5403 3246 5460 subdit:

2035 5496 2200 5553 Vens.
2226 5494 2340 5560 4,5.
2369 5524 2437 5536 -
2471 5514 2490 5548 ι
2525 5495 2750 5552 Etiamsi
2776 5494 2871 5549 ﬂlii
2899 5495 2975 5548 tui
3010 5505 3387 5565 peccaverunt,
3420 5505 3530 5554 etc.

1967 5587 2026 5644 Si
2070 5587 2332 5645 diluculo:
2375 5607 2395 5641 ι
2429 5587 2585 5658 quasi
2631 5588 2735 5657 ipsi
2771 5587 2825 5641 in
2869 5585 3021 5653 luce,
3075 5587 3313 5644 Ecclesia
3358 5588 3431 5644 sit
3477 5588 3533 5644 in

1967 5688 2126 5736 nocte
2153 5695 2166 5732 :
2195 5694 2358 5748 quam
2393 5688 2610 5744 vocant,
2652 5687 2712 5732 ut
2751 5692 2850 5747 per
2870 5678 3229 5750 cognitionem
3271 5679 3382 5756 Dei.
3415 5693 3536 5736 sur-

1970 5779 2083 5840 gat,
2104 5778 2158 5826 et
2178 5785 2274 5841 per
2307 5785 2520 5842 precem
2545 5769 2877 5841 pmnitentite
2901 5773 3172 5840 praeterita
3197 5770 3397 5835 diluat,
3436 5789 3456 5824 ι
3485 5772 3536 5827 si

1971 5863 2198 5921 mundus
2236 5883 2254 5914 ι
2283 5864 2336 5919 in
2365 5863 2718 5934 cogitatione,
2762 5882 2779 5912 ς
2832 5872 3010 5918 rectus
3045 5883 3062 5915 ι
3097 5865 3148 5917 in
3187 5877 3368 5934 opere.

3019 5959 3096 6016 '25
