3982 6352
536 481 644 541 779

1033 482 1425 541 WALAFRIDI
1465 481 1715 539 STRABI
1755 483 1960 541 FULD.
2002 483 2169 541 MON.
2209 482 2363 544 OPP.
2404 484 2585 544 PARS
2619 485 2663 543 I.
2700 516 2771 528 —
2806 485 3268 545 THEOLOGICA.

3707 489 3817 549 ἰω

607 594 771 655 Vens.
799 598 853 653 6.
880 628 950 639 —
975 615 996 649 ε
1049 598 1353 670 Evigilabit.
1393 618 1412 650 ι
1446 597 1549 674 Qui
1596 599 1666 654 ab
1717 599 1986 675 adiutorio
2035 599 2113 657 tui
2137 572 2386 663 Afavor.
2418 597 2540 666 Vel,
2593 597 2786 655 domus
2827 606 2913 655 est
2942 597 3139 652 fiducia
3183 597 3513 667 sanctitatis,
3561 614 3695 671 quae
3721 615 3817 657 co-

537 689 698 745 modo
722 688 956 745 errantis
985 689 1201 745 dormit.

613 798 633 831 (
669 778 737 834 Ει
774 788 1021 851 pacatum
1064 777 1268 835 reddet.
1321 799 1338 830 ι
1375 777 1591 851 (ϐακε.)
1625 779 1683 835 Id
1720 786 1804 835 est
1829 780 2113 850 praesentis

536 872 660 927 vitae
680 871 1125 942 tranquillitatem
1152 856 1418 937 restituet,
1450 886 1611 942 quam
1643 871 1814 928 solam
1841 872 2113 931 aestimant

537 977 659 1017 esse
687 962 780 1019 Dei
805 962 1315 1019 remunerationem.
1654 1008 1663 1017 ι

613 1072 631 1103 ι
683 1048 1060 1108 Habitaculum
1092 1051 1248 1122 justi.
1294 1073 1312 1105 ι
1352 1052 1541 1126 (Ibid.)
1578 1055 1877 1111 Consilium
1916 1055 2114 1115 mentis

536 1142 723 1198 dicunt
751 1140 893 1213 quod
924 1138 1169 1213 pacatur,
1215 1144 1342 1212 quia
1371 1144 1413 1200 si
1445 1159 1540 1200 eos
1577 1145 1646 1199 ad
1684 1160 1782 1201 sua
1812 1146 2053 1211 trahunt,
2080 1160 2114 1200 a

538 1236 879 1292 contentione
903 1236 1293 1292 conticescunt.
1327 1235 1468 1307 Opes
1489 1252 1706 1308 quoque
1748 1234 2114 1310 intelligentia

534 1325 860 1396 promittunt
880 1326 1105 1381 dicendo
1125 1368 1136 1380 .

612 1418 773 1475 Vsus.
804 1421 856 1474 7.
893 1450 962 1460 ——
998 1439 1015 1470 ι
1048 1418 1105 1474 ln
1148 1428 1377 1474 tantum.
1418 1438 1437 1472 ι
1475 1418 1585 1475 Sed
1618 1420 1743 1490 quia
1795 1421 1974 1476 verbis
2021 1436 2114 1476 eo-

538 1527 658 1567 rum
690 1527 793 1567 non
824 1509 982 1567 facile
1013 1511 1286 1576 creditur,
1338 1513 1636 1567 sententias
1664 1520 1876 1582 patrum
1925 1511 1979 1566 in
2024 1527 2112 1569 ar-

535 1612 847 1676 gumentum
877 1604 959 1659 sui
989 1604 1193 1659 erroris
1241 1601 1543 1669 inﬂectunt,
1580 1603 1721 1658 unde
1749 1602 1965 1657 additur
1991 1621 2003 1656 :

611 1717 629 1748 ε
684 1698 755 1754 Ut
807 1698 1006 1767 priora.
1063 1718 1080 1749 ι
1126 1696 1262 1764 Quia
1304 1706 1360 1752 et
1404 1697 1602 1752 amissa
1660 1696 2012 1766 recuperari,
2059 1702 2114 1752 et

536 1788 713 1845 adhuc
751 1786 957 1859 majora
989 1790 1272 1859 prmsentis
1294 1789 1418 1844 vitae
1454 1787 1674 1859 prmmia
1701 1788 2041 1859 promittunt.

605 1884 768 1938 Vsus.
794 1882 847 1939 8.
875 1914 945 1923 —-
978 1901 997 1934 ι
1049 1883 1327 1954 interroga
1372 1883 1516 1939 enim
1546 1896 1764 1954 genera.
1809 1902 1829 1934 ι
1864 1881 1981 1937 Non
2026 1882 2111 1936 vi-

2214 702 2335 765 ram
2366 688 2708 753 hominibus,
2738 688 2838 743 sed
2864 701 2973 743 non
3015 701 3205 743 coram
3230 686 3344 743 Deo
3371 687 3557 744 stabit.

2220 844 2225 851 _
2284 779 2449 839 Vens.
2481 780 2568 837 16.
2617 800 2636 835 ι
2668 780 2967 838 Humectus
2989 780 3223 837 videtur.
3260 800 3279 832 ι
3334 780 3583 853 Scirpus,
3634 785 3815 858 hypo-

2214 871 2373 938 crita,
2397 871 2451 927 in
2473 879 2632 927 nocte
2654 870 2907 928 humidus
2931 869 3165 939 videtur,
3196 870 3250 927 id
3269 879 3375 937 est,
3404 873 3583 944 gratia
3604 874 3816 935 sancti-

2214 966 2345 1022 tatis
2380 963 2589 1020 infusus
2626 972 2852 1035 apparet
2883 962 3213 1029 hominibus,
3244 963 3343 1020 sed
3369 978 3557 1023 coram
3584 964 3710 1023 sole
3759 968 3813 1024 in

2216 1059 2301 1117 die
2321 1056 2513 1126 judicii
2539 1063 2770 1111 arescet.

2291 1170 2311 1202 ι
2340 1150 2410 1205 Ει
2434 1150 2489 1205 in
2518 1157 2638 1205 ortu
2681 1163 2779 1205 suo
2806 1136 3047 1221 germen.
3087 1167 3105 1200 ι
3160 1145 3428 1216 Qmelibet
3446 1148 3629 1207 herba
3654 1151 3814 1223 prius

2215 1258 2247 1299 a
2288 1250 2429 1297 terra
2462 1240 2801 1313 producitur,
2829 1247 2962 1305 etc.,
3010 1256 3173 1311 usque
3198 1238 3270 1294 ad
3292 1242 3608 1313 hypocrita,
3643 1244 3817 1303 etin

2215 1347 2339 1388 cum
2372 1338 2520 1386 recte
2549 1329 2680 1399 agit,
2713 1344 2743 1383 a
2777 1329 2962 1385 multis
2988 1329 3102 1385 vult
3132 1329 3326 1387 videri.

2286 1423 2449 1479 Vsus.
2478 1421 2563 1476 i7.
2590 1451 2655 1460 -—
2683 1440 2699 1471 ι
2735 1418 2912 1491 Super
2946 1430 3204 1477 acervum
3224 1431 3530 1493 petrarum.
3562 1442 3587 1477 ι
3616 1422 3818 1499 (Ιὺὶά.)

2216 1512 2444 1570 Radices
2475 1522 2600 1568 sunt
2623 1511 3011 1584 cogitationes;
3046 1511 3271 1583 lapides,
3298 1514 3426 1583 quia
3447 1530 3558 1571 non
3590 1516 3818 1573 additur

2216 1605 2346 1685 vivi,
2369 1604 2617 1660 homines
2646 1603 2776 1659 boni
2800 1612 2852 1659 et
2881 1603 3010 1659 mali
3034 1616 3198 1671 sunt;
3241 1604 3531 1679 hypocrita
3549 1622 3695 1680 ergo
3722 1608 3817 1679 qui

2217 1693 2359 1749 inter
2404 1692 2611 1763 lapides
2663 1702 2936 1759 moratur,
2990 1693 3349 1768 cogitationes
3402 1696 3458 1752 in
3513 1699 3819 1767 querenda

2217 1783 2573 1839 admiratione
2604 1782 2884 1839 hominum
2921 1782 3244 1854 multiplicat
3272 1803 3285 1838 :
3326 1798 3426 1857 per
3453 1786 3649 1842 omnia
3673 1788 3821 1845 enim

2218 1886 2339 1942 quae
2396 1864 2770 1943 agit‘occulta
2829 1872 3157 1957 cogitatione
3199 1872 3667 1951 laudes‘quaarit,
3725 1893 3823 1949 pa»

534 1974 684 2038 deri,
711 1974 802 2029 sed
829 1975 1144 2046 investigari
1194 1952 1433 2038 monent,
1465 1952 1593 2044 quia
1622 1972 1724 2029 hoc
1747 1972 1939 2029 uolunt
1979 1988 2105 2029 con-

2228 1958 2323 2015 lam
2373 1958 2581 2016 habens
2607 1962 2749 2032 quod
2797 1961 2984 2017 hostes
3029 1952 3359 2034 praedentur.
3409 1963 3482 2021 Ut
3524 1964 3820 2037 Bacchis,

533 2066 688 2135 spici,
719 2066 861 2134 quod
900 2064 1104 2135 liquido
1136 2074 1287 2136 patet
1318 2066 1545 2120 cunctis.

604 2157 764 2213 Vsus.
817 2158 869 2213 9.
893 2187 964 2198 —-
994 2177 1012 2209 ι
1066 2158 1317 2214 Hesterni
1365 2174 1378 2210 :
1435 2176 1454 2209 ι
1509 2154 1799 2225 aliquando
1837 2153 2115 2210 moraliter

530 2249 723 2304 docent
762 2266 828 2304 ex
867 2249 1159 2320 praeteritis
1218 2249 1506 2320 praesentia
1542 2246 1762 2319 conjici,
1794 2246 2003 2303 scilicet
2045 2262 2113 2303 ex

530 2344 761 2397 transitu
803 2356 991 2398 eorum
1042 2342 1184 2415 quod
1223 2343 1339 2398 haec
1368 2340 1510 2397 nulla
1552 2341 1697 2405 sint,
1724 2341 1869 2396 unde
1896 2339 2111 2407 subdit,

534 2453 551 2483 ι
588 2433 848 2489 hesterni.
884 2454 902 2487 ι
939 2432 1096 2502 Quia,
1148 2433 1193 2490 si
1224 2433 1453 2504 pristina
1499 2431 1760 2489 recolitur
1810 2431 2109 2504 generatio,

529 2525 644 2580 haec
673 2524 779 2581 vita
811 2526 920 2581 cito
949 2524 1181 2580 transire
1208 2532 1269 2579 ut
1302 2524 1496 2579 umbra
1534 2523 1895 2593 cognoscitur.

598 2615 762 2670 Vsus.
818 2614 905 2669 10.
935 2645 1007 2656 —
1051 2634 1070 2666 ι
1107 2613 1211 2683 ipsi
1259 2612 1547 2668 docebunt.
1584 2632 1603 2666 ι
1636 2611 1880 2668 Laudant
1929 2619 2112 2682 patres

530 2710 832 2772 nobiscum,
867 2710 1011 2764 unde
1040 2708 1216 2780 magis
1243 2722 1343 2761 nos
1371 2708 1669 2776 impugnet.

603 2821 621 2852 ς
658 2800 735 2855 De
755 2800 936 2854 corde.
971 2818 990 2851 ›
1015 2797 1207 2870 (Ibid)
1235 2796 1401 2866 Quasi
1430 2805 1484 2851 tu
1508 2796 1677 2851 habes
1706 2795 2111 2866 simplicitatem

527 2890 751 2962 spiritus
798 2890 853 2945 in
900 2903 1037 2954 ore,
1094 2904 1202 2945 non
1234 2889 1289 2943 in
1342 2888 1550 2944 corde:
1586 2887 1658 2943 illi
1700 2896 1911 2943 contra.
1955 2886 2111 2959 Saepe

527 2981 677 3047 mali,
706 2995 766 3037 se
794 2994 899 3036 non
927 2982 1268 3037 attendentes
1286 3022 1300 3046 ,
1338 2979 1512 3035 bonos
1535 2980 1797 3044 lacerant,
1825 2986 1882 3034 et
1899 2979 1985 3034 vel
2012 2980 2111 3035 bo-

528 3088 593 3127 na
614 3114 627 3137 ,
654 3086 775 3142 qua:
800 3088 906 3129 non
944 3072 1194 3137 videndo,
1223 3072 1317 3127 sed
1344 3072 1611 3128 audiendo
1631 3072 1958 3133 didicerunt.
1984 3086 2111 3143 pm-

526 3163 739 3229 ferunt;
766 3165 847 3220 vel
879 3165 1043 3230 mala,
1072 3180 1192 3235 quae
1222 3164 1324 3236 ipsi
1357 3172 1544 3235 agunt,
1574 3164 1695 3219 aliis
1721 3164 2006 3233 ingerunt,
2055 3169 2111 3218 et

527 3264 596 3311 tta
648 3256 803 3311 factis
832 3271 891 3311 se
920 3264 1203 3321 excusant,
1250 3252 1431 3311 verbis
1452 3254 1718 3326 judicant.
1764 3254 1854 3310 Sic
1879 3254 2108 3311 Baldath

2217 2052 2310 2132 qui
2361 2060 2481 2123 post
2510 2052 2677 2107 multa
2722 2052 2985 2108 beneficia
3038 2053 3138 2109 sibi
3186 2052 3376 2123 facta,
3425 2056 3641 2114 nuntiis
3678 2060 3823 2132 regis

2216 2128 2505 2219 Babylonis
2528 2144 2710 2201 omnia
2754 2161 2849 2201 sua
2874 2145 3016 2201 bona
3042 2146 3279 2202 ostendit
3314 2165 3329 2202 :
3370 2147 3516 2205 unde
3556 2163 3696 2205 mox
3727 2128 3824 2205 au-

2219 2235 2327 2292 dit:
2352 2254 2371 2287 ‹
2395 2233 2676 2292 Tollentur
2699 2251 2889 2293 omnes
2922 2232 2977 2293 in
3004 2234 3333 2310 Babylonem
3357 2238 3445 2312 (II
3477 2239 3609 2312 Reg.
3640 2241 3778 2314 xx);
3798 2264 3819 2297 ι

2217 2324 2293 2381 ita
2325 2330 2383 2381 et
2410 2325 2536 2381 dum
2572 2322 2691 2381 laus
2735 2326 3017 2396 quaeritur,
3063 2326 3241 2384 virtus
3273 2337 3332 2384 et
3379 2329 3744 2401 pulchritudo
3766 2334 3823 2391 in

2216 2430 2410 2472 manus
2437 2415 2643 2473 inimici
2670 2416 2922 2483 traditur,
2947 2418 3090 2474 unde
3110 2418 3312 2477 Baldad
3347 2421 3480 2478 dicit
3512 2437 3529 2477 :

2293 2527 2313 2560 ι
2346 2508 2415 2565 Et
2454 2509 2598 2567 inter
2619 2506 2827 2581 lapides
2849 2506 3298 2567 commorabitur.
3336 2531 3355 2564 ι
3384 2512 3525 2580 Quia
3558 2514 3637 2571 ibi
3670 2524 3822 2586 stat,

2215 2600 2308 2657 ubi
2353 2616 2464 2658 sua:
2490 2601 2689 2658 mentis
2754 2602 3111 2659 intentionem
3164 2603 3415 2660 solidat:
3448 2606 3544 2678 qui
3587 2607 3705 2663 etsi
3752 2610 3825 2667 it

2212 2691 2406 2763 plenus
2431 2693 2613 2759 bonis,
2641 2692 2690 2749 si
2733 2694 3073 2749 absorbuerit
3116 2709 3242 2749 eum
3276 2695 3417 2751 Deus
3437 2736 3454 2762 ,
3484 2697 3545 2752 id
3573 2706 3691 2765 est,
3724 2712 3826 2770 per

2215 2784 2447 2839 mortem
2472 2776 2678 2851 tulerit,
2705 2783 2774 2839 de
2814 2778 2957 2852 loco,
3000 2782 3055 2840 id
3088 2793 3175 2839 est
3224 2782 3497 2843 favoribus
3534 2786 3712 2856 hujus
3746 2789 3822 2845 vi-

2217 2886 2319 2943 tae;
2364 2876 2508 2933 dicet
2538 2895 2552 2931 :
2581 2892 2688 2932 non
2719 2876 2842 2932 novi
2874 2886 2946 2943 te,
2979 2885 3039 2933 ut
3080 2866 3243 2933 fatuis
3270 2878 3577 2950 virginibus
3611 2880 3827 2939 dicitur

2216 2968 2434 3042 (Matth.
2461 2968 2589 3042 xxv)
2625 2987 2638 3023 :
2680 2979 2735 3029 et
2774 2971 2992 3039 merito,
3024 2971 3151 3042 quia
3181 2988 3290 3029 non
3311 2972 3446 3049 satis
3475 2982 3565 3029 est
3607 2973 3667 3029 ei
3714 2976 3824 3032 nisi

2211 3069 2269 3115 et
2292 3060 2427 3115 alios
2466 3060 2569 3116 sibi
2599 3060 2806 3117 similes
2860 3060 3068 3129 fecerit,
3100 3071 3155 3120 et
3182 3062 3288 3120 hoc
3316 3072 3400 3121 est
3448 3064 3599 3136 quod
3628 3066 3778 3123 dicit
3805 3086 3821 3122 :

2214 3152 2331 3207 haec
2349 3153 2608 3207 est'enim
2635 3149 2822 3207 laetitia
2853 3152 2955 3207 vim
2985 3152 3124 3222 ejus.

2290 3259 2309 3292 ι
2351 3240 2478 3296 llaec
2504 3248 2589 3295 est
2614 3241 2759 3295 enim
2792 3238 3000 3307 laetitia,
3037 3250 3146 3299 etc.
3198 3238 3391 3316 (Ibid.)
3422 3236 3494 3301 Ut
3532 3252 3595 3302 et
3618 3258 3731 3316 pro
3752 3246 3822 3303 il-

526 3349 814 3405 simulator
851 3348 1076 3419 iustitiae
1127 3356 1317 3405 contra
1366 3320 1680 3419 hypocritas
1705 3349 1842 3403 mira
1873 3346 2025 3413 dicit,
2054 3355 2110 3403 et
2138 3320 2184 3384 C
2214 3330 2391 3386 10mm
2419 3337 2574 3419 mi“
2600 3331 2889 3419 Ρῑιηίθιῑιΐξ
2917 3330 3014 3389 sed
3046 3352 3060 3388 ε

524 3440 591 3496 de
640 3440 727 3495 his
761 3441 957 3496 docere
981 3440 1186 3510 justum
1238 3439 1542 3508 prmsumit,
1588 3453 1709 3508 quae
1758 3439 2112 3496 convenirent

525 3533 720 3605 pravis.
756 3532 959 3589 Vecors
998 3533 1127 3602 qui,
1186 3532 1359 3587 hortis
1403 3531 1732 3597 sitientibus,
1780 3529 1837 3585 in
1891 3528 2111 3587 ﬂumine

523 3637 737 3693 aquam.
754 3620 950 3677 fundit.

596 3712 757 3765 Vnus.
810 3711 993 3764 il.—-
1028 3726 1048 3760 ‹
1096 3708 1346 3779 Nunquid
1396 3710 1577 3764 vivere
1623 3716 1820 3779 potest.
1861 3727 1880 3760 ι
1916 3706 2107 3780 (Ιὺὶὀ.)

526 3801 716 3869 Scirpo
765 3801 848 3856 vel
895 3807 1114 3856 carecto
1162 3800 1517 3879 hypocritam
1583 3808 1904 3869 comparat,
1956 3806 2062 3856 etc.
2089 3840 2104 3866 ,

524 3910 688 3965 usque
724 3894 793 3947 ad
820 3894 915 3949 sed
956 3893 1149 3948 alienis
1177 3892 1495 3947 criminibus
1528 3892 1798 3947 ostendat.

604 4004 623 4036 ι
658 3985 798 4041 Ante
843 3999 1034 4039 omnes
1082 3983 1297 4038 herbas.
1336 4002 1354 4034 ›
1391 3982 1412 4053 (
1433 3982 1616 4053 Ibid.)
1648 3982 1714 4037 Et
1733 3980 1863 4049 justi
1901 3980 2103 4047 herbae,

525 4076 823 4133 secundum
851 4088 1095 4139 carnem,
1126 4075 1250 4143 quia
1305 4072 1485 4128 omnis
1531 4089 1661 4128 caro
1712 4073 1897 4129 fenum
1945 4072 2100 4147 (lsa.

522 4166 744 4241 sum);
785 4167 878 4237 qui
919 4173 1192 4231 arescunt,
1220 4164 1346 4234 quia
1368 4178 1554 4219 eorum
1585 4178 1747 4234 opera
1783 4178 1903 4219 cum
1927 4165 2106 4221 carnis

520 4262 632 4316 vita
669 4259 947 4316 deﬁciunt.
978 4257 1088 4315 Sed
1138 4256 1547 4330 hypocritarum
1596 4264 1722 4310 ante
1753 4274 1766 4310 :
1801 4257 1926 4326 quia
1979 4268 2102 4313 mox

518 4353 659 4408 bona
692 4352 974 4417 deserunt,
1009 4359 1071 4406 ut
1108 4365 1172 4405 ea
1211 4347 1487 4405 consecuti
1538 4357 1683 4412 sunt,
1724 4357 1944 4420 propter
1985 4362 2104 4421 quae

519 4443 929 4499 simulaverunt.
955 4440 1021 4496 Hi
1038 4448 1167 4497 sunt
1194 4458 1212 4492 ι
1244 4439 1429 4497 fenum
1456 4448 1746 4505 tectorum,
1764 4439 1906 4511 quod
1927 4440 2104 4511 prius-

520 4551 684 4606 quam
719 4534 999 4599 evellatur,
1029 4532 1265 4590 exaruit.
1297 4552 1315 4585 ι

590 4624 755 4680 Vsus.
789 4623 874 4678 15.
904 4651 974 4665 —-
1003 4641 1022 4674 ι
1058 4620 1153 4678 Sic
1178 4622 1280 4677 viae
1319 4622 1580 4677 omnium.
1618 4640 1636 4672 ι
1678 4619 1817 4675 Ecce
1844 4618 1930 4675 cui
1958 4634 2102 4675 eom-

2124 4666 2180 4730 Ι)

2285 3416 2555 3475 Vsns.20.
2577 3451 2648 3462 —
2678 3436 2697 3473 ι
2735 3418 2890 3479 Deus
2913 3439 3019 3479 non
3042 3421 3291 3494 projiciet
3311 3424 3640 3497 'simplicem.
3666 3448 3690 3482 ι
3723 3426 3819 3487 ϐι-

2204 3508 2297 3579 jus
2325 3511 2641 3583 simplicitas
2679 3513 2839 3569 modo
2860 3528 2891 3568 a
2920 3512 3213 3572 calliditate
3246 3510 3544 3588 duplicium
3586 3530 3820 3577 vocetur

2211 3602 2453 3661 fatuitas.

2284 3714 2305 3747 ι
2342 3692 2453 3752 Nec
2477 3696 2719 3768 porriget
2739 3710 2979 3753 manum.
3020 3706 3040 3750 ἱ
3073 3682 3264 3771 Obici.)
3314 3696 3390 3757 Ut
3428 3699 3497 3756 ab
3543 3698 3661 3758 imo
3710 3719 3819 3775 quo

2210 3796 2461 3858 quaerunt
2487 3787 2716 3859 gloriam
2737 3787 2932 3844 elevet.
2962 3787 3183 3860 Maligni
3222 3790 3349 3846 sunt
3383 3790 3691 3864 hypocrita:
3720 3798 3816 3867 qui

2208 3892 2312 3937 nec
2354 3880 2497 3936 bona
2549 3878 2687 3935 bene
2732 3890 2917 3951 agunt.
2968 3878 3066 3937 Vel
3106 3883 3231 3954 quia
3278 3883 3526 3955 proximo
3564 3891 3818 3946 exterius

2204 3986 2373 4047 puros
2400 3983 2454 4030 et
2479 3974 2750 4045 sirnplices
2764 3980 2824 4032 'se
2846 3975 3161 4043 ostendunt,
3183 3978 3413 4034 interius
3431 3976 3815 4051 duplicitatem

2209 4067 2419 4133 celant;
2471 4075 2662 4122 contra
2707 4080 2845 4136 quos
2891 4066 3021 4123 dicit
3062 4062 3321 4141 Moyses:
3378 4089 3396 4121 ι
3444 4066 3565 4127 Non
3617 4072 3815 4129 induas

2198 4152 2413 4211 Vestem
2442 4170 2509 4212 ex
2526 4155 2651 4212 lana
2682 4154 2901 4227 linoque
2926 4160 3254 4215 contextam.
3287 4178 3307 4212 ο
3339 4156 3516 4232 (Deut.
3547 4164 3721 4234 xm.)

2276 4246 2438 4304 Vens.
2462 4246 2553 4302 21.
2582 4278 2655 4291 —-
2683 4266 2703 4301 ι
2736 4246 2918 4306 Donec
2941 4246 3249 4322 impleatur.
3292 4269 3311 4304 ι
3339 4246 3453 4306 Non
3489 4254 3639 4324 quod
3660 4265 3811 4326 post,

2205 4338 2351 4409 quod
2377 4344 2617 4395 constat:
2658 4340 2752 4396 sed
2790 4350 2899 4396 non
2934 4349 3083 4408 ante,
3117 4341 3263 4412 quod
3299 4340 3525 4398 dubium
3566 4343 3811 4403 homini-

2204 4430 2307 4486 bus
2335 4437 2520 4500 pateat
2548 4431 2725 4486 videri
2759 4449 2773 4485 :
2803 4431 2981 4502 quasi,
3008 4447 3110 4489 nec
3139 4442 3265 4489 ante
3298 4432 3569 4504 judicium
3597 4437 3811 4510 simpli-

2204 4534 2297 4577 ces
2325 4522 2547 4588 deserit,
2578 4534 2683 4578 nec
2707 4522 2878 4579 malos
2899 4531 3186 4594 percutere
3218 4524 3434 4580 desinit.

2282 4633 2301 4668 ι
2331 4614 2625 4687 lmpleatur
2658 4617 2770 4672 risu
2802 4630 2865 4672 os
2907 4626 3080 4684 tuum,
3114 4637 3133 4672 ι
3187 4616 3240 4674 id
3281 4625 3365 4675 est
3410 4610 3570 4677 mens
3604 4622 3809 4694 gaudio

519 4724 685 4788 parat
722 4713 959 4782 scirpum
988 4712 1075 4768 vel
1121 4721 1397 4768 carectum
1435 4730 1447 4765 :
1488 4726 1614 4781 spes
1668 4709 1964 4780 hypocritae
2013 4718 2096 4766 est
2124 4709 2178 4730 ν
2208 4729 2228 4764 ε
2264 4719 2480 4766 aeternae
2513 4711 2845 4777 securitatis,
2868 4712 3011 4769 unde
3041 4730 3056 4766 :

518 4806 709 4879 gloria,
728 4812 784 4859 et
804 4801 1113 4872 huiusmodi
1134 4803 1436 4869 saecularia,
1451 4816 1572 4874 qum
1602 4810 1862 4873 pereunt;
1890 4810 2093 4857 aeterna

515 4902 858 4967 permanent.

2276 4822 2295 4855 ‹
2324 4802 2393 4858 Ει
2417 4802 2559 4859 labia
2589 4803 2887 4874 tuajubilo.
2917 4824 2937 4860 ι
2980 4800 3216 4862 Jubilum
3254 4798 3379 4864 cum
3418 4817 3572 4865 tanta
3612 4809 3805 4868 laetitia

2198 4894 2361 4951 corde
2386 4896 2706 4968 concipitur,
2730 4912 2896 4969 quam
2927 4912 3106 4955 sermo
3133 4914 3241 4955 non
3289 4888 3546 4970 explice't,
3580 4902 3683 4958 sed
3724 4911 3806 4959 ta-

588 4987 744 5042 Vers.
773 4984 861 5040 i4.
893 5010 966 5024 —-
998 5000 1018 5036 ‹
1054 4980 1173 5040 Non
1199 4983 1247 5040 ei
1274 4983 1509 5053 placebit
1538 4983 1810 5039 vecordia.
1842 5000 1863 5037 ι
1902 4982 2089 5057 (Ibid)
2196 5000 2321 5043 men
2345 5000 2408 5043 os
2433 4996 2605 5044 sonet.

514 5076 785 5135 Veeordia
816 5085 900 5133 est
926 5090 1177 5147 magnam
1233 5092 1345 5132 rem
1376 5076 1470 5132 vili
1507 5076 1685 5147 pretio
1732 5078 2001 5144 vendere,
2043 5077 2098 5133 id

516 5179 620 5236 est,
648 5170 790 5225 bona
816 5167 1086 5224 laboriosa
1115 5181 1277 5238 agere
1302 5183 1401 5238 pro
1429 5166 1615 5224 favore
1644 5182 1660 5222 :
1690 5168 1793 5223 hac
1816 5168 1976 5224 modo
2000 5169 2096 5223 de-

516 5257 770 5321 lectatur,
800 5258 896 5314 sed
924 5257 981 5313 in
1006 5270 1169 5327 paena
1196 5257 1538 5328 displicebit,
1570 5266 1625 5312 et
1656 5265 1783 5312 tunc
1806 5258 1940 5313 sciet
1964 5257 2099 5313 nihil

516 5347 685 5404 fuisse
704 5347 886 5403 omnia
917 5362 1035 5417 qua'.
1064 5347 1426 5411 transierunt,
1455 5348 1599 5401 unde
1630 5360 1646 5400 :

596 5455 614 5489 ι
654 5437 720 5493 Et
767 5437 908 5493 sicut
947 5437 1052 5493 tela
1092 5451 1415 5492 aranearum
1464 5435 1663 5491 ﬁducia
1716 5435 1850 5506 ejus.
1902 5456 1919 5488 ι
1964 5436 2093 5493 Tela

515 5543 839 5589 aranearum
866 5529 1106 5586 studiose
1145 5528 1369 5595 texitur,
1413 5528 1541 5582 ﬂatu
1570 5529 1719 5583 venti
1747 5526 2045 5600 dissipatur
2076 5544 2092 5583 :

508 5620 620 5691 aio.
648 5620 909 5692 quidquid
938 5619 1220 5690 hypocrita
1246 5619 1504 5685 exsudat,
1536 5617 1738 5676 favoris
1780 5634 1909 5675 aura
1934 5620 2091 5676 tollit.

2273 5078 2438 5134 Vsus.
2467 5078 2557 5134 2%.
2585 5109 2657 5120 -
2679 5098 2700 5132 ι
2728 5078 2831 5148 Qui
2856 5080 3106 5157 oderunt.
3143 5101 3164 5136 ι
3188 5078 3378 5157 (Ιὺὶά.)
3401 5078 3805 5145 Justbrumho-

2202 5170 2314 5226 stes
2335 5170 2388 5225 in
2406 5170 2611 5240 judicio
2631 5171 2878 5229 confusio
2912 5154 3117 5241 induet,
3147 5154 3275 5248 quia
3303 5154 3436 5234 tunc
3468 5178 3590 5235 viso
3610 5180 3802 5251 judice

2202 5258 2346 5315 mala
2364 5263 2543 5317 omnia
2567 5272 2695 5319 ante
2720 5264 2904 5321 oeulos
2934 5267 3133 5323 mentis
3158 5278 3467 5338 versantur,
3507 5280 3565 5328 et
3608 5282 3804 5328 reatus

2203 5353 2512 5425 deprimens
2522 5370 2618 5411 eos
2628 5356 2865 5428 undique
2877 5359 3057 5414 vestit.
3073 5356 3175 5427 Qui
3190 5362 3260 5419 ad
3280 5362 3385 5419 hoc
3403 5348 3527 5421 ideo
3544 5366 3799 5432 veniunt,

2203 5442 2330 5515 quia
2358 5442 2470 5499 sola
2506 5443 2595 5499 hic
2632 5446 2943 5503 transitoria
2974 5448 3294 5520 dilexerunt,
3332 5454 3477 5511 unde
3517 5442 3677 5511 addit
3709 5475 3725 5510 :

2279 5554 2298 5588 ι
2312 5534 2378 5591 Et
2390 5534 2816 5605 tabernaculum,
2831 5558 2850 5590 ι
2866 5539 2921 5597 id
2931 5550 3015 5597 est
3036 5542 3321 5601 aediﬁcatio
3334 5554 3554 5603 eterna
3564 5545 3803 5605 felicita-

2203 5627 2295 5695 tis,
2334 5642 2494 5700 quam
2521 5642 2687 5701 supra
2715 5644 2775 5686 se
2795 5636 3045 5690 casuram
3089 5634 3466 5711 multiplicant,
3508 5644 3571 5696 ut
3612 5654 3679 5697 se
3708 5640 3801 5697 hic

590 5711 750 5804 Vni.
784 5709 872 5765 t5.
903 5738 985 5804 7—
1016 5727 1037 5761 ι
1073 5708 1340 5766 innitatur
1388 5723 1553 5780 super
1576 5710 1793 5766 domum
1849 5720 2024 5767 suam.
2070 5732 2088 5765 ι
2195 5718 2624 5778 a‘necessatibus
2670 5718 2825 5792 quasi
2854 5723 2924 5780 ab
2968 5734 3103 5782 :estu
3146 5736 3203 5783 et
3242 5708 3417 5784 imbre
3450 5727 3795 5788 defendant:

518 5803 722 5861 Domus
748 5803 969 5869 mentis,
997 5811 1082 5859 est
1122 5803 1376 5871 quaelibet
1408 5817 1495 5857 res
1522 5816 1682 5872 quam
1726 5818 1826 5875 per
1853 5804 2095 5861 dilectio-

2228 5829 2252 5869 [ι
2280 5828 2387 5884 qua
2412 5828 2566 5871 mens
2587 5813 2817 5884 habitat,
2842 5831 3007 5889 quam
3027 5819 3201 5878 bonus
3224 5820 3401 5892 viator
3429 5818 3686 5894 despicit.

409 5928 416 5937 ι
510 5882 647 5951 ’τιθηι
698 5895 905 5949 habitat
952 5896 1208 5950 animus:
1242 5896 1433 5951 domus
1482 5910 1610 5969 ergo
1664 5898 1981 5967 hypocrita,
2011 5904 2095 5954 est
