3982 6352
240 475 343 537 781

859 593 1083 656 CAPUT
1117 593 1194 650 IX

317 741 476 798 Vens.
508 739 535 794 1
559 765 631 780 -—
657 755 679 791 ι
724 737 792 793 Et
835 738 1168 808 respondens
1208 734 1308 792 Job
1355 736 1452 792 ait.
1489 755 1510 789 ι
1537 734 1728 806 (Gutta.
1760 736 1816 790 in

239 834 390 904 Job.)
418 832 689 898 Perversi,
711 831 905 903 quibus
922 831 1148 902 loquens
1169 843 1398 901 persona
1417 828 1678 899 displicet,
1700 843 1833 890 om:

241 929 335 984 nia
364 943 484 999 qua;
511 928 666 993 dicit,
697 941 860 998 prava
889 941 982 983 seu
1009 937 1158 984 recta
1190 929 1534 1000 impugnant;
1577 927 1670 983 sed
1715 924 1816 981 Job

243 1022 330 1076 cui
354 1037 458 1076 non
485 1020 731 1091 displicet
751 1035 1000 1091 persona,
1033 1023 1126 1078 sed
1146 1023 1323 1093 culpa,
1351 1020 1538 1076 videns
1591 1017 1816 1074 Baldath

243 1117 394 1166 recta
415 1111 644 1166 dirisse:
676 1131 696 1164 ‹
724 1111 976 1183 Nunquid
997 1112 1451 1184 Deussupplantat
1477 1107 1736 1183 judicium
1756 1127 1814 1164 ιε

243 1211 299 1256 et
330 1215 456 1257 vera
484 1211 672 1258 contra
698 1204 1010 1274 hypocritas
1043 1205 1351 1274 protulisse,
1376 1203 1558 1259 audita
1599 1203 1810 1272 probat.

243 1291 386 1346 Vere
413 1291 526 1347 scio
553 1293 695 1362 quod
718 1293 880 1349 homo
901 1294 1120 1350 humilis
1145 1304 1200 1350 et
1223 1296 1332 1350 Da)
1367 1294 1676 1364 suppositus
1697 1291 1817 1362 jus-

241 1382 424 1438 titiam
473 1384 687 1454 accipit,
733 1386 1061 1454 compositus
1103 1386 1299 1456 perdit,
1351 1385 1476 1456 quia
1526 1385 1618 1454 qui
1649 1399 1709 1439 se
1765 1383 1815 1438 ei

241 1481 543 1542 comparat,
574 1473 716 1542 quod
757 1473 854 1528 Dei
897 1480 983 1528 est
1021 1473 1122 1529 sibi
1161 1488 1441 1546 arrogans,
1490 1475 1633 1529 bono
1672 1472 1816 1542 quod

244 1563 473 1631 accepit,
501 1577 556 1618 se
585 1564 778 1632 privat.
814 1563 918 1619 Sed
940 1572 993 1619 et
1022 1579 1180 1620 omne
1207 1566 1458 1620 meritum
1482 1573 1682 1620 nostra:
1699 1563 1812 1618 vir-

243 1653 378 1706 tutis
405 1653 473 1724 (si
512 1653 754 1708 districte
777 1653 1066 1724 judicetur)
1109 1655 1297 1709 vitium
1323 1663 1422 1710 est.

315 1763 483 1823 Vsus.
523 1768 576 1822 5.
603 1798 673 1808 -
701 1787 718 1818 ι
753 1767 809 1822 Si
856 1769 1086 1823 voluerit
1137 1769 1459 1824 contendere
1507 1784 1629 1825 cum
1674 1783 1758 1833 eo,
1791 1788 1808 1820 ι

244 1858 438 1930 (Ibid)
491 1860 558 1914 de
610 1861 722 1916 suis
777 1859 985 1916 meritis
1037 1861 1448 1932 praesumendo,
1491 1872 1546 1917 et
1587 1860 1812 1932 gloriam

243 1963 359 2004 suae
384 1950 620 2016 virtutis,
651 1965 758 2006 non
780 1949 910 2015 Deo,
935 1952 1026 2006 sed
1057 1952 1156 2006 sibi
1184 1953 1504 2024 arrogando.

325 2079 343 2109 ι
375 2057 491 2115 Νοη
534 2061 733 2131 poterit
778 2061 829 2117 ei
877 2064 1202 2134 respondere
1243 2079 1407 2118 unum
1455 2077 1554 2133 pro
1595 2059 1758 2115 mille.
1791 2079 1808 2113 ι

244 2149 300 2222 (I
309 2150 440 2222 bid.)
462 2152 516 2208 Id
537 2163 621 2208 est
646 2169 752 2209 non
774 2155 974 2234 poterit
1007 2171 1086 2223 se,
1113 2163 1238 2219 etc.,
1268 2171 1428 2226 usque
1457 2155 1524 2208 ad
1549 2169 1616 2208 ne
1639 2160 1815 2208 autem

246 2246 560 2310 contendat,
589 2245 861 2300 infirmum
885 2253 1085 2302 terreat
1127 2246 1242 2302 visa
1272 2246 1386 2317 ejus
1412 2245 1672 2316 potentia.

321 2337 482 2392 Vnus.
514 2337 568 2392 4.
608 2367 678 2378 —-
709 2356 727 2388 α
777 2337 907 2406 Quis
951 2337 1151 2394 restitit
1188 2338 1236 2392 ei
1281 2345 1336 2392 et
1376 2351 1562 2408 pacem
1612 2333 1814 2389 habuit.

246 2428 384 2496 Quis
419 2439 567 2484 creat
600 2437 660 2483 ut
708 2429 810 2485 sibi
871 2437 1052 2485 creata
1110 2430 1452 2493 conveniant,
1501 2427 1718 2487 ordinat
1764 2427 1819 2481 in

245 2535 361 2589 quo
388 2521 460 2575 sit
485 2521 564 2578 eis
589 2536 714 2592 pax,
759 2529 814 2577 et
856 2521 948 2592 qui
985 2521 1099 2591 ejus
1145 2521 1478 2592 dispositioni
1525 2531 1822 2592 repugnare

247 2623 496 2678 conatur,
529 2629 714 2684 pacem
735 2611 946 2683 perdit,
977 2623 1035 2668 ut
1065 2614 1284 2685 angelus
1303 2655 1317 2678 ,
1349 2613 1437 2682 qui
1456 2654 1470 2678 ,
1497 2628 1591 2668 sua
1616 2611 1824 2683 inquie-

247 2701 437 2757 tudine
452 2701 640 2767 elatus,
665 2704 827 2758 homo
847 2703 940 2773 qui
966 2705 1144 2760 carnis
1167 2702 1410 2759 molestia
1431 2709 1675 2767 vexatur,
1698 2701 1823 2772 quia

249 2789 522 2845 conditori
549 2791 771 2848 subesse
805 2793 997 2859 noluit,
1031 2809 1217 2864 pacem
1251 2801 1476 2863 uterque
1517 2791 1715 2846 amisit.

326 2878 488 2935 Vens.
519 2881 572 2936 5.
597 2911 668 2921 —-
699 2899 718 2933 ‹
751 2881 852 2948 Qui
877 2883 1152 2938 transtulit
1183 2891 1412 2949 montes,
1450 2902 1468 2933 ι
1500 2890 1604 2938 etc.
1639 2877 1824 2953 (Ibid.)

248 2970 404 3027 Dicta
448 2972 769 3043 generaliter
811 2974 1125 3029 confusione
1175 2975 1454 3045 superbiae,
1499 2990 1618 3045 quae
1663 2989 1825 3045 pinna

249 3073 472 3119 maneat
495 3063 666 3120 elatos
693 3064 747 3119 in
775 3063 995 3119 interitu
1023 3063 1186 3121 Israel
1231 3065 1487 3120 ostendit.
1535 3064 1830 3120 Transtulit

249 3163 484 3219 montes,
528 3163 740 3211 sanctos
782 3156 1162 3226 praedicatores
1195 3173 1225 3212 a
1275 3155 1474 3212 Iudaeis
1509 3157 1576 3211 ad
1620 3165 1826 3228 gentes,

249 3247 396 3314 quod
424 3247 733 3302 nescierunt
756 3245 946 3313 Judaei,
972 3249 1083 3318 qui,
1108 3247 1162 3302 in
1185 3249 1288 3304 hoc
1304 3249 1544 3304 subversi
1568 3255 1714 3312 sunt,
1737 3263 1831 3318 pu-

1262 473 1526 532 GLOSSA
1565 463 1961 529 OBDINARIA.
2002 496 2070 505 υ-
2105 465 2230 522 LIB.
2271 465 2408 522 JOB.

1853 581 2138 650 ’ASancti,
2186 593 2312 647 etc.,
2363 573 2633 654 usquead
2685 583 2874 638 melius
2912 581 3206 642 deﬁciendo
3247 600 3490 658 compre-

3377 451 3496 522 7'82‘

1918 675 2120 742 hendit,
2151 677 2361 732 dicens:
3206 725 3209 728 .

1993 770 2156 824 Vens.
2203 769 2288 823 10.
2324 788 2438 822 -‹
2493 769 2594 836 Qui
2639 768 2768 826 facit
2813 769 2964 826 mihi.
3001 790 3020 822 ι
3053 769 3240 826 Melius
3285 771 3482 840 explet,

1923 859 2012 932 qui
2039 874 2097 916 se
2130 873 2233 914 non
2258 873 2416 929 posse
2443 857 2658 929 explere
2691 858 2905 926 fatetur,
2933 869 2987 916 et
3003 859 3284 917 facundius
3313 861 3484 932 loqui-

1917 957 2010 1008 tur
2035 952 2126 1023 qui
2148 952 2575 1022 obstupescendo
2602 959 2764 1007 tacet.

1997 1063 2015 1096 c
2050 1042 2240 1116 Magna
2274 1063 2291 1096 ι
2341 1044 2554 1099 virtute.

1997 1155 2016 1189 ι
2050 1137 2716 1208 Et'incomprchensibilia
2752 1158 2770 1190 ι
2809 1138 3034 1194 ratione.

1997 1247 2016 1280 ‹
2049 1228 2115 1283 Et
2144 1227 2407 1282 mirabilia
2437 1243 2665 1297 quorum
2709 1244 2814 1283 non
2843 1247 2860 1278 ι
2914 1227 3324 1298 multiplicitate.
3383 1227 3488 1283 Sed

1923 1321 2050 1391 quid
2081 1320 2337 1375 miremur
2360 1336 2477 1390 qua:
2502 1330 2654 1375 extra
2693 1336 2788 1376 nos
2817 1331 2959 1388 sunt,
2985 1338 3104 1378 cum
3136 1332 3192 1380 et
3218 1325 3322 1379 hoc
3347 1325 3486 1394 quod

1917 1414 2047 1482 erga
2073 1427 2170 1468 nos
2195 1411 2394 1482 agitur,
2425 1413 2772 1482 ignoramus?
2795 1411 2852 1468 Si
2881 1415 3090 1469 venerit
3112 1416 3177 1471 ad
3202 1431 3306 1470 me.

1986 1501 2151 1556 Vnus.
2183 1503 2384 1556 11.-‹
2411 1501 2466 1556 Si
2483 1503 2881 1558 veneritadme.
2907 1523 2926 1556 ι
2956 1503 3138 1575 (Ιὸὶά.)
3163 1503 3342 1570 Venit,
3366 1520 3488 1559 cum

1914 1589 2053 1644 dona
2080 1591 2192 1657 dat,
2224 1602 2350 1657 etc.,
2386 1608 2546 1663 usque
2570 1593 2638 1645 ad
2667 1601 2722 1648 et
2777 1601 2954 1649 tamen
2984 1595 3062 1650 sic
3107 1610 3281 1650 caecus
3327 1595 3489 1650 homo

1913 1680 2182 1737 rationem
2211 1682 2395 1737 reddet
2427 1681 2493 1736 de
2520 1682 2730 1738 actibus
2759 1683 2887 1740 Deo.

1987 1771 2148 1827 Vens.
2184 1771 2270 1826 12.
2294 1804 2361 1812 -
2391 1792 2407 1823 ι
2442 1771 2496 1828 Si
2529 1783 2748 1842 repente
2774 1774 2932 1829 inter.
2981 1795 3000 1828 ι
3039 1775 3225 1847 (Ibid.)
3253 1777 3491 1847 Repente

1916 1863 2231 1937 interrogat,
2258 1879 2380 1920 cum
2405 1865 2724 1936 inopinatos,
2755 1875 2883 1933 etc.,
2904 1883 3063 1938 usque
3095 1867 3185 1934 ad,
3214 1869 3357 1938 quod
3379 1867 3491 1939 plac

1842 1955 2042 2028 Bgnius
2063 1955 2362 2010 ostenditur
2391 1955 2514 2009 dum
2559 1955 2803 2010 subditur
2832 1974 2844 2009 :

1991 2066 2012 2100 ι
2044 2047 2175 2114 Quis
2201 2047 2380 2100 dicere
2429 2055 2626 2116 potest,
2681 2063 2776 2101 cur
2811 2047 2884 2102 ita
2933 2047 3103 2102 facis?
3136 2067 3154 2099 ›
3180 2047 3343 2104 Facta
3397 2049 3490 2104 Dei

1918 2129 2173 2192 debanus
2202 2138 2472 2201 venerari,
2521 2145 2650 2201 etc.,
2699 2154 2858 2207 usque
2909 2138 2976 2190 ad
3030 2153 3191 2208 quam
3233 2141 3492 2210 superbus

1919 2219 2429 2298 inexstinguibiliter
2449 2227 2714 2294 accendit,
2750 2229 2889 2283 unde
2919 2229 2996 2283 ait
3021 2248 3033 2283 :

1990 2317 2151 2373 Vens.
2188 2318 2271 2372 15.
2297 2349 2368 2357 -
2397 2339 2416 2369 ι
2453 2319 2594 2374 Deus
2617 2317 2768 2387 cujus
2814 2320 2905 2373 ira:
2940 2320 3188 2376 resistere
3213 2336 3368 2376 nemo
3393 2336 3491 2390 po-

1919 2413 2044 2465 test.
2070 2430 2088 2462 »
2119 2407 2328 2480 Moyses
2349 2416 2402 2462 et
2425 2409 2657 2464 Pbinees
2681 2419 2734 2464 et
2755 2409 2842 2464 alii
2865 2411 3057 2475 sancti,
3087 2418 3214 2478 etc.,
3243 2428 3404 2483 usque
3424 2417 3490 2466 ad

1921 2497 1991 2552 ab
2038 2497 2123 2552 his
2159 2511 2410 2552 reversus
2442 2499 2508 2553 ad
2550 2512 2609 2552 se
2649 2498 2924 2554 humiliter
2961 2513 3073 2569 pm
3105 2509 3369 2570 potestate
3399 2502 3490 2556 Dei

1921 2591 2024 2648 sibi
2070 2590 2294 2646 vilescit.
3063 2659 3070 2665 .

1994 2679 2156 2734 Vsus.
2189 2679 2277 2734 M.
2301 2707 2370 2720 —-
2401 2699 2419 2731 ‹
2463 2679 2704 2748 Quantus
2734 2692 2864 2751 ergo
2905 2695 2982 2736 se.
3020 2702 3038 2734 ι
3073 2681 3262 2757 (Ιὺἱά.)
3305 2684 3360 2740 Id
3388 2694 3490 2751 est,

1923 2770 1970 2826 si
1997 2771 2217 2842 angelus
2240 2772 2383 2826 hunc
2405 2772 2748 2826 considerem
2771 2787 2875 2826 non
2900 2771 3112 2840 sufficit,
3159 2790 3266 2845 qua
3312 2785 3492 2832 mente

1924 2863 1990 2918 dc
2016 2863 2132 2932 ejus
2166 2860 2386 2932 judiciis
2429 2863 2644 2933 disputo
2689 2863 2780 2933 qui
2817 2877 2978 2919 carne
3019 2865 3270 2936 premor?
3317 2864 3492 2920 Verba

1925 2962 2111 3010 nostra
2135 2954 2203 3009 ad
2227 2955 2397 3010 Deum
2425 2967 2550 3010 sunt
2577 2971 2764 3026 Opera,
2805 2957 2898 3014 sed
2927 2959 3012 3014 his
3037 2960 3165 3029 quia
3185 2975 3292 3016 non
3320 2968 3496 3029 potest

1923 3042 2088 3101 homo
2115 3044 2260 3114 loqui
2293 3060 2417 3100 cum
2440 3045 2568 3111 Deo,
2591 3047 2718 3116 quia
2750 3047 2802 3101 iu
2825 3049 2906 3104 eis
2930 3051 3069 3120 apud
3118 3051 3313 3108 subtile
3349 3053 3494 3123 judi-

1929 3135 2069 3190 cium
2095 3133 2194 3188 Dei
2221 3134 2366 3190 nulla
2410 3135 2606 3190 ﬁducia
2627 3144 2732 3202 est,
2765 3137 2904 3194 unde
2926 3141 3108 3196 addit:

1999 3222 2163 3278 Vsus.
2193 3223 2280 3279 l5.
2310 3253 2381 3264 —
2418 3241 2437 3274 ι
2474 3223 2574 3291 Qui
2601 3226 2761 3280 etiam
2789 3227 2832 3280 si
2858 3227 3114 3295 habuero,
3157 3239 3283 3297 etc.,
3309 3233 3498 3302 depre-

250 3307 432 3394 tantes
461 3339 560 3394 sibi
592 3339 843 3411 gaudium
863 3307 1005 3410 quod
1026 3307 1203 3396 lumen
1228 3341 1594 3412 perdiderunt.
1623 3307 1821 3398 Trans-

1937 3311 2108 3370 cabor.
2148 3333 2166 3367 ι
2203 3313 2370 3371 Prece
2408 3323 2531 3386 post
2573 3317 2835 3387 justitiam
2861 3318 2954 3373 Dei
2995 3320 3218 3392 indiget,
3277 3332 3334 3377 ut
3379 3341 3497 3393 qua:

249 3429 379 3486 latis
413 3433 702 3499 montibus,
745 3435 1047 3489 'commovet
1067 3442 1256 3490 terras.

333 3522 480 3578 Vers.
532 3522 675 3578 6.—
703 3542 723 3576 ε
765 3523 1078 3581 Commovet
1108 3531 1305 3582 terram
1327 3529 1391 3583 de
1437 3527 1574 3585 loco.
1622 3549 1640 3582 ι
1684 3527 1820 3597 Quia

247 3609 465 3667 Judzeos
487 3612 552 3669 de
577 3613 772 3670 finibus
798 3616 909 3671 suis
938 3631 1034 3686 per
1055 3618 1328 3674 Romanos
1354 3619 1606 3674 extraxit.

332 3719 350 3752 ι
385 3701 673 3758 Columnae.
705 3724 723 3756 ι
771 3703 1110 3772 Sacerdotes,
1155 3708 1450 3778 principes,
1485 3709 1618 3780 legis
1639 3709 1825 3766 docto-

253 3808 364 3847 res.
403 3791 659 3850 Concussi
683 3803 828 3861 sunt,
853 3797 976 3866 quia
1006 3813 1102 3854 nec
1126 3798 1225 3868 ipsi
1248 3799 1348 3855 sibi
1374 3800 1555 3855 vivere
1576 3803 1823 3870 permissi

251 3889 403 3947 sunt,
435 3882 571 3937 unde
586 3883 856 3954 apostolos
881 3888 1223 3956 expulerunt,
1245 3899 1502 3959 prteterea
1535 3891 1586 3946 in
1619 3895 1822 3950 erroris

252 3973 338 4026 sui
386 3974 617 4030 tenebris
653 3976 847 4032 deserti
895 3985 1037 4032 sunt.

329 4063 481 4118 Vers.
511 4065 564 4120 7.
599 4097 667 4107 —
701 4085 718 4118 ε
749 4066 848 4135 Qui
873 4069 1116 4140 praecipit
1161 4069 1279 4126 soli.
1326 4091 1345 4124 ι
1377 4071 1565 4143 (Ιῡὶᾰ.)
1601 4073 1690 4130 Sol
1727 4091 1824 4146 per

254 4155 400 4209 diem
426 4154 586 4222 lucet,
617 4163 746 4224 etc.,
776 4175 936 4230 usque
959 4160 1028 4214 ad
1053 4160 1106 4216 in
1129 4176 1317 4217 omnes
1337 4171 1523 4236 gentes
1545 4163 1820 4221 dilatatur.

255 4244 414 4301 Unde
447 4264 460 4299 :

329 4335 492 4394 Vens.
522 4339 575 4396 8.
600 4371 668 4382 —
688 4361 707 4394 ι
744 4341 843 4410 Qui
873 4343 1110 4400 extendit
1134 4345 1319 4401 caelos.
1359 4366 1377 4400 ι
1423 4346 1608 4422 (Ibid)
1635 4349 1692 4407 Id
1721 4361 1819 4417 est,

253 4428 528 4498 apostolos
554 4447 585 4486 a
607 4429 805 4488 Iudaeis
833 4433 1046 4504 fugatos
1066 4435 1263 4506 ubique
1289 4435 1418 4492 facit
1438 4439 1714 4496 honorari.

305 4536 353 4569 -ι
395 4518 572 4576 Solus.
607 4541 625 4574 ι
661 4521 758 4590 Qui
783 4525 918 4579 mire
939 4527 1041 4580 hoc
1061 4525 1412 4596 dispensavit,
1441 4537 1496 4584 et
1522 4547 1644 4586 cum
1681 4549 1828 4590 ama-

254 4606 437 4664 ritudo
464 4611 645 4666 mundi
675 4615 728 4666 in
756 4630 888 4670 nece
915 4617 1179 4671 bonorum
1216 4619 1449 4675 saaviret.

1924 3404 2104 3459 minus
2128 3420 2194 3460 ex
2224 3421 2301 3472 se,
2324 3420 2392 3462 ex
2434 3407 2635 3478 pietate
2673 3407 2872 3477 judicis
2917 3410 3112 3467 valeat.
3180 3413 3294 3469 Etsi
3340 3415 3496 3486 plena

1922 3495 1982 3554 in
1999 3497 2410 3568 perfectioribus
2433 3499 2504 3555 sit
2526 3499 2755 3570 justitia,
2781 3502 2967 3558 haberi
2996 3503 3060 3558 de
3095 3503 3209 3570 illa,

2001 3607 2020 3640 ι
2050 3589 2335 3660 Quidpiam
2362 3630 2377 3655 ,
2423 3610 2441 3641 ι
2485 3591 2697 3654 dicitur,
2739 3593 2864 3662 quia
2911 3608 3065 3648 mens
3109 3594 3340 3650 honunis
3379 3609 3497 3666 quae

1923 3680 2441 3748 comprehenditvix
2464 3682 2700 3753 peragit,
2727 3691 2781 3737 et
2804 3698 2992 3752 parum
3037 3693 3123 3742 est
3164 3678 3306 3756 quod
3354 3701 3498 3754 com-

1925 3771 2231 3840 prehendit.
2280 3768 2464 3826 Oratio
2491 3785 2646 3838 vero,
2684 3773 2808 3842 quia
2853 3775 3036 3831 multis
3085 3777 3496 3848 cogitationibus

1927 3861 2188 3929 quatitur,
2215 3861 2316 3916 etsi
2343 3862 2579 3928 auditur,
2609 3863 2792 3934 repelli
2833 3865 3002 3920 timet.

1999 3952 2162 4007 Vens.
2214 3951 2298 4006 16.
2341 3973 2449 4004 -ι
2489 3952 2620 4010 Cum
2667 3955 3002 4012 invocantem
3060 3959 3357 4032 exaudierit
3405 3979 3490 4022 me

1925 4057 2056 4097 non.
2095 4062 2114 4093 ι
2150 4041 2338 4115 (ma)
2364 4042 2496 4099 Cum
2523 4045 2665 4100 enim
2709 4039 3102 4122 (utaitDavid)
3151 4071 3170 4102 ε
3217 4033 3375 4124 modo
3411 4070 3498 4111 as-

1926 4130 2162 4185 cendunt
2190 4146 2360 4202 usque
2404 4133 2470 4188 ad
2501 4134 2666 4190 etelos
2707 4134 2876 4206 (Psal.
2934 4139 3066 4210 cvr),
3095 4159 3114 4191 ι
3143 4121 3263 4196 cum
3287 4121 3495 4198 Summa

1923 4232 2230 4292 penetrant,
2253 4225 2412 4281 modo
2446 4227 2774 4284 descendunt
2807 4230 2861 4283 in
2904 4232 3148 4302 abyssos,
3181 4247 3278 4302 per
3322 4236 3496 4304 turpia

1927 4324 2280 4385 tentamenta,
2311 4319 2686 4376 certitudinem
2736 4322 3094 4379 exauditionis
3121 4339 3225 4378 non
3273 4326 3490 4381 habent.

1927 4402 2060 4460 Vide
2097 4422 2258 4476 quam
2280 4407 2547 4464 subtiliter
2584 4424 2642 4465 se
2664 4410 2892 4480 judicat,
2924 4411 3288 4470 inﬁrmitatem
3341 4432 3492 4472 suam

1933 4499 2125 4568 aperit.

2003 4605 2022 4638 ι
2055 4585 2298 4654 Quantus
2325 4601 2506 4662 ergo.»
2544 4589 2601 4646 In
2639 4589 2848 4660 justitia
2890 4583 2993 4649 non
3043 4584 3280 4663 confidit,
3310 4597 3403 4652 sed
3429 4599 3495 4653 ad

336 4718 354 4750 ι
386 4699 641 4756 Graditur
660 4719 820 4775 super
852 4704 1066 4774 fluctus,
1103 4727 1121 4759 ›
1154 4709 1206 4763 id
1243 4717 1348 4776 est,
1377 4709 1548 4767 calcat
1567 4711 1693 4768 dum
1720 4715 1824 4770 mi-
1849 4685 1906 4750 Β
1927 4689 2143 4776 Μέθῃ]
2177 4675 2418 4776 “inﬂigit
2453 4698 2467 4733 ³
2515 4681 2630 4751 qni’
2677 4681 2887 4738 etiam“
2932 4684 3183 4776 habuero,
3223 4688 3495 4759 quidpiam

255 4788 394 4860 tigat
416 4789 768 4848 admiratione
795 4794 1088 4866 signorum.
1117 4793 1379 4855 Jeremias
1406 4818 1418 4854 :
1457 4819 1476 4851 ι
1509 4799 1668 4858 Posui
1698 4819 1823 4860 are-

258 4894 386 4934 nam
427 4883 711 4937 terminum
743 4885 879 4938 mari
909 4884 1042 4957 (Jer.
1073 4886 1154 4958 5),
1184 4907 1202 4939 ι
1237 4888 1291 4944 id
1317 4897 1420 4957 est,
1470 4891 1538 4947 ad
1572 4891 1822 4964 frangen-

257 4971 382 5025 dam
428 4970 650 5040 gloriam
698 4976 904 5041 mundi,
953 4975 1191 5047 abjectos
1234 4987 1290 5035 et
1322 4995 1586 5052 pauperes
1631 4985 1822 5058 elegit;

257 5059 389 5115 dum
411 5071 588 5118 autem
617 5079 765 5120 mare
797 5068 968 5134 saevit,
990 5069 1231 5126 Ecclesia
1271 5071 1504 5141 prolicit.

251 5237 254 5240 ἢ
331 5151 496 5209 Vsus.
523 5153 576 5211 9.
600 5187 670 5196 --
698 5177 716 5208 ‹
751 5159 853 5224 Qui
880 5158 1009 5216 facit
1046 5170 1342 5220 arcturum.
1384 5183 1404 5217 ι
1432 5164 1622 5242 (Ιὸἰά.)
1644 5168 1830 5228 Nomi-

259 5244 419 5300 nibus
435 5245 872 5319 philosophorum
901 5244 1090 5319 utitur,
1117 5261 1245 5321 etc.,
1294 5271 1456 5330 usque
1500 5260 1571 5316 ad
1617 5259 1726 5320 imo
1773 5273 1832 5321 ut

259 5349 512 5397 arcturus
535 5353 800 5410 versatur,
826 5347 1070 5418 erigitur.

337 5449 356 5482 ι
385 5431 602 5488 Oriona.
643 5454 661 5487 ›
687 5433 874 5508 (Ιὸὶά.)
906 5435 1008 5505 Qui
1037 5438 1253 5495 hiemali
1285 5450 1522 5513 tempore
1559 5447 1830 5517 oriuntur,

259 5527 391 5590 etc.,
425 5541 583 5596 usque
601 5525 670 5578 ad
699 5526 790 5580 sed
819 5525 1062 5606 placidos.
1092 5530 1144 5585 in
1187 5547 1369 5588 eorum
1404 5549 1590 5594 necem
1636 5542 1826 5597 erexit.

337 5629 359 5664 σ
393 5609 628 5685 Hyadas.
671 5633 690 5667 ›
742 5613 797 5669 In
839 5615 1014 5672 fronte
1053 5617 1215 5675 Tauri
1266 5621 1319 5677 in
1350 5637 1477 5679 vere
1513 5637 1827 5695 nascuntur,

261 5710 396 5768 etc.,
424 5717 591 5774 atque
627 5705 695 5758 ad
746 5719 990 5775 superna:
1029 5710 1217 5777 patriae
1269 5711 1482 5768 interna
1527 5720 1827 5786 perveniat,

265 5791 404 5850 unde
428 5795 576 5851 addit
604 5817 616 5850 :

339 5902 358 5934 σ
392 5884 461 5938 Et
503 5885 757 5942 interiora
810 5889 998 5944 austri.
1053 5910 1071 5942 ι
1122 5892 1317 5948 Auster
1369 5895 1550 5954 fervor
1593 5899 1824 5971 Spiritus

341 6115 358 6144 ὓ

1929 4764 2156 4834 justum,
2207 4764 2275 4822 de
2310 4767 2425 4837 ipsa
2459 4783 2670 4838 quoque
2694 4784 2851 4840 prece
2887 4773 3110 4842 pavidus
3138 4775 3253 4830 ait:
3300 4797 3317 4828 ι
3363 4776 3496 4832 Cum
3549 4779 3558 4843 ξ

1937 4859 2297 4914 invocantem.
2335 4879 2354 4913 ›
2379 4860 2505 4918 Ideo
2552 4863 2631 4920 sic
2666 4864 3046 4938 circumspicit,
3074 4871 3200 4942 quia
3224 4873 3330 4928 vim
3353 4873 3496 4944 judi—
3555 4870 3562 4903 ³

1937 4949 2004 5004 cii
2035 4963 2091 5003 se
2117 4964 2220 5004 non
2251 4965 2410 5020 posse
2444 4949 2584 5007 ferre
2605 4953 2768 5020 videt,
2793 4955 2858 5011 de
2894 4971 3002 5027 quo
3026 4959 3101 5014 ait
3130 4979 3143 5014 :

2005 5039 2170 5097 Vnus.
2205 5042 2290 5096 17.
2320 5073 2389 5083 -
2421 5063 2438 5094 ι
2473 5044 2529 5098 In
2577 5047 2786 5104 turbine
2831 5050 2996 5105 etiam
3043 5051 3285 5108 conteret
3327 5070 3432 5109 me.
3469 5075 3487 5107 ι

1934 5132 2036 5200 Qui
2067 5135 2119 5189 in
2149 5136 2537 5208 tranquillitate
2566 5150 2907 5212 exspectatus
2927 5144 3266 5215 contempsil,
3298 5146 3352 5200 in
3385 5155 3496 5201 tur-

1929 5221 2056 5280 bine
2079 5233 2404 5282 conteretur.

2010 5333 2028 5365 c
2065 5315 2302 5373 Turbine
2333 5333 2349 5372 :
2385 5338 2405 5372 ι
2437 5321 2562 5391 quia
2593 5321 2646 5377 in
2704 5324 3066 5383 commotione
3106 5326 3495 5386 elementorum

1933 5403 2006 5459 ibi
2037 5404 2280 5463 districte
2317 5412 2516 5481 requiri
2544 5429 2708 5485 opera
2756 5416 2906 5473 timet
2937 5434 2951 5472 :
3005 5433 3127 5475 cum
3154 5429 3210 5474 et
3234 5422 3494 5492 quosdam

1935 5495 2050 5551 sine
2078 5499 2329 5568 operibus
2357 5503 2606 5576 originali
2637 5515 2788 5562 reatu
2810 5505 3054 5564 damnari
3072 5509 3238 5578 videt,
3267 5526 3493 5583 quorum

1926 5593 2060 5642 voce
2089 5589 2166 5642 ait
2195 5607 2208 5642 :

2007 5691 2026 5727 ι
2058 5675 2425 5751 Mulliplicabit
2449 5685 2669 5740 vulnera
2694 5701 2835 5742 mea.
2867 5707 2886 5741 ι
2918 5687 3054 5759 Quia
3089 5692 3191 5762 ipsi
3211 5691 3345 5748 nihil
3371 5707 3496 5765 ege—

1929 5777 2078 5833 runt,
2107 5771 2247 5826 unde
2275 5774 2472 5829 dicitur
2500 5795 2512 5829 :
2549 5796 2565 5826 ‹
2597 5774 2711 5831 Non
2738 5787 2822 5834 est
2846 5782 3076 5836 mundus
3116 5781 3171 5837 in
3205 5795 3489 5856 conSpectu

1926 5859 2066 5928 ejus,
2095 5876 2194 5916 nec
2217 5860 2393 5919 infans
2420 5867 2578 5922 unius
2606 5868 2728 5922 diei.
2770 5889 2786 5921 ι

2003 5968 2022 6002 ι
2055 5950 2181 6008 Sine
2203 5969 2383 6010 causa.
2422 5975 2440 6008 ι
2469 5956 2572 6012 Pro
2594 5960 2948 6019 aestimatione
2999 5965 3217 6023 humani
3261 5981 3489 6034 sensus;
