3982 6352
1803 321 1874 340 -.μ’

530 409 640 470 ’185

917 448 920 450 -
1022 403 1418 464 WALAFRIDI
1455 403 1704 463 STRABI
1741 403 1946 463 FULD.
1986 401 2112 462 MOI‘

2237 403 2341 463 PP.
2381 403 2560 464 PARS
2594 406 2639 465 l.
2673 435 2744 448 —
2779 394 3240 463 THEOLOGICA.

3693 397 3808 457 786

531 525 627 585 sed
656 523 798 596 apud
829 523 997 579 Deum
1019 521 1230 592 justum
1258 529 1361 587 est,
1384 529 1444 576 ut
1467 522 1628 578 arbor
1658 520 1712 577 in
1755 522 1922 578 ramis
1951 536 2105 577 ama-
2131 523 2185 585 Α
2209 522 2463 596 fugiendo
2483 524 2656 580 visum
2685 523 2940 594 perdidit,
2973 536 3043 576 ne
3069 518 3271 576 bonum
3301 516 3442 588 quod
3465 523 3574 586 est,
3601 516 3807 576 videre

531 617 820 673 ritudinem
850 621 1050 678 servet,
1076 629 1240 682 quam
1277 614 1443 667 traxit
1465 629 1496 666 a
1526 614 1727 670 radice.
1778 614 1904 670 Haec
1939 616 2110 670 etiam

532 705 886 779 Spiritualiter
924 702 990 757 de
1038 700 1158 767 Job,
1189 702 1282 772 qui
1309 701 1515 773 ﬂagella
1561 704 1655 758 Dei
1689 704 1742 758 in
1772 703 2006 771 turbine,
2055 710 2112 760 et

533 807 780 855 metuens
817 795 1084 867 praevidit,
1117 803 1171 852 et
1197 795 1498 866 praevidens
1531 796 1774 867 pertulit,
1806 796 1947 851 unde
1974 794 2051 850 ait
2092 811 2107 848 :

539 908 558 941 ι
588 889 658 944 Ει
674 887 1050 958 multiplicabit
1067 886 1288 942 vulnera
1311 902 1431 942 mea
1451 887 1567 943 sine
1588 903 1771 952 causa,
1802 907 1822 948 ρ
1850 888 1975 957 quia
2001 902 2110 942 non

534 997 632 1050 pro
651 980 807 1052 culpa
845 994 1132 1052 percussus
1156 987 1258 1045 est,
1294 979 1434 1034 unde
1463 994 1647 1050 supra,
1676 999 1696 1031 ι
1729 988 1791 1034 ιιι
1817 977 2108 1050 afﬂigerem

533 1088 658 1128 eum
686 1073 906 1128 frustra.
947 1091 967 1124 ι
1881 1117 1902 1140 ο

603 1162 767 1218 Vens.
822 1162 908 1218 18.
948 1193 1018 1204 --
1060 1181 1080 1215 ι
1129 1163 1246 1219 Νοη
1309 1163 1574 1220 concedit.
1628 1182 1646 1214 ι
1687 1161 1905 1236 (Gneo.)
1941 1161 2108 1217 Plena

529 1255 777 1325 probatio
804 1264 994 1311 :extra
1037 1254 1278 1310 lacerant
1327 1262 1619 1319 tormenta,
1650 1255 1793 1310 intus
1843 1255 2110 1325 castigant

529 1355 884 1412 tentamenta,
923 1347 1064 1402 unde
1093 1361 1151 1402 se
1181 1346 1458 1417 impletum
1479 1345 1927 1401 amaritudinibus
1953 1344 2104 1410 dicit,

530 1439 624 1492 sed
654 1437 865 1506 mitigat
887 1436 996 1491 vim
1022 1435 1224 1491 doloris
1247 1436 1475 1507 aequitas
1503 1444 1558 1492 et
1579 1435 1818 1508 potentia
1840 1434 2102 1490 ferientis.

529 1513 597 1580 Et
617 1525 722 1580 hoc
744 1534 828 1581 est
855 1544 868 1579 :

599 1616 766 1671 Vens.
814 1614 901 1670 19.
956 1643 1028 1656 —--
1063 1633 1082 1666 ι
1131 1614 1187 1669 Si
1241 1613 1500 1670 fortitudo
1524 1613 1803 1684 quaeritur.
1841 1633 1859 1666 ι
1892 1613 2055 1682 Quasi
2087 1631 2102 1668 :

527 1721 688 1762 neruo
743 1706 923 1770 audet,
984 1705 1110 1776 quia
1154 1703 1246 1758 ille
1289 1705 1482 1759 merita
1533 1705 1828 1772 examinat,
1872 1705 1965 1776 qui
2008 1719 2107 1776 per

530 1797 764 1852 alienum
789 1795 1156 1851 testimonium
1185 1811 1250 1851 ea
1295 1811 1404 1851 non
1448 1795 1718 1866 explorat,
1767 1796 1861 1851 sed
1909 1798 2104 1851 tacitus

2209 620 2400 692 possit,
2426 621 2494 674 ad
2521 619 2664 690 quod
2684 619 2936 674 conditus
2973 615 3093 670 fuit.

2287 730 2308 764 ι
2340 712 2506 780 Quasi
2531 728 2697 768 naves
2724 727 2884 782 poma
2933 717 3236 782 portantes.
3268 729 3286 761 ι
3315 709 3503 783 (Ιὸἱά.)
3549 711 3800 767 Fructus

2212 813 2371 860 terrae
2391 820 2488 875 per
2509 801 2880 870 ﬂuctus,etc.,
2928 819 3090 874 usque
3137 801 3208 855 ad
3261 816 3382 871 quae
3432 802 3701 874 cogitatio
3729 813 3802 856 ne

2211 896 2267 951 in
2280 896 2583 966 superbiam
2597 903 2864 966 erumpat,
2879 893 3154 949 humiliter
3165 907 3224 949 se
3235 892 3543 964 comprimit
3562 893 3763 948 dicens
3781 909 3798 946 :

2285 1008 2305 1040 ι
2345 987 2694 1058 Nequaquam
2748 985 2824 1039 ita
2873 984 3084 1055 loquar.
3116 1003 3136 1036 ι
3173 982 3280 1040 Sed
3337 983 3589 1038 infirmus
3633 999 3668 1037 a
3701 983 3799 1040 tali

2211 1078 2559 1148 inquisitione
2611 1091 2946 1148 compescar.
2976 1075 3034 1130 ln
3059 1090 3170 1145 quo
3204 1075 3372 1132 facies
3414 1074 3616 1131 mentis
3641 1090 3800 1131 com-

2209 1177 2467 1235 mutatur,
2499 1169 2625 1240 quia
2676 1184 2796 1240 quaa
2849 1168 2960 1224 alta
3002 1169 3300 1238 quaerebat,
3338 1167 3802 1225 infirmamsevi-

2209 1263 2358 1324 dens,
2385 1271 2675 1318 veneratur
2698 1262 2841 1333 quod
2871 1261 3104 1332 ignorat.
3136 1261 3196 1316 In
3223 1276 3330 1331 qua
3348 1269 3432 1316 est
3460 1261 3640 1326 dolor,
3663 1262 3799 1332 quia

2208 1352 2364 1408 valde
2383 1351 2641 1424 affligitur
2663 1353 2755 1422 qui
2778 1352 2845 1406 ad
2871 1351 3216 1422 intelligenda
3230 1366 3349 1422 quae
3362 1351 3430 1407 de
3440 1366 3501 1406 se
3523 1359 3678 1417 sunt,
3692 1367 3799 1407 ca-

2209 1452 2382 1500 catur.
2416 1443 2512 1500 His
2535 1444 2911 1499 communibus
2931 1442 3089 1498 malis
3114 1457 3213 1499 sua
3237 1442 3460 1514 propria
3495 1440 3800 1514 adiungere

2207 1538 2398 1592 metuit
2428 1556 2440 1591 :
2472 1556 2491 1589 ι
2527 1536 2769 1594 Verebar
2789 1536 2987 1602 omnia,
3020 1556 3040 1589 ι
3063 1543 3170 1592 etc.

2278 1627 2444 1682 Vens.
2487 1625 2576 1681 28.
2607 1656 2677 1666 —-
2710 1643 2728 1676 ι
2765 1623 3005 1680 Verebar
3038 1624 3220 1679 omnia
3267 1638 3454 1695 Opera.
3515 1643 3535 1676 ι
3601 1623 3799 1694 (ιὺὶᾱ.)

2206 1719 2353 1774 Bona
2376 1718 2592 1790 quidem
2615 1727 2788 1784 erant,
2816 1725 2948 1782 etc.,
2983 1733 3147 1788 usque
3177 1716 3248 1771 ad
3275 1715 3430 1786 quasi
3452 1729 3556 1771 nec
3579 1729 3684 1786 per
3715 1715 3800 1768 la-

2207 1812 2369 1867 bores
2401 1809 2468 1864 ad
2494 1810 2661 1864 vitam
2689 1808 2991 1879 perveniat,
3022 1807 3164 1862 unde
3190 1823 3204 1859 :

531 1888 908 1943 considerator
935 1887 1026 1942 diu
1047 1893 1342 1956 exspectat.
1393 1886 1542 1942 Alius
1590 1903 1696 1942 non
1747 1894 1926 1958 potest
1972 1886 2102 1942 mihi
2135 1878 2182 1940 B
2280 1901 2445 1958 vus.
2477 1902 2566 1958 «29_
2597 1878 2710 1954 ...ί
2753 1901 3007 1957 Siamem
3027 1908 3082 1956 οι
3109 1899 3188 1955 sic
3217 1897 3413 1969 impius
3435 1912 3580 1953 sum.
3619 1916 3639 1949 ι
3681 1896 3802 1953 Non

530 1993 651 2034 esse
680 1978 856 2042 testis,
889 1977 1017 2047 quia
1045 1991 1147 2032 nec
1176 1991 1276 2048 ego
1304 1977 1418 2048 ipse
1451 1977 1606 2032 mihi.

599 2069 764 2125 Vens.
790 2067 881 2122 20.
907 2095 979 2107 -
1011 2084 1030 2118 ι
1069 2065 1127 2120 Si
1148 2066 1469 2136 justilicare.
1517 2086 1536 2120 ι
1563 2066 1753 2140 (Ιὺξά.)
1788 2066 1906 2124 Non
1963 2067 2110 2124 sulIi-

528 2160 614 2215 cio
663 2173 784 2215 esse
830 2158 983 2214 testis
1024 2157 1368 2224 innocentiae,
1399 2173 1501 2214 nec
1530 2159 1642 2216 scio
1670 2160 1815 2230 quod
1855 2174 1979 2216 eam
2006 2160 2108 2215 ha-

528 2254 710 2309 beam.

597 2363 764 2419 Vens.
802 2362 893 2417 2L
917 2393 988 2404 —
1015 2379 1036 2413 ι
1069 2360 1129 2418 Si
1155 2361 1385 2433 simplex
1431 2359 1604 2417 fuero.
1638 2381 1656 2415 ι
1691 2361 1793 2428 Ωιιί
1831 2360 1938 2416 scit
1968 2361 2108 2417 bona

445 2531 448 2536 ι
527 2474 646 2530 qua:
675 2458 801 2530 agit,
829 2465 961 2524 etc.,
987 2473 1149 2528 usque
1177 2457 1245 2510 ad
1278 2457 1383 2512 hoc
1408 2457 1661 2512 exsilium
1687 2455 1948 2513 caecitatis
1969 2470 2110 2528 azgre

528 2554 653 2620 fert,
678 2555 821 2609 unde
854 2552 1065 2608 subdit:

607 2666 624 2696 ι
663 2645 730 2700 Et
765 2627 984 2700 taedebit
1007 2656 1094 2697 me
1117 2641 1241 2696 vitae
1273 2656 1428 2697 meae.
1463 2659 1480 2692 ι
1517 2639 1623 2698 Sed
1676 2650 1760 2696 est
1807 2639 2110 2697 consolatio

530 2736 691 2806 hujus
718 2733 961 2806 caliginis
990 2734 1215 2789 reducta
1265 2731 1444 2787 animo
1487 2731 1632 2802 justa
1678 2735 1917 2803 potentia
1957 2732 2053 2788 Dei
2088 2749 2104 2789 :

529 2843 650 2900 quae
676 2835 732 2882 et
753 2827 967 2896 iniquos
994 2824 1173 2897 punit,
1200 2831 1257 2879 et
1279 2823 1456 2893 justos
1485 2825 1836 2880 transcendit.

601 2938 765 2994 Vens.
814 2935 999 2990 21-—
1032 2951 1052 2986 ι
1088 2933 1265 2991 Unum
1312 2942 1397 2990 est
1449 2935 1593 3006 quod
1633 2935 1847 2991 locutus
1905 2949 2044 2990 sum.
2081 2950 2104 2986 ι

536 3026 725 3098 abici.)
755 3025 852 3082 Vel
885 3045 904 3078 ι
938 3025 1197 3080 innocens
1232 3043 1252 3076 ι
1288 3025 1646 3091 consumitur,
1675 3033 1808 3091 etc.,
1844 3040 2007 3096 usque
2033 3023 2106 3079 ad

530 3127 774 3176 nostram
809 3116 1022 3189 duplam
1048 3115 1228 3172 carnis
1248 3123 1303 3171 et
1336 3116 1529 3172 animae
1559 3117 1820 3172 destruat.

601 3214 766 3270 Vens.
793 3213 883 3268 25.
909 3243 981 3253 --
1005 3233 1023 3263 ι
1055 3210 1377 3283 Siﬂagellat,
1400 3211 1612 3266 occidat
1635 3226 1713 3268 se.
1748 3230 1767 3262 ι
1798 3208 1984 3282 (Ιὸὶά.)
2012 3207 2109 3264 Ri—
2136 3244 2181 3306 C

531 3309 660 3366 dere
691 3308 787 3364 Dei
829 3315 914 3364 est
959 3304 1251 3368 aﬂlictioni,
1274 3314 1407 3372 etc.,
1455 3321 1617 3376 usque
1666 3304 1736 3358 ad
1784 3303 1928 3374 quod
1961 3301 2108 3358 solus

529 3401 714 3459 carnis
740 3408 971 3457 mortem
997 3399 1238 3471 pertulit,
1271 3399 1464 3470 aperit.

602 3495 769 3550 Vens.
787 3492 964 3548 Ωιτ-
989 3511 1007 3544 ι
1035 3490 1203 3547 Terra
1227 3490 1370 3546 data.
1404 3509 1424 3542 ι
1450 3490 1548 3546 Vel
1582 3508 1602 3542 ι
1634 3490 1849 3546 tradita.
1884 3508 1904 3543 ι
1937 3487 2108 3545 Terra

533 3605 682 3656 caro,
710 3589 906 3658 impius
931 3585 1196 3642 diabolus.

609 3701 627 3733 ι
662 3680 850 3735 Manus
885 3699 903 3730 ι
941 3677 1073 3747 ejus,
1111 3675 1383 3732 occisores
1411 3673 1636 3741 Christi,
1693 3681 1823 3741 etc.,
1853 3691 2017 3746 usque
2038 3675 2109 3730 ad

533 3787 697 3844 quam
726 3769 973 3826 Christus
1001 3767 1232 3823 venerit.

604 3862 769 3917 Vens.
797 3861 886 3915 25.
913 3890 983 3901 —-
1013 3878 1031 3910 ι
1060 3859 1186 3915 Dies
1223 3859 1326 3914 mei
1376 3859 1670 3916 velociores
1710 3861 1930 3916 fuerunt
1983 3877 2108 3916 cur-

536 3973 676 4013 sore.
711 3976 728 4007 ι
763 3954 949 4027 (Ιῡὶιι.)
984 3951 1234 4008 Cursoris
1277 3960 1378 4017 est,
1427 3960 1679 4007 secutura
1718 3955 2006 4008 nuntiare:
2035 3953 2114 4010 sic

537 4061 726 4102 omnes
769 4045 928 4101 electi
971 4052 1095 4098 ante
1153 4043 1441 4098 adventum
1489 4044 1802 4100 nuntiantes
1839 4045 2112 4100 Christum

537 4154 786 4197 cursores
804 4137 1054 4203 fuerunt;
1077 4137 1172 4193 sed
1201 4137 1325 4206 quia
1349 4146 1476 4192 ante
1513 4137 1845 4204 moriuntur,
1880 4138 2114 4192 transire

537 4242 598 4282 se
633 4225 872 4280 velocius
918 4237 1140 4279 cursore
1171 4223 1374 4288 dolent,
1410 4231 1470 4278 ut
1510 4239 1618 4279 non
1645 4225 1864 4280 videant
1880 4239 2116 4294 praesen-

537 4326 645 4373 tem
679 4316 826 4371 illum
867 4315 958 4386 qui
985 4313 1331 4387 singulariter
1356 4315 1531 4370 bonus
1559 4316 1755 4371 dicitur
1785 4334 1799 4382 ;
1831 4316 1898 4372 de
1921 4315 2116 4388 quibus

537 4409 698 4463 etiam
731 4408 880 4463 addit

605 4517 770 4576 Vens.
807 4518 993 4574 26.—
1021 4536 1041 4570 ι
1074 4517 1241 4588 Quasi
1272 4533 1460 4575 naves.
1496 4539 1515 4572 ι
1565 4520 1670 4588 Ωιιί
1714 4536 1878 4593 poma
1935 4531 2120 4592 portat

2209 1997 2438 2069 paenitet
2457 1996 2753 2061 laborasse,
2788 1995 2882 2050 sed
2910 1995 3052 2049 inter
3098 1992 3318 2048 labores
3347 1992 3416 2048 de
3441 1990 3691 2062 praemiis
3713 1991 3799 2046 in-

2211 2099 2421 2146 certum
2450 2104 2509 2145 se
2533 2104 2654 2144 esse
2678 2087 2838 2144 dolet.
2868 2087 2946 2142 lta
2973 2094 3061 2142 est
3087 2087 3327 2142 incertus
3351 2084 3550 2155 justus,
3581 2092 3646 2139 ut
3673 2097 3804 2140 oon-

2211 2182 2361 2248 ﬁdat,
2393 2177 2466 2236 ita'
2494 2181 2717 2237 confidit
2741 2195 2811 2235 ne
2833 2195 3059 2236 securus
3095 2185 3324 2250 torpeat.

2289 2293 2307 2325 ι
2345 2273 2567 2330 Frustra
2595 2291 2607 2327 :
2640 2292 2658 2326 ι
2695 2272 2815 2328 dico
2845 2271 2991 2341 quia.

2287 2365 2447 2422 Vens.
2473 2365 2562 2422 50.
2589 2395 2661 2405 —
2687 2384 2705 2416 ι
2736 2363 2794 2420 Si
2824 2365 2963 2419 lotus
2987 2361 3139 2418 fuero
3176 2358 3332 2430 quasi
3388 2357 3546 2428 aquis
3589 2355 3799 2412 nivis.»

2212 2457 2314 2526 Qui
2335 2457 2568 2514 conterit
2598 2472 2656 2512 se
2688 2463 2748 2510 ut
2769 2454 3041 2519 lamentis‘,
3073 2461 3203 2518 etc.,
3232 2466 3394 2522 usque
3419 2449 3488 2503 ad
3516 2448 3612 2519 qui
3644 2461 3802 2504 com-

2209 2549 2471 2621 pungitur
2502 2547 2555 2602 in
2579 2562 2739 2617 prece
2765 2561 2864 2616 pro
2904 2544 3160 2609 terrenis,
3198 2556 3341 2613 aqua
3369 2548 3551 2596 terra.

2289 2657 2306 2690 ι
2346 2637 2554 2702 Manus,
2584 2656 2603 2690 ι
2635 2635 2820 2708 (ιὸἰά.)
2849 2643 2976 2690 sunt
2999 2649 3184 2704 opera.

2289 2745 2308 2778 ι
2343 2726 2500 2782 Velut
2547 2726 2933 2792 mundissimae,
2972 2745 2991 2776 ι
3025 2723 3181 2795 quasi
3232 2737 3341 2778 non
3393 2733 3524 2776 vere
3579 2718 3806 2774 munda

2214 2820 2316 2876 sub
2337 2820 2442 2874 hac
2471 2818 2836 2888 corruptione.

2282 2909 2447 2965 Vens.
2481 2909 2569 2963 5i.
2609 2939 2678 2948 —
2707 2927 2725 2959 ι
2755 2908 2992 2978 lntinges
3027 2925 3046 2960 ι
3099 2906 3153 2962 id
3200 2912 3302 2972 est,
3347 2903 3644 2960 intinctum
3706 2901 3806 2957 de-

2211 3002 2559 3067 monstrabis,
2585 3002 2711 3071 quia
2736 3009 2938 3072 quanto
2958 2999 3076 3070 plus
3094 2999 3144 3055 ei
3169 2996 3635 3068 approximamus,
3681 3008 3805 3050 sor-

2210 3095 2308 3154 des
2345 3105 2560 3152 nostras
2586 3110 2652 3150 ex
2681 3095 2798 3166 ejus
2824 3093 3084 3148 munditia
3113 3093 3476 3164 agnoscimus.

2291 3209 2312 3244 ι
2343 3191 2698 3247 Vestimenta.
2736 3208 2754 3240 ι
2787 3187 3179 3243 Vestimentum
3229 3200 3424 3240 animae
3459 3191 3545 3240 est
3583 3197 3798 3255 wrpus

2213 3283 2356 3354 quod
2404 3282 2666 3353 praecepit
2713 3279 2965 3335 Salomon
3011 3279 3161 3334 omni
3208 3286 3450 3348 tempore
3501 3277 3806 3333 candidum

2208 3390 2350 3441 esse,
2381 3381 2438 3429 et
2460 3373 2507 3428 si
2535 3373 2605 3428 sit
2659 3372 2879 3428 mistum
2932 3370 3215 3442 sanguine,
3261 3370 3316 3424 id
3348 3377 3434 3424 est
3486 3368 3808 3423 carnalibus

2208 3465 2512 3530 desideriis,
2535 3463 2666 3519 dicit
2702 3463 2866 3518 lsaias
2899 3461 3324 3519 comburendum
3352 3460 3486 3535 (Isa.
3509 3461 3590 3532 9).

2285 3557 2814 3622 «Abominabuntur,
2845 3575 2864 3607 ι
2895 3554 2948 3609 id
2970 3562 3075 3619 est,
3104 3553 3518 3610 abominabilem
3543 3553 3802 3621 reddent,

2208 3659 2273 3707 ut
2297 3649 2363 3705 de
2389 3649 2524 3704 Juda
2569 3647 2808 3704 dicitur:
2845 3663 2866 3698 ι
2901 3645 3148 3701 Possedit
3193 3661 3381 3716 agrum
3426 3644 3494 3699 de
3541 3645 3803 3700 mercede

2212 3740 2536 3811 iniquitatis,
2570 3759 2588 3791 ι
2619 3739 2672 3793 id
2693 3745 2797 3804 est,
2821 3735 3081 3808 possideri
3117 3734 3263 3790 fecit.
3309 3734 3368 3790 In
3389 3734 3805 3790 abominatione

2212 3831 2378 3887 vestis
2406 3832 2508 3887 hoc
2531 3829 2746 3899 gravius
2795 3825 2976 3894 habet,
3017 3825 3160 3896 quod
3209 3839 3427 3880 sensum
3481 3824 3567 3879 sui
3610 3839 3804 3894 repre-

2215 3925 2464 3990 hensoris
2493 3924 2724 3994 ignorat.

2286 4015 2450 4069 Vens.
2482 4013 2570 4067 52.
2594 4047 2662 4056 —
2697 4027 2716 4060 ι
2749 4007 2933 4079 Neque
2953 4008 3098 4064 enim
3120 4009 3257 4062 viso.
3287 4027 3305 4058 ι
3349 4006 3496 4062 Inter
3521 4006 3800 4072 homines,

2217 4111 2271 4158 et
2302 4101 2549 4156 audimus
2599 4100 2828 4169 objecta,
2873 4109 2928 4152 et
2948 4097 3016 4152 ad
3044 4111 3106 4151 ea
3134 4098 3522 4166 respondemus
3554 4103 3612 4150 et
3637 4095 3804 4150 audi-

2216 4209 2376 4257 mur;
2410 4193 2506 4246 sed
2537 4191 2590 4245 in
2616 4188 2825 4261 judicio
2847 4187 2962 4251 Dei,
2995 4187 3109 4256 ipse
3133 4201 3232 4241 nos
3262 4186 3434 4252 audit,
3478 4185 3608 4254 quia
3647 4184 3802 4238 videt

2219 4282 2398 4338 omnia
2435 4295 2553 4351 qua:
2605 4279 2830 4350 agimus,
2876 4276 2969 4331 sed
3016 4291 3124 4330 non
3175 4275 3421 4330 audimus
3470 4288 3620 4338 eum,
3667 4274 3802 4342 quia

2219 4373 2362 4444 quod
2385 4373 2434 4428 ei
2458 4372 2704 4441 displicet
2753 4369 2911 4440 plene
2961 4383 3070 4423 non
3129 4367 3501 4437 intelligimus.
3554 4365 3674 4420 Non
3733 4381 3803 4420 ex

2221 4480 2375 4536 :equo
2395 4470 2572 4534 potest
2594 4459 2790 4516 audiri.

2290 4555 2456 4610 Vens.
2481 4553 2570 4608 55.
2601 4582 2670 4594 —
2703 4571 2722 4605 ι
2749 4549 3052 4622 Utrumque
3095 4547 3314 4606 valeat:
3363 4569 3383 4603 ι
3417 4548 3473 4604 id
3502 4555 3590 4604 est
3627 4546 3804 4604 Deum

535 4613 702 4668 odore
727 4609 942 4716 fr‘uitur,
977 4619 1109 4677 etc.,
1142 4627 1304 4683 usque
1332 4611 1402 4665 ad
1424 4627 1522 4682 per
1572 4616 2000 4716 compassionem
2047 4617 2116 4674 ad
2140 4631 2194 4692 1)
2219 4654 2275 4702 et
2300 4609 2388 4702 ὼε
2413 4645 2623 4716 possit:

536 4716 725 4757 eorum
749 4701 1003 4756 duritiam
1029 4715 1240 4771 quoque
1269 4716 1450 4756 sermo
1470 4703 1698 4757 vertitur
1723 4705 1820 4760 ita.

607 4793 771 4849 Vens.
802 4791 890 4846 27.
921 4822 990 4832 -
1022 4809 1040 4841 ι
1074 4791 1207 4846 Cum
1229 4791 1451 4846 dixero:
1487 4809 1847 4864 nequaquam.
1880 4817 1898 4849 ι
1928 4797 2116 4872 (Ιὸὶά.)

535 4885 700 4940 lsrael
731 4893 789 4939 ut
824 4884 974 4955 prius
1000 4882 1173 4936 noluit
1197 4881 1368 4950 loqui,
1407 4897 1529 4937 cum
1557 4901 1717 4954 quem
1745 4889 1993 4957 praedixit
2023 4907 2118 4948 ne-

537 4977 719 5047 gavit:
750 4975 806 5030 in
839 4990 944 5044 quo
974 4973 1140 5028 facies
1167 4970 1282 5040 ejus
1311 4974 1537 5031 interior
1582 4989 1949 5034 commutatur
1999 4997 2117 5037 sor-

539 5067 695 5143 dibus
721 5064 959 5136 perfidiae
985 5073 1044 5118 ut
1067 5079 1170 5118 non
1201 5073 1525 5133 agnoscatur
1546 5082 1576 5121 a
1607 5066 1738 5135 Deo,
1781 5070 1922 5125 unde
1947 5079 2116 5128 restat

542 5158 781 5227 torqueri
822 5155 1100 5213 doloribus
1127 5157 1365 5212 azternis.

615 5265 633 5296 ι
662 5247 787 5304 Dies
833 5248 938 5304 mei
984 5247 1220 5302 velocius
1287 5251 1636 5306 transierunt.
1695 5271 1712 5303 ι
1765 5252 1952 5324 (lbid.)
2003 5253 2118 5309 Pri-

539 5352 660 5392 mus
683 5337 844 5393 homo
877 5339 956 5394 sic
990 5338 1236 5393 conditus
1264 5347 1366 5406 est,
1393 5349 1454 5395 ut
1473 5341 1581 5395 vita
1610 5341 1726 5412 ejus
1749 5356 1847 5410 per
1875 5351 2113 5412 tempora

538 5429 711 5500 possit
747 5429 913 5495 tendi,
939 5444 1047 5485 non
1072 5429 1289 5496 evolvi;
1325 5429 1419 5484 sed
1458 5430 1584 5499 quia
1629 5431 1874 5500 peccavit
1924 5432 2117 5487 decur-

540 5538 661 5579 sum
691 5522 933 5594 pertulit,
973 5537 1137 5594 quem
1160 5522 1323 5578 homo
1349 5537 1562 5592 semper
1609 5521 1823 5590 tolerat,
1850 5533 1907 5581 et
1930 5534 2114 5592 tamen

540 5622 712 5684 optat,
743 5614 870 5669 dum
893 5613 1075 5668 vivere
1105 5613 1330 5683 appetit.
1363 5611 1539 5681 Hujus
1589 5613 1850 5672 decursus
1908 5617 2106 5675 damna

539 5720 675 5762 voce
701 5705 922 5762 humani
953 5705 1171 5776 generis
1193 5705 1378 5775 gemit.

617 5839 639 5875 ι
665 5819 968 5893 Fugerunt,
998 5840 1017 5874 ι
1051 5821 1178 5891 quia
1214 5820 1283 5878 ad
1324 5821 1497 5894 lucem
1540 5832 1682 5884 stare
1711 5827 1872 5888 homo
1921 5831 2112 5893 noluit.

2299 4753 2317 4786 ι
2345 4735 2609 4807 Arguere.
2642 4754 2661 4788 ι
2701 4733 2911 4805 Arguit,
2953 4732 3047 4804 qui
3078 4746 3146 4787 ex
3169 4730 3494 4786 auctoritate
3541 4729 3801 4792 rationis,

2219 4835 2350 4891 etc.,
2375 4841 2538 4896 usque
2567 4825 2636 4878 ad
2674 4823 2820 4895 quod
2846 4823 3007 4879 corda
3039 4821 3464 4892 delinquentium
3488 4829 3810 4875 mansuetu-

2221 4921 2344 4976 dine
2372 4919 2550 4990 potius
2573 4933 2735 4989 quam
2766 4927 2970 4974 terrore
3002 4917 3259 4982 correxit,
3291 4915 3434 4972 unde
3465 4915 3654 4970 addit:

2293 5011 2645 5067 Vens.54.—
2671 5030 2691 5062 ι
2709 5010 2974 5067 Auferata
2995 5026 3081 5066 me
3104 5011 3310 5082 virgam
3355 5029 3374 5063 ι
3405 5009 3542 5080 legis
3569 5023 3681 5080 qua
3703 5023 3805 5079 pu-

2223 5103 2342 5168 nit;
2381 5103 2476 5158 sed
2497 5117 2619 5158 eam
2639 5101 2891 5159 Christus
2933 5102 3174 5170 abstulit,
3205 5111 3260 5158 et
3291 5117 3390 5172 per
3427 5101 3805 5157 mansuetudi-

2223 5209 2346 5249 nem
2376 5195 2492 5250 vias
2510 5193 2638 5250 vitze
2655 5194 2910 5250 ostendit.
2934 5191 3116 5250 Voluit
3136 5202 3195 5249 ut
3216 5194 3358 5249 Deus
3387 5193 3588 5259 timeri,
3615 5192 3714 5247 sed
3745 5199 3810 5246 ut

2221 5293 2377 5354 pater
2397 5284 2587 5339 amari.

2294 5375 2458 5431 Vens.
2501 5374 2590 5430 55.
2623 5407 2690 5416 —-
2721 5395 2739 5428 ι
2786 5376 3002 5447 Loquar
3049 5383 3105 5430 et
3157 5389 3264 5432 non
3319 5376 3525 5431 timebo
3563 5388 3714 5430 eum.
3785 5392 3806 5425 ι

2222 5464 2411 5539 (Ibid.)
2431 5464 2552 5522 Jam
2564 5483 2673 5523 non
2698 5466 2862 5523 habet
2880 5453 3110 5533 metum,
3123 5467 3215 5523 sed
3238 5475 3297 5520 ut
3318 5467 3386 5523 ad
3409 5472 3623 5536 patrem
3645 5463 3814 5521 θεω-

2219 5565 2355 5612 tum.
2401 5557 2541 5614 Ecce
2585 5559 2834 5624 baculus,
2860 5558 2916 5613 id
2945 5567 3029 5614 est
3076 5559 3238 5614 timor
3288 5557 3424 5628 legis
3457 5558 3665 5613 missus
3699 5572 3812 5611 non

2222 5652 2446 5708 suscitat
2481 5668 2748 5724 puerum;
2789 5651 2883 5708 sed
2910 5652 3025 5722 ipse
3051 5651 3291 5716 Elisaeus,
3335 5636 3504 5722 puero
3558 5660 3812 5707 contem-

2220 5750 2464 5812 peratus,
2513 5752 2568 5798 et
2589 5743 2788 5813 septies
2813 5743 3076 5813 aspirans,
3109 5743 3162 5799 id
3186 5752 3270 5799 est
3295 5758 3390 5813 per
3417 5757 3668 5798 amorem
3699 5743 3813 5814 spi-

2225 5835 2379 5890 ritus.
