3982 6352
309 349 415 413 ’785

1353 361 1619 421 GLOSSA
1655 363 2048 423 0RDINARIA.
2083 399 2152 412 -—
2187 372 2313 429 LIB.
2349 374 2489 431 JOB.

3447 387 3552 446 786

377 469 592 541 (ρης.)
622 488 642 522 ι
673 469 1017 542 Respondere
1046 493 1064 527 ι
1092 482 1175 529 est
1199 473 1355 531 factis
1373 475 1534 548 digna
1561 493 1872 551 recompen-
1897 488 1953 548 Α
1976 480 2185 540 facilius
2230 486 2404 556 pietas
2464 489 2621 546 debet
2663 505 2913 562 parcere;
2954 503 3013 549 ut
3057 504 3237 552 autem
3281 499 3550 571 placetur,

303 577 448 628 sare,
473 563 569 619 sed
595 563 870 622 beneﬁciis
896 565 991 621 Dei
1017 583 1177 624 nemo
1214 569 1483 626 serviliter
1519 573 1716 630 timens
1758 588 1871 630 res-

301 654 549 726 pondet?
583 655 975 714 Tantummodo
1001 658 1092 729 qui
1121 673 1220 730 per
1250 659 1503 716 ﬁduciam
1539 664 1740 720 amoris
1763 679 1871 720 non

301 747 456 802 timet
491 746 654 818 digna
678 749 728 804 ei
752 749 901 804 reddi
921 751 1204 822 obsequia.
1247 750 1364 808 Non
1415 764 1501 810 est
1547 771 1737 826 purus,
1775 757 1869 827 qui

297 839 441 894 mala
468 847 678 910 ageret,
720 840 764 896 si
819 840 1026 896 liceret.
1057 842 1277 898 Amanti
1327 854 1507 900 autem
1537 855 1622 902 est
1651 848 1868 903 taedium

296 932 457 1003 hujus
482 933 624 1002 vitae,
648 949 767 1006 quae
787 935 938 1006 prius
961 935 1132 994 dulcis
1157 949 1274 994 erat
1297 939 1462 995 etiam
1484 954 1720 996 mcerens
1745 955 1866 995 eam

296 1025 511 1081 tolerat.

915 1162 1142 1220 CAPUT
1179 1164 1243 1221 Χ.

360 1296 525 1353 Vens.
559 1295 610 1350 1.
640 1327 710 1338 --
737 1315 756 1349 ι
789 1295 970 1353 Taedet
996 1299 1234 1354 animam
1273 1312 1451 1353 meam
1497 1297 1622 1354 vitae
1645 1313 1798 1354 meae.
1833 1317 1854 1352 ι

287 1389 492 1464 (Ibid).
517 1390 650 1446 Cum
702 1401 882 1447 autem
939 1393 1055 1447 haec
1110 1392 1218 1446 vita
1269 1390 1478 1446 vilescit
1530 1406 1714 1446 amore
1753 1406 1860 1447 cm-

286 1483 455 1547 lestis,
490 1484 583 1554 qui
639 1483 955 1540 defendebat
1001 1482 1204 1554 culpas,
1237 1481 1347 1552 jam
1379 1497 1473 1538 eas
1521 1490 1758 1538 accusat.
1792 1481 1861 1536 Et

285 1578 388 1634 hoc
409 1587 490 1634 est
516 1596 529 1632 :

359 1691 376 1722 ε
409 1670 684 1727 Dimittam
714 1669 988 1742 eloquium
1022 1689 1040 1722 ›
1070 1685 1179 1741 quo
1207 1669 1401 1726 utebar
1445 1669 1501 1724 in
1543 1667 1855 1725 defensione

282 1779 400 1820 mea
409 1804 420 1818 .

1970 572 2095 640 quia
2121 585 2362 632 nostrum
2387 593 2522 649 opus
2549 596 2658 636 non
2678 596 2984 653 possumus,
3010 600 3168 642 suum
3193 601 3328 657 opus
3345 589 3396 644 ei
3417 588 3551 647 offe-

1968 679 2172 725 ramus.

2037 759 2201 815 Vens.
2232 761 2286 817 8.
2323 793 2395 805 —
2425 785 2444 818 ‹
2476 766 2667 826 Manus
2697 779 2822 827 tuae.
2862 792 2880 826 ι
2917 773 3082 842 Quasi
3132 790 3300 848 pensa
3329 776 3546 835 miseri.

1965 848 2220 915 corditer,
2250 867 2318 908 ne
2341 865 2531 925 pereat
2557 862 2702 929 quod
2734 860 2934 920 fecisti.

2043 957 2062 990 ι
2102 941 2386 1000 Fecerunt.
2426 965 2447 999 ι
2482 946 2790 1007 Secundum
2823 955 3081 1013 animam.

2039 1049 2057 1082 ι
2091 1032 2285 1090 Totum
2314 1037 2368 1092 in
2389 1039 2673 1098 circuitu.»
2709 1045 3014 1106 Secundum
3039 1068 3260 1125 corpus,
3290 1063 3422 1125 etc.,
3454 1071 3552 1119 κιο

1962 1137 2062 1192 que
2081 1125 2160 1178 ad‘
2178 1143 2299 1182 cum
2322 1130 2388 1185 de
2404 1135 2612 1190 caeteris
2633 1136 2767 1193 dixit
2791 1149 2994 1196 tantum
3029 1161 3043 1198 :
3068 1145 3184 1213 ﬁat.

2039 1232 2057 1264 ε
2088 1215 2156 1270 Et
2184 1218 2286 1312 _sic
2317 1231 2555 1292 repente.
2589 1244 2607 1276 ι
2657 1227 2820 1294 Quasi
2871 1247 3029 1301 quem
3081 1244 3232 1292 tanta
3285 1239 3548 1312 dignitate

1958 1309 2247 1378 praeponis,
2272 1326 2369 1365 cur
2391 1322 2538 1370 tanta
2573 1317 2774 1375 vilitate
2811 1320 3044 1395 despicis
3067 1327 3090 1381 ἳ
3112 1327 3219 1384 Sed
3265 1309 3387 1386 cum
3436 1333 3539 1390 hac

1959 1398 2242 1471 dignitate,
2269 1422 2388 1476 quae
2431 1419 2514 1465 est
2553 1428 2650 1482 per
2671 1416 2918 1485 spiritum
2961 1421 3091 1477 ?est
3133 1424 3418 1484 infirmitas
3447 1445 3547 1502 per

1958 1503 2200 1560 carnem,
2230 1511 2349 1565 quae
2370 1511 2582 1556 moveat
2609 1505 2757 1573 pium
2778 1507 3035 1578 judicem,
3070 1515 3208 1570 unde
3245 1517 3375 1572 dicit
3405 1537 3417 1572 :

2030 1581 2190 1640 Vens.
2222 1587 2274 1642 9.
2303 1619 2376 1629 —
2405 1609 2424 1642 «
2453 1592 2738 1663 Memento,
2769 1615 2966 1669 quaeso,
3000 1621 3020 1653 ι
3050 1612 3154 1660 etc.
3183 1604 3334 1660 Unde
3363 1611 3544 1666 venia-

1953 1670 2020 1727 lis
2040 1683 2122 1728 est
2138 1674 2316 1746 culpa.
2347 1695 2469 1734 cum
2495 1682 2878 1742 irremissibilis
2899 1689 2970 1744 sit
3015 1691 3070 1746 in
3098 1695 3310 1764 angelo,
3333 1698 3425 1766 qui
3455 1713 3542 1754 ro-

1953 1759 2140 1818 bustus
2167 1763 2286 1820 fuit.
2317 1766 2512 1824 Lutum
2549 1783 2651 1839 est,
2699 1791 2820 1829 cum
2850 1793 2990 1848 aqua
3023 1759 3223 1838 terram
3253 1759 3484 1843 infundit
3519 1804 3536 1844 :

355 1872 374 1905 ι
414 1851 712 1908 Adversum
789 1867 896 1920 me,
928 1872 948 1906 ›
985 1852 1109 1923 quia
1152 1851 1458 1908 conﬁtendo
1511 1867 1598 1928 me
1629 1866 1844 1918 accuso,
1878 1835 1926 1898 Β
1954 1852 2028 1908 ita
2063 1855 2242 1923 homo,
2289 1874 2410 1916 cum
2435 1863 2612 1920 anima
2658 1867 2797 1940 rigat
2825 1885 3064 1939 carnem,
3097 1873 3251 1945 cujus
3308 1890 3538 1938 mortem

277 1960 386 2001 non
429 1951 486 1998 ut
539 1944 631 2013 qui
685 1943 862 1998 adhuc
912 1943 1184 1998 erubescit
1234 1943 1504 2009 conﬁteri,
1565 1942 1690 2013 quia
1735 1957 1844 1996 non

277 2043 428 2090 tanto
461 2033 726 2091 desiderio
753 2035 894 2090 mala
953 2035 1176 2100 deserit,
1227 2035 1324 2090 sed
1377 2036 1502 2105 quia
1558 2033 1846 2105 aliquando

274 2135 462 2198 aperte
487 2127 749 2183 conﬁtens
774 2143 881 2184 non
911 2129 1099 2199 gemit,
1121 2127 1216 2183 sed
1245 2126 1471 2199 lugenda
1497 2127 1736 2198 gaudens
1761 2125 1844 2181 di-

275 2221 368 2285 cit,
399 2221 579 2278 subdit
605 2239 619 2276 :

351 2332 372 2360 σ
415 2314 631 2384 Loquar
656 2313 711 2369 in
738 2313 1114 2379 amaritudine,
1164 2333 1184 2366 ι
1213 2321 1274 2368 ut
1309 2310 1614 2367 amaritudo
1633 2309 1842 2380 puniat,

271 2406 415 2475 quod
436 2405 614 2478 lingua
645 2414 885 2460 accusat.
917 2405 994 2459 Ex
1016 2404 1334 2475 pmnitentia
1363 2403 1609 2458 nascitur
1634 2403 1840 2458 securi-

274 2505 376 2560 tas,
435 2506 490 2552 et
539 2497 896 2553 conﬁdentior
953 2496 1275 2567 interrogat,
1331 2493 1600 2565 quomodo
1629 2507 1756 2565 erga
1786 2507 1846 2548 se

272 2596 482 2659 agatur.
509 2588 576 2642 Et
601 2587 706 2644 hoc
731 2598 814 2643 est
838 2605 851 2642 :

341 2679 504 2736 Vens.
526 2680 580 2735 2.
605 2707 680 2724 —
703 2699 721 2733 ι
749 2680 936 2736 Dicam
960 2679 1072 2736 Deo
1101 2696 1116 2732 :
1146 2677 1265 2734 Noli
1298 2692 1385 2734 me
1405 2676 1788 2744 condemnare,
1818 2695 1838 2730 ι

268 2772 396 2844 quia
420 2787 580 2844 poena
605 2787 724 2827 mea
743 2771 1137 2850 exstinguittua
1158 2770 1435 2841 supplicia.

345 2882 366 2915 ‹
395 2863 574 2920 Indica
599 2863 732 2918 mihi
754 2879 852 2919 cur
878 2878 964 2918 me
984 2859 1306 2932 itajudices,
1343 2880 1362 2914 ι
1396 2862 1450 2916 id
1484 2873 1567 2917 est
1587 2859 1842 2930 ﬂagellas,

263 2965 448 3011 utrum
478 2957 544 3011 ad
571 2956 918 3012 securitatem
944 2955 1030 3010 vel
1055 2971 1154 3024 pro
1173 2969 1278 3025 qua
1307 2954 1463 3024 culpa
1491 2955 1794 3025 specialiter
1826 2970 1842 3020 ;

263 3050 393 3120 quia
415 3050 518 3104 etsi
537 3050 740 3118 justus,
790 3048 952 3104 habet
982 3057 1158 3102 tamen
1185 3047 1364 3116 aliqua
1401 3047 1580 3101 mala:
1613 3055 1668 3101 et
1701 3047 1842 3112 ideo,

257 3143 398 3213 petit
422 3149 484 3196 ut
503 3142 644 3196 Deus
668 3157 727 3196 se
747 3141 849 3196 sibi
885 3141 1106 3205 indicet,
1147 3149 1206 3194 ut
1233 3140 1376 3210 quod
1402 3141 1543 3195 Deus
1569 3140 1622 3194 in
1650 3155 1714 3195 eo
1743 3155 1841 3209 pu-
1873 3191 1913 3221 η

205 3239 216 3246 ‘
259 3233 366 3298 nit,
401 3232 515 3302 ipse
543 3246 756 3300 quoque
784 3230 958 3286 ﬂendo
986 3231 1190 3301 puniat.
1224 3231 1350 3286 Ideo
1375 3246 1593 3287 causam
1616 3246 1833 3302 quaero;
1878 3230 1915 3261 ·⁴

261 3322 382 3378 scio
407 3323 550 3377 enim
575 3322 718 3393 quod
747 3336 852 3376 non
875 3320 1092 3391 injuste.

341 3433 359 3465 ‹
400 3413 508 3468 Cur
528 3413 706 3468 meita
733 3411 962 3482 judices.
997 3431 1017 3464 ›
1052 3411 1269 3466 Duobus
1293 3411 1467 3466 modis
1489 3411 1578 3467 hic
1604 3409 1834 3480 judicat.

261 3503 362 3560 Vel
385 3517 596 3574 pceuam
615 3503 876 3570 immittit,
897 3511 1030 3568 etc.,
1058 3519 1220 3573 usque
1238 3503 1308 3557 ad
1330 3517 1492 3573 quem
1519 3512 1575 3558 et
1595 3502 1836 3560 feriendo

259 3598 320 3653 in
351 3598 658 3654 innocentia
683 3597 938 3654 custodit.
971 3597 1114 3653 Dicit
1145 3613 1272 3670 ergo
1301 3615 1318 3652 :

335 3687 499 3744 Vens.
529 3688 584 3744 5.
617 3720 680 3730 --
715 3709 735 3740 ‹
760 3688 1014 3760 Nunquid
1041 3688 1260 3744 bonum.
1293 3710 1312 3742 ι
1346 3690 1703 3762 Interrogatio
1724 3693 1840 3749 inec

257 3783 602 3854 negationem
637 3781 826 3854 exigit,
879 3790 1010 3848 etc.,
1058 3798 1219 3853 usque
1261 3781 1331 3836 ad
1391 3783 1516 3853 quia
1567 3784 1839 3842 inﬁrmum

258 3875 588 3930 considerat.

339 3987 356 4017 ι
395 3965 538 4036 Opus
577 3981 855 4022 manuum.
894 3985 914 4020 ι
946 3965 1114 4046 Quasi
1136 3965 1303 4037 impie
1323 3981 1430 4022 non
1461 3969 1646 4040 perdis
1675 3985 1836 4040 quem

259 4061 496 4131 gratuito
523 4060 723 4116 fecisti.

336 4173 354 4204 ι
391 4153 697 4224 lmpiorum,
730 4173 749 4206 ›
783 4153 838 4209 id
884 4162 969 4210 est
1003 4155 1361 4226 malignorum
1407 4157 1721 4228 spirituum,
1745 4160 1842 4231 qui

257 4262 384 4303 cum
409 4247 478 4301 ad
511 4247 676 4302 vitam
717 4247 894 4303 redire
933 4258 1224 4318 nequeunt,
1279 4249 1458 4306 socios
1502 4250 1570 4306 ad
1612 4261 1842 4307 mortem

256 4346 526 4408 quarunt,
581 4353 811 4408 quorum
836 4339 1120 4394 consilium
1171 4338 1292 4404 fuit,
1318 4348 1377 4394 ut
1401 4337 1504 4396 Job
1527 4350 1736 4396 rectum
1787 4343 1842 4397 in

257 4429 550 4500 prosperis,
580 4429 892 4501 frangerent
915 4430 1186 4496 adversis;
1219 4431 1315 4487 sed
1343 4431 1488 4488 Deus
1511 4447 1674 4505 supra
1698 4434 1842 4490 vires

258 4538 366 4579 non
393 4512 523 4578 sinit
544 4523 758 4578 tentari.
1866 4549 1920 4610 Β

330 4615 496 4671 Vens.
523 4613 579 4668 «1.
606 4644 677 4654 -
701 4633 720 4666 ‹
747 4612 999 4684 Nunquid
1018 4614 1158 4670 oculi
1181 4619 1385 4672 carnei.
1425 4637 1445 4670 ι
1475 4615 1631 4673 Oculi
1655 4618 1835 4673 carnis

259 4719 368 4760 non
397 4705 502 4760 nisi
526 4705 708 4775 aliqua
735 4704 876 4760 facta
902 4705 957 4759 in
987 4714 1225 4775 tempore
1269 4715 1585 4778 agnoscunt,
1629 4708 1754 4777 quia
1781 4717 1838 4764 et
1943 4760 1960 4780 ,

259 4813 384 4854 cum
440 4805 678 4867 tempore
718 4796 1066 4863 clauduntur,
1108 4806 1164 4852 et
1189 4798 1456 4854 humanus
1490 4800 1636 4854 visus
1660 4799 1834 4869 quod-

261 4889 395 4944 libet
413 4903 549 4959 opus
571 4889 836 4960 sequitur,
865 4903 972 4944 non
1005 4889 1305 4960 pmcurrit.

331 4979 496 5036 Vens.
522 4979 577 5034 5.
608 5009 678 5019 —
707 4999 726 5032 ι
756 4979 900 5034 Dies.
936 4997 956 5031 ι
986 4979 1110 5035 Dies
1138 4995 1354 5050 quoque
1375 4989 1430 5036 et
1455 4981 1582 5036 anni
1603 4981 1838 5038 hominis

262 5068 522 5127 dilferunt
547 5071 617 5126 ah
660 5080 866 5126 aeterno
902 5087 915 5123 :
949 5070 1037 5125 cui
1079 5070 1214 5125 nihil
1261 5073 1524 5142 praeterit,
1581 5072 1716 5128 nihil
1759 5081 1842 5130 est

263 5161 530 5228 futurum,
554 5161 653 5218 sed
670 5161 849 5216 omnia
881 5161 1147 5232 conspicit
1181 5164 1485 5232 praesentia.

335 5254 497 5310 Vens.
527 5253 580 5310 6.
606 5283 676 5294 —
701 5273 720 5306 ‹
750 5252 822 5310 Ut
844 5269 1054 5326 quaeras
1103 5255 1442 5326 iniquitatem
1492 5273 1688 5313 meam.
1722 5277 1741 5311 ι
1774 5258 1845 5316 Et

261 5345 342 5400 ita
366 5346 508 5402 scias
535 5345 679 5416 quod
705 5345 840 5402 nihil
887 5345 1049 5416 impie
1075 5345 1198 5412 feci,
1227 5348 1379 5416 quasi
1402 5347 1678 5404 humiliter
1699 5363 1843 5420 quaa-

266 5447 394 5494 rat:
437 5455 534 5494 cur
582 5439 638 5494 in
691 5449 928 5510 tempore
973 5454 1072 5510 per
1123 5437 1330 5510 ﬂagella
1389 5442 1626 5512 probas,
1679 5456 1842 5512 quem

264 5531 407 5603 apud
435 5541 486 5587 te
508 5531 746 5603 perfecte
775 5539 830 5588 et
851 5541 974 5588 ante
1004 5540 1247 5602 tempora
1283 5533 1465 5589 scisti?

335 5620 498 5679 Vens.
531 5624 584 5678 7.
615 5654 683 5664 —
721 5642 740 5676 ‹
762 5623 895 5678 Cum
919 5623 990 5678 sit
1017 5637 1175 5678 nemo
1208 5643 1226 5676 ι
1256 5623 1443 5696 (Ιόὶά.)
1481 5625 1666 5694 Quasi,
1709 5626 1842 5698 quid

265 5722 440 5770 restat
460 5715 556 5771 tibi
586 5715 689 5772 nisi
747 5729 992 5786 parcere,
1039 5715 1127 5769 cui
1175 5732 1334 5772 nemo
1371 5727 1552 5788 potest
1577 5721 1840 5776 obviare?

266 5805 386 5878 Quo
409 5806 554 5864 enim
579 5807 758 5865 nullus
799 5815 974 5881 potest
1001 5815 1148 5862 tuam
1181 5807 1467 5867 vindictam
1495 5812 1748 5882 retinere,
1771 5829 1836 5871 eo

1944 1955 2130 2015 aperte
2151 1949 2329 2004 subdit
2357 1967 2370 2004 :

2022 2054 2041 2086 (
2079 2035 2147 2092 Et
2183 2038 2236 2093 in
2269 2040 2566 2112 pulverem,
2598 2065 2616 2099 ›
2645 2058 2749 2106 etc.
2785 2053 2948 2120 Quasi
2976 2075 2988 2111 :
3025 2057 3145 2114 vide
3165 2063 3446 2119 materiam
3476 2074 3536 2121 et

1945 2141 2181 2197 poenam,
2224 2140 2280 2186 et
2315 2132 2484 2205 culpa:
2519 2154 2706 2209 parce;
2757 2144 2884 2213 quia
2922 2148 3238 2217 qualitatem
3293 2153 3529 2210 hominis

1945 2220 2146 2313 conditi
2159 2225 2404 2293 protulit,
2434 2231 2615 2285 subdit
2639 2234 2883 2291 ordinem
2924 2244 3343 2313 propagationis,
3385 2247 3529 2302 unde

1947 2309 2081 2366 dicit
2117 2329 2133 2366 :

2017 2426 2180 2481 Vens.
2197 2427 2367 2484 lO.—
2382 2449 2402 2483 ι
2423 2431 2611 2492 Nonne
2631 2439 2884 2508 sicutlac,
2911 2463 2929 2494 ι
2951 2451 3053 2501 etc.
3072 2444 3268 2504 Factus
3299 2449 3460 2507 homo
3473 2443 3534 2510 ut

1943 2518 2136 2587 lutum,
2157 2533 2480 2596 propagatus
2505 2535 2684 2585 autem
2732 2533 2872 2588 sicut
2895 2535 2977 2591 lac
3003 2538 3267 2612 mulgetur
3295 2544 3529 2613 semine,

1944 2619 2004 2667 ut
2023 2628 2210 2671 caseus
2233 2619 2549 2690 coagulatur
2569 2623 2622 2676 in
2637 2637 2816 2681 carne.
2841 2627 3018 2686 Carne
3039 2641 3093 2686 et
3111 2633 3248 2703 pelle
3266 2635 3529 2706 induitur,

1943 2705 2156 2762 ossibus
2197 2716 2253 2763 et
2282 2711 2463 2767 nervis
2494 2713 2776 2772 solidatur.
2805 2717 2934 2776 Post
2955 2724 3285 2782 creationem
3330 2705 3526 2800 corpu-4

1945 2798 2040 2865 ris,
2071 2802 2215 2871 quod
2240 2803 2418 2860 minus
2443 2813 2546 2873 est,
2572 2808 2820 2865 subditur
2844 2813 2979 2868 mira
3009 2816 3268 2887 aspiratio
3292 2798 3534 2877 viviﬁca-

1945 2889 2129 2947 tionis.

2023 3001 2042 3034 ι
2075 2984 2264 3043 Nonne
2316 2988 2456 3045 sicut
2503 2991 2604 3058 lac,
2640 3012 2660 3046 ι
2705 2995 2830 3051 dum
2890 3015 3042 3056 mens
3104 3016 3204 3073 per
3259 3003 3522 3077 Spiritum

1947 3076 2042 3132 Dei
2072 3088 2127 3132 et
2165 3089 2432 3139 vetustate
2453 3086 2686 3143 trahitur
2731 3091 2872 3145 sicut
2925 3093 3008 3148 lac
3051 3076 3340 3167 mulgetur,
3399 3101 3526 3170 quia

1947 3169 2000 3224 in
2042 3173 2272 3240 quadam
2318 3176 2661 3235 inchoatione
2700 3180 2993 3251 formatur;
3022 3187 3163 3242 sicut
3185 3204 3376 3246 caseus
3398 3169 3529 3248 coa-

1939 3259 2172 3351 gulatur,
2224 3279 2347 3320 cum
2391 3267 2746 3339 pinguescens
2782 3273 3195 3344 cogitationibus
3222 3280 3528 3351 stringitur,

1939 3359 2000 3404 ut
2034 3349 2146 3421 jam
2197 3369 2304 3409 non
2355 3356 2554 3413 deﬂuat
2600 3361 2902 3431 desideriis,
2952 3365 3045 3422 sed
3097 3367 3154 3422 in
3203 3383 3312 3425 uno
3341 3349 3527 3431 amore

1939 3442 2214 3499 solidetur.
2243 3443 2348 3502 Sed
2381 3457 2570 3504 contra
2599 3451 2712 3508 hate
2743 3453 3046 3511 rudimenta
3079 3471 3208 3516 caro
3251 3474 3320 3515 ex
3353 3464 3529 3519 veteri

1939 3549 2040 3590 usu
2075 3548 2396 3595 murmurat.

2012 3644 2178 3703 Vens.
2195 3648 2282 3704 11.
2301 3681 2367 3691 -
2387 3670 2407 3704 ι
2431 3651 2576 3710 Pelle
2597 3663 2650 3710 et
2665 3658 2991 3717 carnalibus.
3016 3682 3036 3715 ι
3054 3662 3112 3719 ld
3123 3673 3208 3719 est
3226 3667 3527 3724 carnalium

1941 3747 2183 3794 motuum
2211 3741 2490 3800 obsidione
2504 3761 2657 3804 mens
2685 3749 2946 3819 vallatur;
2972 3753 3064 3823 qui
3091 3764 3268 3812 autem
3284 3761 3527 3816 exterius

1939 3829 2086 3886 laxat
2123 3832 2190 3888 ad
2221 3831 2380 3901 bella,
2408 3835 2556 3893 intus
2585 3838 2805 3897 roborat
2845 3858 2945 3912 per
2983 3860 3106 3903 ossa
3143 3849 3425 3919 virtutum,
3467 3861 3527 3908 ut

1941 3923 2160 3980 humilis
2203 3926 2274 3982 sit
2311 3935 2366 3983 et
2415 3927 2592 3987 fortis.
2655 3932 2780 3990 ldeo
2835 3945 3013 3993 autem
3065 3938 3210 3997 Deus
3250 3952 3395 4000 recte
3441 3945 3522 4000 vi-

1941 4018 2098 4073 vendi
2130 4020 2504 4078 rectitudinem
2553 4023 2761 4094 tribuit,
2809 4031 2934 4099 quia
2977 4035 3265 4102 prieteritis
3313 4036 3524 4094 delictis

1941 4107 2142 4181 parcit}

2015 4223 2179 4281 Vens.
2205 4226 2292 4282 l2.
2318 4259 2386 4268 —
2418 4247 2438 4282 ι
2473 4227 2648 4287 Vitam
2672 4243 2729 4288 et
2775 4235 3221 4293 misericordiam.
3259 4259 3278 4292 ι
3328 4240 3520 4314 (Ιόίά.)

1945 4317 2050 4373 Sed
2084 4320 2198 4375 haec
2222 4320 2360 4377 bona
2386 4321 2587 4378 frustra
2615 4325 2780 4391 dedit,
2807 4327 2910 4380 nisi
2938 4328 3051 4397 ipse
3074 4330 3354 4397 custodiat,
3379 4333 3522 4390 unde

1945 4410 2123 4466 subdit
2153 4428 2167 4466 :

2021 4521 2038 4552 ι
2075 4500 2142 4555 Ει
2166 4501 2404 4556 visitatio
2433 4510 2544 4557 tua.
2583 4523 2601 4555 ›
2635 4503 2835 4560 Eadem
2881 4507 2948 4563 de
2994 4508 3237 4568 interiori
3279 4515 3516 4588 homine,

1945 4597 2073 4655 etc.,
2100 4605 2262 4660 usque
2283 4591 2352 4644 ad
2379 4590 2518 4646 dona
2551 4593 2651 4648 Dei
2677 4596 2879 4666 cogitat
2906 4599 3173 4658 subtilius.

2018 4700 2037 4732 ί
2071 4682 2248 4737 Vitam
2299 4691 2355 4738 et
2399 4681 2844 4741 misericordiam.
2891 4708 2910 4741 ι
2953 4688 3139 4764 (Ibid.)
3190 4693 3307 4750 Vita
3358 4699 3521 4756 datur

1942 4773 2063 4829 cum
2093 4773 2248 4829 malis
2276 4775 2566 4844 mentibus,
2597 4786 2725 4846 etc.,
2752 4796 2913 4851 usque
2940 4784 3008 4837 ad
3031 4797 3333 4858 postquam,
3354 4794 3418 4847 de
3456 4807 3518 4852 δε,

1943 4867 2077 4923 dixit
2099 4867 2238 4922 dona
2262 4865 2647 4924 misericordiae
2671 4872 3010 4942 generaliter,
3035 4877 3212 4934 subdit
3254 4898 3266 4934 :

2013 4959 2176 5018 Vens.
2211 4963 2297 5017 15.
2324 4993 2396 5004 -
2428 4982 2446 5015 ι
2481 4965 2680 5021 Tamen
2706 4968 2837 5034 scio,
2859 4971 3370 5041 quiauniversorum
3402 4994 3515 5034 mc-

1941 5055 2164 5111 mineris
2187 5075 2206 5107 ι
2231 5056 2372 5126 quod
2396 5056 2610 5124 dicitur,
2640 5074 2736 5114 cur
2756 5060 2822 5116 de
2849 5077 2935 5118 me
2961 5065 3184 5135 trepido,
3213 5067 3302 5136 qui
3325 5082 3515 5126 omnes

1941 5157 2127 5219 gentes
2172 5147 2496 5220 colligendas
2528 5151 2658 5206 scio.

2019 5260 2037 5292 ι
2071 5238 2223 5295 Licet
2270 5241 2383 5295 haec
2429 5241 2570 5298 celes
2601 5243 2654 5298 in
2699 5244 2878 5301 corde.
2919 5265 2936 5299 ι
2965 5245 3150 5320 (Ibid.)
3175 5249 3308 5316 Quia
3335 5251 3514 5309 adhuc

1943 5346 2052 5387 non
2083 5331 2287 5387 indicas
2328 5343 2514 5403 aperto
2558 5349 2825 5392 sermone.
2857 5335 3002 5392 Certi
3045 5338 3111 5394 de
3139 5341 3316 5408 venia,
3337 5343 3513 5398 solent

1943 5422 2140 5493 prioris
2176 5423 2430 5492 nequitia:
2467 5427 2726 5481 memoria
2763 5426 2926 5496 tangi,
2971 5434 3027 5483 et
3076 5427 3259 5486 illicita
3307 5432 3510 5504 cogita-

1943 5514 2089 5571 tione
2132 5515 2376 5572 nolentes
2413 5517 2639 5587 pulsari,
2693 5518 2832 5573 unde
2861 5518 3066 5575 subdit:

2012 5625 2176 5684 Vens.
2197 5627 2282 5682 14.
2306 5658 2378 5669 --
2403 5645 2420 5678 ι
2453 5627 2510 5684 Si
2531 5627 2771 5697 peccavi.
2804 5647 2823 5680 ι
2847 5627 2929 5684 Ad
2949 5630 3137 5686 horam
3159 5631 3332 5701 parcit
3345 5632 3508 5700 Deus,

1937 5727 2068 5784 etc.,
2093 5735 2252 5789 usque
2277 5719 2347 5772 ad
2371 5717 2464 5774 sed
2499 5716 2696 5789 pulsati
2721 5717 2776 5776 in
2817 5717 2932 5776 solo
2985 5721 3187 5777 auxilio
3212 5720 3305 5777 Dei
3357 5736 3511 5792 spem

1938 5808 2132 5866 fortius
2159 5808 2346 5881 ﬁgant.
