3982 6352
8 4777 10 4816 |

8 4869 10 4892 |

8 5001 11 5094 ξ

8 5175 11 5288 ἑ

8 5369 11 5418 l

8 5427 10 5476 Ι

8 5483 10 5514 |

8 5583 11 5626 Ι

484 321 590 374 787

995 313 1370 368 v‘VALAFRlDl
1413 311 1655 367 STRABI
1697 309 1896 365 FULD.
1940 303 2103 362 MON.
2145 304 2293 360 OPP.
2337 303 2515 360 PARS
2552 304 2593 358 1.
2630 335 2697 343 -
2737 300 3190 358 THEOLOGICA.

3633 294 3754 354 788

557 431 719 484 Vens.
759 430 840 482 16.
877 459 942 466 -
968 426 1193 496 Propter
1216 426 1540 496 superbiam.
1577 444 1594 475 ι
1631 421 1843 492 (Gneo)
1872 419 2060 475 Leaana
2088 419 2138 478 Α
2165 429 2222 474 ut
2249 419 2466 490 benigni
2508 419 2810 482 videantur,
2835 427 2889 472 et
2928 426 3001 478 ut,
3035 431 3154 486 quae
3178 415 3231 468 in
3276 413 3531 484 praesenti
3580 421 3749 480 sunt,

486 523 611 577 dum
647 517 839 573 catulis
865 531 1043 572 escam
1069 517 1342 573 inbianter
1383 514 1594 584 quaerit,
1622 522 1749 577 etc.,
1784 529 1943 583 usque
1992 513 2061 566 ad

486 611 530 665 si
557 619 734 663 autem
763 621 793 660 a
819 614 1005 661 sancto
1029 605 1300 658 desiderio
1329 614 1624 674 torpemus,
1657 604 1900 674 exempla
1923 604 2062 659 bene

485 701 823 774 vigilantium
860 699 1135 770 proponit.

556 790 722 846 Vzns:
769 790 856 844 17.
890 819 960 829 --
987 807 1006 838 ι
1045 786 1366 856 Multiplicas
1405 787 1542 840 iram
1589 794 1733 841 tuam
1779 786 2065 841 adversum

488 897 594 947 me,
633 901 650 932 ›
702 881 754 935 id
793 891 895 945 est,
922 878 1268 948 multiplicem
1316 877 1579 943 ostendis,
1625 879 1752 948 quia
1793 887 1847 933 et
1875 877 1920 934 si
1975 878 2068 936 ille

487 974 657 1028 bonos
699 971 946 1041 ﬂagellat,
976 968 1105 1037 quid
1134 969 1239 1023 erit
1283 968 1506 1037 impiis?
1531 967 1622 1021 Sic
1671 967 1948 1036 multiplici
1983 967 2070 1023 ira

487 1064 734 1136 praevisa,
766 1065 926 1120 homo
946 1063 1012 1116 ad
1039 1076 1098 1116 se
1127 1061 1284 1124 redit,
1314 1069 1367 1114 et
1392 1075 1555 1130 prava
1588 1061 1760 1128 punit.

559 1153 722 1208 Vens.
773 1153 856 1206 19.
909 1182 980 1192 -—
1038 1169 1057 1202 ‹
1113 1151 1354 1205 Fuissem
1395 1152 1546 1218 quasi
1599 1166 1704 1204 non
1753 1165 1946 1214 essem,
1999 1151 2065 1205 de

488 1255 664 1299 utero.
715 1265 732 1295 ι
764 1244 948 1316 (Ibid)
981 1245 1120 1298 Idem
1145 1243 1286 1313 quod
1333 1235 1405 1298 ibi
1433 1243 1636 1297 dictum
1683 1252 1765 1297 est
1811 1261 1822 1295 :
1859 1262 1876 1294 ι
1928 1243 2069 1297 sicut

488 1337 791 1391 abortivum
842 1336 1244 1400 absconditum,
1280 1354 1297 1386 ι
1351 1346 1482 1400 etc.,
1509 1335 1629 1401 vel,
1674 1334 1767 1405 qui
1821 1333 2067 1404 concepti

487 1442 596 1482 non
620 1428 870 1482 viderunt
891 1427 1091 1482 lumen.

557 1517 720 1572 Vens.
768 1517 856 1570 20.
899 1547 971 1556 -
1021 1535 1039 1566 ι
1090 1515 1340 1586 Nunquid
1399 1530 1507 1570 non
1563 1516 1809 1586 paucitas
1857 1515 2068 1570 dierum

489 1623 750 1663 meorum.
789 1628 805 1658 ι
833 1607 1018 1678 (Ibid)
1049 1607 1163 1662 Non
1187 1609 1364 1676 capiat
1391 1623 1478 1663 me
1515 1607 1801 1663 delectatio
1827 1623 2066 1678 praesen-

489 1700 561 1754 tis
592 1699 736 1763 vitaz,
769 1699 893 1769 quia
932 1699 1038 1754 cito
1069 1700 1285 1754 transit.

2161 514 2299 568 mala
2327 527 2448 568 esse
2471 512 2848 575 ostendantur,
2881 511 3019 563 unde
3043 518 3097 563 et
3134 508 3236 562 iste
3261 507 3419 562 dicit:

2236 625 2255 656 ι
2291 587 2503 660 Utinam
2552 603 2694 657 Deus
2737 603 3068 670 loqueretur.
3127 619 3144 650 ι
3181 597 3341 664 Quasi
3393 596 3630 660 diceret,
3685 602 3753 650 tl

2161 696 2320 752 modo
2349 694 2443 750 tibi
2476 693 2732 762 loqueris,
2754 693 2878 748 dum
2912 689 3203 746 carnaliter
3230 689 3405 760 sapis:
3438 703 3500 743 es
3525 700 3752 743 vacuus

2163 803 2194 842 a
2221 786 2465 842 veritatis
2490 786 2683 856 spiritu
2707 801 2722 850 ;
2753 784 2904 854 quasi
2926 783 3105 854 potius
3129 781 3412 852 imperitiae
3437 788 3548 834 tua:
3577 794 3746 834 com—

2163 881 2359 952 patior,
2396 894 2554 948 quam
2584 892 2785 947 poenire:

2236 969 2422 1042 (Ibid)
2444 975 2460 1021 ὰ
2482 969 2668 1034 Labia,
2694 989 2710 1020 ι
2734 968 2787 1022 id
2804 967 3222 1037 estjudicia,per
3240 979 3359 1034 quae
3379 969 3592 1032 aperta,
3609 968 3753 1028 etc.,

2166 1079 2326 1132 usque
2355 1062 2422 1115 ad
2471 1062 2578 1115 Deo
2603 1060 2875 1132 agnoscit:
2923 1068 2979 1113 et
3005 1059 3048 1112 si
3080 1065 3306 1127 peccata
3344 1056 3616 1127 agnoscit,
3648 1068 3756 1124 pa-

2167 1153 2364 1207 tienter
2399 1151 2604 1222 ﬂagella
2633 1152 2840 1206 tolerat.
2871 1151 2938 1206 Et
2969 1152 3074 1206 hoc
3099 1159 3184 1205 est
3219 1165 3233 1202 :

2241 1242 2399 1298 Vnus.
2431 1242 2488 1298 6.
2511 1273 2581 1282 —
2615 1262 2631 1292 ι
2667 1243 2732 1296 Et
2753 1242 3075 1311 iutelligeres
3093 1241 3236 1312 quod
3261 1239 3428 1294 multa
3451 1238 3702 1293 minora.
3726 1253 3750 1290 ι

2164 1335 2365 1404 lnjuste
2386 1335 2530 1403 justo
2557 1337 2894 1406 iniquitatem
2934 1335 3138 1406 objicit,
3168 1335 3262 1388 sed
3292 1335 3405 1388 haec
3452 1341 3755 1388 contume-

2167 1427 2238 1482 lia
2268 1429 2332 1483 de
2359 1428 2473 1483 zelo
2500 1429 2590 1483 Dei
2614 1430 2807 1500 prodit,
2833 1437 2886 1484 et
2919 1437 3000 1484 est
3024 1427 3270 1482 venialis.
3304 1425 3495 1481 Merita
3519 1438 3754 1496 quoque

2163 1519 2295 1590 justi
2329 1522 2594 1587 nesciens,
2624 1538 2688 1576 ex
2717 1523 2982 1591 imperitia
3011 1521 3317 1576 irrisioncm
3346 1519 3562 1575 subdit:

2239 1614 2402 1668 Vsus.
2436 1615 2487 1668 7.
2529 1644 2598 1670 —_—
2637 1632 2655 1665 ‹
2691 1615 2937 1669 Forsitan
2987 1614 3211 1683 vestigia
3253 1613 3350 1668 Dei
3385 1611 3762 1682 comprehen-

2171 1701 2284 1759 des.
2322 1725 2339 1755 ι
2387 1703 2573 1776 (Ibid)
2626 1705 2938 1777 Benignilas
2982 1705 3334 1769 visitationis,
3392 1709 3530 1767 etc.,
3586 1716 3760 1772 usque

567 1806 585 1839 ι
614 1788 833 1843 Dimitte
859 1803 987 1858 ergo
1001 1803 1152 1843 me...
1174 1789 1410 1846 dolorem
1442 1805 1640 1845 meum.
1677 1809 1694 1841 ι
1715 1790 1970 1863 (lbid.)ld
1990 1797 2073 1846 est
2096 1774 2146 1846 Β
2175 1795 2242 1848 ad
2273 1774 2407 1864 quia
2425 1774 2803 1865 ejus‘essenti—a
2829 1812 2858 1850 a
2887 1795 3033 1850 nullo
3062 1795 3219 1865 plene
3252 1791 3547 1848 videbitur.

489 1879 694 1952 ﬂagella
741 1892 997 1951 tempera,
1043 1892 1172 1946 etc.,
1215 1901 1375 1955 usque
1399 1886 1468 1939 ad
1491 1885 1637 1956 quod
1677 1887 1910 1942 maxime
1943 1886 2074 1942 facit

490 1974 740 2044 praevisio
771 1974 988 2041 inferni,
1014 1979 1154 2032 unde
1175 1978 1251 2032 ait
1280 1996 1293 2032 :

564 2066 725 2120 Vnus.
753 2066 842 2119 2|.
866 2096 937 2106 ——
967 2085 985 2117 ι
1020 2068 1322 2139 Antequam
1353 2071 1565 2126 vadam.
1600 2091 1618 2125 ι
1653 2071 1901 2128 Infernus
1927 2081 2072 2128 terra

487 2155 710 2223 dicitur,
739 2159 863 2227 quia
885 2159 956 2212 ibi
978 2161 1174 2227 captivi
1204 2169 1471 2216 tenentur.

567 2267 588 2300 ι
621 2247 921 2320 Antequam
949 2252 1159 2305 vadam.
1201 2272 1218 2302 ι
1244 2251 1360 2308 Non
1386 2255 1527 2323 quod
1551 2256 1642 2325 qui
1665 2255 1867 2327 plangit
1887 2256 2068 2322 vadat,

491 2339 586 2394 sed
606 2341 747 2409 quod
763 2341 924 2395 vadat
942 2342 1032 2410 qui
1055 2358 1161 2396 non
1185 2342 1388 2414 plangit
1421 2363 1433 2398 :
1461 2353 1518 2398 ut
1544 2345 1590 2400 si
1611 2345 1788 2400 dicam
1812 2345 2069 2411 debitori,

489 2435 640 2504 solve
657 2436 968 2506 priusquam
997 2447 1048 2492 te
1078 2439 1468 2510 constringam.

569 2545 588 2576 ι
651 2526 768 2581 Non
810 2536 1072 2584 revertar.
1131 2548 1149 2580 ι
1195 2529 1384 2601 (Ibid)
1417 2529 1554 2596 Quia
1599 2530 1884 2588 damnatos
1930 2531 2070 2587 ultra

493 2621 865 2676 misericordia
894 2635 1000 2676 non
1029 2620 1243 2676 liberat.

492 2763 496 2767 .
563 2710 728 2763 Vens.
759 2708 849 2762 22.
880 2732 950 2749 -ι-
977 2728 996 2760 ε
1031 2709 1260 2765 Miseria:
1285 2719 1342 2765 et
1361 2711 1732 2766 tenebrarum.
1764 2731 1784 2764 ι
1819 2711 1956 2778 Quia
1982 2711 2069 2767 fo-

493 2801 572 2870 ris
595 2799 749 2866 dolor
772 2801 995 2862 cruciat,
1029 2817 1165 2868 quos
1201 2802 1418 2857 caecitas
1441 2803 1640 2858 mentis
1681 2801 1829 2859 intus
1868 2805 2068 2860 obscu-

495 2900 604 2956 rat;
633 2891 738 2956 vel,
763 2891 835 2945 ibi
865 2891 1185 2956 nemouitra
1217 2895 1281 2946 ad
1304 2892 1476 2948 lucem
1507 2895 1667 2960 redit,
1685 2895 1825 2950 sicut
1847 2895 1899 2949 in
1929 2896 2063 2949 ista:

493 2984 586 3046 ubi
611 2984 714 3038 etsi
743 2985 818 3039 sit
837 2984 1056 3042 miseria
1076 3001 1174 3056 per
1196 2987 1601 3042 conversionem
1623 2986 1750 3043 licet
1771 2987 1969 3044 reverti
1997 2988 2066 3042 ad

385 3130 388 3132 .
493 3074 691 3130 lucem.

2244 1889 2408 1943 Vens.
2458 1887 2511 1942 8.
2547 1919 2619 1929 —-
2651 1908 2670 1940 ι
2707 1888 3002 1944 Excelsior.
3065 1909 3082 1939 ι
3129 1887 3262 1954 Quia
3303 1886 3357 1941 in
3397 1886 3761 1942 circumscri-

2173 1977 2356 2048 ptione
2382 1976 2462 2031 sui
2491 1976 2712 2045 spiritus
2742 1983 2934 2031 cuncta
2965 1973 3317 2030 transcendit.

2249 2086 2267 2120 ι
2303 2066 2623 2123 Profundior
2656 2067 2884 2122 inferno.
2941 2085 2959 2118 ι
2988 2065 3123 2134 Quia
3153 2063 3586 2121 transcendendo
3618 2063 3758 2120 sub-

2171 2161 2338 2215 vehit.

2241 2249 2406 2303 Vsns.
2439 2248 2496 2304 9.
2527 2281 2596 2290 —
2631 2268 2648 2299 ‹
2679 2249 2912 2318 Longior
2933 2255 3097 2302 terra.
3137 2267 3156 2300 ι
3191 2245 3328 2314 Quia
3354 2246 3581 2302 modum
3603 2259 3760 2302 crea-

2173 2348 2306 2394 turae
2335 2338 2668 2408 perennitate
2697 2339 3013 2392 aeternitatis
3039 2337 3252 2392 excedit

2247 2449 2264 2481 ‹
2298 2429 2483 2484 Latior
2523 2429 2680 2484 mari.
2721 2447 2738 2480 ›
2770 2428 2904 2496 Quia
2939 2437 3179 2500 tempora
3211 2427 3289 2482 sic
3324 2426 3586 2497 possidet,
3611 2435 3754 2491 etc.,

2170 2539 2332 2594 usque
2361 2522 2428 2576 ad
2459 2522 2544 2577 vel
2581 2523 2918 2592 temetipsum
2944 2522 2997 2576 in
3026 2521 3416 2576 tentationibus
3441 2520 3749 2590 reprehen-

2169 2615 2297 2669 dere
2325 2615 2539 2669 nescis?

2240 2707 2402 2762 Vens.
2441 2707 2526 2760 10.
2550 2736 2618 2746 -—
2647 2727 2665 2757 ε
2704 2705 2759 2760 Si
2790 2705 3132 2761 subverterit.
3174 2723 3192 2755 ι
3226 2701 3415 2775 (Ιὸίᾱ.)
3463 2701 3754 2758 Subvenit

2168 2798 2386 2862 emtum,
2420 2807 2549 2862 etc.,
2580 2814 2742 2869 usque
2769 2798 2838 2851 ad
2881 2807 2940 2851 ut
2969 2797 3049 2852 vel
3098 2797 3359 2852 resistens
3397 2805 3748 2856 exerceatur,

2167 2888 2251 2945 vel
2287 2889 2504 2943 seducta
2537 2888 2830 2958 frangatur,
2866 2887 3010 2942 unde
3041 2895 3188 2943 recte
3215 2887 3377 2942 dicit:

2243 2998 2261 3032 ι
2295 2979 2427 3046 Quis
2473 2980 2806 3034 contradicet
2836 2979 2928 3033 ei?
2975 2979 3083 3043 vel,
3115 2978 3238 3050 quis
3281 2977 3331 3032 ei
3363 2977 3546 3031 dicere
3567 2983 3756 3045 potest

2165 3083 2263 3124 cur
2289 3070 2362 3125 ita
2393 3068 2596 3124 facias?
2629 3089 2646 3120 ι
2683 3068 2817 3136 Quia
2840 3067 3042 3138 judicio
3072 3069 3162 3123 Dei
3190 3068 3366 3122 nullus
3387 3074 3564 3136 potest
3596 3064 3753 3120 obsi-

571 3187 590 3220 σ
625 3167 826 3224 Umbra
855 3170 1096 3226 mortis.»
1133 3169 1274 3227 Mors
1300 3179 1385 3227 est
1411 3173 1681 3242 separatio
1703 3189 1733 3228 a
1765 3173 1908 3240 Deo;
1945 3187 2070 3229 ιιιῃ-
2097 3143 2144 3209 C
2175 3173 2346 3229 stcre,
2368 3164 2453 3218 vel
2480 3164 2802 3234 inquirendo
2849 3163 2979 3218 illud
2998 3172 3306 3234 penetrare.
3345 3160 3456 3216 Cur
3481 3160 3760 3216 subvertit

495 3264 594 3319 bra
626 3263 932 3321 obscuritas
951 3265 1101 3335 ejus;
1144 3265 1270 3336 quia
1320 3265 1460 3334 ignis
1503 3265 1735 3336 poenalis
1782 3266 2072 3322 crematio-

493 3371 619 3414 nem
646 3357 829 3423 habet,
861 3365 1048 3414 etnon
1091 3357 1285 3423 lucem,
1320 3366 1379 3412 ut
1406 3357 1462 3413 in
1493 3366 1724 3428 utroque
1750 3359 2071 3430 puniantur,

494 3450 587 3520 qui
616 3450 670 3504 in
701 3458 932 3519 utroque
949 3458 1334 3519 peccaverunt.

574 3559 593 3591 ι
631 3539 818 3596 Nullus
841 3541 992 3595 ordo.
1009 3559 1026 3592 ι
1059 3539 1247 3611 (ιὸῑά.)
1267 3539 1383 3596 Non
1409 3541 1552 3611 quod
1564 3539 1705 3596 Deus
1717 3555 1824 3596 non
1839 3540 2070 3604 ordinet,

497 3647 659 3702 usque
691 3637 758 3686 ad
787 3630 1019 3702 qualitas
1039 3646 1219 3686 rerum
1249 3645 1356 3686 non
1377 3642 1642 3688 servatur.
1667 3631 2069 3689 Undeetaddit:

578 3742 594 3774 ι
629 3721 1000 3793 Sempiternus
1029 3724 1241 3779 horror.
1279 3743 1298 3776 ›
1329 3724 1429 3780 Hic
1453 3725 1612 3782 timor
1631 3735 1714 3782 est
1737 3725 1902 3781 futuri
1929 3726 2074 3790 mali,

499 3823 631 3879 etc.,
657 3830 819 3884 usque
847 3813 915 3866 ad
937 3827 1004 3868 ne
1024 3815 1271 3869 venirent
1288 3813 1358 3870 ad
1380 3822 1648 3872 tormenta
1675 3831 1810 3886 quos
1835 3817 1891 3872 in
1917 3829 2078 3886 paena

501 3906 706 3961 videret
729 3905 819 3974 qui
843 3903 1108 3962 Lazarum
1128 3906 1278 3962 vidit.

1116 4037 1344 4096 CAPUT
1379 4039 1468 4096 XI.

573 4169 734 4226 Vsus.
767 4169 821 4224 2.
851 4201 922 4211 —
946 4188 964 4222 ι
1002 4169 1253 4241 Nunquid
1281 4171 1371 4242 qui
1395 4171 1581 4228 multa.
1621 4193 1639 4224 ι
1673 4171 1851 4245 (Greg.
1884 4178 1937 4228 in
1952 4175 2074 4229 Job.

2175 3258 2260 3314 vel
2283 3267 2526 3326 coarctat
2543 3257 2566 3311 ?

2247 3350 2408 3407 Vens.
2462 3352 2646 3406 11.-
2678 3369 2696 3402 ι
2732 3352 2848 3422 Ipse
2885 3351 3029 3406 enim
3074 3349 3240 3404 novit.
3283 3367 3303 3400 ι
3371 3345 3561 3418 (Ιὺίά.)
3609 3343 3757 3399 Dum

2177 3459 2330 3499 mens
2368 3443 2600 3498 elatione
2626 3441 2904 3507 attollitur,
2938 3449 3066 3507 etc.,
3099 3455 3258 3512 usque
3281 3439 3350 3493 ad
3385 3452 3493 3509 quo
3537 3437 3766 3491 vanitas

2178 3553 2300 3592 cum
2350 3536 2632 3606 iniquitate
2692 3534 2977 3606 pertrahit,
3037 3533 3106 3588 ad
3168 3541 3437 3587 tumorem
3504 3526 3760 3592 scilicet,

2179 3631 2358 3688 subdit
2377 3647 2392 3686 :

2249 3723 2413 3778 Vens.
2446 3721 2533 3776 l2.
2561 3749 2632 3762 —
2659 3739 2678 3772 ι
2723 3719 2820 3776 Vir
2837 3733 3009 3774 vanus
3050 3717 3104 3771 in
3135 3713 3464 3787 superbiam.
3501 3730 3520 3763 ι
3557 3708 3758 3782 (Ibid)

2180 3817 2362 3874 Vanus
2392 3829 2458 3870 ex
2477 3813 2633 3884 culpa
2681 3811 2923 3867 redditur
2946 3809 3144 3876 audax,
3193 3816 3324 3871 etc.,
3355 3820 3517 3876 usque
3564 3803 3636 3856 ad
3663 3816 3762 3872 per

2180 3907 2495 3964 effrenatam
2531 3905 2837 3961 libertatem
2869 3903 3132 3958 audenter
3157 3913 3326 3971 vagus
3359 3910 3458 3968 per
3483 3893 3760 3950 desideria

2181 4006 2416 4145 magis.
2434 4089 2521 4145 15.
2546 4119 2617 4130 -
2633 4108 2651 4142 ε
2673 4087 2754 4142 Tu
2776 4096 2954 4142 autem
2976 4085 3223 4141 ﬁrmasti.
3259 4103 3279 4136 ι
3304 4081 3494 4156 (Ibid)
3520 4077 3764 4136 Βίτωθή

2181 4198 2276 4242 eor
2292 4198 2400 4238 non
2427 4183 2530 4237 hoc
2557 4181 2699 4247 loco,
2727 4188 2858 4245 etc.,
2883 4195 3042 4251 usque
3071 4191 3313 4244 Μινωὶς
3339 4176 3486 4232 velut
3509 4172 3764 4230 docendo

503 4263 590 4319 lib.
620 4264 698 4336 x.)
727 4262 772 4316 A
796 4263 1132 4338 contumeliis
1164 4264 1374 4334 incipit,
1402 4274 1529 4329 etc.,
1559 4282 1720 4336 usque
1745 4267 1920 4338 adqui
1947 4267 2081 4322 nihil
2182 4278 2457 4349 subiungit
2482 4295 2494 4330 ε
2542 4294 2560 4327 ι
2599 4283 2654 4329 et
2678 4275 2788 4330 eris
2815 4272 3045 4337 stabilis,
3087 4290 3105 4323 ι
3133 4269 3238 4325 etc.

501 4363 692 4426 putant
717 4365 944 4421 rectum,
963 4356 1066 4410 nisi
1095 4355 1236 4426 quod
1256 4358 1510 4411 sentiunt.

580 4465 598 4496 ι
635 4446 742 4500 Aut
784 4448 868 4500 vir
895 4447 1172 4502 verbosus.
1225 4467 1243 4500 ι
1279 4446 1419 4504 Vera
1466 4450 1754 4517 sententia,
1785 4452 1911 4522 quia
1943 4451 2076 4521 legi-

504 4544 612 4601 tur,
645 4535 822 4590 cultus
845 4536 1066 4606 iustitiae
1088 4536 1380 4603 silentium,
1409 4537 1504 4593 sed
1527 4554 1632 4593 non
1647 4555 1744 4610 pro
1767 4539 1886 4596 loco
1907 4541 2070 4596 dicta.

505 4628 607 4695 Qui
637 4628 822 4696 nequit
843 4637 990 4682 recta
1023 4629 1152 4697 pati,
1184 4630 1459 4701 negligens
1495 4633 1715 4705 corrigi,
1745 4633 1976 4706 accingit
2017 4651 2077 4692 se

505 4732 864 4787 responsioni.

580 4809 740 4862 Vens.
787 4807 841 4862 5.
868 4837 938 4848 -
971 4827 989 4859 ι
1024 4808 1143 4864 Tibi
1169 4810 1268 4866 soli
1313 4812 1568 4870 tacebunt
1607 4815 1872 4881 homines,
1911 4836 1929 4868 ι
1964 4825 2072 4875 etc.

505 4898 694 4971 (Ibid.)
716 4898 906 4954 Omnia
927 4908 1074 4954 recta
1090 4915 1241 4955 suam
1269 4902 1574 4960 irrisionem
1610 4915 1760 4976 putat
1784 4923 1946 4976 quem
1991 4927 2077 4967 re-

506 4991 717 5044 mordet
735 4989 1064 5044 conscientia
1097 5000 1154 5046 et
1179 4995 1502 5064 generaliter
1523 4997 1664 5050 dicta
1690 4998 1792 5052 sibi
1814 5000 2071 5056 aestimat.

509 5079 657 5135 Unde
676 5087 733 5134 et
765 5088 951 5136 contra
978 5081 1123 5154 loqui
1145 5086 1478 5152 accenditur,
1506 5095 1566 5140 ut
1598 5088 1680 5144 vel
1719 5091 1797 5146 sic
1821 5107 2078 5149 verecun-

507 5168 651 5223 diam
674 5178 823 5241 regat
843 5172 998 5241 quasi
1029 5172 1352 5230 criminosus
1372 5191 1476 5230 non
1508 5176 1601 5244 sit,
1625 5179 1668 5234 si
1712 5181 1846 5237 alios
1885 5185 2078 5240 crimi-

506 5265 684 5322 netur,
717 5260 858 5314 unde
884 5261 1192 5317 mentiendo
1219 5263 1399 5318 subdit
1429 5282 1441 5318 :

580 5347 745 5403 Vitas.
795 5348 850 5404 4.
895 5381 965 5393 —
1007 5371 1026 5404 ι
1074 5353 1264 5408 Dixisti
1312 5354 1455 5409 enim
1491 5375 1503 5408 :
1561 5355 1735 5414 Purus
1777 5369 1861 5416 est
1897 5377 2076 5420 sermo

506 5453 678 5496 meus.
715 5461 734 5493 ι
771 5439 872 5498 Job
895 5459 1000 5500 non
1029 5445 1275 5512 dixerat;
1303 5447 1399 5502 sed
1431 5448 1623 5504 solatio
1643 5460 1726 5506 est
1750 5451 1998 5524 facinori,
2028 5458 2076 5515 sl

508 5533 593 5590 vel
621 5535 755 5591 falso
779 5538 1086 5608 inquinetur
1114 5542 1221 5598 vita
1252 5543 1609 5612 corripientis.

583 5627 744 5683 Vens.
774 5630 828 5685 5.
856 5661 925 5672 —
971 5651 990 5684 c
1020 5635 1198 5704 Atque
1243 5637 1446 5692 utinam
1487 5637 1628 5694 Deus
1647 5639 1959 5710 loqueretur
1997 5656 2076 5703 te-

507 5730 656 5785 cum,
689 5738 707 5772 ι
733 5727 839 5777 etc.
873 5722 1061 5796 (Ιιίά.)
1083 5725 1324 5784 Perversi
1353 5731 1677 5787 verbotenus
1701 5731 1838 5788 bona
1866 5747 2075 5808 optant,

2254 4369 2417 4424 Vens.
2443 4367 2617 4423 M.—-
2667 4385 2686 4418 ‹
2718 4365 2776 4421 Si
2831 4363 3158 4433 iniquitates.
3201 4380 3218 4414 ι
3262 4358 3454 4432 (Ibid)
3492 4357 3766 4427 lniquitas

2183 4462 2238 4518 in
2261 4475 2444 4525 manu,
2467 4468 2595 4523 etc.,
2625 4473 2788 4527 usque
2813 4456 2882 4510 ad
2905 4455 2951 4511 si
2973 4461 3155 4510 reatus
3183 4453 3266 4508 sui
3295 4450 3633 4509 conscientia
3663 4465 3762 4503 ac-

2181 4559 2355 4608 cusat.

2255 4645 2417 4701 Vsus.
2463 4643 2548 4700 15.
2574 4674 2641 4684 --
2667 4661 2686 4693 ι
2715 4642 2780 4698 Et
2822 4642 2929 4696 eris
2958 4639 3183 4697 stabilis.
3217 4659 3237 4692 ι
3270 4638 3409 4707 Quia
3450 4643 3606 4692 tanto
3648 4636 3760 4690 mi-

2180 4754 2282 4794 nus
2317 4736 2384 4792 ad
2424 4735 2685 4804 judicium
2719 4734 2967 4806 trepidat,
3008 4739 3212 4804 quanto
3246 4731 3301 4786 in
3343 4730 3502 4785 bonis
3543 4726 3765 4784 actibus

2181 4829 2404 4885 Solidius
2429 4836 2553 4882 stat.

2252 4917 2415 4973 Vens.
2443 4917 2529 4972 16.
2551 4947 2620 4958 -
2650 4935 2669 4968 ι
2698 4914 2924 4972 Miseria
2949 4929 3179 4987 quoque.
3212 4934 3231 4967 ι
3260 4913 3448 4986 abiit.)
3469 4912 3610 4968 Mala
3631 4913 3765 4967 vitae

2180 5013 2460 5086 prmsentis
2483 5020 2630 5066 tanto
2656 5009 2840 5065 durius
2866 5010 3080 5064 animus
3096 5008 3278 5074 sentit,
3307 5013 3510 5078 quanto
3527 5020 3764 5076 pensare

2179 5101 2402 5170 bonum,
2427 5105 2569 5174 quod
2611 5103 2874 5172 sequitur,
2907 5100 3145 5173 negligit.
3198 5099 3269 5154 At
3309 5099 3357 5154 si
3401 5098 3468 5153 ad
3498 5113 3588 5165 ea,
3638 5111 3763 5169 qua:

2180 5202 2514 5268 permanent,
2548 5193 2762 5249 oculum
2789 5193 2969 5249 cordis
2999 5192 3148 5264 figat,
3184 5189 3317 5246 nihil
3343 5204 3463 5247 esse
3489 5189 3763 5260 conspicit

2114 5337 2119 5342 .
2180 5285 2438 5356 quidquid
2460 5285 2709 5338 adfinem
2743 5283 2936 5339 tendit.

2262 5395 2280 5428 ‹
2309 5376 2376 5432 Et
2396 5376 2549 5447 quasi
2593 5389 2873 5446 aquarum.
2910 5393 2929 5427 ι
2964 5373 3100 5441 Quia
3149 5373 3398 5438 miserim,
3434 5387 3557 5444 quae
3579 5380 3764 5427 trans-

2184 5481 2334 5535 eunt,
2377 5487 2480 5526 non
2531 5473 2583 5526 vi
2631 5474 2962 5541 concutiunt,
3005 5475 3097 5530 sed
3129 5481 3332 5530 tactum
3379 5467 3636 5524 mmroris
3677 5465 3762 5520 in-

2184 5561 2434 5628 fundunt,
2459 5566 2582 5621 dum
2620 5575 2770 5626 extra
2819 5589 2916 5642 pro
2943 5579 3291 5645 percussione
3320 5575 3484 5639 dolet,
3511 5573 3661 5627 intus
3692 5581 3762 5620 ex

2183 5654 2480 5710 tentatione
2508 5656 2762 5729 frigescit,
2795 5675 2984 5719 contra
3016 5669 3156 5737 quod
3187 5669 3417 5739 amplius
3447 5669 3539 5726 lux
3572 5669 3763 5734 dit‘ina

2183 5749 2544 5817 succenditur,
2570 5754 2709 5808 unde
2741 5757 2992 5814 subditur
3021 5784 3033 5815 .-

3945 773 3973 1488 ε
