3982 6352
255 357 361 416 789

1316 345 1577 405 GLOSSA
1616 340 2012 402 ORDINARIA.
2053 374 2123 384 —
2156 342 2283 399 LIB.
2322 343 2463 400 JOB.

3402 343 3505 401 790

325 471 489 528 Vens.
527 468 615 524 i7.
639 496 710 507 —
740 483 759 517 ι
793 460 861 520 Et
879 460 1032 535 quasi
1056 458 1406 518 meridianus.
1438 480 1455 511 ι
1486 458 1686 530 Fulgor
1716 469 1827 511 mc-
1852 462 1906 519 Λ
1930 472 2088 526 usque
2105 456 2174 510 ad
2189 466 2243 511 et
2258 467 2435 510 tamen
2456 456 2593 511 bona
2608 469 2725 525 quae
2742 454 2964 522 habent,
2984 471 3014 510 a
3030 454 3141 514 Deo
3154 469 3501 530 acceperunt.

254 562 498 620 ridianus
546 559 601 615 in
638 571 862 630 vespere
912 564 996 612 est
1028 554 1245 610 virtutis
1292 550 1573 608 renovatio
1619 549 1673 604 in
1706 554 1824 603 ten-

257 652 486 710 tatione.

330 763 350 796 ι
384 741 453 800 Et
472 754 597 797 cum
616 746 672 818 te
691 746 1086 808 consumptum.
1112 756 1132 791 ι
1153 733 1372 809 (εἶπα.)
1387 733 1521 791 Cum
1544 741 1598 790 et
1614 746 1717 804 per
1733 745 1830 787 ex-

257 832 460 890 teriora
508 830 653 887 mala
677 831 855 901 justus
888 827 1213 884 occumbere
1256 826 1505 898 cmperit,
1539 832 1669 881 tunc
1710 823 1839 880 cla-'

256 926 391 982 ritas
433 922 552 994 ejus
579 922 770 994 incipit
811 939 826 976 :
868 931 1089 977 econtra
1120 920 1290 991 iniqui
1319 921 1501 975 lumen
1528 926 1612 974 est
1658 919 1712 973 in
1740 917 1830 974 die

255 1018 418 1090 hujus
438 1008 585 1084 vita,
618 1015 926 1072 obscuritas
962 1014 1017 1069 in
1044 1027 1293 1084 vespere.
1328 1034 1346 1064 ‹
1382 1012 1589 1068 Etcum
1618 1020 1672 1066 te
1699 1025 1829 1066 con-

252 1118 548 1182 sumptum.
583 1129 602 1163 ι
648 1108 785 1178 Quia
829 1106 963 1165 foris
1013 1106 1214 1163 cadens
1243 1106 1386 1163 intus
1426 1113 1739 1169 renovatur,
1775 1109 1832 1158 et

252 1215 365 1272 quo
382 1200 602 1257 duriora
635 1199 852 1267 tolerat,
881 1198 1086 1255 certius
1136 1197 1360 1269 prmmia
1387 1204 1589 1268 sperat,
1641 1203 1698 1250 et
1726 1194 1831 1250 hoc

252 1300 378 1349 est:

327 1382 492 1440 Vens.
525 1381 613 1439 l8.
639 1412 712 1424 -—
736 1400 755 1435 ι
790 1380 858 1437 Et
886 1380 1109 1439 habebis
1148 1376 1421 1437 ﬁduciam.
1452 1398 1471 1433 ›
1509 1377 1715 1436 Defossi
1746 1392 1832 1433 se-

254 1489 386 1532 cure
414 1475 708 1540 dormiunt,
750 1482 881 1540 etc.,
910 1492 1073 1547 usque
1102 1475 1172 1530 ad
1206 1488 1433 1531 securus
1459 1473 1601 1544 apud
1622 1485 1681 1528 se
1701 1471 1830 1527 dor-

253 1568 356 1624 mit
374 1569 549 1625 latens
577 1570 646 1625 ab
668 1568 880 1625 actibus
905 1569 1110 1626 saeculi.

325 1661 490 1719 Vens.
523 1661 608 1720 i9.
630 1662 1090 1733 —-¢Requiesces
1110 1669 1297 1735 etnon
1321 1660 1449 1716 erit.
1490 1677 1508 1710 ι
1543 1656 1646 1726 Qui
1680 1656 1830 1712 enim

256 1755 310 1811 in
339 1755 659 1811 aeternitatis
710 1754 978 1811 desiderio
1025 1752 1247 1825 ﬁgitur,
1286 1751 1411 1807 dum
1466 1748 1601 1804 nihil
1645 1757 1731 1802 est
1776 1746 1830 1800 in

2002 565 2022 597 ‹
2053 544 2325 602 Nimirum
2362 548 2636 619 interroga
2681 546 2954 617 iumenta,
2992 567 3010 599 ι
3042 558 3150 605 etc.
3195 550 3384 625 (Ibid)
3409 549 3504 609 Ju-

1928 646 2109 694 menta
2144 655 2309 696 sensu
2346 640 2630 713 pigriores.
2672 641 2923 697 Volatilia
2956 642 3079 698 cteli
3129 643 3380 700 sublimia
3418 658 3506 700 sa—

1927 726 2157 797 pientes.

1998 819 2165 876 Vens.
2194 819 2250 877 8.
2292 850 2362 863 —-
2414 840 2434 874 ι
2471 821 2676 879 Pisces.
2708 843 2727 876 ι
2791 822 2980 896 (lbid.)
3038 823 3252 881 Curiosi
3307 824 3506 882 intelli-

1929 919 2147 978 guntur.
2177 911 2244 966 lit
2271 922 2611 968 estsensus:
2656 915 2702 969 si
2745 914 2845 969 hos
2884 915 3152 985 requiras,
3204 924 3506 971 creatorem

1929 1000 2172 1057 omnium
2194 1003 2363 1058 Deum
2400 1002 2659 1059 fatentur.
2691 1002 2879 1061 Potest
2903 1014 2955 1060 et
2983 1004 3136 1075 juxta
3162 1006 3396 1060 litteram
3419 1007 3504 1060 in-

1932 1091 2095 1164 telligi
2107 1132 2121 1147 .

2004 1182 2166 1239 Vens.
2203 1183 2289 1239 l0.
2311 1214 2382 1225 —
2414 1203 2433 1235 ‹
2473 1184 2531 1240 1η
2561 1184 2713 1256 cujus
2754 1201 2917 1242 manu
2948 1189 3149 1243 anima.
3180 1208 3199 1240 ι
3236 1187 3349 1244 Hoc
3387 1187 3507 1244 loco

1931 1277 2108 1331 anima
2134 1277 2311 1334 omnis
2332 1279 2584 1344 viventis,
2615 1279 2729 1349 ipsa
2755 1280 2999 1350 corporis
3022 1281 3133 1335 vita
3169 1281 3433 1352 signatur.

2008 1387 2027 1420 ι
2065 1368 2303 1440 Spiritus
2357 1372 2624 1427 universae
2678 1374 2881 1428 carnis.
2940 1372 3176 1444 »(1ὁὶἀ.)
3222 1374 3278 1428 Id
3311 1382 3397 1430 est
3417 1375 3509 1428 llo-

1882 1482 1893 1487 ·
1933 1460 2097 1516 minis
2116 1460 2340 1517 eﬁ‘ectns
2368 1464 2733 1535 intelligentim
2756 1465 3050 1536 spirituaiis
3066 1482 3187 1536 qua:
3214 1467 3267 1522 in
3290 1467 3383 1522 Dei
3413 1481 3509 1536 po-

1936 1559 2133 1609 testate
2169 1560 2313 1609 sunt.
2348 1555 2531 1611 Potest
2553 1566 2608 1612 et
2653 1573 2750 1628 per
2782 1558 3018 1613 animam
3061 1559 3238 1614 omnis
3277 1558 3510 1613 viventis

1927 1642 2296 1714 iumentorum
2322 1647 2430 1701 vita
2468 1648 2691 1717 signari.

2008 1735 2167 1792 Vens.
2198 1739 2285 1792 li.
2326 1768 2394 1810 —_-
2426 1760 2444 1791 c
2482 1740 2670 1793 Nonne
2690 1742 2837 1795 auris
2867 1744 3034 1797 verba
3061 1740 3340 1810 diiudicat.
3375 1761 3395 1795 ι
3431 1741 3510 1796 Ex

254 1803 1449 1921 guggqfog'apgg}:ghﬁlg'qhgﬁe
1468 1803 1677 1898 fuimndo
1708 1852 1833 1909 ρει·-
1859 1808 1906 1868 Β
1934 1826 2064 1921 istis
2081 1803 2468 1921 corporalibus,
2496 1840 2627 1893 etc.,
2652 1848 2814 1902 usque
2833 1833 2902 1887 ad
2929 1843 2984 1887 et
3021 1803 3164 1899 (piod
3186 1849 3283 1889 vos
3323 1833 3504 1898 scitis,

254 1940 525 1998 timescat.

332 2049 352 2081 ι
384 2031 453 2089 Ει
476 2030 932 2105 deprecabuntur.
963 2048 983 2083 ι
1010 2029 1170 2086 Pravi
1197 2044 1321 2085 cum
1345 2034 1494 2083 recta
1515 2024 1831 2096 praedicant,

253 2123 397 2192 quod
433 2124 530 2195 ipsi
548 2130 828 2197 appetunt,
850 2122 957 2179 hoc
981 2123 1103 2178 aliis
1132 2138 1230 2194 pro
1252 2135 1450 2193 magno
1474 2118 1830 2189 pollicentur;

257 2214 353 2269 sed
391 2228 459 2270 ne
480 2215 568 2270 diu
594 2215 894 2288 pollicendo
916 2223 1159 2289 patescat
1188 2214 1329 2287 quod
1349 2219 1495 2277 sunt,
1520 2210 1587 2264 ad
1611 2206 1833 2264 rectitu-

251 2306 400 2363 dinis
420 2308 581 2364 citius
607 2310 771 2365 verba
799 2314 1160 2369 revertuntur,
1196 2304 1340 2361 unde
1377 2300 1654 2358 subditur:

324 2396 713 2454 Vens.20.—¢
748 2397 902 2456 Oculi
931 2406 1113 2453 autem
1150 2396 1458 2467 impiorum.
1491 2412 1508 2445 ι
1534 2391 1829 2450 Oculorum

250 2487 491 2556 nomine,
516 2496 645 2563 etc.,
676 2506 837 2563 usque
860 2491 931 2545 ad
952 2505 1061 2562 quo
1095 2505 1156 2545 se
1182 2487 1361 2543 valeat
1380 2484 1684 2551 occultare,
1724 2499 1833 2538 non

253 2578 486 2637 invenit.

333 2690 354 2725 ι
388 2672 455 2730 Et
484 2688 607 2745 spes
644 2673 859 2731 illorum
896 2670 1252 2737 abominatio,
1284 2688 1304 2723 ι
1339 2678 1445 2726 etc.
1475 2666 1663 2742 (Ibid)
1694 2664 1834 2734 Quia

251 2764 384 2821 inde
406 2766 461 2821 in
485 2775 804 2838 perpetuum
841 2767 1065 2839 spiritus
1094 2762 1305 2830 interit,
1335 2762 1481 2819 unde
1519 2759 1587 2816 ad
1620 2767 1832 2831 tempus

249 2868 386 2914 caro
413 2859 654 2919 suaviter
680 2859 831 2915 vivit.

856 2990 1086 3059 CAPUT
1122 2989 1236 3051 XII.

325 3119 493 3228 Vens.
513 3122 600 3228 Ii.
627 3150 701 3164 --
730 3139 750 3174 ι
785 3120 1135 3228 iicsporidens
1184 3117 1519 3228 autem‘Job;
1544 3117 1833 3228 t'(§REGL.)
1860 3163 1907 3228 Ο

251 3210 371 3270 Hoc
398 3211 617 3285 Sophar
637 3228 767 3272 vere
794 3212 950 3281 dixit,
976 3222 1106 3280 etc.,
1130 3228 1293 3284 usque
1322 3211 1392 3266 ad
1415 3208 1554 3267 unde
1573 3208 1673 3266 Job
1708 3211 1834 3265 sub-
1862 3208 1881 3261 ‘.

255 3308 381 3364 (lt:

332 3398 495 3455 Vens.
519 3396 576 3454 2.
598 3428 673 3440 —
703 3414 725 3451 ‹
768 3396 911 3470 Ergo
930 3408 1029 3453 vos
1068 3394 1202 3453 estis
1233 3392 1336 3451 soli
1370 3392 1640 3450 homines.
1683 3412 1704 3447 ι
1729 3391 1835 3461 Qui

256 3500 323 3546 se
346 3503 534 3546 omnes
564 3487 759 3561 praeire
804 3488 1017 3545 ratione
1053 3494 1230 3559 putat,
1265 3502 1325 3543 se
1354 3485 1531 3543 solum
1554 3484 1834 3541 hominem

253 3595 382 3637 esse
406 3579 658 3637 exsultat.
700 3598 720 3632 σ
758 3578 900 3652 Ergo
936 3593 1033 3635 vos
1063 3578 1194 3634 estis
1235 3576 1335 3633 soli
1376 3577 1645 3632 homines.
1680 3594 1698 3627 ι
1731 3573 1836 3642 Qui

257 3668 406 3727 enim
436 3669 678 3727 sesolum
705 3682 897 3741 sapere
912 3666 1166 3734 aestimat,
1193 3667 1323 3738 quid
1345 3665 1489 3721 aliud
1512 3680 1676 3736 quam
1692 3666 1836 3721 hanc

256 3758 507 3838 eamdem
536 3775 720 3817 secum
756 3760 897 3816 mori
918 3758 1241 3829 sapientiam
1278 3764 1435 3830 putat
1458 3757 1485 3811 τ

338 3848 501 3907 Vens.
526 3850 582 3907 3.
608 3881 683 3894 —
714 3869 734 3904 ι
769 3850 838 3907 Ει
872 3849 1005 3906 mihi
1041 3860 1124 3906 est
1161 3865 1258 3906 cor
1289 3851 1449 3906 sicut.
1486 3868 1506 3903 ι
1544 3849 1617 3906 Ut
1646 3862 1835 3906 eorum

256 3940 569 4014 superbiam
619 3942 876 4015 corrigat,
917 3956 1040 3999 esse
1089 3957 1151 3999 se
1193 3941 1506 4000 inferiorem
1554 3952 1745 4016 negat;
1781 3952 1838 3999 et

255 4046 332 4091 ns
370 4049 481 4091 sum
531 4033 851 4091 humilitatis
886 4030 1116 4091 limitem
1146 4041 1410 4101 transeat,
1469 4048 1530 4091 se
1580 4035 1829 4108 superio-

256 4140 379 4184 rem
409 4133 572 4184 tacet.
596 4126 734 4185 Ecce
760 4140 921 4199 quam
952 4126 1204 4195 discrete,
1239 4126 1295 4183 in
1322 4140 1436 4203 quo
1466 4127 1672 4184 indicat
1690 4126 1835 4200 quod

258 4212 1044 4276 iiiidesesentiredeberont.

337 4306 525 4376 «Quis
570 4308 715 4366 enim
767 4308 885 4366 hac
928 4308 1257 4383 qumnostis
1306 4309 1612 4382 ignorat?)
1670 4309 1749 4365 Ac
1790 4309 1836 4366 si

258 4398 439 4456 dicat:
467 4399 603 4457 Cum
639 4401 851 4459 cunctis
868 4403 981 4459 sint
1010 4410 1137 4460 nota
1170 4416 1291 4474 qua:
1314 4402 1514 4469 dicitis,
1570 4402 1638 4458 de
1658 4401 1835 4458 dicto-

258 4506 383 4547 rum
409 4492 634 4551 scientia
660 4508 761 4551 cur
786 4494 1133 4568 singulariter
1157 4495 1417 4553 tumetis?

334 4582 500 4641 Vnus.
521 4584 575 4642 4.
605 4615 678 4629 -
708 4602 731 4639 t
762 4585 869 4655 Qui
903 4586 1199 4645 deridetur.
1236 4607 1256 4641 ι
1296 4586 1487 4660 (Ibid)
1514 4586 1654 4656 Quia
1682 4585 1837 4643 illum

260 4672 398 4731 facit
414 4674 653 4733 humana
681 4674 881 4736 derisio
920 4676 1036 4734 Deo
1066 4677 1397 4749 proximum,
1427 4692 1588 4748 quem
1617 4677 1686 4733 ab
1730 4677 1836 4733 hu-

258 4766 440 4824 manis
460 4768 820 4847 pravitatibus
836 4768 965 4825 vitae
989 4768 1356 4824 innocentiam
1371 4775 1555 4823 servat
1574 4767 1834 4822 alienum.

336 4854 501 4917 Vens.
528 4858 583 4917 Β.
608 4876 717 4939 -ς
744 4860 972 4933 Lampas
993 4869 1320 4932 contempta.
1362 4880 1383 4913 ι
1411 4858 1597 4933 (Ibid.)
1613 4859 1841 4916 Nomine

261 4950 489 5010 divitum
514 4952 759 5027 designat
776 4948 1062 5012 elationem
1091 4953 1444 5025 superborum
1468 4952 1636 5023 ;justi
1660 4963 1840 5011 autem

260 5041 586 5129 simplicitas
601 5051 659 5121 et
674 5042 885 5129 lampas
912 5043 1127 5109 dicitur,
1152 5050 1207 5099 et
1232 5050 1542 5114 contempta
1574 5060 1587 5097 :
1611 5042 1839 5115 lampas,

263 5128 393 5205 quia
446 5133 673 5193 interius
712 5128 894 5211 lucet;
923 5140 1253 5205 contempta,
1289 5133 1415 5207 quia
1461 5134 1603 5205 apud
1633 5142 1844 5192 mentes

268 5225 571 5283 carnalium
599 5224 809 5297 abiecta
828 5225 1149 5283 testimatur.

344 5336 365 5373 ι
397 5316 591 5425 Parata
641 5321 711 5378 ad
743 5329 965 5425 tempus
1014 5328 1294 5376 statutum.
1334 5339 1354 5373 ι

236 5410 489 5501 ﬁltempta:
521 5412 789 5485 lampadis
809 5421 1042 5485 tempus,
1066 5421 1153 5469 est
1174 5410 1401 5467 extremi
1425 5410 1616 5480 iudicii
1637 5410 1843 5485 praede-

244 5503 507 5577 ‘fstinatus
529 5503 668 5571 dies,
694 5519 803 5576 quo
826 5502 1009 5576 justus
1045 5504 1276 5576 quisque
1299 5503 1391 5573 qui
1430 5518 1578 5560 nunc
1610 5503 1846 5577 despici-

247 5576 385 5660 tur,
415 5601 618 5666 quanta
641 5603 910 5667 potestate
930 5593 1131 5666 fulgeat
1152 5595 1574 5650 demonstratur.

282 5748 299 5763 ι
345 5685 509 5744 Vens.
524 5686 578 5744 6.
605 5716 680 5729 —
705 5707 726 5742 ι
760 5687 1052 5744 Abundant
1075 5685 1425 5742 tabernacula
1450 5686 1790 5757 praedonum.
1818 5707 1839 5743 ι

266 5776 467 5871 ίιιὶά.)
478 5776 727 5839 Ostendit
737 5779 873 5838 nihil
887 5792 1007 5837 esse
1024 5774 1447 5853 praesentlsvita:
1459 5778 1690 5848 divitias,
1711 5791 1841 5854 etc.,

1935 1918 2065 1971 mihi
2089 1933 2186 1987 per
2208 1919 2455 1976 intimum
2486 1937 2727 1977 amorem
2757 1922 3071 1978 medullitus
3100 1924 3260 1995 sapit.

2006 2011 2171 2066 Vens.
2204 2012 2289 2067 15.
2323 2043 2392 2053 —-
2435 2031 2455 2065 ‹
2484 2014 2639 2084 Apud
2684 2014 2860 2083 ipsum
2887 2023 2972 2071 est
3029 2015 3317 2087 sapientia,
3352 2035 3373 2071 ›
3400 2023 3508 2071 etc.

1937 2101 2126 2175 (Gneo.
2156 2104 2209 2158 in
2235 2102 2360 2170 Job,
2382 2105 2417 2159 l.
2449 2106 2584 2177 xxi.)
2612 2105 2768 2176 Apud
2813 2107 2980 2161 Deum
3034 2109 3178 2163 enim
3222 2108 3275 2162 in
3308 2107 3512 2178 princi-

1933 2195 2024 2266 pio
2045 2196 2185 2252 Deus
2213 2207 2331 2252 erat
2358 2200 2603 2265 verbum,
2631 2201 2721 2270 qui
2775 2210 2829 2256 et
2854 2201 2949 2256 Dei
2997 2203 3170 2256 virtus
3216 2211 3270 2257 et
3300 2203 3392 2258 Dei
3424 2218 3509 2258 sa-

1934 2287 2177 2356 pientia;
2219 2288 2382 2345 habet
2410 2289 2717 2356 consilium,
2756 2286 3162 2363 quia‘disponit
3191 2308 3320 2360 sua;
3356 2293 3510 2350 intel-

1934 2375 2231 2447 ligentiam,
2260 2380 2387 2450 quia
2417 2380 2695 2451 cognoscit
2717 2392 2920 2438 nostra.

2008 2467 2171 2525 Vens.
2198 2470 2286 2526 id.
2310 2503 2379 2513 —
2409 2491 2431 2523 ι
2461 2471 2518 2528 Si
2549 2473 2904 2541 destruxerit,
2944 2491 3104 2533 nemo
3131 2486 3216 2533 est
3256 2478 3347 2547 qui
3376 2478 3507 2533 tedi-

1935 2560 2078 2616 ﬁcet.
2121 2583 2139 2615 ι
2192 2562 2547 2635 Omnipotens
2581 2567 2879 2622 humanum
2908 2584 3076 2640 genus
3113 2570 3347 2627 destruit
3387 2587 3512 2629 cum

1934 2655 2211 2727 relinquit,
2249 2657 2482 2715 aediﬁcat
2529 2674 2652 2715 cum
2692 2660 2909 2730 replet:
2954 2663 3097 2732 quod
3148 2663 3253 2719 nisi
3278 2664 3392 2731 liat,
3423 2665 3510 2720 iu-

1936 2760 2146 2802 cassum
2166 2750 2409 2805 exterius
2430 2764 2460 2804 a
2484 2751 2838 2821 praedicatore
2860 2761 3134 2807 monetur.

2013 2857 2032 2891 ι
2070 2837 2127 2894 Si
2170 2834 2448 2896 incluserit
2476 2840 2768 2897 hominem.
2809 2862 2828 2894 ι
2858 2840 3047 2898 Omnis
3092 2842 3256 2898 homo
3298 2857 3396 2914 per
3437 2843 3513 2910 id,

1934 2936 2066 2994 etc.,
2118 2946 2280 3001 usque
2318 2932 2389 2985 ad
2442 2940 2497 2988 et
2524 2946 2620 2988 cor
2677 2935 2966 3002 reprobum
3015 2948 3114 3005 per
3145 2934 3374 3005 gratiam
3407 2950 3513 2990 non

1937 3018 2199 3076 emollire.

2008 3112 2169 3168 Vens.
2210 3112 2291 3167 l5.
2320 3144 2386 3155 -
2422 3132 2441 3164 r
2479 3112 2537 3169 Si
2586 3116 2915 3172 continuerit
2959 3132 3149 3186 aquas,
3172 3119 3351 3173 omnia
3400 3120 3511 3174 sic-

1938 3205 2228 3260 cabuntur.
2259 3224 2278 3258 ι
2320 3204 2479 3274 Quia,
2523 3206 2567 3262 si
2603 3206 2827 3262 scientia
2854 3207 3271 3277 prmdicatorum
3296 3208 3512 3263 subtra-

1936 3294 2105 3361 hitur,
2136 3306 2266 3363 etc.,
2290 3314 2452 3370 usque
2486 3299 2553 3353 ad
2591 3300 2961 3370 septiformem
2987 3300 3216 3369 gratiam
3234 3298 3420 3355 retulit

2013 3409 2031 3441 ι
2063 3388 2119 3444 Si
2143 3390 2389 3446 emiserit
2425 3405 2539 3457 eas,
2580 3393 2913 3447 subvertent.
2950 3412 2970 3447 ι
3007 3390 3065 3447 Si
3097 3393 3243 3448 enim
3273 3392 3511 3464 Spiritus

1936 3481 2110 3536 sancti
2136 3482 2309 3552 gratia
2349 3480 2670 3547 infunditur,
2702 3493 2837 3549 etc.,
2864 3496 3026 3555 usque
3051 3485 3120 3539 ad
3158 3488 3339 3541 statim
3371 3495 3512 3542 terra

1937 3571 2309 3627 subvertitur:
2342 3572 2467 3643 quia
2501 3573 2823 3644 peccatricis
2846 3575 3051 3631 mentis
3080 3575 3280 3632 duritia
3326 3578 3395 3632 ab
3417 3577 3516 3633 im-

1936 3664 2251 3729 mobilitatis
2279 3680 2392 3721 sua:
2418 3666 2786 3724 obstinatione
2812 3676 3170 3739 permutatur.

2012 3755 2172 3812 Vens.
2206 3756 2293 3813 i6.
2323 3786 2394 3799 —
2443 3776 2463 3809 ί
2492 3758 2654 3831 Ἀριιά
2706 3760 2880 3832 ipsum
2932 3766 3014 3817 est
3060 3760 3340 3819 fortitudo.
3378 3784 3396 3816 ι
3455 3761 3517 3820 in

1937 3849 2117 3904 Verbis
2140 3848 2411 3920 prioribus
2437 3850 2635 3921 quibus
2669 3850 2764 3915 ait,
2794 3861 2920 3917 etc.,
2950 3870 3113 3925 usque
3139 3854 3208 3908 ad
3234 3854 3422 3912 electis
3460 3855 3515 3910 in

1939 3955 2108 4011 regno
2133 3939 2367 4010 qualiter
2389 3941 2461 3996 sit
2482 3942 2743 4012 sapientia
2776 3945 2946 4013 patris
2968 3942 3252 4013 iudicabit.

2015 4049 2033 4082 ι
2071 4028 2231 4086 Novit
2269 4039 2324 4086 et
2354 4030 2714 4103 decipientem
2755 4043 2813 4090 et
2840 4050 2966 4091 eum
3019 4036 3111 4108 qui
3167 4036 3454 4107 decipitur.
3490 4055 3509 4089 ι

1941 4122 2131 4195 (Ibid.)
2154 4121 2314 4180 Novit
2351 4124 2732 4197 decipientem,
2763 4137 2896 4192 etc.,
2923 4145 3085 4203 usque
3119 4129 3188 4183 ad
3228 4128 3518 4198 aliquando

1938 4218 2009 4274 ad
2033 4216 2255 4275 ultionis
2277 4217 2489 4275 initium
2522 4218 2640 4276 ﬂeri
2675 4220 2836 4277 solet.

2011 4311 2174 4367 Vens.
2205 4310 2293 4366 i7.
2332 4341 2402 4351 —
2430 4330 2450 4363 ι
2480 4310 2711 4367 Adducit
2753 4311 3094 4367 consiliarios
3127 4309 3180 4365 in
3206 4309 3429 4366 stultum
3452 4308 3520 4364 li-

1938 4416 2084 4457 nem.
2114 4420 2135 4453 »
2169 4399 2518 4457 Consiliarios
2546 4401 2680 4455 dicit
2715 4398 3117 4470 praedicatores,
3174 4399 3266 4470 qui
3308 4398 3521 4456 audito-

1862 4520 1918 4582 ι)
1943 4493 2094 4549 ribus
2106 4492 2230 4548 vitae
2257 4490 2539 4547 consilium
2564 4492 2824 4582 prtebent.
2854 4491 2955 4560 Qui
2980 4508 3103 4548 cum
3131 4502 3355 4564 propter
3376 4501 3517 4548 tem-

1942 4583 2149 4655 poralia
2204 4583 2518 4653 praedicant,
2567 4582 2622 4637 in
2658 4581 2878 4638 stultum
2918 4582 3080 4639 linem
3132 4583 3515 4640 deducuntur:

1940 4676 2067 4748 quia
2100 4674 2227 4731 illuc
2264 4689 2363 4745 per
2403 4675 2640 4731 laborem
2680 4676 2923 4741 tendunt,
2982 4677 3121 4733 unde
3174 4692 3274 4749 per
3320 4678 3520 4736 mentis

1940 4765 2318 4823 rectitudiuem
2346 4763 2534 4837 fugere
2561 4765 2841 4822 deberent.

2020 4875 2042 4908 ι
2071 4854 2375 4926 Etjudices.
2400 4876 2419 4909 ι
2455 4856 2558 4925 Qui
2593 4858 2967 4915 examinandis
3005 4858 3235 4918 aliorum
3275 4864 3518 4920 moribus

1942 4960 2203 5024 praesunt,
2231 4961 2378 5009 recte
2392 4948 2602 5021 iudices
2626 4962 2919 5020 vocantur;
2942 4956 3036 5011 sed
3059 4972 3181 5013 cum
3205 4972 3300 5013 eos
3319 4970 3521 5027 nequa—

1945 5055 2109 5112 quam
2152 5039 2378 5096 sollicite
2431 5040 2750 5109 discutiunt,
2807 5058 2906 5099 nec
2958 5044 3195 5115 qualiter
3243 5044 3522 5115 corrigant

1947 5140 2266 5205 agnoscunt,
2297 5128 2352 5186 in
2383 5139 2659 5202 stuporem
2680 5134 2895 5189 deducti
2926 5145 3069 5191 sunt.

2018 5224 2187 5281 Vens.
2210 5222 2297 5280 18.
2324 5253 2395 5265 --
2425 5241 2443 5275 ι
2479 5222 2716 5280 Balteum
2764 5242 2951 5299 regum
2998 5225 3260 5283 dissolvit.
3298 5248 3319 5283 ι
3346 5227 3405 5285 in
3436 5228 3522 5286 his

1949 5318 2093 5374 enim
2119 5315 2211 5388 qui
2236 5316 2374 5372 bene
2402 5332 2589 5389 regere
2625 5319 2866 5374 membra
2899 5334 2993 5375 sua
3034 5319 3374 5387 videbantur,
3399 5336 3523 5393 pro-

1945 5404 2070 5485 pter
2113 5410 2362 5467 elationis
2409 5410 2620 5482 culpam
2651 5413 2916 5468 castitatis
2948 5411 3221 5481 cingulum
3266 5412 3517 5470 destruit.

1949 5500 2018 5560 Et
2041 5504 2165 5574 quia
2194 5502 2250 5559 in
2294 5504 2513 5561 renibus
2547 5503 2831 5561 delectatio
2867 5512 2951 5560 est
2984 5505 3187 5571 carnis,
3224 5504 3352 5563 fune
3392 5520 3520 5579 pec-

1949 5596 2056 5654 cati
2085 5611 2151 5653 ac
2174 5596 2547 5653 delectationis
2569 5596 2850 5667 praecingit
2880 5610 3036 5653 renes
3061 5612 3270 5653 eorum.

2004 5685 2185 5767 _Vens.
2220 5686 2305 5744 l9.
2339 5718 2399 5728 —
2424 5707 2441 5739 ε
2470 5686 2627 5743 Ducit
2649 5687 2959 5743 sacerdotes
2977 5689 3257 5757 inglorios.
3280 5708 3301 5741 ι
3329 5687 3521 5761 (Ibid.)

1952 5772 2097 5851 Quin
2142 5787 2264 5836 ante
2300 5778 2536 5851 judicent
2583 5791 2691 5834 non
2744 5777 3020 5835 invenient
3059 5778 3306 5848 gloriam.
3355 5793 3521 5841 quam
