3982 6352
466 415 473 422 ’
517 415 616 473 791

1017 406 1410 466 WALAFRIDI
1446 407 1689 462 STRABI
1729 405 1932 462 FULD.
1976 404 2083 461 MOI

2210 403 2332 460 )PP.
2374 402 2553 458 PARS
2587 401 2627 457 Ι.
2669 432 2737 443 -
2773 400 3228 458 THEOLOGICA.

3669 401 3781 458 792

515 528 678 586 modo
707 527 762 581 in
792 525 1126 580 subditorum
1183 522 1424 578 moribus
1465 520 1644 576 studio
1686 517 2084 592 praedicationis
2112 521 2162 578 Α
2187 515 2475 570 ricordiam
2525 515 2897 586 deprecamur.
2947 513 3082 570 Cum
3128 529 3194 569 eo
3238 513 3599 584 disputamus,
3641 514 3778 570 dum

517 637 624 677 non
657 619 964 689 exquirunt.

592 732 610 764 ι
649 713 714 766 Et
746 711 1032 781 optimates
1079 707 1404 778 supplantat.
1437 725 1456 757 ι
1507 701 1722 778 (Gnec.)
1769 702 1928 770 Quia,
1963 715 2087 756 cum

514 812 752 856 tuentem
801 799 1100 870 regentium
1140 792 1523 867 justo'judicio
1565 795 1794 858 deserit,
1845 792 2087 848 cmlestia

516 893 816 964 negligunt,
842 901 898 946 et
932 892 986 944 in
1016 891 1128 945 suis
1160 889 1247 943 hic
1271 888 1636 958 voluptatibus
1661 886 1882 940 cadunt.

594 985 750 1040 Vens.
783 985 871 1039 20.
905 1015 977 1024 -
1019 1001 1037 1034 ι
1075 982 1424 1037 Commutans
1470 980 1671 1035 labium
1722 979 2021 1033 veracium.
2059 995 2080 1029 ι

519 1077 654 1144 Quia
681 1093 820 1146 saepe
837 1077 914 1139 lii,
933 1077 1024 1144 qui
1053 1074 1294 1129 cmlestia
1309 1071 1652 1143 praedicando
1667 1083 1886 1124 veraces
1906 1073 2085 1132 erant,

519 1170 644 1223 dum
678 1166 992 1236 temporalia
1034 1166 1282 1235 diligunt,
1314 1164 1380 1218 ad
1412 1173 1626 1218 terrena
1672 1160 1940 1232 diligenda
1966 1174 2087 1213 cor—

518 1269 701 1322 ruunt,
734 1259 931 1312 labium
961 1257 1229 1314 veracium
1256 1263 1636 1310 commutatur.
1675 1251 1774 1307 Vel
1799 1253 1862 1307 de
1884 1250 2088 1305 Judmis

516 1359 693 1420 potest
727 1349 970 1421 intelligi,
995 1349 1084 1418 qui
1109 1357 1232 1402 ante
1261 1362 1481 1402 veraces
1503 1345 1778 1402 Christum
1795 1354 2086 1399 venturum

515 1441 922 1505 nuntiaverunt,
951 1455 1008 1494 se
1037 1448 1352 1510 praesentem
1385 1439 1529 1494 hunc
1555 1443 1906 1508 negaverunt.

596 1551 613 1582 ε
653 1531 719 1586 Et
749 1531 1069 1586 doctrinam.
1110 1551 1129 1583 ι
1166 1529 1354 1602 (Ibi:l.)
1399 1529 1652 1585 Doctrina
1686 1541 1874 1583 senum
1907 1524 2085 1580 ablata

512 1633 614 1685 est,
643 1623 768 1692 quia
791 1621 962 1675 Judaei
991 1635 1328 1690 nequaquam
1352 1635 1416 1674 ea
1434 1619 1706 1674 credendo
1733 1615 1904 1671 secuti
1933 1623 2082 1680 sunt,

511 1728 633 1783 quae
657 1720 840 1783 patres
870 1726 996 1766 suos
1017 1711 1333 1780 prie-dixisse
1363 1710 1745 1764 meminerunt.

583 1802 748 1856 Vens.
783 1801 873 1855 21.
913 1830 981 1840 -
1007 1820 1024 1852 ‹
1054 1797 1294 1854 Ell‘undit
1325 1798 1725 1868 despectionem
1744 1811 1907 1866 super
1927 1795 2081 1867 prin-

2187 625 2286 664 nos
2321 608 2462 664 illius
2492 605 2716 676 iustitia:
2748 606 3134 677 conjungentes
3173 605 3314 660 facta
3353 614 3539 662 nostra
3579 606 3780 662 subtili

2188 701 2530 772 indagatione
2575 699 2913 754 discutimus.
2949 696 3046 753 Vel
3072 712 3195 752 cum
3245 696 3362 752 Deo
3389 696 3636 768 disputat
3683 699 3781 766 qui

2187 793 2277 848 hic
2301 794 2350 848 ei
2375 792 2650 858 obediens,
2676 800 2800 861 post
2828 805 2952 846 cum
2989 805 3055 846 eo
3091 789 3316 860 populos
3351 788 3643 858 iudicabit,
3681 790 3782 861 qui

2186 884 2349 938 etiam
2373 883 2590 938 interim
2612 881 2680 936 de
2709 881 2907 950 iniquis
2923 879 3171 948 judicare
3205 895 3314 934 non
3339 888 3536 936 cessat.

2258 973 2422 1028 Vens.
2455 973 2509 1026 4.
2535 1001 2606 1011 -
2631 991 2649 1022 ι
2684 970 2842 1026 Prius
2885 985 2981 1025 vos
3033 971 3312 1025 ostendam
3335 1011 3351 1036 ,
3389 991 3410 1024 ι
3442 981 3548 1026 etc.
3574 969 3781 1042 (Ibid.)

2190 1064 2280 1121 Sic
2302 1064 2538 1120 Ecclesia
2579 1065 2644 1118 de
2671 1063 2960 1127 haereticis,
2995 1081 3012 1113 ι
3046 1064 3197 1134 prius
3232 1078 3331 1118 vos
3364 1063 3656 1118 ostendam
3699 1064 3784 1117 fa—

2187 1155 2527 1220 bricatores;
2560 1174 2577 1205 »
2611 1154 2751 1209 sicut
2774 1154 2920 1208 enim
2955 1153 3241 1209 aediﬁcium
3269 1154 3336 1209 de
3368 1154 3666 1226 lapidibus,
3703 1155 3782 1208 ita

2187 1250 2350 1304 etiam
2380 1249 2719 1304 mendacium
2745 1246 3083 1302 sermonibus
3113 1245 3429 1301 fabricatur.

2259 1340 2422 1395 Vens.
2449 1338 2594 1392 5.-
2647 1355 2665 1388 ι
2702 1337 2881 1406 Atque
2928 1336 3133 1390 utinam
3187 1337 3462 1392 taceretis.
3494 1354 3512 1387 ι
3577 1333 3780 1406 (Ιὸἰά.)

2189 1431 2390 1485 Videns
2436 1443 2530 1484 eos
2578 1426 2712 1482 velle
2761 1440 3045 1496 apparere,
3071 1433 3203 1493 etc.,
3234 1441 3395 1496 usque
3443 1426 3511 1478 ad
3569 1425 3781 1494 quibus

2189 1520 2431 1575 inﬁrmas
2454 1526 2666 1574 mentes
2686 1517 2964 1572 seducant.

2257 1609 2422 1664 Vens.
2448 1609 2502 1665 6.
2532 1639 2604 1650 -—
2635 1628 2654 1659 ι
2691 1607 2888 1662 Audite
2916 1622 3047 1678 ergo
3081 1607 3478 1662 correctionem
3502 1621 3720 1660 meam.
3757 1625 3778 1657 ι

2188 1700 2375 1774 (Ιὸὶά.)
2403 1700 2546 1756 Bene
2575 1715 2706 1771 ergo
2731 1700 2880 1769 prius
2921 1699 3321 1756 correctionem
3349 1706 3470 1770 post
3502 1696 3782 1768 judicium

2189 1795 2390 1861 intulit,
2422 1795 2548 1863 quia
2573 1793 2677 1848 nisi
2701 1808 2800 1863 per
2827 1793 3220 1848 correctionem
3241 1792 3391 1862 prius
3410 1790 3563 1847 stulti
3595 1800 3784 1846 tumor

437 1923 440 1928 -
511 1889 678 1965 cipes.
719 1916 736 1948 ι
770 1894 937 1950 Judaei
983 1895 1036 1948 in
1066 1893 1200 1962 legis
1231 1866 1501 1947 manda—tis
1529 1898 1908 1962 permanentes
1928 1866 2084 1958 prin-
2114 1866 2163 1926 Β
2191 1887 2543 1957 deprimatur,
2579 1899 2920 1956 nequaquam
2949 1899 3046 1956 per
3074 1883 3483 1956 intelligentiam
3503 1881 3784 1954 judicium

513 1987 683 2056 cipari
721 2003 820 2057 per
861 1985 1020 2040 fidem
1069 1983 1680 2055 videbantur:gentiles
1713 1983 1769 2037 in
1820 1979 2086 2052 profundo
2182 1977 2316 2048 justi
2338 1976 2704 2047 cognoscitur.

510 2075 683 2146 pressi
728 2090 825 2145 per
851 2073 1227 2128 inﬁdelitatem
1259 2073 1567 2139 latuerunt;
1609 2073 1702 2128 sed
1747 2087 1869 2128 cum
1911 2071 2089 2125 incar-

515 2167 752 2224 nationis
787 2166 1082 2222 Dominicae
1106 2168 1428 2238 mysterium
1455 2167 1672 2237 negavit
1707 2165 1912 2233 Judma,
1957 2179 2088 2236 gen-

508 2257 678 2313 tilitas
702 2257 954 2314 credidit.
988 2255 1080 2313 Sic
1113 2276 1128 2312 :

577 2347 744 2406 Vens.
771 2349 864 2406 22.
890 2379 965 2390 -
993 2369 1012 2402 ‹
1058 2349 1282 2406 Revelat
1306 2350 1570 2422 profunda
1628 2352 1696 2408 de
1741 2349 2024 2415 tenebris;
2063 2367 2083 2401 ι

506 2456 632 2498 cum
675 2443 890 2515 mystici
925 2441 1308 2514 allegoriarum
1331 2458 1525 2500 sensus
1563 2445 1618 2500 in
1645 2444 1826 2500 verbis
1861 2441 2090 2500 occultis

506 2535 895 2605 prophetarum
937 2545 1328 2607 agnoscuntur.

586 2643 604 2676 ι
643 2625 710 2679 Et
733 2627 982 2695 producit
1008 2628 1060 2680 in
1103 2627 1278 2683 lucem
1307 2628 1556 2684 umbram
1587 2629 1798 2684 mortis.
1835 2649 1854 2682 ›
1895 2626 2086 2698 (Ibid.)

512 2713 768 2769 Umbram
815 2716 1008 2772 mortis
1057 2717 1208 2784 dicit,
1236 2725 1370 2784 etc.,
1415 2735 1577 2789 usque
1621 2717 1690 2772 ad
1731 2733 1879 2774 mors
1907 2716 2090 2773 carnis

511 2808 732 2863 minime
762 2809 1002 2863 timetur.

585 2897 744 2954 Vens.
777 2897 867 2952 25.
893 2929 966 2937 -
999 2917 1018 2949 ι
1053 2896 1157 2966 Qui
1215 2897 1540 2968 multiplicat
1587 2906 1797 2971 gentes.
1832 2918 1852 2950 ι
1897 2897 2086 2970 (Ιὺὶά.)

510 2988 646 3056 Quia
688 2997 876 3062 gentes
921 2997 976 3046 et
1019 3005 1119 3060 per
1148 2988 1536 3046 fecunditatem
1575 2990 1778 3046 sobolis
1817 2989 2084 3058 extendit,

508 3089 563 3136 et
586 3090 762 3136 tamen
785 3083 839 3137 in
872 3082 1086 3154 propria
1122 3082 1443 3140 inﬁdelitate
1485 3082 1830 3153 derelinquit,
1866 3094 1924 3138 et
1947 3098 2086 3153 quas

509 3171 561 3225 in
595 3172 923 3228 infidelitatis
948 3188 1077 3229 casu
1105 3173 1418 3244 reliquerat,
1458 3175 1784 3246 quandoque
1824 3175 1892 3231 ad
1920 3176 2082 3232 fidem

506 3261 743 3329 reduxit,
773 3264 969 3335 quibus
995 3266 1071 3321 ita
1095 3267 1363 3324 restitutis
1393 3267 1454 3322 fit
1485 3268 1630 3340 quod
1654 3269 1921 3339 sequitur,
1947 3288 1966 3322 ι
1992 3271 2087 3340 qui

507 3353 761 3409 immutat
790 3371 907 3423 cor,
947 3377 967 3410 ι
998 3366 1106 3414 etc.

576 3444 850 3506 Venuli.
867 3480 938 3489 ——
955 3468 972 3502 ι
995 3450 1098 3520 Qui
1115 3451 1368 3507 immutat
1386 3468 1482 3509 cor
1498 3453 1831 3524 principum.
1857 3474 1876 3508 ι
1897 3454 1944 3526 (1
1953 3455 2086 3526 bid.)

503 3536 612 3595 Cor
646 3539 956 3612 principum
1006 3551 1166 3598 terra;
1211 3543 1557 3600 immutatum
1593 3553 1700 3613 est,
1741 3555 1873 3613 etc.,
1927 3563 2089 3618 usque

509 3637 578 3691 ad
609 3646 796 3708 patere
822 3637 908 3693 via
927 3653 1034 3692 non
1053 3645 1269 3708 poterat
1285 3648 1476 3696 contra
1509 3647 1790 3696 auctorem
1821 3641 2084 3697 omnium.

579 3728 744 3784 Vens.
766 3729 859 3784 25.
888 3761 959 3770 —
978 3750 995 3781 ι
1015 3728 1482 3802 Palpabuntquasi
1498 3732 1554 3788 in
1570 3731 1828 3790 tenebris.
1852 3752 1872 3786 ›
1898 3731 2089 3806 (Ιόίά.)

504 3818 668 3886 Quasi
683 3821 827 3875 enim
851 3821 904 3876 in
934 3821 1174 3877 tenebris
1197 3821 1554 3893 palpat,etc.,
1577 3838 1740 3895 usque
1752 3822 1822 3878 ad
1849 3840 1868 3874 ε
1896 3821 2086 3878 Nonne

505 3912 595 3970 hic
624 3921 708 3970 est
737 3913 882 3970 filius
905 3912 1082 3970 fabri?
1109 3935 1129 3967 ι

1088 4047 1318 4106 CAPUT
1351 4047 1488 4104 XIII.

573 4185 740 4242 Vens.
770 4187 820 4242 1.
869 4216 940 4227 -
965 4206 983 4238 ‹
1017 4184 1158 4242 Ecce
1182 4185 1389 4241 omnia.
1419 4206 1437 4240 ι
1475 4183 1496 4258 (
1522 4185 1694 4243 Gnec.
1726 4185 1745 4260 )
1785 4185 1913 4243 Haec
1939 4188 2084 4244 enim

501 4289 696 4338 cuncta
739 4281 922 4346 beato,
971 4287 1102 4348 etc.,
1127 4295 1297 4351 usque
1314 4279 1384 4333 ad
1413 4279 1520 4334 alia
1551 4278 1686 4335 vidit
1725 4294 1848 4336 esse
1875 4279 1929 4335 in
1956 4295 2085 4352 ope-

504 4371 676 4437 ribus,
703 4371 809 4426 alia
833 4372 886 4428 in
916 4370 1096 4438 dictis,
1127 4370 1378 4442 sequitur
1408 4389 1420 4426 :

581 4482 599 4514 ι
633 4461 761 4518 Haec
793 4462 928 4518 vidit
971 4461 1160 4519 oculus
1188 4479 1361 4526 meus,
1389 4471 1446 4517 et
1473 4461 1679 4517 audivit
1708 4462 1859 4518 auris
1879 4477 2022 4518 mea.
2059 4481 2078 4514 ι

2260 2070 2424 2125 Vens.
2449 2069 2502 2124 9.
2533 2099 2606 2110 —
2649 2087 2668 2119 ι
2697 2067 3006 2138 Decipietur
3052 2076 3112 2123 ut
3159 2067 3322 2124 homo
3378 2068 3580 2124 vestris
3623 2067 3783 2122 frau-

2188 2160 2464 2217 dulentiis.
2494 2181 2512 2212 ι
2565 2161 2812 2216 Haeretici
2834 2159 3077 2216 fraudem
3119 2160 3229 2216 Deo
3254 2160 3534 2228 exhibent,
3583 2161 3682 2232 qui
3716 2177 3783 2216 ea

2190 2262 2441 2308 astruunt
2477 2268 2596 2322 quat
2629 2253 2680 2307 ei
2725 2267 2823 2322 pro
2864 2267 2969 2322 quo
3015 2251 3313 2322 loquuntur
3366 2268 3473 2308 non
3522 2251 3776 2324 placent,

2189 2356 2245 2401 et
2267 2363 2412 2410 eum,
2441 2345 2566 2400 dum
2592 2344 2887 2400 defendere
2912 2343 3177 2410 nituntur,
3203 2342 3504 2400 offendunt.

2267 2440 2424 2496 Vens.
2452 2439 2538 2491 10.
2570 2467 2640 2477 -
2674 2457 2690 2487 ι
2735 2436 2851 2506 Ipse
2879 2452 2976 2491 vos
3008 2445 3200 2508 arguet
3232 2435 3510 2506 quoniam.
3554 2455 3576 2488 ι
3637 2433 3785 2490 Sunt

2191 2534 2282 2603 qui
2310 2533 2595 2587 veritatem
2623 2531 2719 2584 Dei
2759 2530 2812 2584 in
2854 2530 3015 2585 corde
3052 2538 3319 2595 sentiunt,
3347 2537 3482 2594 etc.,
3511 2545 3683 2600 usque
3709 2530 3782 2582 ad

2190 2633 2394 2696 quanto
2426 2625 2482 2678 in
2513 2621 2728 2679 occulto
2756 2621 3098 2694 cogitationis
3128 2629 3280 2677 recta
3310 2619 3410 2676 Dei
3455 2621 3660 2676 iudicia
3689 2637 3781 2676 co-

2191 2726 2480 2788 gnoscunt.

2263 2810 2430 2866 Vens.
2455 2811 2541 2866 11.
2581 2841 2649 2850 -
2682 2809 2928 2864 «Statim.
2959 2828 2977 2860 ι
3035 2807 3222 2882 (Ιὸὶά.)
3271 2806 3521 2863 Humano
3575 2806 3779 2874 verbo,

2188 2913 2371 2960 motus
2392 2904 2486 2958 Dei
2531 2903 2747 2967 dicitur,
2782 2902 2897 2971 ipsa
2927 2900 3271 2957 rectitudinis
3310 2900 3428 2970 ejus
3459 2899 3733 2955 districtio
3763 2918 3778 2952 :

2188 3010 2310 3066 qum
2350 2995 2628 3065 reprobus,
2653 2994 2744 3064 qui
2768 2993 2856 3048 hic
2895 3007 2993 3063 per
3015 2992 3390 3064 paenitentiam
3418 2990 3614 3047 nolunt
3651 2999 3773 3046 tur-

2186 3088 2328 3154 bari,
2364 3103 2460 3160 per
2476 3087 2773 3143 vindictam
2805 3085 3066 3142 turbabit.

2266 3197 2285 3230 ι
2325 3177 2392 3233 Et
2416 3186 2596 3234 terror
2640 3176 2759 3247 ejus
2803 3176 2993 3232 irruet.
3027 3196 3048 3230 ι
3099 3175 3237 3244 Quia
3265 3175 3515 3246 reprobis
3542 3189 3657 3231 non
3704 3175 3780 3230 ti-

2192 3288 2314 3329 mor
2338 3273 2602 3344 requiem,
2646 3271 2741 3327 sed
2768 3283 2927 3341 paena
2975 3271 3222 3326 timorem
3268 3269 3434 3341 parit,
3469 3269 3616 3325 unde
3642 3284 3780 3340 pro-

2189 3367 2355 3438 pheta
2393 3382 2407 3419 :
2441 3384 2460 3416 ι
2521 3361 2650 3418 Sola
2696 3361 2914 3418 vexatio
2981 3361 3312 3418 intellectum
3377 3359 3528 3416 dabit
3563 3358 3780 3414 auditui

2191 3458 2327 3531 (ha.
2353 3455 2578 3527 xxvm):
2601 3474 2620 3507 ι
2641 3453 2766 3526 quia
2779 3468 2902 3510 cum
2923 3467 3022 3524 pro
3031 3453 3314 3524 praeceptis
3325 3451 3423 3508 Dei
3444 3452 3780 3521 contemptis

2189 3550 2510 3622 puniuntur,
2542 3557 2668 3603 tunc
2689 3545 2994 3618 intelligunt
3023 3545 3167 3616 quod
3194 3545 3502 3600 audierunt.

2263 3642 2434 3698 Vens.
2463 3640 2553 3696 12.
2584 3669 2656 3680 -
2697 3657 2717 3690 ι
2753 3635 3010 3692 Memoria
3054 3643 3255 3692 vestra.
3294 3655 3314 3688 ι
3360 3633 3780 3702 Quantumlibet

2192 3733 2316 3805 quis
2341 3748 2443 3804 pro
2463 3729 2744 3796 memoria,
2780 3738 2912 3794 etc.,
2943 3743 3104 3799 usque
3125 3726 3194 3782 ad
3216 3735 3273 3782 et
3291 3723 3434 3781 elata
3451 3738 3582 3780 caro
3623 3724 3779 3779 tabe-

2191 3824 2298 3880 scit
2323 3824 2376 3878 in
2397 3822 2704 3894 putredine.

2262 3917 2430 3972 Vens.
2482 3914 2571 3970 15.
2620 3944 2693 3956 -
2737 3931 2758 3966 ι
2807 3911 3010 3968 Tacete
3054 3909 3329 3983 paulisper
3373 3915 3438 3964 ut
3482 3905 3702 3979 loquar.
3749 3925 3769 3957 ι

2193 4012 2364 4069 Sensu
2391 4010 2574 4066 carnis
2596 4007 2806 4065 locutos
2835 4005 3038 4062 indicat
3063 4023 3078 4060 :
3112 4019 3250 4076 quos
3273 4002 3477 4060 idcirco
3499 4001 3567 4056 ad
3603 3999 3772 4056 silen-

2191 4105 2326 4160 tium
2365 4100 2665 4172 restringit,
2703 4106 2765 4153 ut
2807 4112 2872 4154 ea
2915 4111 3037 4167 qua:
3086 4094 3162 4150 illi
3210 4109 3364 4151 mens
3411 4093 3771 4164 suggesserit.

2190 4199 2354 4254 dicat.
2387 4195 2466 4251 Ac
2484 4196 2528 4250 si
2566 4194 2769 4249 diceret
2800 4210 2815 4247 :
2846 4190 2962 4260 Non
2988 4205 3089 4262 ego
3119 4189 3430 4255 carnaliter,
3467 4189 3568 4244 sed
3609 4189 3776 4260 spiri—

2194 4287 2410 4345 tualiter
2431 4287 2642 4355 loquor,
2656 4283 2784 4354 quia
2809 4298 2906 4354 per
2918 4296 3135 4337 sensum
3159 4279 3381 4352 spiritus
3405 4279 3595 4346 audio,
3622 4279 3772 4351 quod

2189 4395 2288 4451 per
2315 4375 2678 4433 ministerium
2705 4372 2949 4443 corporis
2969 4371 3204 4442 profero.

2260 4471 2426 4526 Vens.
2466 4467 2554 4522 14.
2581 4498 2652 4508 -
2691 4486 2709 4519 ε
2744 4466 2926 4534 Quare
2969 4465 3147 4520 lacero
3196 4478 3388 4520 carnes
3422 4479 3577 4520 meas
3628 4463 3770 4519 den-

501 4553 611 4610 Sed
641 4554 768 4623 quia
812 4553 956 4652 dicta
994 4553 1284 4610 utilitatem
1323 4568 1433 4608 non
1461 4552 1686 4620 habent,
1721 4553 1768 4610 si
1808 4553 2084 4610 intellectu
2109 4594 2164 4656 Β
2192 4563 2354 4620 tibus.
2394 4582 2413 4614 ι
2457 4561 2656 4616 Dentes
2703 4559 2759 4614 in
2810 4558 2916 4614 hoc
2979 4556 3098 4612 loco
3154 4555 3459 4628 signiﬁcant
3525 4555 3774 4611 internas

499 4647 716 4705 carent,
739 4640 985 4710 sequitur
1011 4659 1025 4696 :

576 4752 594 4783 ε
623 4730 692 4786 Et
719 4730 960 4786 intellexi
992 4730 1223 4803 singula.
1257 4751 1276 4784 ι
1310 4732 1445 4787 Cum
1480 4731 1627 4787 enim
1661 4731 1866 4801 aliquid
1901 4740 2086 4787 osten-

501 4822 669 4886 ditur,
698 4821 780 4876 vel
809 4821 1047 4888 auditur,
1078 4822 1122 4877 si
1171 4821 1480 4878 intellectus
1509 4838 1618 4879 non
1651 4823 1928 4888 tribuitur,
1959 4839 2084 4893 pro-

497 4913 684 4984 phetia
714 4912 936 4967 minime
962 4921 1076 4978 est;
1109 4914 1174 4967 de
1213 4927 1321 4982 quo
1365 4912 1645 4970 intellectu
1669 4914 1796 4985 quia
1835 4928 1943 4970 non
1987 4929 2083 4969 ex-

499 5003 730 5069 tollitur,
752 5003 992 5059 ostendit
1015 5018 1139 5059 cum
1171 5003 1248 5058 ait
1276 5021 1290 5058 :

571 5099 737 5153 Vens.
761 5095 814 5151 2.
838 5125 912 5138 -
942 5113 963 5148 ς
1000 5093 1306 5152 Secundum
1347 5097 1632 5154 scientiam
1677 5111 1889 5152 veram.
1925 5116 1944 5149 ι
1981 5097 2077 5153 His

498 5189 678 5243 verbis
717 5186 954 5244 innotuit
979 5195 1195 5258 quanta:
1248 5187 1570 5242 humilitatis
1604 5185 1728 5253 fuit,
1773 5188 1867 5257 qui
1902 5203 1962 5242 se
1997 5188 2080 5244 eis

501 5280 810 5335 inferiorem
857 5288 1040 5352 negat,
1091 5295 1324 5350 quorum
1362 5279 1520 5352 longe
1548 5279 1715 5334 vitam
1759 5289 1944 5335 sancte
1997 5281 2081 5334 vi-

498 5370 669 5426 vendo
698 5371 1105 5427 transcenderat
1133 5390 1145 5425 :
1179 5377 1234 5424 et
1261 5369 1554 5426 secundum
1579 5384 1768 5423 eorum
1792 5369 2075 5426 scientiam

497 5477 556 5517 se
609 5477 767 5516 nosse
807 5461 1120 5523 conﬁrmat,
1165 5461 1258 5530 qui
1309 5457 1529 5513 sciendo
1587 5459 1828 5516 caelestia
1887 5477 2076 5517 eorum

499 5561 741 5607 terrenas
777 5552 1129 5622 cogitationes
1173 5565 1269 5618 per
1297 5549 1593 5617 prophetia
1622 5550 1869 5619 spiritum
1908 5561 2080 5609 trans-

497 5642 632 5696 ibat.

568 5733 730 5790 Vens.
750 5735 889 5789 3.—
909 5753 927 5785 ι
951 5733 1056 5790 Sed
1085 5743 1266 5789 tamen
1289 5732 1356 5789 ad
1372 5732 1805 5804 Omnipotentem
1818 5736 2028 5807 loquar.
2052 5759 2072 5790 ι

501 5823 688 5898 (Ibid)
721 5828 855 5885 Cum
885 5828 1265 5902 Omnipotente
1284 5828 1580 5896 loquimur,
1604 5829 1731 5884 dum
1766 5829 1882 5902 ejus
1909 5831 2076 5890 mise-

2191 4663 2404 4709 sensus.
2435 4655 2564 4712 etc.,
2589 4661 2757 4716 usque
2778 4642 2846 4698 ad
2889 4642 2936 4698 si
2984 4643 3120 4698 meis
3155 4641 3573 4712 spectatoribus,
3598 4642 3660 4698 id
3689 4652 3775 4697 est

2189 4740 2343 4797 vobis
2360 4738 2620 4809 prodesse
2643 4751 2750 4791 non
2781 4749 3026 4807 possum.

2266 4851 2284 4882 ι
2323 4829 2584 4884 Dentibus
2627 4826 2780 4880 meis.
2824 4845 2843 4879 ι
2881 4824 3080 4881 Dentes
3133 4832 3263 4881 sunt
3308 4823 3508 4881 interni
3545 4838 3767 4888 sensus,

2189 4920 2281 4992 qui
2303 4917 2508 4990 singula
2547 4916 2852 4987 inquirunt,
2883 4923 3010 4983 etc.,
3056 4931 3220 4988 usque
3251 4914 3323 4970 ad
3357 4929 3427 4971 ne
3464 4915 3773 4986 spiritualia

2190 5010 2447 5067 mandere
2467 5007 2658 5079 possit.

2264 5121 2283 5152 ι
2317 5101 2386 5156 Et
2429 5099 2660 5153 animam
2710 5113 2887 5153 meam
2927 5105 3082 5169 porto
3117 5097 3173 5153 in
3217 5095 3487 5154 manibus.
3521 5115 3544 5150 ι
3577 5096 3773 5170 (Ibit)

2187 5193 2441 5248 Animam
2469 5191 2522 5245 in
2551 5189 2800 5245 manibus
2825 5198 3062 5259 portare,
3089 5198 3174 5244 est
3205 5189 3561 5246 intentionem
3587 5189 3773 5244 cordis

2187 5286 2242 5341 in
2293 5284 2603 5354 operatione
2637 5281 2946 5347 ostendere,
2992 5282 3133 5351 quod
3163 5280 3224 5336 fit
3265 5297 3365 5352 pro
3413 5265 3776 5336 aediﬁcatione

2185 5375 2440 5447 proximi.
2474 5373 2540 5428 Et
2564 5382 2648 5428 est
2677 5386 2898 5428 sensus:
2943 5370 3050 5428 Cur
3091 5386 3178 5427 me
3200 5371 3282 5426 vel
3313 5371 3558 5426 districte
3581 5385 3773 5427 coram

2187 5466 2495 5526 hominibus
2516 5461 2766 5536 diiudico.
2786 5463 2870 5520 vel
2889 5465 3016 5534 quid
3043 5459 3291 5535 appetam
3317 5464 3370 5520 in
3392 5480 3556 5534 opere
3592 5473 3775 5520 osten-

2185 5561 2274 5624 do,
2307 5559 2350 5613 si
2381 5558 2640 5628 proximis
2675 5572 2775 5612 nec
2800 5555 2938 5610 mala
2963 5555 3273 5626 judicando,
3301 5571 3401 5612 nec
3420 5557 3561 5612 bona
3584 5566 3771 5612 osten-

2185 5649 2360 5706 dendo
2390 5646 2645 5719 proﬁcio?

2256 5740 2421 5795 Vens.
2457 5739 2543 5794 l5.
2570 5769 2636 5778 —
2679 5756 2698 5788 ‹
2745 5736 2969 5790 Etiamsi
2993 5735 3251 5792 occiderit
3281 5750 3389 5802 me,
3420 5737 3474 5792 in
3499 5737 3618 5807 ipso
3645 5749 3776 5805 spo-

2185 5832 2342 5898 rabo,
2386 5815 2555 5887 »⁸ειο.
2615 5826 2803 5900 um.)
2861 5826 2952 5884 Ille
2999 5841 3124 5883 vere
3170 5826 3386 5900 patiens
3433 5835 3535 5898 est,
3597 5828 3776 5902 quiet
