3982 6352
248 387 354 447 703

1278 386 1550 444 GLOSSA
1595 377 1995 440 ORDINARIA.
2036 412 2106 423 —
2138 381 2266 437 LIB.
2310 378 2447 435 JOB.

3397 373 3499 433 794

245 500 491 562 adversis
538 500 817 570 atteritur,
849 513 902 559 et
933 511 1158 560 tamena
1185 503 1299 576 Spei
1342 501 1662 560 rectitudine
1709 513 1818 554 non
1844 495 1894 558 Α
1923 495 1984 560 it,
2041 496 2181 566 quod
2236 494 2520 548 scribimus
2577 499 2775 544 manet.
2847 480 2990 544 Deus
3041 503 3147 544 non
3201 486 3365 561 loqui,
3400 489 3502 547 sed

245 609 410 652 curva
419 603 470 648 tu
477 610 520 648 Γ.

325 704 344 739 α
396 685 772 741 Verumtamen
788 685 906 742 vias
938 702 1106 744 meas.
1139 707 1160 742 ι
1198 688 1289 746 Sic
1317 689 1461 744 enim
1489 697 1618 743 tunc
1637 687 1822 743 Domi-

246 795 351 834 nus
379 777 628 832 Salvator
654 777 941 846 invenitur,
988 780 1033 835 si
1075 797 1216 836 nunc
1263 796 1362 852 pro
1390 781 1584 835 timore
1612 777 1822 834 Domini

244 875 530 939 peccatum
553 876 791 924 vestrum
816 884 846 923 a
875 870 1026 925 vobis
1047 871 1177 942 ipsis
1213 871 1573 942 redarguitur.

318 959 482 1014 Vsus.
513 957 599 1012 16.
624 988 695 998 -
720 977 741 1010 ι
784 957 900 1015 Non
930 959 1076 1016 enim
1115 962 1298 1017 veniet
1319 963 1372 1016 in
1396 968 1682 1032 conspectu
1706 959 1822 1030 ejus

245 1049 424 1104 omnis
449 1049 748 1121 hypocrita.
777 1069 797 1103 ι
820 1049 973 1107 Nunc
985 1052 1163 1108 veniet
1183 1052 1398 1122 quidem
1443 1059 1569 1106 ante
1592 1049 1826 1105 tribunal

243 1140 462 1211 judicis,
495 1151 629 1209 etc.,
683 1159 846 1214 usque
869 1143 939 1198 ad
969 1144 1026 1200 in
1054 1151 1344 1215 conspectu
1372 1142 1586 1199 Domini
1640 1142 1827 1198 venire

247 1241 481 1288 recusat.

319 1324 484 1379 Vsus.
512 1323 598 1379 17.
624 1351 695 1402 -έ-
717 1340 739 1375 ο
769 1323 967 1380 Audite
991 1339 1292 1381 sermonem
1324 1339 1523 1381 meum.
1554 1344 1575 1378 ›
1603 1323 1706 1380 Per
1723 1324 1829 1380 hoc

247 1417 392 1488 quod
425 1417 712 1487 aenigmata
759 1417 1023 1484 nominat,
1051 1416 1307 1489 ﬁguratas
1357 1431 1417 1472 se
1445 1418 1648 1473 habere
1675 1416 1826 1471 locu-

248 1508 425 1564 tiones
453 1507 807 1574 demonstrat,
849 1509 989 1564 unde
1017 1523 1146 1565 voce
1171 1508 1342 1564 fidelis
1381 1508 1564 1579 populi
1615 1507 1823 1564 subdit:

324 1595 483 1653 Vsus.
512 1597 598 1652 18.
630 1626 698 1638 ——
729 1616 747 1650 ι
785 1595 842 1652 Si
871 1596 1026 1652 fuero
1067 1598 1362 1668 judicatus,
1393 1599 1505 1653 scio
1553 1598 1696 1669 quod
1740 1596 1829 1666 ju-

247 1699 386 1754 stus,
411 1707 430 1740 ι
449 1689 594 1760 quod
615 1704 715 1744 nec
739 1689 804 1744 ab
817 1687 932 1759 ejus
945 1704 1173 1759 persona
1196 1690 1488 1760 discrepat,
1513 1698 1645 1754 etc.,
1667 1703 1830 1759 usque

247 1781 316 1835 ad
333 1779 537 1850 justum
569 1796 627 1836 se
653 1780 855 1837 factum
889 1795 997 1836 non
1020 1781 1231 1854 ignorat
1261 1796 1326 1836 ex
1353 1795 1595 1836 munere.

1924 586 2160 642 scribere
2206 585 2592 640 amaritudines
2635 583 2849 647 dicitur,
2904 597 3026 636 cum
3069 582 3158 636 diu
3209 597 3371 652 super
3397 597 3504 638 nos

1922 681 2039 752 ejus
2067 679 2274 751 flagella
2324 679 2636 749 perdurant.
2666 675 2845 732 Semel
2889 675 3031 730 enim
3060 676 3126 730 de
3169 675 3497 731 mortalitate

1923 772 2101 828 carnis
2130 771 2450 826 sententiam
2482 769 2618 832 fixit,
2646 784 2765 839 qua:
2807 783 2977 838 usque
3005 768 3074 824 ad
3105 767 3352 823 ultimum
3383 783 3503 824 mu-

1924 863 2027 917 tari
2053 878 2157 917 non
2179 861 2397 916 valebit.

2000 976 2018 1009 ι
2053 957 2119 1012 Ει
2146 969 2482 1011 consumere.
2513 973 2531 1006 ι
2563 951 2720 1008 Patet
2752 951 2934 1022 gravia
2955 965 3075 1006 esse
3099 957 3321 1020 peccata
3343 946 3500 1019 juve—

1925 1065 2052 1106 num
2077 1059 2132 1104 et
2176 1063 2386 1112 senum,
2423 1046 2469 1102 si
2498 1045 2626 1101 illud
2670 1043 2805 1116 justi
2859 1043 2939 1100 sic
2967 1051 3231 1110 metuunt,
3264 1042 3408 1114 quod
3445 1042 3501 1097 in

1925 1143 2141 1198 infirma
2177 1150 2336 1198 aetate
2369 1139 2725 1210 deliquerunt.

1999 1235 2161 1290 Vsus.
2193 1235 2282 1289 27.
2303 1265 2372 1274 -
2397 1253 2416 1286 ‹
2460 1233 2690 1289 Posuisti
2719 1233 2776 1288 in
2817 1247 2982 1288 nervo
3020 1232 3210 1303 pedem
3238 1245 3438 1286 meum.
3478 1247 3501 1284 ι

1925 1326 1984 1382 In
2006 1341 2174 1381 nervo
2186 1326 2378 1396 pedem
2397 1325 2738 1395 Deusposuit
2757 1324 3012 1388 hominis,
3031 1324 3155 1394 quia
3179 1322 3504 1393 pravitatem

1928 1416 2070 1472 illius
2107 1416 2233 1471 forti
2259 1415 2614 1471 districtionis
2643 1430 2756 1469 suae
2784 1415 3047 1470 sententia
3075 1413 3280 1486 ligavit.

2005 1527 2023 1559 ι
2053 1508 2121 1562 Ει
2144 1507 2445 1562 observasti
2471 1522 2658 1562 omnes
2680 1507 2901 1562 semitas
2929 1520 3096 1560 meas.
3129 1525 3146 1557 ι
3180 1505 3384 1560 Semita
3415 1518 3510 1559 an-

1929 1601 2137 1671 gustior
2173 1608 2444 1670 estquam
2495 1600 2612 1664 via;
2668 1600 2791 1669 quia
2846 1608 3027 1655 autem
3056 1599 3194 1663 vias,
3243 1598 3507 1664 actiones,

1929 1693 2124 1750 merito
2148 1694 2368 1749 semitas
2391 1693 2663 1749 actionum
2679 1693 3032 1764 cogitationes
3053 1691 3366 1762 accipimus.

2009 1804 2027 1837 (
2060 1785 2127 1840 Et
2147 1785 2372 1857 vestigia
2397 1785 2591 1855 pedum
2614 1800 2855 1839 meorum
2881 1783 3253 1840 considerasti.
3286 1802 3304 1833 ι
3331 1781 3514 1836 Inten-

320 1873 483 1927 Vsns.
518 1871 604 1928 19.
629 1903 699 1913 -
725 1892 743 1926 ‹
795 1873 927 1940 Quis
956 1851 1064 1928 esti
1087 1873 1178 1943 qui
1222 1873 1496 1942 judicetur
1540 1886 1772 1926 mecum.
1805 1891 1823 1924 ›
1854 1851 1906 1914 Β
1932 1877 2108 1933 tiones
2148 1851 2372 1949 operum
2397 1851 2623 1946 vestigia
2644 1875 2808 1939 dixit;
2846 1875 2952 1940 vel,
2982 1889 3149 1946 prava
3177 1887 3364 1944 opera,
3394 1885 3514 1940 qua:

247 1962 383 2030 Quia
405 1964 457 2017 in
486 1964 846 2020 exterioribus
875 1965 1084 2020 actibus
1099 1965 1236 2019 unde
1266 1965 1694 2036 reprehendatur
1721 1979 1831 2020 non

247 2051 427 2120 habet,
463 2053 630 2111 libere
683 2066 1056 2111 accusatorem
1109 2057 1320 2126 quaerit.
1351 2056 1484 2124 Quia
1513 2071 1643 2111 vero
1667 2057 1829 2110 etiam

238 2143 512 2214 justorum
535 2147 698 2203 corda
715 2149 781 2204 de
801 2147 961 2203 stulta
985 2149 1312 2220 cogitatione
1326 2163 1385 2204 se
1406 2148 1828 2218 reprehendunt,

247 2237 499 2293 subditur
519 2255 530 2290 :

325 2349 344 2381 ε
389 2330 569 2398 Quare
616 2339 801 2389 tacens
847 2335 1179 2389 consumor?
1214 2354 1232 2387 ι
1275 2335 1354 2390 Ac
1397 2334 1442 2390 si
1471 2333 1645 2390 dicat:
1679 2333 1832 2390 Sicut

244 2421 358 2476 vixi
385 2431 441 2476 ut
469 2433 840 2480 accusatorem
883 2427 1122 2481 exterius
1154 2425 1359 2480 nullum
1410 2427 1656 2482 timerem
1679 2467 1693 2492 ,
1725 2426 1832 2481 uti-

245 2528 374 2567 nam
401 2514 479 2570 sic
501 2516 753 2572 vixissem
781 2525 840 2571 ut
861 2518 1002 2572 intra
1030 2534 1116 2574 me
1129 2517 1517 2573 accusatricem
1545 2518 1830 2574 conscien-

245 2605 380 2659 tiam
411 2622 518 2661 non
569 2607 835 2663 timerem.
884 2609 1092 2665 Tacens
1138 2610 1282 2666 enim
1325 2610 1680 2677 consumitur,
1736 2610 1829 2681 qui

243 2695 394 2752 intus
429 2697 483 2752 in
513 2713 571 2754 se
594 2699 799 2756 invenit
829 2701 968 2756 unde
995 2687 1202 2758 uratur.

322 2789 481 2845 Vsus.
513 2791 602 2846 20.
640 2823 709 2832 -—
737 2812 755 2844 ί
787 2795 902 2848 Duo
947 2800 1154 2848 tantum
1200 2809 1268 2850 ne
1320 2793 1510 2850 facias.
1542 2813 1562 2847 ι
1607 2793 1676 2850 Et
1728 2793 1830 2850 Dei

244 2879 478 2948 faciem,
511 2883 600 2939 hic
655 2883 1172 2940 animadversionem
1223 2886 1386 2941 dicit:
1437 2885 1491 2940 in
1541 2901 1647 2956 qua
1698 2885 1826 2940 dum

243 2984 468 3046 peccata
502 2976 716 3046 aspicit,
742 2977 915 3046 punit,
949 2991 980 3031 a
1001 2993 1106 3046 qua
1134 2992 1291 3033 nemo
1319 2978 1688 3042 absconditur,
1723 2977 1826 3032 nisi

243 3068 355 3123 duo
383 3084 504 3139 qua:
532 3068 764 3138 postulat
801 3079 1172 3136 amoveantur,
1219 3070 1286 3126 de
1330 3071 1525 3141 quibus
1553 3073 1826 3143 sequitur:-

322 3155 486 3212 Vsns.
511 3158 604 3215 21.
629 3188 703 3199 -
736 3179 754 3211 ε
785 3158 998 3215 Manum
1021 3168 1167 3215 tuam
1191 3159 1348 3230 longe
1369 3161 1454 3216 fac
1475 3177 1506 3216 a
1536 3176 1640 3217 me.
1675 3182 1694 3213 ι
1726 3161 1830 3218 Per

248 3268 496 3320 manum,
546 3269 708 3324 quam
735 3253 891 3326 longe
933 3254 1050 3310 fieri
1095 3253 1354 3325 postulat,
1397 3264 1528 3323 etc.,
1571 3273 1733 3327 usque
1760 3257 1829 3311 ad

245 3347 345 3402 sed
373 3361 472 3416 per
493 3345 832 3402 formidinem
851 3346 1038 3402 servit.

323 3435 485 3493 Vsus.
519 3437 607 3493 22.
633 3469 704 3478 -
733 3457 753 3490 c
780 3437 945 3494 Voca.
977 3457 995 3490 ι
1022 3437 1237 3511 (Cass)
1262 3436 1611 3495 Praesentiam
1631 3437 1834 3496 Christi

248 3528 466 3598 quaerit,
489 3536 550 3582 ut
574 3543 674 3598 per
696 3527 836 3582 hanc
857 3536 913 3584 et
930 3528 1114 3584 audiat
1134 3527 1277 3598 quod
1305 3529 1538 3601 ignorat,
1567 3538 1624 3586 et
1650 3531 1834 3586 audia-

251 3629 346 3675 tur
367 3620 420 3675 iu
443 3620 528 3676 his
557 3635 677 3690 qua:
717 3621 886 3676 novit.
933 3619 1053 3695 Vel,
1103 3631 1260 3677 vocat
1289 3622 1434 3678 Deus
1455 3622 1721 3694 eligendo,
1751 3636 1836 3678 re-

247 3711 480 3780 spondet
494 3711 656 3765 bomo
668 3709 995 3778 obediendo;
1021 3710 1258 3782 loquitur
1276 3713 1439 3768 homo
1459 3712 1832 3780 desiderando,

250 3803 540 3873 respondet
557 3802 698 3859 Deus
709 3802 1036 3875 apparendo.
1066 3801 1173 3858 Sed
1194 3803 1274 3859 sic
1286 3803 1565 3871 anhelans,
1584 3803 1835 3861 subtilius

249 3910 316 3951 se
340 3895 574 3951 discutit.

332 4005 351 4038 ι
394 3987 540 4043 Voca
564 4003 652 4045 me
677 3997 733 4046 et
755 4004 856 4062 ego
896 3989 1237 4059 respondebo
1263 3989 1383 4046 tibi.
1418 4011 1439 4044 ι
1478 3992 1690 4049 Vocare
1735 3992 1834 4048 Dei

249 4085 463 4136 estnos
512 4081 743 4138 amando
783 4089 836 4134 et
873 4079 1118 4153 eligendo
1147 4083 1436 4152 respicere.
1487 4083 1834 4156 Respondere

251 4177 498 4224 nostrum
521 4179 606 4226 est
635 4171 806 4227 amori
836 4169 978 4225 illius
1000 4171 1160 4226 bonis
1181 4172 1436 4243 operibus
1461 4189 1672 4246 parere.

391 4259 498 4314 Aut
536 4269 682 4316 certe
706 4259 917 4331 loquar.
949 4281 966 4313 ι
1015 4260 1311 4333 Loquimur
1333 4279 1457 4320 cum
1500 4264 1690 4322 faciem
1717 4266 1835 4336 ejus

251 4365 352 4424 per
377 4351 699 4407 desiderium
729 4352 1064 4423 postulamus
1095 4372 1108 4408 :
1161 4356 1450 4426 respondet
1495 4355 1837 4429 loquentibus

254 4459 379 4498 cum
403 4443 558 4498 nobis
587 4457 646 4499 se
673 4443 977 4499 amantibus
999 4454 1240 4515 apparet.

1931 1971 2057 2026 dum
2103 1971 2332 2042 agimus,
2382 1968 2711 2024 intuentibus
2755 1969 2859 2024 hoc
2913 1966 3168 2022 fratribus
3206 1964 3511 2036 exemplum

1931 2064 2132 2120 malum
2160 2064 2480 2133 praebemus,
2508 2069 2565 2117 et
2609 2062 2761 2132 quasi
2807 2059 3001 2116 inflexo
3021 2068 3174 2114 extra
3208 2059 3352 2114 viam
3380 2058 3516 2130 pede

1932 2155 2279 2224 sequentibus
2307 2153 2537 2208 distorta
2564 2152 2792 2221 vestigia
2819 2151 3192 2220 relinquimus.

2003 2246 2166 2300 Vens.
2191 2245 2281 2300 28.
2313 2263 2332 2294 ‹
2367 2243 2469 2310 Qui
2498 2244 2649 2313 quasi
2677 2243 2924 2313 putredo.
2968 2261 2986 2292 ›
3039 2240 3192 2295 Sicut
3230 2238 3518 2293 vestimen-

1934 2348 2050 2394 tum
2073 2338 2139 2392 de
2167 2352 2224 2392 se
2247 2345 2436 2392 exorta
2462 2337 2604 2391 tinea
2629 2336 2950 2398 comeditur,
2976 2334 3050 2388 ita
3079 2333 3240 2387 homo
3263 2331 3317 2385 in
3339 2331 3517 2400 scipso

1931 2431 2097 2486 habet
2148 2429 2486 2498 putredinem
2513 2425 2654 2483 unde
2678 2434 3046 2482 consumatur.
3077 2423 3173 2480 Vel
3199 2438 3266 2478 ex
3291 2437 3517 2492 corrup-

1935 2524 2078 2578 tione
2123 2515 2235 2576 siiae
2277 2521 2456 2576 carnis
2483 2527 2741 2586 tentatur,
2795 2519 2936 2575 sicut
2962 2517 3130 2572 vestis
3157 2521 3343 2571 exorta
3376 2513 3518 2568 tinea

1932 2610 2288 2667 consumitur.

2008 2724 2027 2758 ‹
2066 2705 2307 2773 Quantas
2335 2705 2511 2760 habeo
2539 2703 2869 2774 iniquitates.
2902 2724 2920 2754 ι
2955 2702 3141 2776 (Ιὺὶἀ.)
3169 2701 3335 2771 Quasi
3359 2701 3521 2756 homo

1930 2814 2028 2870 pro
2050 2799 2290 2854 caecitate
2321 2797 2494 2854 exsilii
2525 2812 2583 2853 se
2617 2812 2722 2852 non
2747 2796 2916 2862 novit,
2941 2811 3060 2866 qua:
3087 2794 3370 2866 contingit,
3396 2793 3522 2864 quia

1933 2905 1964 2946 a
1993 2889 2132 2946 facie
2156 2889 2251 2945 Dei
2279 2905 2338 2945 se
2367 2886 2669 2953 abscondit,
2695 2888 2837 2960 quod
2855 2885 2968 2956 jam
2991 2900 3151 2957 poena
3178 2885 3292 2956 ipsa
3340 2883 3517 2938 muni-

1933 2994 2020 3042 tus
2042 2986 2206 3042 dolet.
2239 3004 2257 3036 ι
2287 2983 2486 3040 Contra
2515 2982 2721 3038 folium.
2752 3001 2769 3032 ι
2801 2979 2972 3035 Homo
3001 2979 3163 3035 arbor
3191 2975 3368 3033 fuitin
3391 2991 3522 3030 con-

1932 3080 2156 3145 ditione,
2194 3079 2287 3134 sed
2333 3075 2604 3132 arefactus
2643 3074 2699 3130 in
2747 3072 3041 3128 tentatione
3087 3071 3296 3137 folium,
3324 3067 3520 3138 Stipula

1935 3175 1990 3231 in
2019 3173 2338 3243 dejectione.

2012 3287 2030 3319 ‹
2059 3264 2393 3321 Consumcre
2414 3277 2499 3318 me
2519 3261 2621 3328 vis,
2649 3280 2668 3313 ›
2693 3255 3174 3329 quiainjuventute
3188 3269 3246 3308 se
3265 3265 3522 3324 peccasse

1936 3358 2162 3425 invenit,
2190 3365 2318 3423 etc.,
2352 3371 2513 3427 usque
2543 3352 2610 3407 ad
2639 3351 2794 3424 quasi
2823 3361 2951 3405 tunc
2979 3345 3253 3404 indiscreti
3297 3342 3517 3399 fuerint.

2534 3489 2764 3549 CAPUT
2798 3487 2937 3544 XIV.

2007 3633 2170 3689 Vsus.
2202 3633 2252 3688 1.
2277 3662 2347 3673 -—
2369 3650 2385 3682 ι
2417 3627 2591 3684 Homo
2609 3633 2767 3682 natus
2787 3625 2852 3680 de
2875 3621 3124 3678 muliere.
3147 3640 3165 3674 ι
3187 3617 3400 3692 (Gssc.)
3425 3615 3524 3672 Hic

1934 3727 2180 3784 mulieris
2207 3723 2426 3780 nomine
2450 3721 2735 3777 inﬁrmitas
2755 3719 3086 3790 designatur,
3109 3723 3164 3770 et
3189 3722 3272 3770 est
3297 3727 3520 3767 sensus:

1935 3820 2077 3889 Quid
2099 3821 2152 3874 in
2180 3834 2240 3874 se
2277 3817 2438 3872 habet
2480 3813 2832 3877 fortitudinis,
2875 3810 2968 3880 qui
2993 3807 3239 3864 nascitur
3265 3819 3332 3859 ex
3369 3803 3522 3858 infir-

1935 3915 2145 3978 mitate,
2177 3909 2268 3981 qui
2297 3919 2352 3966 et
2376 3907 2715 3980 angustiatur
2748 3905 2816 3961 ad
2842 3902 3031 3969 vitam,
3056 3908 3114 3956 et
3143 3897 3413 3976 dilatatur
3457 3896 3524 3951 ad

1936 4018 1990 4058 m
1997 4016 2212 4058 tsertam
2220 4039 2235 4055 .

2007 4091 2169 4148 Vsus.
2220 4092 2276 4146 2.
2307 4120 2378 4131 -
2411 4107 2430 4142 ο
2494 4087 2596 4156 Qui
2642 4087 2797 4158 quasi
2845 4083 2947 4142 flos
2991 4081 3285 4156 egreditur.
3326 4099 3344 4132 ›
3388 4079 3522 4147 Quia

1937 4183 2076 4240 nitet
2100 4184 2154 4239 in
2179 4195 2372 4239 carne:

2015 4295 2034 4328 ι
2074 4273 2402 4338 Conteritur,
2437 4291 2458 4325 ι
2483 4269 2609 4342 quia
2637 4267 2899 4340 redigitur
2943 4266 3001 4321 in
3048 4263 3321 4336 pulverem
3352 4268 3406 4317 et
3429 4277 3525 4332 pu-

1937 4367 2224 4423 tredinem.

2015 4478 2034 4509 ‹
2077 4457 2140 4512 Et
2187 4455 2323 4527 fugit
2351 4453 2494 4509 velut
2518 4451 2729 4506 umbra.
2763 4469 2782 4503 ›
2826 4447 2943 4503 Non
2993 4445 3092 4502 soli
3142 4446 3385 4517 fugienti,
3429 4447 3524 4502 scd

326 4534 487 4590 Vsus.
517 4535 608 4591 ‘23.
640 4553 658 4587 ι
690 4535 935 4604 Quantas
967 4537 1142 4593 habeo
1165 4538 1499 4608 iniquitates,
1541 4561 1560 4595 ι
1594 4551 1702 4599 etc.
1739 4542 1834 4599 Ju-
1859 4583 1914 4645 Β
1939 4549 2144 4604 umbra:
2166 4545 2437 4602 hominem
2465 4541 2817 4612 comparavit.
2843 4539 2946 4606 Qui
2970 4539 3116 4594 enim
3141 4538 3195 4593 in
3221 4554 3404 4594 amore
3429 4537 3525 4594 Dei

252 4636 462 4682 storum
487 4627 640 4682 labor
668 4637 772 4694 est,
793 4639 853 4684 ut
881 4631 1197 4700 semetipsos
1228 4632 1522 4700 inveniant,
1550 4635 1832 4692 invenien-

256 4726 340 4772 tes
365 4717 540 4774 ﬂendo
567 4730 726 4789 atque
772 4719 1089 4792 corrigendo
1123 4723 1191 4778 ad
1238 4724 1462 4779 meliora
1511 4728 1832 4796 perducant.

255 4807 488 4864 Gravior
532 4810 745 4866 videtur
790 4810 1050 4882 iniquitas
1091 4827 1253 4883 quam
1300 4823 1608 4885 peccatum,
1658 4819 1836 4877 scelus

257 4915 422 4970 quam
461 4899 734 4957 delictum.

331 4994 721 5050 Vsas.24.-—t
747 4994 857 5050 Cur
879 4994 1072 5050 faciem
1098 5004 1243 5050 tuam
1259 4995 1576 5054 abscondis?
1606 5020 1626 5052 ι
1645 5000 1832 5075 (Ιὺὶά.)

258 5085 434 5142 Homo
461 5088 968 5159 contemplationem
999 5087 1093 5143 Dei
1141 5088 1325 5144 habuit
1355 5091 1408 5146 in
1445 5093 1712 5162 paradiso,
1743 5098 1837 5153 sed

260 5196 360 5250 per
387 5179 598 5249 culpam
627 5181 852 5236 incurrit
878 5180 1181 5252 caliginem.
1212 5181 1280 5237 Et
1304 5183 1570 5241 excitatus
1586 5189 1650 5241 ex'
1677 5201 1838 5258 paena

261 5272 404 5326 redit
425 5273 491 5326 ad
514 5288 775 5340 amorem,
801 5289 866 5328 ac
893 5273 1054 5329 dicit:

341 5381 358 5412 ι
388 5362 455 5416 Ει
475 5363 774 5418 arbitraris.
806 5383 824 5415 ›
852 5363 988 5432 Quia
1010 5365 1054 5419 si
1081 5374 1141 5420 ut
1159 5367 1391 5423 amicum
1409 5370 1707 5442 respiceres
1727 5388 1838 5442 me,

265 5463 370 5508 tuae
397 5453 616 5509 visionis
635 5455 834 5512 lumine
863 5472 968 5512 non
993 5457 1254 5528 privares.

1941 4639 2175 4695 calorem
2208 4635 2384 4692 cordis
2410 4651 2517 4689 non
2547 4632 2730 4698 habet,
2783 4647 2884 4689 nec
2929 4643 3109 4688 tamen
3152 4631 3316 4686 vitam
3361 4647 3522 4703 quam

1943 4729 2112 4799 diligit
2139 4735 2304 4792 tenet,
2327 4725 2474 4781 velut
2498 4725 2689 4780 umbra
2710 4724 2865 4793 fugit.

2017 4842 2036 4874 ‹
2069 4820 2136 4875 Et
2163 4834 2435 4890 nunquam
2464 4818 2517 4872 in
2559 4817 2749 4873 eodem
2789 4824 2956 4884 statu,
2983 4837 3002 4871 ι
3034 4826 3142 4874 etc.
3170 4817 3359 4890 (Ibid.)
3389 4818 3524 4873 Nam

1920 4898 2065 4972 *inde
2111 4927 2325 4983 semper
2371 4910 2572 4976 deficit,
2603 4910 2747 4965 unde
2789 4925 2848 4965 se
2874 4910 3137 4980 proficere
3193 4911 3246 4965 in
3289 4911 3518 4980 spatium

1938 5007 2064 5060 vitae
2089 5004 2280 5060 credit.

2019 5096 2176 5151 Vsus.
2203 5096 2255 5148 5.
2277 5124 2346 5134 -
2374 5112 2392 5145 ί
2422 5093 2490 5148 Ει
2509 5093 2726 5165 dignum
2749 5094 2902 5150 ducis
2919 5110 3081 5170 super
3096 5093 3517 5162 hujuscemodi,»

1944 5197 2049 5248 etc.
2079 5189 2248 5244 Deum
2301 5188 2510 5257 aperire
2543 5187 2759 5254 oculos,
2790 5195 2874 5244 est
2913 5186 3119 5258 judicia
3153 5200 3441 5254 exercere,
3469 5195 3526 5242 et

1947 5296 2104 5352 quem
2128 5279 2286 5335 feriat
2310 5277 2493 5334 videre

2018 5373 2184 5428 Vsus.
2203 5371 2256 5425 4.
2275 5377 2348 5410 '—-
2375 5390 2392 5421 (
2419 5369 2549 5437 Quis
2569 5378 2745 5440 potest
2769 5369 2965 5434 facere,
2994 5387 3014 5420 ι
3040 5375 3146 5424 etc.
3168 5368 3219 5423 Is
3239 5369 3407 5433 enim,
3430 5368 3521 5438 qui

1946 5481 2045 5537 per
2059 5479 2118 5520 se
2134 5463 2279 5520 solus
2303 5464 2530 5518 mundus
2558 5471 2668 5527 est,
2699 5471 2804 5517 etc.
2821 5501 2837 5526 ,
2874 5476 3034 5532 usque
3059 5460 3128 5513 ad
3153 5459 3328 5516 solum
3363 5459 3520 5514 Chri-

341 5544 499 5600 Vsus.
535 5546 625 5600 25.
651 5578 719 5587 —
746 5566 764 5598 ι
795 5547 992 5604 Contra
1019 5548 1234 5616 folium,
1271 5571 1289 5604 ι
1325 5561 1430 5610 etc.
1458 5554 1630 5613 Homo
1657 5557 1844 5614 folium
1945 5568 2088 5614 stum
2117 5557 2248 5611 dicit
2277 5572 2380 5611 non
2413 5556 2477 5610 de
2508 5554 2782 5608 immundo
2801 5552 3005 5607 semine
3033 5559 3240 5606 natum.

263 5636 482 5698 dicitur,
534 5647 638 5694 etc.
668 5680 683 5704 ,
741 5656 902 5710 usque
951 5647 1018 5696 ad
1071 5659 1230 5714 quem
1279 5647 1358 5701 sic
1406 5662 1526 5704 esse
1571 5650 1844 5708 infirmum

264 5729 515 5805 agnoscis
531 5730 555 5783 ?

2020 5649 2183 5705 Vens.
2220 5649 2272 5702 5.
2302 5678 2372 5688 -——
2405 5669 2424 5699 ε
2453 5648 2647 5701 Breves
2679 5647 2792 5699 dies
2816 5645 3064 5709 hominis,
3102 5664 3118 5695 ι
3149 5654 3253 5699 etc.
3281 5642 3471 5714 (Ibid.)
3504 5682 3520 5709 ,

1948 5741 2074 5812 quia
2119 5739 2258 5809 apud
2305 5739 2470 5792 Deum
2519 5737 2679 5791 etiam
2722 5735 2956 5788 labentia
3005 5743 3177 5789 stant:
3230 5733 3368 5803 apud
3393 5747 3519 5788 eum

342 5819 502 5876 Vsus.
531 5820 600 5877 26
621 5851 689 5864 ---
714 5842 732 5876 ι
763 5822 986 5880 Scribis.
1017 5825 1184 5894 iQuia
1197 5831 1336 5898 quod
1359 5830 1643 5904 loquimur,
1669 5843 1848 5895 trans-
1950 5848 2070 5890 esse
2114 5845 2398 5887 numerum
2446 5827 2708 5883 mensium
2758 5827 3021 5898 perhibet.
3051 5826 3168 5897 Vel,
3216 5827 3270 5882 in
3311 5826 3521 5900 diebus,
