3982 6352
521 347 622 405 795

1011 347 1402 404 WALAFRIDI
1444 346 1690 402 STRABI
1729 345 1931 402 FULD.
1975 346 2091 402 MOI

2216 344 2328 400 iPP.
2369 344 2548 400 PARS
2585 346 2625 400 1.
2666 376 2736 388 —-
2773 345 3229 403 THEOLOGICA.

3673 350 3788 406 796

513 463 751 520 brevitas
779 461 1068 533 temporis;
1100 463 1155 517 in
1177 462 1466 525 mensibus,
1497 461 1845 530 multiplicata
1872 460 2079 515 dierum
2107 459 2159 518 Α
2260 476 2277 506 ι
2311 455 2470 526 Operi
2506 473 2758 512 manuum
2806 467 3016 512 tuarum
3043 459 3288 529 porriges
3317 458 3620 526 dexteram,
3657 480 3682 514 ι
3715 477 3785 518 ac

515 556 689 628 spatia
723 555 1099 627 designantur:
1132 555 1333 610 homini
1377 568 1505 622 ergo
1527 555 1720 609 breves
1768 553 1883 608 dies
1927 560 2083 614 sunt;

516 647 612 704 sed
636 646 764 720 quia
788 645 900 702 vita
919 653 1102 700 nostra
1126 654 1245 714 post
1270 644 1523 708 tenditur,
1547 643 1683 713 apud
1713 643 1878 698 Deum
1901 655 2087 698 nume-

515 751 612 794 rus
635 737 903 793 mensium
932 744 1239 792 nostrorum
1263 751 1382 791 esse
1405 743 1752 790 memoratur.

592 845 611 880 ι
641 827 976 883 Constituisti
997 827 1258 881 terminos
1277 826 1412 896 ejus.
1438 846 1456 878 ι
1478 825 1667 898 (Gnec.
1692 826 1747 880 in
1762 823 1884 878 Job.
1907 823 1942 878 l.
1962 822 2086 906 ιιι.)

517 917 672 988 Nulla
717 919 861 974 enim
909 933 1027 987 qua:
1076 919 1129 974 in
1174 918 1277 974 hoc
1323 917 1524 972 mundo
1577 915 1881 972 hominibus
1931 913 2085 980 fiunt,

516 1009 719 1079 absque
742 1009 838 1064 Dei
866 1007 1075 1066 occulto
1096 1005 1298 1076 judicio
1328 1006 1482 1062 fiunt.

587 1097 748 1154 Vens.
779 1096 833 1153 6.
861 1127 932 1139 —
968 1117 986 1148 ι
1019 1097 1230 1154 Recede
1254 1097 1524 1167 paululum
1548 1096 1616 1151 ab
1645 1112 1728 1152 eo.
1781 1115 1799 1147 ι
1854 1095 2086 1161 Recede,

515 1190 572 1248 id
597 1200 716 1258 est,
725 1191 835 1262 jam
874 1190 1078 1264 ﬂagella
1105 1193 1385 1263 praesentis
1409 1192 1531 1246 vitae
1555 1191 1833 1256 subtrahe,
1864 1199 1920 1246 et
1946 1192 2087 1247 bona

513 1291 728 1338 aeternae
747 1283 944 1352 quietis
970 1283 1192 1337 ostende

590 1391 610 1425 ι
639 1372 820 1430 Donec
845 1383 1026 1444 optata
1051 1374 1250 1436 veniat,
1283 1391 1299 1424 ι
1327 1373 1541 1444 quando
1561 1382 1818 1428 mteruam
1848 1372 2089 1441 requiem

511 1479 610 1536 pro
632 1465 1131 1534 recompensatione
1156 1465 1236 1520 sui
1263 1464 1460 1519 laboris
1481 1464 1676 1534 accipit

582 1556 744 1614 Vens.
771 1559 824 1612 7.
856 1587 925 1598 —
965 1577 983 1610 ‹
1017 1557 1243 1629 Lignum
1289 1558 1449 1631 habet
1477 1572 1646 1626 spem.
1701 1577 1719 1610 ι
1765 1565 1872 1612 etc.
1909 1553 2090 1610 Genus

515 1648 807 1704 humanum
853 1650 1006 1718 quasi
1061 1650 1370 1720 despectum
1415 1649 1675 1716 insinuat,
1725 1657 2090 1718 quantumque

513 1738 629 1808 ipsa
679 1730 1011 1794 insensibilia
1061 1739 1202 1794 hunc
1247 1740 1438 1810 przeire
1477 1740 1779 1794 videantur.
1823 1738 2089 1808 Veljuxta

2188 547 2232 601 si
2261 547 2434 601 dicat:
2469 547 2674 603 Idcirco
2703 549 3069 620 corruptibilis
3094 558 3341 605 creatura
3370 553 3679 620 persistere
3709 553 3784 610 ad

2189 635 2641 706 incorruptionem
2684 639 2904 708 poterit,
2955 640 3080 709 quia
3115 656 3278 695 manu
3329 649 3434 698 tua:
3479 645 3786 714 potestatis

2187 727 2452 796 erigetur;
2500 727 2584 783 vel
2611 727 2852 794 dextera,
2879 729 3049 785 Filius
3074 731 3292 798 dicitur,
3329 733 3420 804 qui
3453 733 3785 792 incarnatus

2188 816 2254 871 ad
2292 817 2604 888 erigendum
2635 820 2907 874 hominem
2939 821 3132 876 missus
3165 831 3267 877 est.

2258 909 2418 963 Vens.
2452 908 2538 964 16.
2560 939 2630 950 -
2659 929 2676 962 ι
2709 909 2790 965 Tu
2817 911 3033 982 quidem
3063 927 3299 984 gressus,
3330 931 3348 984 ι
3386 920 3493 970 etc.
3532 913 3786 972 Gressus

2188 1000 2509 1068 dinumerat,
2563 1011 2618 1058 et
2657 1005 2892 1074 peccatis
2928 1005 3134 1074 parcit:
3191 1005 3282 1076 qui
3321 1006 3595 1064 subtiliter
3655 1017 3788 1066 acta

2188 1100 2373 1144 nostra
2409 1093 2732 1158 considerat,
2763 1101 2817 1148 et
2859 1102 3038 1150 tamen
3076 1094 3165 1151 hic
3191 1097 3584 1167 paenitentibus
3611 1099 3786 1154 mise-

2189 1180 2472 1236 ricorditer
2506 1183 2731 1240 relaxat.

2263 1290 2286 1326 ι
2313 1273 2692 1340 Dinumerasti,
2718 1276 3026 1348 sed°parce.
3067 1297 3086 1330 ι
3113 1277 3460 1348 Dinumerat,
3505 1281 3638 1335 dum
3681 1296 3786 1336 nos

2189 1361 2256 1415 ad
2297 1363 2504 1434 singula
2533 1380 2651 1433 qua:
2699 1364 2926 1421 fecimus
2970 1365 3212 1423 deﬂenda
3242 1369 3542 1434 convertit;
3575 1372 3782 1439 parcit,

2188 1453 2313 1524 quia
2337 1471 2456 1526 qua:
2483 1456 2810 1526 punivimus,
2839 1474 2942 1512 nou
2981 1460 3154 1528 punit,
3183 1460 3326 1515 unde
3351 1461 3527 1516 adhuc
3559 1462 3782 1517 subdit:

2261 1545 2421 1602 Vens.
2477 1548 2562 1602 17.
2612 1577 2683 1591 --
2727 1567 2745 1601 ι
2780 1532 3016 1621 Signasti
3062 1551 3214 1622 quasi
3246 1551 3299 1604 in
3334 1553 3587 1619 sacculo,
3619 1573 3639 1604 ι
3667 1563 3781 1608 etc.

2190 1633 2241 1706 (1
2248 1635 2376 1708 bid.)
2426 1635 2483 1691 In
2529 1639 2759 1704 occulto,
2784 1649 2917 1706 etc.,
2940 1656 3101 1712 usque
3135 1641 3204 1696 ad
3231 1650 3384 1698 curat
3410 1641 3538 1713 quia
3562 1643 3656 1698 hic
3685 1659 3788 1714 per

2189 1721 2396 1795 ﬂagella
2428 1726 2668 1783 funditus
2691 1729 2916 1784 relaxat.

513 1807 795 1897 mysticum
824 1843 1076 1882 sensum:
1131 1807 1359 1899 Liguum
1403 1829 1688 1900 praefertur
1739 1807 1962 1892 homini,
1999 1829 2086 1884 hic

2262 1815 2418 1873 Vens.
2447 1819 2531 1874 18.
2559 1848 2632 1860 -
2660 1839 2679 1871 ι
2709 1820 3081 1879 Mons'cadens
3121 1823 3324 1880 deﬂuit.
3356 1845 3375 1877 ι
3413 1824 3612 1890 (Ιὺὶά.)
3653 1825 3779 1880 Duo

511 1918 655 1972 enim
707 1920 868 1973 homo
897 1919 1130 1974 carnalis
1156 1920 1384 1991 quisque
1409 1938 1423 1986 ;
1456 1919 1658 1992 lignum
1683 1920 1864 1990 justus
1891 1919 2090 1990 accipi-

513 2017 620 2074 tur,
673 2010 911 2082 quicum
955 2009 1010 2063 in
1064 2019 1235 2066 morte
1283 2012 1530 2082 passione
1579 2009 1824 2076 aﬂicitur,
1876 2019 2090 2065 zeternze

510 2099 635 2154 vita:
659 2099 931 2155 viriditate
957 2108 1324 2168 recuperatur.

586 2207 606 2241 ‹
643 2189 709 2245 Et
736 2190 872 2244 rami
897 2190 1010 2260 ejus
1035 2189 1316 2262 pullulant,
1351 2209 1369 2242 ι
1399 2191 1522 2262 quia
1574 2206 1640 2246 ex
1667 2190 1920 2260 passione
1957 2190 2090 2262 justi

509 2280 696 2337 ﬂdelcs
725 2281 1053 2337 viriditatem
1079 2281 1198 2336 vitae
1228 2281 1524 2352 spiritualis
1552 2283 1842 2352 accipiunt.

580 2372 743 2430 Vens.
776 2373 828 2429 8.
851 2403 922 2414 —
951 2393 970 2426 ι
1006 2372 1062 2428 Si
1093 2376 1333 2431 senuerit
1389 2375 1442 2428 in
1473 2385 1616 2429 terra
1642 2375 1815 2429 radix.
1851 2395 1870 2428 ι
1902 2374 2089 2448 (Ιὺὶά.)

510 2465 686 2520 Radix
707 2462 840 2534 justi
867 2473 1055 2520 sancta
1079 2466 1408 2536 praedicatio,
1436 2467 1561 2536 quia
1591 2467 1658 2521 ab
1687 2467 1802 2538 ipsa
1828 2468 2006 2523 oritur
2035 2475 2091 2524 et

509 2559 562 2614 iu
598 2559 709 2628 ipsa
755 2557 1028 2614 subsistit:
1077 2576 1196 2628 quae
1225 2559 1363 2629 apud
1395 2561 1558 2614 corda
1592 2569 1932 2616 terrenorum
1961 2579 2092 2618 cun-

509 2648 612 2702 ctis
637 2647 842 2704 viribus
885 2646 1042 2703 eﬂ‘eta
1069 2648 1342 2702 creditur:
1385 2666 1402 2698 ι
1439 2647 1506 2702 Ει
1535 2649 1586 2702 in
1616 2649 1836 2719 pulvere
1867 2659 2092 2706 truncus

506 2739 788 2804 emoritur,
836 2758 855 2789 ι
889 2738 1014 2810 quia
1042 2741 1180 2794 inter
1231 2755 1424 2794 manus
1475 2743 1914 2812 persequentium
1967 2757 2090 2798 cor-

508 2845 608 2900 pus
633 2830 752 2900 ejus
780 2829 1140 2888 exanimetur.

596 2921 755 2975 Vens.
784 2920 836 2975 9.
865 2950 934 2960 —
967 2940 985 2972 ι
1013 2921 1094 2976 Ad
1119 2921 1336 2977 odorem
1361 2937 1512 2992 aqme
1541 2923 1886 2993 germinabit,
1915 2943 1932 2976 ι
1982 2933 2091 2983 etc.

509 3013 642 3079 Quia
671 3029 768 3085 per
791 3011 1025 3068 aﬂlatum
1075 3012 1330 3084 Spiritus,
1363 3017 1416 3068 in
1470 3013 1764 3069 electorum
1813 3014 2089 3081 cordibus,

506 3107 751 3177 exemplo
773 3107 854 3162 sui
883 3107 1082 3176 operis,
1107 3121 1322 3178 germen
1343 3107 1559 3162 virtutis
1582 3105 1734 3162 facit.

2194 1916 2320 1962 sunt
2371 1924 2567 1981 genera
2597 1914 2976 1982 tentationum,
3007 1925 3138 1982 etc.,
3180 1933 3342 1984 usque
3389 1918 3456 1972 ad
3502 1917 3592 1972 vel
3625 1918 3788 1988 longa

2191 2011 2255 2052 ac
2278 1997 2421 2052 lenta
2447 2007 2506 2055 ut
2541 1998 2885 2059 Salomonem
2913 2007 3156 2062 consumi
3183 2008 3475 2076 permittis.

2265 2103 2285 2138 ι
2318 2085 2543 2157 Saxum,
2576 2107 2595 2141 ι
2628 2090 2684 2147 id
2703 2101 2787 2149 est
2817 2108 2966 2150 mens
2977 2094 3109 2166 justi
3131 2095 3322 2162 fertur,

2265 2198 2285 2231 ‹
2332 2179 2408 2235 De
2451 2181 2591 2251 low,
2637 2204 2658 2240 ι
2705 2186 2758 2241 id
2786 2197 2896 2255 est,
2921 2189 2988 2246 de
3010 2189 3224 2261 justitia
3247 2191 3314 2247 ad
3355 2191 3570 2262 culpam
3609 2193 3788 2252 nimio

2191 2267 2447 2337 impulsu.

2260 2360 2423 2417 Vens.
2478 2363 2702 2419 19.-‹
2752 2365 3018 2440 Lapides,
3066 2389 3086 2424 ι
3140 2371 3192 2427 id
3237 2378 3323 2430 est
3365 2370 3790 2442 fortitudinem.

2195 2470 2214 2505 ι
2243 2467 2394 2522 aqua:
2421 2474 2440 2506 ι
2484 2456 2695 2512 assidua
2741 2457 3128 2518 blandimenta.

2267 2561 2285 2595 ι
2329 2543 2512 2610 Terra,
2551 2567 2570 2602 ι
2602 2565 2722 2621 quae
2748 2553 3068 2610 sanctificat.

2261 2636 2426 2691 Vens.
2468 2638 2558 2694 20.
2583 2671 2653 2682 —-
2683 2660 2702 2694 ‹
2743 2642 3033 2701 Rohorasti
3080 2662 3200 2704 eum
3250 2647 3563 2720 paululum,
3612 2670 3634 2705 ι
3677 2661 3788 2710 etc.

2192 2727 2384 2800 (Ibid.)
2411 2731 2696 2790 Paululum
2724 2737 3010 2794 roboratus
3056 2748 3139 2795 est
3169 2741 3352 2808 homo,
3391 2744 3520 2814 quia
3562 2744 3661 2800 hic
3699 2746 3789 2800 vi-

2191 2819 2348 2875 vendi
2376 2820 2519 2877 vires
2554 2824 2622 2878 ad
2666 2827 2934 2882 modicqu
2981 2831 3222 2902 accepit;
3254 2832 3347 2888 sed
3375 2833 3428 2888 in
3455 2834 3561 2890 hac
3596 2836 3792 2892 brevi-

2196 2917 2308 2966 tate
2347 2911 2438 2966 ubi
2481 2913 2766 2972 roboratus
2796 2926 2899 2984 est,
2929 2920 3148 2992 colligit,
3169 2923 3310 2978 unde
3339 2923 3391 2978 in
3419 2927 3796 2996 perpetuitate

2194 3001 2459 3071 inveniat;
2491 3007 2574 3061 vel
2597 3017 2655 3062 ut
2675 3025 2888 3082 semper
2911 3015 3164 3084 gaudeat,
3186 3015 3270 3070 vel
3294 3024 3353 3070 ut
3381 3018 3656 3088 supplicia
3681 3035 3796 3076 non

2192 3094 2407 3149 evadat.

587 3216 604 3250 ι
635 3164 701 3252 έι
722 3197 883 3253 faciet
909 3164 1140 3264 comam:
1170 3218 1187 3250 ι
1227 3207 1331 3254 etc.
1375 3196 1596 3254 Succiso
1645 3205 1838 3280 trunco
1882 3213 2091 3255 comam

2275 3205 2293 3237 ι
2324 3185 2638 3244 lmmutabis
2667 3189 2856 3246 faciem
2889 3193 3028 3264 ejus,
3059 3205 3114 3252 et
3141 3197 3375 3255 emittes.
3408 3219 3428 3253 ι
3455 3199 3658 3257 Facies
3693 3203 3796 3258 ho-

507 3287 708 3354 facere,
735 3297 868 3355 etc.,
894 3305 1053 3360 usque
1081 3289 1148 3342 ad
1173 3289 1298 3344 fecit
1318 3303 1552 3354 comam,
1582 3290 1706 3359 quia
1752 3289 1978 3361 apostoli
2003 3291 2096 3359 qui

510 3386 768 3434 aruerant
791 3379 858 3432 ad
883 3377 1042 3434 ﬂdem
1070 3386 1128 3432 ut
1169 3379 1320 3448 prius
1346 3381 1646 3434 viruerunt.

583 3468 743 3523 Vens.
800 3466 888 3522 10.
933 3498 1004 3508 -
1027 3486 1046 3518 ι
1079 3467 1249 3536 Homo
1271 3484 1398 3526 vero
1423 3484 1544 3526 cum
1573 3479 1818 3525 mortuus
1848 3469 2034 3526 fuerit.
2071 3490 2090 3521 ι

509 3558 697 3632 (Ιὺίά.)
743 3559 861 3630 Ipsa
903 3571 1082 3614 autem
1117 3562 1405 3617 amissione
1447 3562 1671 3632 iustitiae
1724 3563 1885 3620 homo
1927 3565 2096 3620 mori-

505 3657 616 3715 tur,
647 3657 798 3704 veste
825 3649 1146 3706 innocentiae
1175 3651 1230 3705 in
1252 3653 1502 3721 paradiso
1531 3669 1788 3710 concessa
1839 3657 2094 3724 nudatur,

505 3743 725 3798 interitu
756 3743 938 3799 carnis
963 3755 1323 3814 consequente
1375 3747 1741 3801 consumitur:
1785 3767 1804 3799 ι
1837 3746 1928 3803 ubi
1968 3761 2097 3819 ergo

505 3843 607 3898 est,
630 3854 647 3884 ι
665 3835 757 3906 qui
774 3834 828 3888 in
850 3833 965 3904 ejus
987 3849 1170 3890 amore
1188 3849 1293 3890 non
1314 3845 1416 3901 est,
1433 3837 1521 3892 ubi
1541 3856 1559 3888 ‹
1587 3852 1772 3892 verum
1794 3852 1915 3892 esse
1937 3857 1956 3890 ι
1980 3837 2100 3892 est?

577 3925 742 3980 Vens.
795 3924 884 3978 11.
923 3955 996 3965 -
1043 3943 1061 3976 ι
1116 3925 1396 3992 Quomodo
1445 3928 1491 3981 si
1541 3929 1794 3983 recedant
1840 3945 1994 3998 aqua?
2030 3929 2098 3986 de

508 4017 664 4072 mari.
703 4035 722 4068 ι
756 4015 904 4084 Mare
929 4031 1081 4072 mens
1107 4018 1341 4073 hominis
1371 4029 1474 4085 est,
1497 4029 1630 4086 etc.,
1656 4038 1820 4092 usque
1845 4022 1914 4075 ad
1936 4022 2097 4078 modo

508 4105 790 4164 dulcedine
816 4109 1191 4178 prosperitatis
1233 4111 1525 4181 replemur.

582 4198 740 4254 Vens.
773 4198 861 4254 12.
884 4228 961 4241 -
981 4218 1000 4252 ι
1030 4200 1211 4255 Donec
1236 4208 1504 4256 atteratur
1532 4201 1726 4257 caelum
1771 4219 1880 4258 non
1924 4205 2093 4277 evigi-

508 4292 657 4348 labit.
689 4311 709 4345 ι
745 4289 902 4360 Quia,
933 4292 1038 4348 nisi
1079 4291 1237 4362 hujus
1266 4293 1448 4348 mundi
1490 4291 1615 4349 ﬂuis
1645 4295 1944 4364 advenerit,
1991 4297 2094 4353 hu-

510 4399 726 4439 manum
757 4399 926 4456 genus
956 4401 987 4440 a
1017 4400 1207 4441 somno
1236 4401 1344 4441 non
1373 4386 1667 4458 evigilabit.

579 4474 740 4531 Vens.
771 4475 858 4531 15.
881 4506 954 4519 -
979 4496 997 4528 ι
1035 4477 1169 4545 Quis
1194 4477 1326 4533 mihi
1373 4479 1496 4534 hoc.
1535 4497 1552 4531 ι
1599 4479 1738 4535 Ante
1783 4478 2090 4537 Mediatoris

2201 3278 2380 3344 minis,
2401 3288 2530 3347 etc.,
2545 3299 2706 3352 usque
2721 3283 2786 3336 ad
2805 3286 3034 3339 transire
3048 3288 3113 3341 ad
3129 3296 3328 3342 aeterna
3344 3289 3533 3346 nolens
3545 3292 3670 3362 cogi
3681 3302 3790 3348 tur.

2272 3370 2434 3427 Vens.
2465 3375 2552 3428 21.
2590 3407 2658 3415 -
2692 3396 2708 3426 ι
2750 3378 2876 3434 Sive
2922 3379 3128 3436 nobiles
3173 3379 3373 3436 fuerint
3404 3381 3521 3438 ﬁlii.
3564 3403 3583 3436 ι
3629 3383 3794 3441 Sicut

2197 3463 2340 3517 enim
2365 3464 2419 3518 hi
2441 3465 2534 3533 qui
2564 3466 2740 3522 adhuc
2778 3481 2904 3523 sunt
2930 3470 3192 3533 viventes,
3219 3480 3556 3528 mortuorum
3586 3477 3794 3531 anima

2199 3551 2253 3606 in
2281 3567 2390 3621 quo
2417 3553 2533 3608 loco
2563 3555 2867 3611 habeantur
2895 3558 3144 3629 ignorant
3175 3579 3188 3614 :
3218 3561 3292 3615 ita
3324 3562 3520 3616 mortui
3548 3565 3793 3619 carnali-

2200 3652 2284 3697 ter
2311 3645 2476 3698 vitam
2512 3646 2564 3700 in
2606 3661 2769 3702 carne
2803 3649 3101 3718 positorum
3132 3651 3365 3722 qualiter
3390 3663 3511 3726 post
3546 3667 3649 3712 eos
3678 3656 3792 3712 dis-

2195 3743 2446 3803 ponatur,
2478 3738 2742 3793 nesciunt.
3165 3805 3175 3814 .

2271 3828 2433 3882 Vens.
2464 3829 2554 3884 22.
2582 3861 2653 3870 -
2685 3850 2704 3882 ι
2733 3832 2983 3889 Attamen
3009 3849 3136 3890 caro
3163 3835 3280 3904 ejus
3310 3837 3434 3894 dum
3463 3840 3600 3897 vivit
3624 3842 3782 3904 dole-

2198 3921 2297 3976 bit.
2331 3941 2349 3975 ι
2381 3921 2807 3981 Tribulationem
2828 3929 2969 3982 enim
2992 3929 3174 3985 carnis
3202 3931 3290 3986 hic
3313 3932 3593 4002 patiuntur
3613 3937 3783 3992 etiam

2198 4015 2287 4084 qui
2320 4016 2677 4084 spiritualiter
2705 4019 2911 4074 vivunt.

2273 4128 2292 4160 ι
2329 4108 2394 4163 Et
2418 4111 2597 4165 anima
2643 4111 2786 4166 illius
2815 4128 2993 4184 super.
3034 4133 3052 4165 ι
3085 4115 3313 4188 Dignum
3345 4117 3487 4172 enim
3523 4129 3609 4174 est
3636 4128 3702 4176 ut
3729 4122 3784 4177 in

2196 4214 2256 4256 se
2284 4215 2497 4272 semper
2519 4203 2678 4257 homo
2709 4219 2968 4259 maerores
2989 4205 3247 4274 inveniat,
3272 4209 3363 4278 qui
3395 4208 3586 4264 relicto
3612 4207 3782 4267 Crea-

2197 4300 2312 4347 tore
2347 4294 2400 4348 in
2430 4309 2488 4349 se
2512 4295 2767 4366 gaudium
2789 4296 3084 4366 quaerebat.

2789 4426 3014 4485 CAPUT
3063 4429 3178 4486 XV.

508 4522 912 4621 “igitur...
952 4522 1337 4624 texta";
1373 4522 2169 4636 ἓέἐὲεηὰἐῖζεὲἶξέιέῗῆἰὲἕυ
2265 4559 2426 4615 Vnus.
2468 4560 2528 4617 ε.
2566 4591 2635 4602 -
2687 4580 2704 4613 ι
2757 4560 3009 4633 Nunquid
3056 4563 3270 4634 sapiens
3317 4565 3711 4635 respondebit:
3758 4589 3780 4622 ι

510 4653 805 4710 conditoris
847 4655 1231 4724 protectionem
1264 4657 1517 4727 postulat.

586 4763 603 4794 ι
637 4741 944 4798 Constituas
981 4745 1114 4799 mihi
1145 4753 1352 4816 tempus
1376 4747 1429 4800 in
1451 4761 1558 4815 quo
1582 4747 1882 4805 recorderis
1909 4752 2035 4806 mei.
2065 4769 2088 4803 ι

510 4831 811 4887 Adventum
840 4829 1218 4903 Redemptoris
1247 4834 1312 4888 ad
1340 4833 1537 4889 inferos
1563 4835 1714 4906 petit.
2083 4895 2102 4916 .

583 4921 743 4976 Vens.
767 4921 854 4976 ﬂ.
881 4949 955 4963 -
979 4941 998 4974 ι
1036 4921 1273 4978 Putasne
1325 4931 1568 4979 mortuus
1611 4925 1773 4981 homo
1799 4943 2033 4983 rursum.
2071 4945 2092 4981 ι

511 5011 699 5068 Solent
720 5012 852 5083 justi
891 5012 1013 5078 viri,
1043 5021 1173 5080 etc.,
1204 5030 1366 5084 usque
1407 5015 1477 5068 ad
1527 5023 1584 5069 ut
1631 5025 1755 5086 post
1783 5016 1976 5075 fortius
2003 5034 2093 5076 ro-

511 5102 688 5156 boret.

587 5209 606 5242 ι
632 5191 848 5248 Cunctis
865 5192 1074 5250 diebus.
1113 5215 1132 5248 ι
1165 5196 1266 5264 Qui
1291 5198 1472 5269 itaque
1495 5199 1919 5256 immutationem
1941 5215 2095 5256 suam

512 5290 662 5336 tanto
687 5283 952 5341 desiderio
972 5297 1269 5360 exspectat,
1298 5307 1462 5361 quam
1491 5293 1561 5346 sit
1598 5293 1665 5347 de
1692 5294 2092 5349 resurrectione

509 5383 696 5431 certus
722 5376 978 5431 insinuat.

583 5467 746 5523 Vens.
779 5470 865 5524 15.
890 5497 961 5510 -—
985 5487 1003 5521 ι
1038 5469 1263 5527 Vocabis
1300 5488 1386 5528 me
1419 5480 1476 5527 et
1525 5488 1626 5542 ego
1683 5475 2041 5543 respondebo.
2067 5492 2088 5526 ι

512 5558 664 5616 Tunc
689 5563 900 5617 vocanti
927 5563 1037 5618 Deo
1063 5565 1327 5619 veraciter
1349 5567 1755 5634 respondemus,
1789 5567 2008 5637 quando
2025 5567 2093 5622 ad

511 5669 741 5710 summa:
770 5657 1192 5729 incorruptionis
1207 5657 1417 5729 jussum
1446 5660 1882 5732 incorruptibiles
1911 5675 2092 5717 resur-

511 5757 718 5824 gamus.

2195 4649 2412 4722 (Ger-:0.)
2461 4650 2665 4706 Cuncta
2715 4667 2835 4723 qua:
2889 4653 2942 4709 in
2998 4654 3200 4709 sanctis
3245 4655 3570 4722 sentiuntur,
3619 4659 3787 4715 malis

2196 4743 2350 4813 quasi
2399 4743 2452 4796 in
2501 4750 2719 4797 ventum
2751 4743 2960 4814 prolata
3001 4743 3317 4814 displicent,
3367 4760 3468 4802 nec
3507 4747 3784 4803 bonorum

2197 4833 2356 4889 verba
2406 4834 2548 4890 dicta
2592 4835 2818 4890 rationis
2843 4876 2858 4902 ,
2907 4835 3004 4891 sed
3052 4835 3300 4892 stimulos
3348 4836 3548 4894 furoris
3590 4839 3786 4895 existi—

2199 4933 2369 4979 mant.

2276 5035 2295 5068 ι
2338 5016 2402 5072 Et
2438 5017 2678 5089 implebit
2715 5021 2928 5075 ardore.
2963 5038 2983 5073 ι
3018 5020 3206 5094 (Ιὺὶά.)
3236 5019 3337 5090 Qui
3372 5022 3536 5078 etiam
3564 5037 3689 5094 qua:
3720 5039 3782 5080 se

2199 5109 2439 5164 sentiunt
2465 5109 2853 5166 contumeliose
2884 5111 3081 5178 dicere,
3111 5113 3328 5168 student
3350 5128 3416 5168 ex
3443 5113 3659 5169 Domini
3682 5117 3784 5168 de-

2201 5200 2442 5256 fensione
2467 5200 2710 5272 palliare,
2737 5204 2880 5258 unde
2905 5205 3122 5259 subdit:

2272 5293 2432 5347 Vens.
2464 5295 2516 5347 5.
2547 5323 2617 5334 --
2643 5311 2663 5346 ι
2700 5294 2894 5365 Arguis
2921 5295 3102 5350 verbis
3119 5311 3262 5351 eum.
3301 5315 3318 5348 ι
3347 5293 3539 5369 (Ιὸἱά.)
3564 5295 3634 5352 Ει
3654 5297 3778 5352 nul-

2197 5386 2310 5440 lum
2334 5395 2526 5456 putant
2555 5388 2755 5444 habere
2783 5389 3030 5443 timorem
3065 5387 3299 5454 Domini,
3331 5389 3433 5443 nisi
3459 5403 3584 5444 eum
3613 5404 3776 5458 quem

2201 5479 2266 5533 ad
2289 5479 2573 5533 stultitiam
2601 5493 2712 5534 sua:
2735 5481 3084 5549 professionis
3107 5489 3406 5541 traxerunt,
3429 5480 3573 5534 unde
3592 5481 3772 5535 addit:

2271 5569 2436 5624 Vens.
2470 5569 2524 5622 4.
2549 5599 2624 5610 -
2655 5587 2675 5620 ι
2706 5568 2976 5636 Quantum
3010 5571 3064 5624 in
3101 5579 3151 5624 te
3186 5579 3296 5634 est,
3336 5588 3354 5622 ι
3387 5581 3519 5633 etc.,
3551 5569 3772 5634 dicitur,

2197 5660 2249 5716 id
2271 5671 2354 5715 est
2375 5660 2665 5716 abstulisti.
2683 5660 2759 5715 Ac
2775 5661 2820 5714 si
2841 5661 3044 5715 diceret
3069 5675 3084 5714 :
3107 5660 3182 5716 De
3216 5669 3304 5714 tua
3327 5659 3539 5729 iustitia
3562 5675 3770 5731 praesu-

2196 5768 2370 5821 mens,
2397 5750 2670 5809 Creatoris
2693 5752 2770 5808 tui
2798 5751 3025 5824 gratiam
3048 5751 3276 5822 despicis
3303 5751 3600 5821 deprecari.
3634 5748 3772 5806 Cum
