3982 6352
255 336 357 395 797

1283 326 1552 383 GLOSSA
1591 321 2002 382 ORDlNARlA.'
2029 357 2099 366 -—
2134 323 2260 380 LIB.
2302 321 2440 378 JOB.

3403 317 3507 378 798

253 450 490 508 haeretici
520 461 647 502 vera
671 444 808 500 mala
840 451 1030 499 contra
1055 442 1225 497 bonos
1251 455 1357 495 non
1387 440 1688 505 inveniunt,
1717 441 1819 494 fine
1849 447 1902 503 Α
1927 437 2125 506 injuste
2172 437 2389 494 homine
2427 435 2544 492 sine
2572 433 2678 488 ulla
2707 440 3092 488 retractatione
3133 442 3502 505 perpetratur,

250 550 383 614 gunt
409 552 529 616 qua:
555 536 899 602 redarguant,
930 541 990 586 ut
1012 531 1142 602 justi
1171 531 1472 584 videantur.

322 629 488 692 Vens.
510 627 564 682 5.
595 655 664 666 -
695 643 716 675 ι
743 624 935 678 Docuit
954 622 1098 676 enim
1124 621 1397 690 iniquitas.
1429 639 1448 672 ι
1475 619 1692 693 (Cum)
1719 620 1824 674 lni-

248 721 432 791 quitas
451 733 513 773 os
535 716 708 782 docet,
728 715 941 786 quando
960 728 1028 770 ex
1041 712 1181 768 mala
1201 713 1310 768 vita
1324 713 1648 784 concipitur,
1679 713 1826 785 quod

247 811 404 884 pejus
433 810 661 866 dicatur.
1121 881 1126 888 _

326 921 346 953 ι
380 900 612 957 lmitaris
635 898 870 967 linguam
898 895 1389 966 blasphemantium
1424 914 1442 946 ι
1478 893 1666 966 (Ιὸἕά.)
1698 894 1823 949 Hae-

249 993 404 1050 retici
431 991 586 1061 quasi
611 989 916 1044 venerando
939 986 1128 1051 Deum,
1162 985 1406 1050 humilia,
1437 993 1494 1038 ut
1522 999 1737 1064 carnem
1769 990 1824 1038 et

249 1093 477 1143 mortem
505 1090 729 1154 negant,
761 1091 816 1137 et
843 1080 1137 1137 Eeclesiam
1169 1081 1285 1153 haec
1313 1081 1660 1134 conﬁtentem
1681 1078 1825 1133 blas-

247 1181 502 1250 phemare
545 1177 768 1231 dicunt:
797 1183 850 1228 et
889 1175 932 1230 si
981 1174 1109 1242 quid
1154 1172 1364 1227 adversi
1416 1171 1466 1227 ei
1511 1171 1819 1243 contigerit,

247 1287 346 1341 pro
366 1273 469 1324 hac
502 1267 696 1338 injuria
726 1267 912 1322 dicunt
933 1265 1069 1329 fieri,
1102 1265 1243 1320 unde
1267 1264 1380 1320 ait:

257 1399 261 1406 η
318 1364 480 1418 Vens.
512 1363 564 1415 6.
593 1389 664 1400 —
696 1381 715 1410 ι
750 1358 1145 1414 Condemnabit
1191 1366 1270 1422 te,
1304 1377 1322 1410 ι
1364 1366 1471 1411 etc.
1516 1356 1822 1426 Aliquando

245 1471 374 1512 vero
395 1454 547 1524 quasi
572 1452 890 1508 rationando
918 1450 1275 1520 comprimere
1302 1450 1508 1515 volunt,
1541 1451 1685 1506 unde
1718 1469 1731 1504 :

317 1545 481 1600 Vsus.
505 1546 644 1600 7.-
662 1564 679 1596 σ
710 1543 958 1614 Nunquid
989 1543 1195 1613 primus
1222 1544 1404 1598 homo.
1431 1563 1449 1596 ι
1487 1541 1611 1598 Haec
1639 1552 1821 1597 autem

243 1640 342 1694 Dei
371 1637 614 1694 defensio
649 1639 717 1694 ab
759 1637 840 1693 eis
877 1636 996 1691 ideo
1037 1635 1354 1699 assumitur,
1381 1644 1512 1700 etc.,
1553 1651 1713 1704 usque
1751 1632 1820 1687 ad

242 1745 412 1800 pensa
442 1730 586 1799 quod
613 1728 893 1784 consilium
925 1727 1162 1799 ignoras.

1925 533 2080 602 quasi
2106 547 2243 602 aqua
2269 529 2525 600 iniquitas
2545 527 2762 582 bibitur.

1995 623 2158 679 Vsus.
2192 623 2276 678 Π.
2300 654 2369 663 —
2401 643 2418 674 ι
2455 619 2745 678 Ostendam
2784 617 2898 674 tibi.
2935 637 2952 670 ι
2985 616 3121 686 Quia
3150 634 3273 674 cum
3307 617 3505 678 minori

1925 717 2244 772 auctoritate
2273 717 2429 772 docet
2457 715 2504 770 is
2533 714 2624 785 qui
2655 711 2857 778 audita,
2893 727 3054 782 quam
3088 712 3134 767 is
3154 711 3258 781 qui
3287 729 3350 768 ea
3380 725 3504 784 qua

1920 809 2151 874 viderat,
2183 810 2442 878 loquitur,
2471 816 2530 863 ut
2556 807 2832 861 fortiorem
2860 805 3239 860 auctoritatem
3263 805 3366 863 sibi
3393 805 3502 862 Eli-

1923 901 2061 956 ohaz
2089 908 2386 972 arrogaret,
2420 901 2581 956 dicit:

2000 1009 2018 1042 ι
2065 991 2214 1058 Quod
2245 991 2352 1045 vidi
2383 991 2614 1044 narrabo
2644 989 2760 1044 tibi.
2801 1007 2819 1039 ι
2856 987 3140 1057 Proprium
3177 987 3504 1060 arrogantis,

1923 1093 2051 1148 etc.,
2079 1101 2238 1155 usque
2265 1084 2334 1136 ad
2359 1098 2494 1152 quas
2525 1083 2851 1136 auctoritate
2875 1079 3096 1134 Patrum
3120 1080 3313 1134 munit.

1993 1175 2159 1230 Vens.
2197 1175 2376 1231 l8.—
2403 1193 2421 1226 ‹
2460 1173 2746 1243 Sapientes
2788 1171 3135 1228 conﬁtentur.
3170 1191 3188 1222 ι
3225 1171 3363 1227 Ecce
3403 1185 3503 1225 au-

1921 1267 2074 1324 dacia
2102 1268 2475 1322 haereticorum
2498 1307 2512 1330 ,
2541 1275 2673 1332 etc.,
2704 1283 2864 1336 usque
2900 1265 2970 1319 ad
3011 1265 3176 1320 corda
3220 1265 3508 1321 trausiisse

1922 1360 2178 1426 alienum,
2199 1360 2254 1414 id
2281 1368 2366 1415 est
2395 1358 2687 1414 diabolum.
2717 1358 2856 1412 Ecce
2883 1356 3189 1414 sontentiai.

1995 1451 2156 1505 Vens.
2195 1449 2286 1504 20.
2332 1481 2400 1490 —
2436 1470 2454 1502 ‹
2499 1449 2720 1504 Cunctis
2774 1449 2984 1504 diebus.
3033 1469 3052 1500 ›
3103 1447 3292 1504 Solent
3339 1447 3508 1506 etiam

1921 1541 2077 1598 electi
2103 1543 2155 1596 in
2177 1542 2501 1612 quibusdam
2534 1541 2724 1598 diebus
2746 1541 3046 1610 superbire,
3073 1540 3168 1596 sed
3188 1541 3508 1612 priusquam

1919 1634 2082 1688 vitam
2113 1632 2321 1698 finiant,
2357 1634 2422 1688 ab
2452 1632 2688 1688 elatione
2711 1632 2874 1688 corda
2907 1639 3279 1698 commutant;
3311 1631 3509 1700 impius

1919 1737 2046 1776 vero
2077 1721 2264 1776 diebus
2280 1721 2532 1775 omnibus
2559 1719 2824 1789 superbit,
2847 1727 2902 1774 et
2930 1719 3008 1774 sic
3029 1720 3198 1774 vitam
3221 1719 3509 1786 terminat,

314 1845 478 1899 Vens.
505 1842 556 1896 9.
589 1872 658 1882 —
681 1860 700 1892 ι
725 1841 863 1908 Quid
895 1839 1056 1895 nosti.
1095 1858 1114 1890 ι
1155 1837 1342 1910 (Ιὺὶά.)
1372 1837 1498 1892 Ηωο
1525 1837 1691 1892 verba
1719 1851 1815 1906 pa-
1843 1835 1890 1896 B
1917 1825 1976 1872 υί
2003 1815 2328 1910 θξθιίηῖοηθ
2356 1813 2579 1868 minime
2607 1813 2845 1868 recedat-

239 1944 420 1992 tenter
467 1936 761 1991 ostendunt
802 1949 868 1989 ex
913 1949 1020 2004 qua
1065 1935 1263 1989 mentis
1311 1933 1544 1988 elatione
1589 1932 1816 2004 prodeat

237 2027 497 2096 quidquid
517 2026 669 2095 quasi
692 2025 758 2079 ad
790 2025 1113 2080 dominicam
1143 2023 1508 2078 defensionem
1545 2029 1722 2077 sonat.

311 2137 470 2193 Vens.
498 2137 584 2191 10.
601 2168 672 2177 -
695 2157 712 2188 ‹
739 2137 806 2191 Et
834 2151 991 2191 senes
1018 2145 1072 2190 et
1095 2135 1355 2204 antiqui.»
1388 2133 1659 2200 Haeretici,
1687 2133 1815 2204 quia

235 2243 335 2283 sua
365 2245 470 2283 non
498 2236 723 2298 possunt
759 2236 1003 2282 astruere
1043 2227 1271 2292 ratione,
1315 2227 1638 2281 auctoritate
1678 2226 1816 2280 anti-

233 2335 464 2390 quorum
487 2320 730 2374 nituntur
754 2319 1038 2374 defendere
1060 2319 1199 2388 apud
1223 2318 1417 2372 stultos
1442 2335 1454 2370 :
1480 2327 1533 2372 et
1559 2318 1811 2373 doctores

231 2413 493 2471 Ecclesia:
520 2413 705 2469 dicunt
726 2413 827 2468 sibi
857 2412 1144 2483 magistros
1177 2409 1366 2465 fuisse.

308 2523 467 2580 Vrsas.
501 2524 590 2589 ll,
622 2522 709 2576 l2.
737 2553 807 2563 —
847 2540 866 2573 ι
897 2521 1146 2592 Nunquid
1180 2521 1380 2592 grande
1408 2520 1526 2575 est?
1563 2539 1580 2570 ι
1616 2517 1812 2588 Sequi-

228 2629 369 2675 tur:
405 2638 424 2670 ι
462 2617 599 2686 Quid
641 2626 694 2672 te
729 2617 900 2672 elevat
943 2632 1037 2670 cor
1076 2623 1245 2669 tuum.
1280 2634 1297 2665 ι
1341 2613 1494 2682 Saepe
1537 2611 1810 2680 justorum

228 2724 388 2764 mens
413 2707 478 2763 ad
505 2707 694 2762 altiora
736 2705 1144 2775 contemplanda
1184 2703 1550 2772 susp-inditur,
1577 2709 1636 2754 ut
1656 2707 1811 2754 exte-

229 2802 350 2856 rius
383 2814 569 2854 eorum
613 2797 780 2853 facies
824 2797 1163 2866 obstupuisse
1208 2796 1471 2849 videatur.
1523 2793 1630 2848 Sed
1672 2793 1813 2852 hanc

228 2891 701 2961 contemplationis
721 2889 828 2943 vim
854 2888 1065 2957 reprobi
1094 2904 1188 2956 per
1211 2885 1542 2956 hypocrisim
1570 2884 1688 2940 fieri
1713 2900 1811 2954 pu-

231 2991 386 3048 tant;
420 2983 562 3052 quod
587 2981 730 3036 enim
767 2981 819 3033 in
845 2997 901 3034 se
928 2988 1030 3044 est,
1067 2979 1120 3032 in
1147 2978 1266 3031 aliis
1294 2985 1505 3046 putant.

306 3096 472 3150 Vens.
501 3093 707 3148 l5.—c
738 3092 873 3158 Quid
900 3099 1066 3145 tumet
1095 3099 1282 3144 contra
1308 3091 1475 3144 Deum
1499 3089 1755 3158 spiritus?
1785 3108 1805 3142 ι

1995 1925 2013 1956 ι
2051 1905 2117 1959 Et
2155 1920 2412 1960 numerus
2439 1919 2702 1959 annorum
2735 1901 3037 1974 tyrannidis
3059 1900 3197 1973 ejus.
3229 1921 3248 1956 ι
3280 1901 3508 1972 Proprie

1921 2006 2200 2069 tyrannus,
2233 2007 2362 2063 etc.,
2393 2013 2553 2067 usque
2575 1996 2644 2050 ad
2671 1996 2825 2064 cujus
2854 1995 2962 2048 vita
2993 1993 3095 2052 sub
3125 1994 3510 2051 incertitudine

1919 2090 2166 2146 tenetur?

1993 2180 2154 2234 Vens.
2203 2180 2294 2234 2i.
2323 2209 2394 2219 —
2427 2199 2446 2231 ι
2481 2178 2710 2236 Sonitus
2745 2177 2972 2234 terroris
3013 2192 3247 2247 semper.
3295 2174 3508 2251 (Ibid.)

1917 2273 2090 2328 Prava
2138 2289 2292 2329 mens
2347 2289 2561 2344 semper
2602 2273 2655 2327 in
2693 2272 2971 2327 laboribus
3015 2281 3132 2334 est,
3175 2272 3318 2326 sicut
3365 2272 3510 2328 bona

1917 2379 2130 2434 semper
2161 2363 2454 2434 tranquilla
2483 2381 2497 2418 :
2529 2364 2656 2432 quia
2691 2371 2785 2417 aut
2825 2361 3046 2418 molitur
3081 2362 3224 2418 mala
3259 2378 3380 2442 quae
3418 2361 3511 2418 in-

1917 2453 2076 2519 ferat,
2107 2465 2200 2510 aut
2224 2457 2436 2522 metuit,
2468 2470 2537 2510 ne
2568 2455 2669 2511 sibi
2699 2456 2814 2510 haec
2840 2455 2907 2509 ab
2935 2455 3055 2510 aliis
3085 2454 3412 2510 inferantur.

1988 2545 2153 2598 Vens.
2180 2543 2269 2600 22.
2299 2575 2370 2584 —
2403 2562 2421 2594 α
2460 2543 2577 2598 Non
2599 2544 2772 2598 credit
2804 2543 2948 2613 quod
2993 2544 3190 2599 reverti
3220 2543 3394 2616 possit
3435 2542 3502 2598 de

1917 2638 2156 2693 tenebris
2195 2637 2260 2692 ad
2290 2654 2358 2708 τί»
2393 2638 2519 2708 quia
2567 2638 2696 2691 dum
2739 2635 2890 2692 feriri
2932 2653 2990 2693 se
3039 2638 3276 2708 undique
3322 2637 3501 2692 credit

1914 2728 2167 2795 insidiis,
2224 2707 2421 2784 saliitei
2455 2729 2736 2797 desperata
2805 2743 3018 2799 semper
3081 2729 3148 2800 ad
3190 2707 3506 2798 nequitiam

1913 2822 2131 2879 crescit.

1985 2914 2151 2969 Vens.
2178 2913 2268 2969 23.
2299 2945 2371 2955 —-
2400 2933 2418 2966 ‹
2457 2913 2592 2970 Cum
2629 2929 2688 2969 se
2732 2915 2992 2984 moverit,
3031 2935 3049 2968 ›
3087 2924 3194 2972 etc.
3222 2913 3389 2971 Panis
3417 2915 3508 2972 hic

1915 3008 2238 3079 stipendium
2287 3007 2571 3078 praesentis
2615 3009 2769 3075 vitae,
2798 3017 2928 3076 etc.,
2957 3025 3120 3080 usque
3161 3007 3232 3064 ad
3269 3008 3502 3064 avaritia

1914 3101 2091 3154 victus
2123 3099 2210 3152 illa
2241 3099 2560 3154 contemnit.

229 3186 560 3254 Plerumque
587 3183 720 3253 justi
757 3183 1024 3251 aliquibus
1048 3181 1462 3237 necessitatibus
1501 3177 1681 3234 afﬂicti
1715 3195 1812 3234 sua
1839 3197 1886 3260 ρ
1989 3191 2152 3244 νειιδ,
2182 3189 2272 3247 24,
2304 3221 2374 3229 _
2409 3210 2425 3241 .
2465 3189 2737 3257 Ten—emt,
2773 3209 2791 3243 ι
2824 3189 3010 3246 3.0.1,,
3049 3189 3197 3246 omni
3230 3190 3373 3260 quod
3399 3191 3508 3245 ini-

228 3290 399 3346 opera
417 3283 688 3344 coguntur
713 3273 890 3334 fateri,
922 3273 1063 3341 quod
1093 3275 1282 3327 beatus
1303 3269 1404 3327 Job
1426 3270 1648 3336 fecerat,
1671 3272 1814 3341 quod

227 3375 454 3440 putatur
479 3365 672 3431 elatio;
697 3365 790 3419 sed
818 3365 873 3418 in
905 3363 998 3417 Dei
1021 3362 1243 3418 auribus
1268 3362 1500 3432 superba
1530 3377 1636 3416 non
1663 3370 1810 3426 sunt,

231 3472 358 3528 qua:
383 3456 571 3510 humili
599 3455 761 3511 corde
781 3453 1156 3524 proferuntur;
1183 3464 1238 3508 et
1263 3452 1402 3508 sicut
1430 3452 1614 3522 gravis
1641 3452 1813 3524 culpae

231 3558 322 3602 est
343 3546 446 3602 sibi
472 3558 725 3616 armgare
749 3545 891 3615 quod
923 3559 1028 3599 non
1063 3553 1163 3606 est,
1199 3545 1275 3598 sic
1309 3544 1627 3615 plerumque
1655 3545 1814 3616 culpa

232 3638 380 3696 nulla
418 3646 502 3694 est
527 3639 574 3692 si
601 3637 875 3692 humiliter
901 3637 1099 3690 bonum
1132 3637 1276 3690 dicat
1300 3638 1442 3705 quod
1471 3645 1572 3690 est.

315 3750 332 3782 ι
372 3728 998 3801 Hujusmodisermones.
1035 3747 1052 3778 ι
1089 3725 1276 3799 (Ibid.)
1297 3727 1368 3781 De
1391 3728 1544 3782 bonis
1561 3729 1689 3794 tuis,
1708 3725 1815 3784 non

236 3831 417 3878 tamen
445 3819 546 3878 Job
570 3822 624 3875 in
655 3819 739 3876 his
765 3827 954 3874 contra
985 3819 1151 3875 Deum
1175 3819 1388 3882 tumuit,
1421 3822 1512 3873 sell
1545 3835 1664 3889 qua?
1684 3835 1814 3875 vere

233 3912 440 3969 fecerat
483 3910 758 3967 humiliter
785 3909 956 3975 dixit;
995 3924 1136 3978 saepe
1155 3907 1286 3979 justi
1323 3919 1380 3964 et
1412 3907 1594 3978 injusti
1624 3910 1814 3964 eadem

235 4006 439 4062 habent
459 4005 644 4070 verba,
681 4012 737 4058 et
775 4003 917 4058 unde
959 4001 1033 4056 illi
1067 4003 1303 4072 placent,
1342 4003 1395 4057 hi
1429 4001 1729 4068 offundunt,
1756 4010 1816 4057 ut

236 4095 546 4152 Pharisaaus
575 4093 668 4164 qui
697 4109 755 4149 se
777 4092 1042 4162 justificat
1081 4093 1134 4148 in
1181 4108 1344 4164 opere
1373 4093 1524 4166 (Luc.
1555 4091 1734 4164 xvrn),
1764 4100 1819 4148 et

239 4187 502 4243 Ezechias
519 4187 608 4256 qui
632 4201 690 4242 se
707 4184 970 4257 justificat
996 4186 1048 4239 in
1074 4185 1397 4257 cogitatione
1423 4183 1529 4258 (IV
1551 4185 1678 4255 Reg.
1694 4183 1812 4256 xx).

312 4281 473 4336 Vens.
505 4279 674 4334 14.-
700 4298 717 4330 α
755 4277 891 4346 Quid
914 4287 997 4333 est
1023 4278 1221 4333 homo?
1257 4298 1275 4331 ›
1310 4278 1388 4334 Eo
1417 4280 1532 4348 ipso
1562 4279 1705 4350 quod
1732 4277 1814 4333 di-

237 4379 382 4433 citur
428 4375 620 4440 homo,
660 4382 906 4430 terrenus
953 4372 1274 4444 exprimitur
1312 4381 1366 4428 et
1419 4372 1685 4426 infirmus.
1735 4370 1818 4426 Ab

241 4468 408 4522 humo
435 4465 579 4520 enim
613 4463 911 4536 appellatus
937 4472 1040 4518 est.

1915 3297 2054 3353 quus
2105 3282 2235 3353 agit,
2268 3284 2396 3346 etc.,
2433 3299 2594 3354 usque
2624 3283 2693 3336 ad
2734 3282 2780 3337 si
2815 3283 2866 3338 ei
2896 3280 3036 3337 forte
3078 3281 3332 3350 defuerit,
3365 3282 3511 3354 quod

1915 3388 1979 3428 ex
2004 3371 2214 3427 fallacia
2241 3383 2498 3444 opponat.

1986 3465 2152 3520 Vsus.
2189 3465 2280 3518 25.
2319 3496 2390 3505 —
2416 3483 2434 3516 ‹
2481 3463 2765 3532 Tetendit,
2818 3485 2836 3519 ι
2878 3473 2984 3522 etc.
3036 3463 3254 3538 (Ibid.)
3298 3465 3506 3522 Contra

1915 3557 2084 3612 Deum
2116 3573 2309 3612 manus
2339 3557 2588 3623 tendere,
2618 3566 2748 3626 etc.,
2781 3576 2940 3631 usque
2967 3559 3037 3614 ad
3065 3558 3228 3617 modo
3256 3574 3288 3622 a
3324 3559 3511 3617 multis

1825 3663 1830 3668 '
1915 3649 2094 3720 agitur
2124 3649 2368 3718 singulis.

1988 3736 2156 3792 Vnus.
2201 3739 2291 3794 26.
2319 3769 2390 3780 —-
2421 3759 2438 3790 ι
2487 3740 2781 3809 Cucurrit,
2817 3760 2836 3795 ι
2871 3741 2926 3798 id
2957 3750 3042 3798 est
3071 3742 3126 3798 in
3161 3742 3306 3800 malo
3343 3758 3510 3816 opere

1915 3829 2252 3884 obstaculum
2283 3831 2347 3886 de
2377 3830 2707 3887 adversitate
2731 3848 2837 3888 non
2871 3833 3079 3889 habuit.

1993 3941 2012 3974 ι
2048 3923 2116 3976 Et
2143 3922 2326 3994 pingui
2363 3924 2576 3979 cervice
2601 3934 2842 3981 armatus
2867 3934 2970 3980 est.
3006 3945 3024 3978 ι
3061 3925 3283 3999 Pinguis
3315 3929 3506 3985 cervix

1916 4021 2000 4069 est
2025 4013 2276 4084 opulenta
2303 4015 2554 4084 superbia
2579 4013 2920 4080 afﬂuentibus
2949 4017 3110 4086 rebus
3138 4019 3296 4090 quasi
3322 4017 3508 4078 multis

1917 4105 2173 4160 carnibus
2204 4103 2356 4160 fulta.

1987 4197 2257 4253 Vens.27.
2280 4231 2349 4239 —
2372 4217 2390 4250 ι
2421 4197 2646 4270 Operuit
2671 4199 2866 4258 faciem
2893 4200 3034 4274 ejus.
3060 4223 3080 4255 ›
3108 4201 3328 4260 Faciem
3351 4217 3505 4258 cras-

1919 4292 2097 4347 situdo
2143 4293 2360 4362 operit,
2403 4295 2528 4362 quia
2575 4293 2879 4350 desiderata
2931 4303 3272 4350 terrenarum
3323 4309 3506 4350 rerum

1919 4383 2247 4438 abundantia
2280 4383 2465 4438 oculos
2491 4384 2686 4438 mentis
2716 4384 2934 4453 premit.

1995 4490 2014 4524 ι
2051 4472 2118 4526 Ει
2157 4472 2223 4527 de
2269 4473 2531 4528 lateribus
2579 4472 2716 4543 ejus.
2748 4491 2766 4526 ι
2800 4473 2990 4546 (lbid.)
3037 4472 3235 4528 Latera
3278 4473 3506 4530 divitum

319 4577 338 4610 ι
366 4557 434 4614 Et
484 4565 545 4612 ut
579 4555 761 4625 justus
803 4563 1059 4626 appareat
1097 4563 1286 4622 natus,
1322 4573 1341 4606 ι
1380 4563 1485 4610 etc.
1537 4553 1817 4621 Quomodo

1952 4574 2046 4620 unt
2077 4565 2166 4634 qui
2205 4565 2284 4620 eis
2319 4565 2624 4633 adhaerent;
2653 4567 2839 4622 arvina
2873 4568 2940 4622 de
2964 4567 3224 4626 lateribus
3259 4571 3376 4640 ejus
3407 4571 3506 4628 de-

238 4651 388 4708 enim
411 4649 593 4719 justus
629 4657 905 4720 appareat,
935 4649 1026 4717 qui
1067 4648 1132 4702 de
1166 4648 1258 4703 illa
1280 4654 1441 4702 natus
1467 4655 1565 4713 est,
1593 4662 1714 4716 qua!
1737 4647 1817 4701 in-

235 4739 461 4811 iustitia:
485 4738 820 4810 propinatrix
857 4737 1105 4792 exstitit?
1151 4737 1329 4808 prima
1365 4737 1561 4808 quippe
1581 4737 1697 4792 viro
1737 4737 1819 4791 in-

235 4832 505 4905 justitiam
532 4831 725 4888 mulier
751 4831 1054 4900 propinavit
1077 4831 1130 4886 in
1158 4829 1432 4898 paradiso.

321 4923 481 4980 Vens.
509 4923 596 4979 15.
624 4955 694 4965 -
719 4943 737 4976 ί
772 4923 837 4978 Ει
864 4922 987 4978 cmli
1011 4937 1116 4977 non
1145 4931 1270 4976 sunt
1299 4920 1506 4976 mundi.
1539 4939 1557 4972 ι
1577 4919 1690 4977 Hoc
1710 4936 1820 4978 cm-

243 5019 422 5073 lorum
449 5017 666 5072 nomine
696 5015 936 5086 repetiit,
956 5014 1100 5085 quod
1121 5020 1434 5068 sanctorum
1459 5012 1821 5083 appellatione

243 5111 496 5180 signavit,
534 5110 626 5181 qui
670 5118 794 5165 ante
825 5109 1128 5164 districtum
1169 5108 1264 5163 Dei
1303 5107 1562 5178 judicium
1589 5122 1688 5164 nec
1719 5108 1821 5180 ipsi

242 5220 367 5261 esse
394 5203 576 5259 mundi
607 5204 672 5258 ad
695 5202 994 5272 perfectum
1016 5210 1260 5272 possunt.

319 5295 485 5350 Vens.
509 5293 594 5350 16.
610 5325 682 5334 —
705 5313 723 5346 ι
749 5293 961 5360 Quanto
985 5293 1155 5362 magis
1176 5292 1570 5348 abominabilis.
1593 5312 1611 5344 ι
1632 5291 1821 5366 (Ιὸἱά.)

245 5383 487 5453 Quilibet
513 5399 799 5454 perversus
826 5384 1204 5441 abominabilis
1227 5394 1310 5440 est
1337 5395 1560 5456 propter
1589 5387 1823 5442 immun-

244 5475 436 5532 ditiam
466 5476 707 5532 maculae.

322 5585 344 5620 ι
374 5564 616 5632 Inutilis,
652 5585 670 5618 ι
703 5575 922 5638 propter
945 5566 1211 5637 justitiam
1243 5565 1494 5636 perfectae
1531 5567 1688 5634 vitae;
1730 5567 1822 5637 qui

250 5674 273 5710 ι
305 5657 494 5714 bibere
521 5659 858 5729 iniquitatem
887 5677 904 5709 ι
941 5658 1159 5722 dicitur,
1188 5657 1312 5726 quia
1341 5658 1483 5726 quod
1506 5657 1725 5723 bibitur,
1758 5659 1824 5713 ad

239 5750 583 5830 glutiendum
625 5765 836 5809 moram
861 5765 969 5806 non
998 5750 1182 5806 habet.
1215 5747 1382 5822 Culpa
1422 5764 1552 5823 ergo
1591 5751 1718 5822 quia
1754 5753 1824 5808 ab

1919 4656 2144 4729 pendet,
2176 4659 2302 4728 quia
2350 4659 2595 4730 quisquis
2637 4660 2848 4730 potenti
2891 4673 2946 4716 et
2996 4661 3181 4734 iniquo
3227 4663 3505 4730 adhaeret,
3560 4656 3570 4701 ⁵

1922 4751 2034 4820 ipse
2082 4766 2296 4821 quoque
2337 4752 2403 4808 de
2445 4749 2561 4821 ejus
2599 4755 2838 4822 potentia
2878 4755 3027 4811 velut
3067 4771 3135 4812 ex
3183 4756 3510 4830 pinguedine

1923 4851 2111 4898 tumet.

1993 4932 2156 4990 Vens.
2187 4934 2278 4990 28.
2303 4965 2376 4976 -
2402 4933 2674 4989 Habitavit
2696 4935 2749 4992 in
2773 4936 3104 5000 civitatibus.
3151 4955 3171 4988 ι
3201 4936 3340 5003 Quia
3365 4936 3505 4992 civi-

1929 5033 2010 5078 tas
2058 5043 2086 5078 a
2128 5025 2538 5080 conversatione
2568 5027 2965 5081 conviventium
3008 5027 3332 5098 appellatur,
3370 5037 3505 5091 etc.,

1927 5133 2088 5187 usque
2119 5118 2187 5171 ad
2229 5118 2522 5172 ostendunt
2565 5116 2755 5188 procul
2793 5117 2956 5174 dubio
2995 5118 3121 5190 quia
3163 5117 3230 5172 de
3275 5115 3504 5172 aedificio

1926 5207 2049 5261 vitae
2080 5207 2413 5263 ceciderunt.

2001 5299 2163 5353 Vens.
2185 5299 2274 5354 29.
2299 5329 2371 5340 —
2400 5317 2418 5351 «
2447 5299 2562 5355 Νοη
2587 5300 2864 5366 ditabitur,
2897 5319 2918 5353 ι
2950 5299 3076 5370 quia
3113 5299 3330 5371 superbi
3355 5297 3506 5372 cogi-

1931 5389 2062 5445 tatio
2083 5389 2149 5443 ah
2178 5389 2418 5444 auctoris
2448 5390 2532 5444 sui
2555 5390 2728 5459 gratia
2758 5405 2864 5444 non
2895 5386 3302 5443 inhabitabitur.

2008 5501 2025 5533 ί
2047 5481 2156 5536 Nec
2180 5481 2564 5552 perseverabit.
2597 5500 2614 5532 ι
2642 5479 2828 5553 (Ibid;)
2850 5480 2926 5533 Ac
2948 5479 2993 5533 si
3014 5479 3156 5534 dicat
3185 5496 3198 5532 :
3223 5477 3335 5534 Hoc
3363 5481 3507 5549 quod

1929 5571 2132 5626 habere
2157 5571 2386 5634 videtur,
2415 5570 2654 5625 exterius
2681 5569 2891 5631 transit,
2917 5576 2970 5622 et
2999 5567 3126 5623 illud
3151 5568 3296 5639 quod
3326 5576 3509 5622 trans-

1934 5661 2009 5716 ire
2036 5678 2139 5714 non
2166 5669 2396 5730 poterat,
2425 5658 2649 5714 interius
2678 5673 2782 5711 non
2816 5657 2998 5712 habet.

2007 5774 2023 5803 ι
2055 5751 2164 5808 Nec
2211 5753 2388 5808 mittet
2415 5751 2480 5824 “in
2517 5757 2720 5805 terram
2743 5799 2759 5818 κ
2796 5765 2815 5798 ι
2847 5747 2974 5818 quia
3020 5745 3167 5802 velut
3213 5744 3281 5802 ad
3325 5743 3508 5810 levem

3563 4636 3578 4674 Ι
