3982 6352
558 426 661 486 799

556 544 762 608 ﬂatum,
805 543 885 598 sic
933 541 1002 596 ad
1037 552 1240 600 motum
1279 543 1501 598 occulta:
1546 543 1824 597 sententia:
1861 541 1972 595 vita
2010 542 2126 612 ejus
2156 543 2212 602 Α

556 636 794 698 eru‘itur;
825 633 940 698 vel,
985 651 1004 683 ι
1052 637 1105 686 in
1146 641 1344 688 terram
1387 649 1492 686 non
1534 634 1743 696 mittet,
1779 651 1797 683 ι
1828 640 1967 695 etc.,
2004 630 2128 699 quia

558 741 830 796 nunquam
862 724 928 778 ad
956 734 1170 779 aeternae
1199 725 1322 779 vitae
1351 725 1675 780 desiderium
1709 724 1888 779 cordis
1923 721 2007 777 sui
2035 738 2131 778 co-

558 818 871 887 gitationem
897 817 1128 888 plantat.

629 909 789 963 Vens.
816 908 998 962 50.-
1032 928 1049 958 ι
1085 906 1202 961 Νοη
1248 908 1467 963 recedet
1513 908 1579 962 de
1627 907 1885 962 tenebris.
1928 927 1948 960 ι
1993 907 2130 975 Quia

558 1001 699 1056 enim
726 1001 898 1056 lucem
917 1001 1139 1069 justitiaa
1169 1018 1273 1058 non
1303 1002 1517 1072 quaerit,
1541 1003 1607 1058 de
1634 1003 1872 1058 tenebris
1911 1017 2019 1057 non
2048 1018 2134 1057 re-

557 1091 718 1145 cedit.

632 1203 650 1234 ‹
687 1182 887 1240 Remos
906 1182 1042 1252 ejus,
1076 1205 1093 1237 ι
1123 1192 1227 1240 etc.
1251 1186 1385 1253 Quia
1413 1186 1514 1256 ipsi
1536 1200 1771 1256 quoque,
1801 1188 1892 1256 qui
1917 1187 1968 1242 ei
1997 1202 2132 1242 con-

551 1272 720 1344 juncti
777 1287 932 1339 sunt,
990 1277 1219 1330 terrenis
1270 1277 1554 1332 desideriis
1603 1287 1862 1343 aastuant,
1907 1287 1966 1331 ut
2005 1278 2132 1333 boni

553 1367 732 1435 operis
761 1369 992 1422 fructum
1017 1385 1120 1424 non
1151 1370 1349 1436 ferant,
1373 1371 1497 1440 quia
1519 1370 1586 1425 ad
1613 1371 1914 1441 appetenda
1945 1370 2131 1426 inﬁma

553 1470 656 1528 per
687 1460 979 1528 nequitiam
1009 1461 1280 1516 anhelant.

628 1569 649 1602 ε
684 1551 751 1606 Et
775 1551 1052 1607 auferetur
1081 1555 1293 1624 spiritu,
1329 1573 1346 1604 ι
1379 1555 1506 1624 quia
1533 1570 1598 1610 eo
1623 1557 1990 1626 percussionis
2015 1573 2134 1612 sen-

551 1641 774 1697 tentiam
820 1644 1076 1713 accipiet,
1101 1659 1208 1715 quo
1253 1646 1365 1701 oris
1394 1647 1478 1701 sui
1508 1647 1757 1717 spiritum
1803 1648 1993 1704 timore
2036 1648 2132 1703 Dei

557 1745 663 1784 non
692 1731 990 1802 restringit.

627 1823 782 1878 Vens.
819 1824 903 1876 '51.
923 1855 992 1864 —
1012 1843 1030 1875 ‹
1049 1823 1165 1880 Non
1197 1827 1400 1882 credet.
1427 1846 1446 1880 ι
1477 1827 1612 1894 Quia
1641 1828 1978 1900 eleemosyna
2009 1843 2130 1884 eum

1041 421 1436 484 'WALAFRIDI
1477 423 1721 481 STRABI
1757 423 1962 480 FULD.
2003 422 2166 479 MON.
2208 421 2361 480 OPP.
2402 421 2581 477 PARS
2616 421 2656 476 l.
2699 450 2768 462 —
2809 417 3266 475 THEOLOGICA.

3727 421 3838 477 800

2811 537 3038 594 CAPUT
3077 537 3212 593 XVI.

2307 631 2464 687 Vens.
2490 633 2544 686 2.
2569 663 2639 672 —
2664 652 2681 682 ι
2712 631 2904 686 Audivi
2934 631 3242 701 frequenter
3263 631 3407 687 talia.
3448 652 3467 684 ι
3502 632 3696 688 Electi
3721 633 3836 688 fre-

2235 734 2462 792 quenter
2483 723 2656 779 aliena
2683 723 2823 777 mala
2853 724 3007 794 quasi
3034 740 3129 778 sua
3157 724 3401 791 audiunt,
3428 733 3485 780 et
3518 727 3590 781 ab
3625 726 3726 781 his
3753 727 3832 781 eis

2233 817 2437 871 crimen
2481 815 2814 886 impingitur,
2847 832 2877 868 a
2905 815 3103 886 quibus
3145 815 3371 872 crimina
3405 817 3658 888 impacta
3705 832 3834 888 per-

2232 915 2530 978 petrantur.

2310 999 2740 1054 «Consolatores
2779 1000 2990 1055 onerosi
3036 1015 3224 1056 omnes
3265 1017 3380 1058 vos.
3419 1023 3436 1055 ι
3467 1003 3640 1057 Pravi
3703 1018 3830 1058 cu

2234 1092 2479 1147 laborare
2518 1093 2718 1158 bonos,
2748 1102 2876 1158 etc.,
2910 1109 3072 1163 usque
3101 1094 3170 1148 ad
3208 1108 3276 1150 ne
3313 1095 3406 1165 qui
3443 1093 3622 1150 lenire
3667 1095 3832 1150 debet

2233 1182 2471 1237 dolorem
2505 1195 2721 1252 augeat.

2305 1273 2467 1329 Vens.
2495 1275 2547 1330 5.
2580 1307 2650 1316 -
2679 1295 2697 1326 ι
2727 1274 2977 1345 Nunquid
3005 1276 3278 1331 habebunt
3301 1275 3462 1332 ﬁnem
3487 1279 3668 1332 verba
3699 1293 3829 1332 ven-

2233 1366 2388 1419 tosa?
2425 1385 2444 1418 ι
2493 1365 2616 1420 Mali
2665 1374 2886 1420 ventosa
2927 1369 3092 1422 verba
3132 1367 3432 1438 proferunt.
3479 1367 3626 1423 Nam
3683 1371 3826 1425 dicta

2234 1471 2454 1521 eorum,
2481 1458 2582 1511 etsi
2609 1459 2932 1528 quandoque
2967 1475 3098 1514 sana
3137 1470 3264 1514 sunt
3309 1475 3408 1530 per
3445 1463 3820 1525 sententiam,

2235 1546 2416 1601 inﬂata
2441 1556 2617 1601 tamen
2649 1558 2773 1604 sunt
2801 1566 2898 1620 per
2925 1550 3234 1605 elationem.

2312 1659 2329 1689 ι
2358 1640 2462 1693 Aut
2482 1639 2682 1709 aliquid
2713 1641 2806 1695 tibi
2825 1641 3110 1696 molestum
3135 1653 3220 1697 est
3241 1643 3286 1698 si
3309 1644 3596 1714 loquaris?
3627 1664 3648 1696 ι
3678 1646 3763 1698 Ae
3783 1643 3822 1698 si

2235 1730 2461 1795 diceret,
2489 1747 2555 1786 eo
2585 1734 2726 1800 quod
2752 1733 2871 1802 plus
2898 1733 3136 1802 loqueris
3163 1750 3269 1803 quo
3294 1751 3324 1788 a
3351 1749 3439 1790 me
3466 1735 3684 1806 aliquid
3705 1751 3822 1790 mo—

2235 1821 2430 1878 lestum
2457 1823 2523 1878 de
2553 1833 2642 1878 tua
2669 1826 2878 1880 actione
2905 1842 3012 1881 non
3039 1827 3207 1882 audis.

553 1913 837 1973 redimere.
879 1925 1009 1981 etc.,
1051 1934 1212 1988 usque
1247 1918 1314 1971 ad
1352 1919 1479 1988 quia
1515 1935 1622 1975 non
1653 1921 1869 1976 redimit
1893 1921 2126 1976 animam
2161 1903 2208 1964 Β
2307 1915 2466 1970 VERS-
2489 1915 2542 1970 4-
2564 1948 2632 1956 -
2654 1938 2671 1968 ι
2705 1917 2951 1974 Poteram
2979 1930 3034 1975 et
3053 1937 3151 1992 ego
3178 1922 3375 1977 similia
3401 1923 3572 1977 vestri
3604 1922 3776 1992 loqui.
3797 1942 3814 1972 ι

551 2019 714 2075 quam
737 2022 766 2059 a
790 2007 936 2062 vitiis
964 2024 1070 2062 non
1108 2011 1420 2080 compescit.

625 2099 783 2154 Vens.
815 2100 901 2154 52.
933 2133 1002 2141 -
1023 2122 1040 2153 ‹
1069 2102 1371 2173 Antequam
1398 2106 1512 2160 dies
1541 2105 1675 2175 ejus.
1713 2127 1730 2160 ι
1758 2105 1973 2180 (ff-nec.)
1994 2108 2131 2176 Quia

553 2189 742 2262 longos
778 2193 992 2261 animo,
1025 2203 1157 2261 etc.,
1189 2212 1348 2266 usque
1387 2198 1456 2252 ad
1502 2198 1914 2270 indisciplinatis
1949 2201 2132 2257 obviat

553 2301 716 2342 IIIOI‘S.

620 2378 780 2437 Vens.
813 2382 896 2436 33.
933 2415 1002 2424 -
1030 2402 1049 2434 ι
1093 2382 1281 2440 Manus
1306 2383 1421 2454 ejus
1452 2403 1470 2436 ι
1505 2385 1574 2442 ab
1597 2385 1742 2441 omni
1771 2386 1912 2442 bona
1940 2401 2131 2457 opera-

545 2473 761 2529 ratione
795 2475 1084 2531 siccantur.

624 2583 642 2614 ι
679 2565 927 2622 [ιερᾱοῑυι-
951 2568 1167 2638 quasi,»
1203 2579 1303 2624 etc.
1341 2567 1400 2623 Si
1423 2568 1702 2626 ﬂorentem
1727 2571 1959 2637 vineam,
1997 2581 2126 2639 etc.,

548 2671 710 2726 usque
757 2658 826 2711 ad
869 2659 923 2713 in
965 2669 1152 2716 sancto
1195 2662 1373 2717 studio
1417 2679 1448 2717 a
1500 2661 1676 2718 fructu
1695 2664 1924 2722 aalienos
1965 2665 2127 2732 facit,

546 2749 688 2803 unde
723 2750 905 2805 subdit
929 2767 943 2805 :

624 2860 642 2890 σ
679 2841 746 2895 Et
785 2844 939 2912 quasi
978 2844 1115 2900 oliva
1159 2846 1469 2917 projiciens.
1510 2868 1527 2900 ι
1559 2847 1710 2904 Oliva
1749 2865 1871 2904 cum
1905 2849 1958 2904 in
1996 2850 2126 2906 ﬂore

543 2942 650 2998 est,
678 2944 805 3001 etc.,
834 2954 992 3008 usque
1020 2939 1088 2992 ad
1112 2947 1169 2993 ut
1190 2951 1462 3011 nequeant
1481 2941 1790 2998 discernere
1820 2960 1925 3014 qua
1953 2945 2128 2999 inten-

547 3023 695 3078 tione
739 3025 867 3096 quid
909 3027 1126 3084 faciant.

565 3183 576 3196 ι
618 3111 714 3168 Vel
741 3133 760 3165 ι
791 3116 842 3170 in
866 3118 1039 3186 primo
1059 3118 1210 3176 ﬂore.
1237 3141 1253 3172 ι
1279 3121 1530 3180 Inﬁrmus
1559 3141 1744 3197 regere
1766 3127 1846 3183 vel
1872 3127 2125 3185 inferiora

548 3220 707 3277 agere
740 3223 843 3261 non
877 3208 1055 3275 debet,
1093 3214 1218 3282 quia
1255 3215 1309 3268 in
1346 3218 1574 3273 terrenis
1607 3219 1816 3274 actibus
1855 3218 2112 3290 frigescit.

545 3297 662 3362 Vel,
695 3314 817 3353 cum
847 3300 1060 3370 placere
1103 3303 1249 3359 videt
1297 3323 1416 3377 qua:
1453 3309 1591 3379 agit,
1618 3311 1897 3366 ardentius
1929 3313 2117 3366 eadem

545 3391 682 3446 bona
704 3402 982 3462 operatur,
1006 3407 1061 3451 et
1085 3397 1240 3467 quasi
1263 3398 1314 3453 in
1341 3409 1528 3455 sancto
1554 3402 1734 3456 studio
1759 3401 1954 3468 fervet,
1981 3404 2120 3459 unde

539 3496 672 3542 testu
699 3488 856 3556 perit.

611 3573 774 3632 Vens.
801 3578 887 3633 54.
915 3611 987 3621 -
1015 3599 1032 3631 ‹
1067 3581 1427 3655 Congregatio
1451 3585 1596 3640 enim
1625 3585 1937 3657 hypocriten,
1963 3606 1981 3640 ι
2010 3596 2113 3643 etc.

539 3666 882 3740 Congregant
912 3671 1210 3741 hypocritaa
1247 3675 1383 3730 bona
1413 3691 1598 3746 Opera,
1629 3676 1723 3730 sed
1749 3692 1937 3733 eorum
1963 3679 2122 3734 steri-

539 3757 606 3814 lis
633 3769 716 3816 est
763 3763 875 3832 ipsa
918 3765 1294 3836 congregatio,
1325 3770 1449 3836 quia
1487 3784 1585 3839 per
1610 3767 1714 3824 hoc
1744 3769 1885 3839 quod
1930 3781 2120 3842 agunt,

541 3849 777 3907 fructum
823 3855 1068 3925 recipere
1115 3857 1171 3911 in
1217 3866 1416 3913 aeterna
1469 3859 1827 3916 retributione
1871 3877 1976 3917 non
2023 3879 2120 3934 ap-

541 3951 745 4010 petunt.

619 4052 637 4083 ι
674 4033 740 4088 Et
787 4035 928 4106 ignis
970 4037 1248 4092 devorabit
1293 4041 1638 4098 tabernacula
1677 4058 1898 4110 eorum,
1945 4063 1964 4096 ι
2011 4054 2117 4100 etc.

539 4124 779 4196 Corpora
816 4128 871 4183 in
906 4129 1103 4199 quibus
1127 4130 1322 4185 anima:
1357 4147 1542 4188 eorum
1571 4135 1835 4200 habitant,
1868 4137 2122 4192 taberna-

539 4217 660 4274 cula
697 4220 864 4276 dicit:
898 4237 1018 4292 qua:
1049 4222 1137 4279 hic
1177 4223 1500 4280 desiderium
1544 4225 1746 4296 laudis,
1774 4230 2119 4298 postmodum

541 4319 722 4364 autem
746 4313 1116 4370 concremabit
1147 4314 1286 4384 ignis
1307 4316 1583 4386 gehennae.

619 4418 638 4452 ‹
673 4401 1062 4458 Tahernacula.
1099 4425 1117 4456 ιι
1150 4405 1416 4476 Cogitatio
1463 4417 1549 4462 est
1597 4407 2031 4473 tabernaculum,
2063 4410 2119 4466 in

537 4504 647 4561 qua
680 4507 831 4549 mens
860 4495 1090 4561 habitat,
1119 4511 1280 4566 quam
1314 4505 1476 4552 aestus
1502 4499 1742 4554 avaritiae
1770 4508 1964 4556 vastat.
1996 4500 2116 4567 Vel,

538 4595 636 4636 cor
665 4584 1068 4641 tabernaculum
1089 4588 1238 4653 dicit,
1267 4590 1408 4658 quod
1426 4594 1699 4646 consumit
1727 4592 1888 4647 ardor
1917 4591 2110 4648 laudis.

537 4669 658 4738 Vel,
687 4689 882 4745 corpus
909 4687 991 4733 est
1020 4681 1423 4735 tabernaculum
1447 4682 1658 4745 animm,
1691 4691 1745 4737 et
1773 4683 1864 4753 qui
1903 4683 1992 4740 hic
2031 4698 2117 4737 ar-

537 4763 667 4819 dent
697 4777 895 4832 mente,
927 4769 1194 4824 ardebunt
1217 4785 1382 4826 carne
1412 4773 1624 4843 ignibus
1651 4772 1926 4842 gehennae.

608 4854 768 4912 Vens.
802 4856 892 4914 55.
919 4888 994 4901 -—
1021 4881 1040 4912 ι
1077 4861 1336 4935 Concepit
1357 4863 1618 4920 dolorem.
1652 4885 1669 4918 ›
1697 4864 1829 4920 Cum
1860 4880 2116 4934 perversa

534 4951 768 5022 cogitat,
797 4952 1139 5021 iniquitatem
1167 4957 1425 5026 parturit,
1454 4972 1578 5011 eum
1611 4956 1828 5026 explere
1860 4957 2113 5027 coeperit,

534 5045 800 5114 concepit.
848 5043 1000 5100 Mens
1038 5046 1201 5100 etiam
1245 5048 1538 5118 hypocrita:
1583 5063 1857 5118 nunquam
1897 5057 2056 5103 vacat
2082 5066 2111 5104 a

538 5137 708 5203 malo,
740 5138 866 5208 quia
901 5155 1021 5209 qua:
1071 5142 1300 5209 appetit,
1347 5142 1468 5196 aliis
1515 5142 1748 5204 invidet,
1789 5155 1853 5194 ex
1885 5155 2115 5210 quorum

537 5225 788 5297 despectu
828 5230 1029 5285 clarior
1065 5231 1166 5297 sit,
1200 5229 1339 5286 unde
1382 5241 1436 5287 et
1482 5231 1634 5288 dolos
1671 5239 1828 5302 parat
1872 5239 1931 5285 ut
1968 5229 2116 5286 solus

535 5322 945 5379 testimationem
973 5325 1169 5393 capiat.

610 5434 628 5466 ι
664 5414 861 5471 Uterus
891 5416 1008 5484 ejus
1045 5425 1314 5485 praeparat
1351 5415 1525 5480 dolos,
1561 5433 1580 5467 ι
1607 5415 1661 5469 id
1703 5423 1787 5470 est
1833 5431 2008 5481 mens,
2052 5415 2108 5470 in

532 5522 640 5579 qua
664 5507 1016 5576 cogitationes
1039 5512 1386 5576 generantur,
1413 5502 1669 5572 majorem
1701 5503 1959 5558 malitiam
1984 5520 2110 5559 con-

535 5609 616 5656 tra
654 5601 928 5669 proximos
969 5600 1232 5669 concipit,
1281 5606 1482 5668 quanto
1524 5598 1668 5652 solus
1712 5614 1820 5666 pra:
1859 5597 2110 5652 omnibus

535 5691 703 5746 videri
730 5692 1068 5746 innocentior
1087 5692 1308 5760 quaerit:
1342 5693 1442 5747 hoc
1463 5691 1614 5757 dicit,
1637 5692 1762 5761 quia
1785 5706 2108 5762 percussum

531 5781 632 5839 Job
662 5798 760 5854 pro
787 5784 1056 5855 hypocrisi
1084 5783 1308 5854 putavit.

2143 3266 2191 3331 C

2232 2005 2429 2062 Narrat
2456 2011 2585 2079 quid
2616 2009 2796 2066 facere
2826 2013 3019 2083 potuit,
3045 2015 3136 2069 sed
3177 2031 3244 2070 ne
3278 2014 3548 2084 justitiam
3577 2014 3816 2076 deserat,

2232 2101 2374 2170 quod
2403 2100 2582 2156 facere
2605 2105 2780 2173 potuit
2804 2103 3054 2158 declinat.

2307 2193 2466 2248 Vens.
2505 2193 2554 2248 5.
2589 2225 2655 2234 —
2685 2215 2702 2246 ε
2740 2195 2915 2264 Atque
2956 2197 3159 2250 utinam
3206 2206 3352 2251 esset
3400 2197 3586 2251 anima
3637 2206 3818 2251 vestra

2230 2298 2329 2353 pro
2351 2285 2532 2338 anima
2556 2300 2691 2339 mea.
2721 2304 2738 2336 ι
2766 2286 2822 2339 ln
2853 2285 2937 2340 his
2965 2287 3139 2341 verbis
3159 2287 3262 2342 hoc
3284 2297 3624 2343 monstratur
3651 2289 3820 2343 inten-

2232 2375 2379 2440 dere,
2412 2383 2544 2440 ete.,
2585 2393 2747 2446 usque
2781 2377 2850 2430 ad
2893 2378 3017 2446 quia
3061 2378 3197 2432 mala
3237 2395 3424 2435 eorum
3473 2381 3579 2436 sub
3631 2381 3816 2437 mode-

2234 2476 2350 2521 rata
2381 2467 2684 2538 increparet
2713 2469 3035 2525 invectione.

2279 2558 2467 2636 ‘Vens.
2499 2560 2551 2614 6.
2577 2591 2646 2600 —
2676 2581 2695 2612 ι
2726 2559 2890 2628 Quasi
2931 2579 3178 2634 parcens.
3217 2585 3234 2616 ι
3267 2563 3402 2618 Nota
3442 2565 3624 2636 quasi,
3669 2565 3818 2636 quia,

2231 2660 2370 2715 etc.,
2419 2669 2580 2722 usque
2621 2653 2691 2707 ad
2730 2656 3026 2726 approbare
3081 2658 3312 2723 videtur,
3361 2667 3416 2713 et
3457 2670 3724 2714 crescunt
3769 2660 3820 2714 in

2231 2744 2557 2814 exemplum.

2267 2823 2280 2836 ’
2302 2838 2464 2892 Vens.
2491 2838 2618 2892 8.—
2637 2858 2655 2889 ε
2683 2839 2837 2896 Nunc
2856 2850 3036 2897 autem
3060 2842 3329 2913 oppressit
3349 2856 3436 2896 me
3457 2841 3641 2906 dolor,
3667 2860 3689 2894 ι
3715 2851 3818 2898 etc.

2231 2928 2417 3000 (Ibid.)
2450 2929 2643 2987 Dolore
2670 2931 2909 2988 Ecclesia
2930 2934 3217 3002 premitur,
3245 2941 3375 2998 etc.,
3399 2949 3560 3002 usque
3585 2934 3662 2986 ad
3687 2949 3822 3003 quos

2229 3021 2375 3076 intus
2415 3021 2614 3089 habet;
2646 3024 2787 3079 unde
2828 3024 2968 3079 beati
3019 3026 3119 3080 viri
3170 3040 3297 3081 voce
3341 3039 3468 3080 mox
3517 3033 3651 3094 apte
3697 3025 3821 3080 sub-

2229 3113 2392 3168 ditur.

2297 3204 2465 3260 Vens.
2491 3205 2544 3261 9.
2574 3237 2647 3246 —
2673 3225 2691 3256 ι
2737 3206 2902 3278 Βυεῖε
2940 3223 3091 3274 mete,
3139 3227 3158 3259 ›
3200 3216 3304 3263 etc.
3354 3205 3518 3278 Ruga:
3557 3205 3820 3262 Ecclesia

2223 3308 2352 3353 sunt
2387 3313 2578 3354 omnes
2621 3297 2799 3368 quiin
2843 3311 2906 3352 ea
2953 3298 3238 3369 dupliciter
3264 3298 3474 3363 vivunt,
3518 3297 3616 3367 qui
3659 3297 3820 3354 ﬁdem

2223 3391 2450 3447 vocibus
2481 3391 2744 3456 clamant,
2781 3392 3032 3461 Operibus
3059 3392 3343 3463 denegant.
3398 3389 3461 3444 Hi
3493 3392 3654 3460 pacis
3687 3401 3822 3448 tem-

2223 3495 2375 3552 pore,
2416 3483 2540 3553 quia
2572 3481 2731 3552 hujus
2757 3482 2940 3537 mundi
2968 3481 3326 3552 potestatibus
3353 3482 3607 3537 eamdem
3655 3483 3820 3540 ﬁdem

2222 3573 2418 3628 honori
2448 3588 2568 3628 esse
2598 3573 2955 3644 conspiciunt,
2982 3573 3164 3628 ﬁdeles
3185 3587 3244 3628 se
3275 3587 3398 3628 esse
3425 3573 3818 3628 mentiuntur:

2225 3667 2318 3722 sd
2372 3681 2495 3722 cum
2545 3666 2844 3722 Ecclesiam
2899 3664 3076 3721 subito
3127 3665 3427 3720 adversitas
3487 3664 3820 3730 turbaverit,

2224 3755 2355 3811 illud
2401 3755 2544 3812 illico
2572 3755 2880 3819 ostendunt,
2931 3755 3073 3826 quod
3121 3755 3174 3810 in
3211 3753 3416 3826 perﬁda
3467 3764 3660 3810 mente
3710 3773 3822 3811 mo-

2221 3847 2446 3903 liuntur.
2497 3849 2563 3903 Et
2609 3857 2691 3903 est
2740 3861 2968 3902 sensus:
3019 3862 3105 3903 me
3135 3848 3470 3919 insequendo
3501 3847 3818 3920 increpant,

2222 3942 2314 4010 qui
2341 3942 2394 3996 in
2424 3956 2560 3996 meo
2595 3953 2822 4010 corpore
2847 3938 3009 4011 positi
3039 3939 3368 4010 duplicitatis
3398 3956 3510 3997 sua:
3541 3941 3816 3998 malitiam

2221 4049 2330 4088 non
2361 4031 2668 4088 emendant.

2299 4144 2318 4178 ‹
2348 4125 2413 4180 Et
2441 4125 2731 4180 suscitatur
2758 4122 3075 4194 falsiloquus
3095 4125 3355 4181 adversus
3388 4125 3612 4190 faciem,
3653 4147 3674 4178 ι
3708 4139 3814 4182 etc.

2223 4217 2409 4292 (Ibid.)
2462 4219 2597 4272 Dum
2643 4217 3014 4287 prtedieationi
3059 4219 3176 4289 ejus
3224 4227 3406 4288 aperte
3433 4220 3816 4274 contradicere

2219 4324 2327 4364 non
2383 4316 2734 4377 pratsumunt,
2785 4307 3024 4363 Ecclesia
3076 4308 3442 4378 falsiloquium
3482 4311 3640 4378 quasi
3695 4320 3816 4382 post

2220 4398 2439 4453 dorsum
2466 4399 2697 4467 patitur;
2733 4399 2828 4454 sed
2869 4413 2992 4453 cum
3039 4397 3261 4452 malitiae
3303 4406 3513 4468 tempus
3540 4399 3812 4468 eruperit,

2221 4487 2289 4552 is,
2317 4488 2408 4558 qui
2453 4505 2595 4544 nunc
2635 4497 2879 4544 metuens
2907 4488 3152 4560 derogat,
3196 4489 3262 4544 ad
3312 4489 3806 4545 contradicendo

2223 4588 2346 4635 ante
2373 4579 2563 4635 faciem
2606 4582 2788 4636 venit:
2839 4583 2963 4652 quia
3019 4581 3196 4638 verbis
3239 4596 3383 4638 verae
3431 4580 3554 4635 ﬁdei
3604 4585 3812 4651 apertis

2222 4671 2443 4727 vocibus
2470 4671 2704 4726 obsistit.
2738 4671 2889 4738 Quod
2930 4673 3184 4741 quoniam
3222 4688 3320 4744 per
3350 4671 3652 4745 malignum
3697 4675 3808 4745 spio

2217 4763 2381 4818 ritum
2413 4762 2493 4828 ﬁt,
2519 4764 2588 4818 ad
2608 4778 2731 4818 eum
2760 4763 3170 4819 describendum
3197 4766 3357 4820 verba
3383 4766 3680 4821 convertit.

2289 4857 2454 4911 Vens.
2486 4857 2572 4911 l0.
2596 4888 2668 4896 —
2694 4879 2711 4908 ‹
2741 4857 2967 4928 Collegit
3004 4857 3241 4914 furorem
3266 4874 3444 4914 suum.
3473 4878 3491 4910 ι
3517 4859 3804 4922 Diabolus,

2215 4946 2467 5016 princeps
2507 4945 2813 5016 falsiloquii,
2865 4947 3026 5002 habet
3069 4963 3211 5003 nunc
3265 4957 3454 5003 contra
3501 4948 3804 5004 Ecclesiam

2219 5037 2479 5102 furorem,
2507 5035 2602 5091 sed
2630 5053 2848 5108 sparsus
2872 5046 2973 5104 est,
3017 5039 3140 5109 quia
3184 5038 3428 5095 occultas
3467 5042 3807 5095 tentationes

2222 5144 2319 5198 per
2339 5129 2575 5198 singulos
2604 5137 2800 5184 movet.
2846 5128 2979 5184 Cum
3019 5145 3148 5186 vero
3182 5139 3372 5186 contra
3416 5145 3535 5186 eam
3583 5143 3810 5201 accepta

2221 5219 2434 5276 licentia
2457 5231 2644 5291 aperte
2674 5221 2928 5288 saavierit,
2957 5221 3194 5278 furorem
3225 5239 3382 5278 suum
3413 5223 3465 5278 in
3485 5238 3608 5278 eam
3648 5204 3806 5279 colli-

2216 5311 2310 5382 git,
2341 5312 2466 5382 quia
2499 5313 2551 5365 in
2591 5311 2706 5382 ejus
2732 5311 3071 5368 alllictionem
3105 5322 3214 5368 tota
3245 5329 3303 5369 se
3335 5315 3640 5369 intentione
3667 5331 3803 5370 eon-

2215 5404 2450 5474 stringit.
2493 5403 2594 5470 Qui
2646 5413 2831 5459 contra
2873 5420 2990 5460 eam
3038 5405 3285 5460 dentibus
3333 5406 3538 5471 fremit,
3570 5422 3805 5477 eamque

2217 5494 2548 5548 terribilibus
2592 5495 2762 5550 oculis
2805 5495 3066 5561 intuetur,
3109 5496 3232 5566 quia
3282 5511 3382 5566 per
3427 5497 3564 5552 alios
3605 5511 3799 5553 contra

2217 5606 2335 5645 eam
2381 5587 2617 5643 crudelia
2669 5597 2905 5649 exercet,
2956 5597 3009 5644 et
3053 5604 3152 5660 per
3192 5589 3325 5644 alios
3377 5605 3498 5660 quze
3545 5599 3800 5646 exerceat

2216 5683 2480 5754 providet.

2291 5777 2453 5829 Vens.
2481 5775 2564 5829 li.
2591 5806 2661 5815 —
2703 5795 2720 5827 ι
2769 5775 3112 5845 Aperuerunt
3153 5791 3314 5846 super
3355 5790 3441 5830 me
3486 5791 3602 5838 ora,
3627 5795 3646 5828 ι
3685 5783 3795 5830 etc.

2221 5868 2404 5940 (lbid.)
2429 5867 2561 5936 Quia
2600 5884 2691 5924 ora
2734 5885 2827 5923 sua
2854 5869 3072 5941 reprobi
3106 5867 3494 5940 exprobrantes
3520 5867 3798 5938 aperiunt,
