3982 6352
241 409 345 468 801

1308 407 1579 467 GLOSSA
1614 403 2013 464 ORDINABIA.
2051 437 2124 449 —
2156 405 2283 464 LIB.
2323 405 2462 465 JOB.
2561 435 2571 448 ι

3402 415 3511 473 802

243 542 371 585 cum
407 531 464 581 et
488 536 732 580 errorem
760 525 1057 594 pradicare
1089 541 1196 582 non
1243 533 1511 591 metuunt,
1541 532 1597 580 et
1639 523 1835 595 pradi-
1859 523 1914 584 A
2015 540 2034 572 ι
2058 521 2175 576 Νοη
2204 523 2463 593 pepercit,
2486 541 2505 574 ι
2538 522 2591 577 id
2621 531 2723 588 est,
2755 538 2860 580 non
2889 525 3112 581 destitit.

244 624 498 676 canicula
525 624 690 670 recta
709 614 832 670 ﬁdei
856 615 1100 670 irrident.

1997 611 2160 666 Vens.
2210 613 2300 666 l5.
2330 644 2401 652 —
2451 631 2470 664 ι
2515 612 2762 669 Concidit
2807 631 2953 671 me.»
3005 616 3062 670 ln
3115 617 3345 675 inﬁrmis
3397 623 3510 678 suis

323 729 344 762 ι
375 707 774 762 Percusserunt
816 707 1090 762 maxillam
1116 723 1313 764 meam.
1339 727 1357 759 ι
1385 707 1602 762 Maxilla
1637 706 1825 762 Eccle-
1925 703 2186 769 Ecclesia,
2232 712 2360 768 etc.,
2401 721 2562 776 usque
2599 706 2667 759 ad
2699 721 2818 762 cum
2858 708 3014 779 culpa
3063 709 3273 781 culpam
3323 728 3510 769 cumu-

246 802 368 866 sia,
392 808 519 856 sunt
541 800 715 855 sancti
744 800 1144 870 pradicatores,
1190 802 1282 872 qui
1315 801 1483 856 vitam
1525 801 1828 858 carnalium

247 892 419 948 verbo
449 891 804 947 correctionis
825 901 1178 948 convertunt:
1205 894 1306 950 bos
1330 894 1539 964 reprobi
1563 893 1830 964 praecipue

245 990 672 1060 persequuntur,
695 997 832 1052 quos
854 983 978 1038 dum
1006 983 1170 1039 etiam
1193 993 1406 1049 necant,
1438 983 1525 1038 illa
1553 998 1647 1040 eos
1671 999 1830 1054 pana

248 1073 436 1134 satiat,
469 1086 594 1142 qua
621 1079 856 1127 mentem
899 1073 1155 1129 Ecclesia
1192 1075 1461 1145 pracipue
1489 1075 1714 1140 cruciat,
1744 1075 1831 1131 vel

244 1162 497 1233 castigat.

325 1273 344 1307 α
376 1253 646 1309 Maxillam
689 1269 887 1312 meam.
911 1275 930 1308 ι
965 1256 1160 1313 Petrus
1195 1264 1281 1312 est
1321 1257 1563 1324 maxilla,
1593 1258 1683 1327 qui
1709 1272 1828 1314 ma-

250 1358 363 1404 ctat
385 1357 440 1403 et
465 1349 774 1405 manducat.
813 1348 1043 1405 Samson
1083 1351 1358 1406 maxillam
1395 1352 1534 1406 asini
1561 1359 1729 1415 tenet,
1777 1359 1834 1406 et

251 1441 436 1495 hostes
483 1440 707 1505 occidit,
740 1440 793 1495 id
827 1449 910 1496 est
940 1440 1188 1498 Christus
1233 1443 1506 1513 simplices
1553 1457 1830 1512 pracones

250 1549 413 1588 manu
435 1533 654 1588 virtutis
683 1541 850 1599 tenet,
885 1543 940 1590 et
965 1551 996 1589 a
1019 1535 1164 1591 vitiis
1190 1537 1434 1591 carnales
1461 1537 1677 1592 occidit.
1723 1536 1832 1590 Ma-

251 1621 378 1675 xilla
407 1621 651 1691 projecta
698 1633 786 1678 est
820 1623 875 1678 iu
925 1633 1146 1690 terram,
1189 1641 1357 1695 aquas
1394 1624 1657 1680 eﬂ‘undit:
1704 1626 1831 1694 quia

251 1715 376 1769 data
405 1715 566 1770 morti
601 1729 826 1785 corpora
850 1731 1156 1786 praconum
1180 1732 1372 1789 magna
1409 1716 1700 1772 ostendunt
1725 1716 1832 1771 mi-

253 1806 456 1863 tacula.

1929 793 2140 850 laverit.

2005 902 2024 935 ι
2061 884 2221 939 lrruit
2251 885 2304 940 in
2335 900 2422 940 me
2448 885 2601 956 quasi
2643 887 2812 958 gigas.
2835 907 2853 939 ι
2880 887 3012 954 Quia
3061 889 3319 946 nimirum
3351 894 3509 948 mali-

1927 991 2065 1047 gnus
2087 975 2310 1046 spiritus
2339 983 2525 1031 contra
2555 976 2723 1043 hanc,
2760 977 2814 1033 id
2857 966 2941 1034 est
2968 980 3224 1045 animam,
3256 997 3318 1037 ex
3345 999 3510 1053 prava

1929 1067 2318 1122 consuetudine
2347 1067 2612 1121 devictam
2641 1069 2790 1137 quasi
2824 1084 2972 1124 more
3011 1071 3242 1141 gigantis
3283 1084 3509 1146 pugnat,

1929 1157 2054 1228 quia
2082 1167 2284 1229 quanto
2311 1172 2370 1213 se
2395 1158 2444 1213 ei
2479 1159 2658 1213 anima
2683 1159 2896 1231 subjicit
2924 1161 3186 1230 crebrius,
3219 1171 3366 1220 tanto
3389 1181 3510 1220 eum

1931 1247 2033 1303 sibi
2069 1249 2543 1304 intolerabiliorem
2592 1265 2650 1305 se
2700 1250 2852 1306 facit.
2909 1250 3016 1306 Sed
3041 1253 3167 1324 quia
3194 1255 3511 1329 plerumque

1932 1341 1998 1396 ad
2023 1341 2397 1410 paenitentiam
2421 1341 2581 1409 redit,
2605 1344 2866 1414 sequitur.

2003 1435 2164 1490 Vens.
2200 1435 2285 1490 l6.
2319 1466 2389 1476 —
2419 1455 2436 1488 ‹
2472 1435 2700 1492 Saccum
2735 1437 2920 1493 eonsui
2963 1455 3124 1511 super
3155 1450 3351 1498 cutem.
3401 1462 3420 1496 ι
3455 1443 3511 1500 In

1931 1543 2089 1584 sacco
2135 1536 2190 1582 et
2237 1528 2418 1584 cinere
2459 1529 2804 1600 paenitentia,
2852 1531 2905 1584 in
2946 1540 3069 1586 cute
3111 1542 3165 1587 ct
3193 1548 3354 1588 carne
3389 1550 3514 1606 pec-

1932 1629 2109 1675 catum
2150 1620 2330 1674 carnis
2379 1620 2712 1692 intelligitur.
2757 1614 2896 1692 Er'go
2931 1624 3085 1692 quasi
3123 1640 3314 1680 saccus
3353 1641 3515 1696 super

1933 1719 2111 1766 cutem
2138 1711 2434 1775 consuitur,
2462 1719 2517 1766 et
2546 1712 2728 1766 cinere
2755 1728 2883 1766 caro
2913 1713 3172 1782 operitur,
3204 1715 3328 1785 quia
3358 1717 3514 1787 culpa

1933 1803 2112 1858 carnis
2140 1819 2237 1874 per
2257 1803 2627 1874 paenitentiam
2652 1804 2868 1874 tegitur,
2894 1820 2960 1859 ne
2980 1804 3034 1859 in
3065 1806 3291 1861 districti
3319 1807 3514 1876 judicis

323 1895 489 1952 Vens.
515 1896 603 1951 12.
623 1926 694 1938 -
718 1914 738 1948 ¢
765 1896 1040 1953 Conclusit
1058 1914 1144 1954 me
1169 1899 1330 1963 Deus,
1354 1918 1373 1951 ι
1398 1906 1503 1954 etc.
1525 1899 1834 1954 Electorum
1863 1879 1909 1939 Β
1936 1895 2184 1950 examine
2211 1895 2279 1949 ad
2307 1895 2560 1950 ultionem
2586 1895 2850 1950 videatur;

251 1988 483 2057 populus
511 1989 651 2058 apud
701 1989 946 2058 iniquum
997 1991 1368 2046 concluditur:
1402 2005 1523 2045 cum
1553 1991 1671 2060 ejus
1693 1978 1836 2045 Icaro

251 2078 461 2148 antiqui
511 2079 683 2134 hostis
728 2081 1199 2149 persecutionibus
1243 2080 1611 2152 temporaliter
1657 2081 1833 2136 datur.

253 2168 356 2236 Qui
389 2185 494 2225 non
523 2172 757 2242 spiritui,
797 2172 891 2228 sed
939 2174 1188 2229 manibus
1216 2174 1557 2229 inimicorum
1583 2174 1834 2241 traditur,

251 2260 378 2329 quia
408 2277 514 2331 quo
561 2262 706 2318 hunc
747 2272 931 2320 mente
977 2280 1172 2335 capere
1220 2274 1517 2336 nequeunt,
1547 2281 1613 2322 eo
1647 2275 1836 2321 contra

251 2352 397 2408 illius
421 2369 612 2409 carnes
640 2355 911 2411 crudelius
935 2357 1306 2412 inardescunt.

325 2448 487 2501 Vens.
541 2448 626 2503 15.
672 2479 743 2488 -
775 2468 794 2500 ι
843 2450 956 2521 Ego
1008 2451 1097 2506 ille
1143 2452 1415 2522 quondam
1470 2453 1778 2523 opulentus.
1811 2472 1829 2505 ι

253 2536 474 2610 (ὕκης.)
521 2539 858 2596 lnﬁrmorum
890 2551 1123 2597 mentem
1151 2543 1415 2614 designat,
1445 2545 1569 2614 quia
1598 2544 1723 2599 dum
1750 2544 1840 2598 ad-

251 2643 411 2683 versa
461 2630 757 2699 pravidere
787 2633 1050 2698 nesciunt,
1087 2641 1236 2689 tanto
1286 2635 1368 2690 eis
1395 2635 1644 2706 graviora
1688 2642 1834 2701 sunt,

254 2729 461 2790 quanto
491 2723 558 2776 ab
585 2723 666 2778 eis
710 2723 987 2795 in0pinata
1039 2726 1360 2782 tolerantur.
1393 2727 1512 2795 Vel,
1541 2729 1596 2782 in
1619 2729 1839 2799 quibus-

252 2809 400 2876 dam,
429 2812 630 2868 eisdem
659 2822 808 2870 retro
841 2815 1146 2873 labentibus
1187 2820 1299 2874 hac
1339 2819 1579 2875 Ecclesia
1607 2821 1835 2890 patitur,

251 2900 347 2970 qui
374 2910 495 2972 post
515 2902 777 2959 doctrina
795 2905 1131 2975 opulentiam
1155 2909 1446 2978 aliquando
1466 2910 1661 2964 subitis
1693 2910 1839 2966 vitiis

251 3001 661 3048 convertuntur.
699 3014 718 3046 ‹
768 2995 964 3050 Tenuit
1015 2997 1282 3053 cervicem
1336 3014 1572 3053 meam.)
1621 2997 1837 3066 Cervix,

254 3082 348 3138 hic
369 3082 641 3139 libertatis
658 3086 988 3141 erectionem’
1011 3087 1302 3156 signiﬁcat,
1325 3103 1485 3158 quam
1511 3091 1683 3145 hostis
1703 3100 1838 3146 tenet

246 3174 650 3243 persecutionis
681 3184 956 3246 tempore;
991 3194 1009 3228 ι
1042 3178 1380 3248 constringit,
1417 3198 1435 3230 ι
1483 3180 1608 3233 dum
1638 3178 1839 3235 inﬁrmi

2011 1988 2176 2042 Vens.
2211 1988 2294 2042 l6.
2323 2018 2392 2027 —
2428 2007 2447 2040 ι
2476 1989 2666 2044 Facies
2695 2005 2813 2044 mea
2855 1991 3126 2046 intumuit.
3154 2011 3170 2042 ι
3201 1991 3392 2048 Facies
3420 1995 3493 2048 Ec

1938 2076 2117 2132 clesia
2143 2085 2292 2142 sunt,
2340 2077 2430 2147 qui
2463 2077 2514 2132 in
2554 2078 2815 2149 regimine
2839 2080 3000 2150 positi
3050 2091 3308 2151 apparent
3334 2083 3515 2152 primi,

1939 2175 2000 2222 ut
2036 2184 2100 2223 ex
2130 2183 2318 2222 eorum
2349 2167 2529 2238 specie
2555 2168 2625 2222 sit
2648 2169 2820 2222 honor
2842 2169 3012 2224 ﬁdelis
3038 2171 3236 2241 populi.
3269 2172 3334 2226 lli
3361 2174 3516 2244 plan-

1939 2265 2072 2328 gunt
2100 2257 2285 2328 culpas
2311 2256 2697 2312 inﬁrmantium
2722 2275 2736 2323 ;
2779 2259 2871 2314 sed
2893 2259 3019 2314 dum
3049 2262 3228 2316 vident
3257 2267 3515 2332 quosdam

1940 2347 2006 2402 ad
2034 2348 2248 2402 veniam
2291 2347 2486 2413 redire,
2517 2348 2778 2418 quosdam
2803 2364 2930 2405 vero
2957 2351 3008 2404 in
3039 2351 3324 2422 iniquitate
3347 2355 3516 2425 persi-

1941 2443 2109 2502 stere,
2151 2435 2361 2492 occulta
2410 2436 2503 2492 Dei
2549 2435 2758 2506 judicia
2809 2439 3214 2511 obstupescunt,
3260 2460 3379 2515 qua
3412 2461 3519 2502 non

1941 2530 2262 2601 intelligunt.

2009 2619 2174 2675 Vens.
2194 2622 2277 2675 l7.
2298 2652 2367 2661 —-
2384 2640 2401 2672 ι
2423 2620 2488 2676 Ει
2506 2622 2793 2692 palpebra.
2819 2642 2838 2674 ι
2867 2623 3142 2697 Palpebra
3156 2628 3516 2699 appellantur,

1939 2714 2065 2786 quia
2091 2716 2156 2768 ad
2181 2715 2503 2785 providenda
2530 2715 2764 2786 plebium
2787 2716 2978 2772 itinera
3001 2719 3255 2790 vigilant;
3280 2723 3373 2777 sed
3397 2738 3520 2779 cum
3619 2737 3626 2740 '

1940 2808 2151 2863 occulta
2194 2807 2287 2880 Dei
2323 2806 2526 2876 judicia
2566 2822 2664 2864 nec
2703 2811 2974 2879 prapositi
3008 2811 3290 2882 vigilantes
3328 2814 3524 2871 intelli-

1941 2913 2096 2976 gunt,
2126 2903 2392 2975 palpebra
2427 2904 2681 2960 Ecclesia
2710 2915 2913 2962 sancta
2948 2907 3199 2980 caligant.

2014 2995 2178 3050 Vens.
2215 2995 2298 3050 l8.
2323 3027 2393 3034 —
2431 3015 2448 3046 ι
2483 2995 2605 3051 Hac
2651 3011 2841 3066 passus
2868 3013 3006 3052 sum.
3043 3019 3061 3050 ι
3095 2999 3140 3054 A
3183 3002 3362 3058 verbis
3402 3018 3523 3060 cor-

1942 3088 2112 3159 poris,
2173 3097 2300 3154 etc.,
2331 3105 2491 3159 usque
2519 3089 2587 3141 ad
2617 3104 2645 3142 a
2678 3089 2872 3159 quibus
2899 3092 3157 3147 toleratur
3188 3093 3380 3149 dolor?

2013 3179 2179 3233 Vens.
2204 3179 2290 3233 19.
2304 3211 2374 3218 -
2393 3198 2411 3230 ‹
2439 3179 2603 3234 Terra
2627 3196 2697 3235 ne
2715 3181 2930 3251 operias
2949 3185 3258 3254 sanguinem
3274 3203 3474 3243 meum.
3497 3207 3516 3241 ο

248 3281 382 3321 vera
412 3281 531 3336 qua
563 3269 802 3322 sentiunt
827 3269 1124 3338 pradicare
1145 3270 1313 3325 libere
1337 3286 1442 3326 non
1481 3284 1834 3342 praesumunt.
1864 3237 1912 3302 C
1943 3269 2195 3325 Peccanti
2229 3270 2432 3325 homini
2472 3271 2672 3325 dictum
2715 3280 2834 3326 est:
2871 3291 2888 3323 ‹
2931 3237 3097 3328 Terra
3143 3291 3202 3330 es
3238 3285 3293 3331 et
3321 3278 3372 3331 in
3416 3287 3524 3333 ter-

250 3357 375 3423 Vel,
405 3359 674 3414 cervicem
707 3375 859 3414 suam
892 3360 1023 3416 dicit
1068 3376 1181 3424 eos,
1237 3363 1328 3431 qui
1382 3361 1435 3416 in
1464 3362 1708 3418 Ecclesia
1739 3364 1840 3420 sub

253 3450 544 3506 occasione
600 3449 953 3506 defendenda
1008 3451 1351 3507 rectitudinis
1409 3453 1540 3508 vitio
1587 3452 1840 3510 elationis

250 3545 604 3600 deserviunt:
649 3559 815 3613 quam
846 3545 1018 3601 hostis
1056 3545 1394 3602 districtione
1436 3561 1546 3602 sua
1585 3561 1840 3616 persecu-

249 3638 416 3692 tionis
438 3636 677 3692 inclinat.

331 3748 350 3780 ‹
381 3728 447 3782 Et
481 3728 661 3798 posuit
689 3743 776 3782 me
805 3727 961 3798 quasi
984 3727 1041 3782 in
1074 3727 1304 3798 signum.
1327 3746 1346 3779 ι
1387 3726 1574 3798 (Ιὸἱά.)
1616 3725 1841 3798 Signum

249 3816 322 3871 ad
351 3819 452 3872 hoc
499 3818 738 3888 ponitur,
780 3826 840 3872 ut
887 3817 1208 3887 sagittarum
1254 3816 1547 3878 emissione
1589 3816 1836 3872 feriatur.

247 3906 456 3965 Fidelis
494 3909 676 3979 itaque
713 3908 944 3979 populus
981 3909 1035 3962 in
1066 3909 1279 3979 signum
1312 3909 1454 3963 hosti
1483 3923 1580 3963 suo
1601 3909 1839 3978 ponitur,

253 3999 384 4068 quia
437 4014 560 4053 eum
611 4014 826 4071 semper
876 3999 989 4054 suis
1037 4000 1232 4054 ictibus
1281 3999 1511 4069 impetit,
1559 4015 1680 4054 cum
1730 3999 1841 4055 suis

247 4093 722 4162 persecutionibus
747 4092 950 4164 aﬁligit,
981 4093 1123 4148 unde
1163 4093 1450 4164 Apostolus
1474 4109 1488 4148 :
1517 4113 1536 4146 ι
1563 4093 1667 4165 Ipsi
1696 4095 1840 4150 enim

251 4180 426 4244 scitis,
462 4183 602 4250 quod
635 4182 688 4235 in
719 4183 826 4237 hoc
863 4183 1025 4253 positi
1070 4199 1255 4238 sumus
1285 4182 1335 4254 (1
1379 4183 1557 4238 Thess.
1587 4185 1724 4255 111).»
1759 4183 1840 4239 Ac

251 4271 300 4326 si
335 4280 520 4341 aperte
551 4272 732 4327 dicat:
776 4274 913 4341 Quid
947 4275 999 4328 in
1052 4275 1153 4329 hoc
1186 4283 1425 4344 tempore
1470 4277 1688 4331 vulnera
1738 4293 1836 4332 no-

249 4371 368 4419 stra
403 4363 710 4418 miramini?
741 4365 832 4436 qui
873 4365 920 4419 si
963 4373 1164 4421 aterna
1209 4365 1404 4434 gaudia
1429 4369 1740 4438 quarimus,
1769 4369 1838 4423 ad

249 4453 359 4509 hoc
389 4454 635 4510 venimus
663 4464 724 4510 ut
759 4456 1038 4511 feriamur.

325 4545 491 4600 Vens.
522 4544 610 4599 14.
635 4575 708 4586 -
741 4565 760 4597 ι
793 4545 1158 4601 Circumdedit
1181 4561 1290 4602 me.
1311 4566 1330 4599 ι
1363 4546 1606 4604 Ecclesia
1634 4548 1837 4605 lanceis

247 4634 322 4690 ab
347 4635 504 4690 hoste
550 4651 647 4690 suo
679 4636 1071 4701 circumdatur,
1108 4637 1322 4706 quando
1353 4637 1406 4692 in
1438 4638 1697 4694 membris
1725 4639 1839 4694 suis

249 4726 324 4781 ab
354 4726 729 4795 impugnatore
752 4723 927 4780 calido
978 4725 1334 4781 tentationum
1374 4727 1570 4797 jaculis
1597 4728 1665 4782 ab
1690 4738 1841 4793 omni

255 4828 410 4891 parte
431 4818 729 4888 impetitur.

330 4927 348 4958 ε
381 4908 801 4964 Convulneravit
851 4907 1062 4964 lumbos
1113 4923 1323 4965 meos.»
1375 4909 1508 4966 Cum
1561 4911 1732 4968 hostis
1777 4912 1839 4967 ﬂ-

250 4999 430 5056 delem
459 5001 715 5071 populum
740 5001 808 5056 ad
839 5001 1108 5056 luxuriam
1134 5002 1418 5071 pertrahit,
1447 5004 1591 5058 hunc
1616 5005 1668 5058 in
1698 5005 1837 5061 lum-

247 5089 336 5146 bis
367 5089 516 5146 ferit.
547 5109 565 5141 ι
597 5089 1002 5147 Convulnerare
1028 5111 1048 5142 ι
1081 5100 1262 5147 autem
1291 5092 1504 5159 dicitur,
1536 5095 1661 5164 quia
1693 5097 1835 5165 quod

247 5180 409 5235 nobis
438 5181 578 5236 male
609 5184 868 5254 suggerit,
897 5199 996 5239 nos
1015 5191 1302 5254 sequentes
1325 5199 1390 5238 ex
1412 5186 1630 5256 propria
1655 5187 1838 5242 volun-

249 5279 364 5326 tate
392 5272 694 5342 implemus,
725 5284 781 5330 et
809 5275 964 5345 quasi
1015 5289 1137 5331 cum
1166 5275 1282 5345 ipso
1332 5289 1430 5331 nos
1473 5276 1677 5346 pariter
1723 5277 1838 5332 vul-

222 5359 527 5418 'neramus.

329 5472 346 5503 ι
380 5454 494 5509 Non
526 5458 764 5526 pepercit
805 5464 860 5511 et
885 5454 1072 5511 effudit
1125 5457 1176 5511 in
1227 5465 1370 5511 terra
1401 5457 1609 5513 viscera
1638 5473 1775 5513 mea.
1809 5477 1828 5510 ι

251 5543 473 5600 Viscera
497 5546 754 5603 Ecclesia
793 5547 924 5602 dicit
947 5562 1136 5602 eorum
1181 5557 1408 5613 mentes,
1433 5551 1524 5618 qui
1547 5549 1664 5618 ejus
1691 5552 1746 5606 in
1776 5567 1835 5607 se

248 5634 536 5690 continent
587 5637 881 5708 mysteria:
937 5652 1072 5706 quos
1115 5638 1242 5692 dum
1293 5639 1545 5708 antiquus
1571 5642 1741 5696 hostis
1766 5641 1834 5696 ad

245 5723 533 5780 sacularia
581 5727 792 5798 negotia
839 5726 1120 5798 pertrahit,
1176 5728 1294 5798 ejus
1335 5729 1542 5786 viscera
1587 5732 1640 5787 in
1688 5741 1831 5794 terra

249 5816 447 5875 fundit.

1861 4596 1916 4656 D

1943 3379 2058 3418 ram
2096 3364 2227 3430 ibis;
2259 3384 2276 3415 ι
2317 3379 2436 3434 qua:
2473 3380 2532 3419 se
2579 3373 2721 3420 terra
2769 3365 3146 3438 Redemptoris
3195 3371 3365 3426 nostri
3393 3387 3520 3426 san-

1942 3454 2157 3527 guinem
2208 3471 2314 3510 non
2363 3457 2643 3512 abscondit
2685 3457 2810 3528 quia
2857 3461 3227 3531 unusquisque
3271 3473 3524 3534 peccator

1942 3545 2330 3616 redemptionis
2373 3561 2486 3600 sua
2533 3548 2765 3617 pretium
2817 3563 3059 3617 sumens,
3112 3551 3403 3610 conﬁtetur
3459 3570 3523 3612 ac

1942 3633 2143 3696 laudat.
2177 3644 2232 3690 et
2275 3635 2469 3704 quibus
2507 3635 2648 3691 valet
2695 3638 2958 3708 proximis
3005 3640 3307 3696 innotescit.
3357 3643 3524 3700 Terra

1941 3725 2105 3780 etiam
2130 3726 2448 3796 sanguinem
2477 3726 2594 3796 ejus
2621 3742 2728 3783 non
2755 3730 2967 3798 operuit
3009 3748 3022 3784 :
3051 3731 3177 3801 quia
3204 3742 3390 3788 sancta
3416 3734 3522 3790 Ec-

1943 3815 2106 3872 clesia
2140 3816 2526 3886 redemptionis
2551 3833 2660 3872 sua
2701 3820 3021 3890 mysterium
3067 3821 3118 3875 in
3163 3823 3372 3879 cunctis
3405 3825 3522 3896 jam

1943 3908 2126 3962 mundi
2175 3907 2420 3978 partibus
2469 3909 2800 3978 praedicavit.
2835 3930 2854 3961 ι
2887 3910 3070 3981 Neque
3105 3911 3343 3968 inveniat
3387 3915 3438 3969 in
3470 3924 3524 3972 te

1943 3998 2121 4053 locum
2146 3997 2348 4053 latendi
2377 3997 2580 4052 clamor
2599 4013 2772 4054 meus.
2795 4018 2812 4050 ι
2845 3998 3031 4072 (Ιὺὶά.)
3057 4000 3273 4058 Clamor
3299 4002 3524 4060 Redem-

1941 4091 2114 4159 ptoris
2143 4089 2310 4144 nostri
2339 4096 2422 4143 est
2448 4108 2466 4140 c
2503 4089 2722 4159 sang'uis
2749 4090 3152 4160 redemptionis,
3190 4112 3208 4144 ι
3256 4094 3347 4163 qui
3391 4111 3420 4150 a
3463 4095 3523 4150 ﬁ-

1943 4180 2152 4234 delibus
2191 4189 2442 4245 sumitur,
2475 4180 2590 4250 qui,
2639 4188 2699 4234 ut
2743 4181 2817 4234 ait
2865 4181 3172 4252 Apostolus,
3226 4185 3416 4239 melius
3446 4186 3524 4240 lo-

1942 4274 2127 4344 quitur
2153 4288 2314 4342 quam
2358 4272 2576 4343 sanguis
2603 4271 2735 4326 Abel
2764 4287 2778 4325 :
2811 4273 2936 4342 quia
2971 4275 3187 4344 sanguis
3211 4273 3341 4328 Abel
3381 4292 3523 4330 mor-

1943 4372 2050 4418 tem
2081 4362 2374 4418 fratricida
2415 4363 2592 4430 petiit,
2625 4362 2844 4433 sanguis
2888 4362 3099 4417 Domini
3143 4364 3310 4418 vitam
3342 4381 3524 4436 perse-

1941 4453 2220 4510 cutoribus
2272 4453 2600 4523 impetravit.
2667 4452 2769 4518 Qui
2819 4451 3024 4506 clamor
3079 4451 3255 4508 locum
3316 4455 3521 4512 latendi

1941 4543 2147 4600 invenit
2196 4544 2251 4598 in
2312 4542 2486 4608 nobis,
2545 4541 2590 4596 si
2647 4540 2790 4611 quod
2842 4556 2994 4597 mens
3043 4543 3290 4612 credidit,
3338 4544 3519 4616 lingua

1944 4641 2107 4688 tacet.
3163 4631 3172 4642 '

2015 4727 2179 4780 Vens.
2210 4725 2302 4779 20.
2328 4753 2398 4765 —
2427 4745 2446 4776 ι
2499 4725 2639 4780 Ecce
2671 4726 2815 4780 enim
2841 4726 2916 4792 in,
2953 4745 2972 4777 ›
3021 4735 3128 4784 etc.
3171 4726 3346 4784 Testis
3397 4727 3520 4784 Filii

1942 4817 2103 4871 Pater
2131 4824 2230 4880 est,
2257 4823 2318 4869 ut
2342 4815 2394 4870 in
2424 4815 2714 4886 Evangelio
2739 4835 2751 4870 :
2781 4835 2799 4866 ι
2828 4815 2894 4870 Et
2914 4816 3006 4887 qui
3039 4818 3188 4874 misit
3220 4834 3307 4875 me
3335 4818 3516 4886 Pater,

1943 4908 2056 4977 ipse
2083 4907 2444 4962 testimonium
2475 4904 2748 4976 perhibuit
2774 4907 2840 4962 de
2865 4922 2970 4962 me.
2995 4927 3014 4959 ι

2020 5019 2038 5050 ε
2070 5000 2137 5054 Et
2167 5000 2414 5054 conscius
2460 5013 2632 5053 meus.
2661 5017 2679 5049 ι
2713 4997 2849 5065 Quia
2891 5014 2998 5054 una
3049 4999 3344 5064 voluntate,
3382 5007 3514 5067 etc.,

1940 5108 2101 5163 usque
2131 5091 2198 5144 ad
2227 5090 2320 5144 sed
2350 5089 2471 5143 talis
2499 5089 2777 5144 hominum
2802 5091 3249 5160 reprehensiones
3276 5099 3516 5147 metuere

1942 5201 2047 5240 non
2078 5183 2254 5248 debet,
2284 5182 2426 5236 unde
2452 5182 2715 5237 subditur.

2012 5276 2178 5330 Vens.
2206 5274 2296 5328 21.
2324 5303 2395 5313 -
2431 5292 2449 5323 ι
2491 5271 2720 5328 Verbosi
2749 5272 2908 5328 amici
2937 5271 3063 5327 mei.
3089 5290 3109 5324 ι
3148 5270 3281 5327 Cum
3303 5272 3515 5330 verbosi

1942 5366 2100 5423 amici
2125 5374 2272 5431 sunt,
2317 5364 2371 5419 id
2402 5372 2507 5430 est,
2534 5380 2656 5420 cum
2684 5373 2741 5420 et
2788 5365 2887 5435 ipsi
2917 5364 3176 5433 derogant
3201 5364 3290 5434 qui
3333 5363 3384 5417 in
3412 5365 3516 5420 tide

1942 5458 2240 5522 sociantur,
2271 5457 2340 5511 ad
2389 5457 2556 5512 Deum
2588 5471 2808 5511 necesse
2855 5463 2940 5510 est
2989 5463 3050 5510 ut
3095 5455 3284 5510 oculus
3328 5455 3512 5520 stillet,

1943 5561 2209 5622 quatenus
2246 5556 2430 5604 nostra
2462 5549 2688 5604 intentio
2720 5555 2831 5601 tota
2862 5547 2915 5601 in
2943 5547 3145 5602 amoris
3174 5546 3347 5602 intimi
3371 5561 3514 5602 com-

1939 5638 2235 5710 punctione
2265 5636 2486 5704 deﬂuat,
2535 5647 2589 5692 et
2634 5645 2782 5691 tanto
2827 5652 2885 5691 se
2933 5638 3000 5691 ad
3033 5637 3290 5692 interiora
3318 5637 3509 5708 erigat,

1940 5741 2143 5804 quanto
2176 5748 2274 5803 per
2303 5733 2570 5788 exteriora
2598 5730 2881 5801 opprobria
2905 5731 3048 5785 intus
3077 5731 3252 5786 redire
3281 5730 3507 5802 cogitur.

2013 5825 2177 5882 Vens.
2207 5825 2297 5881 22.
2329 5856 2399 5867 -
2433 5843 2451 5878 ι
2503 5824 2678 5895 Atque
2721 5823 2945 5892 utinam,
2978 5843 2994 5875 ι
3038 5834 3140 5881 etc.
3198 5823 3514 5885 Peccatores
