3982 6352
497 494 604 552 805

995 484 1390 544 WKLAFRIDI
1430 481 1677 539 STRABl
1710 478 1916 535 FULD.
1952 475 2095 532 MOE

2215 476 2314 530 PP.
2358 475 2536 533 PARS
2570 477 2610 532 l.
2647 507 2716 516 —
2753 473 3204 531 THEOLOGICA.

3649 467 3759 527 801

493 610 714 681 quidem
743 621 865 674 nos,
888 614 1019 670 etc.,
1053 619 1216 674 usque
1253 602 1320 656 ad
1349 600 1441 656 sed
1464 607 1643 654 tamen
1665 599 1730 654 de
1758 596 1874 666 ejus
1895 596 2070 652 brevi-
2094 597 2146 657 Α
2171 595 2313 664 quod
2362 596 2574 650 dixerat
2623 614 2640 646 ι
2673 594 2926 662 caligavit
2972 592 3040 646 ad
3086 589 3512 681 indignationem
3559 585 3762 681 oculus

496 709 607 756 tate
631 714 690 754 se
713 695 1042 768 consolatur.

2168 701 2340 740 meus.
2370 705 2387 736 ι
2429 703 2447 736 i
2483 685 2549 738 Et
2591 686 2852 738 innocens
2889 691 3079 738 contra
3125 679 3466 750 hypocritam
3511 677 3764 734 suscita-

569 789 735 845 Vsns.
764 788 854 842 23.
881 817 951 826 —
974 771 998 837 ἰ
1033 783 1172 840 Ecce
1197 783 1339 838 enim
1362 783 1554 836 breves
1579 780 1704 835 anni
1729 786 2064 833 transeunt.»
2167 777 2330 832 bitur.
2355 796 2372 828 ι
2408 775 2610 832 Contra
2645 776 2980 846 hypocritam
3018 773 3308 829 suscitatur
3334 772 3610 827 innocens
3633 784 3766 840 per-

497 880 669 936 Omne
697 878 840 950 quod
866 875 1062 931 transit
1089 876 1254 930 breve
1296 881 1402 938 est,
1448 873 1503 927 in
1547 871 1736 926 mortis
1779 878 1960 924 autem
1986 882 2070 922 se—

497 972 630 1026 mita
659 984 755 1041 per
802 982 960 1038 quam
1008 981 1114 1022 non
1164 965 1505 1028 revertimur,
1560 961 1916 1026 ambulamus,
1964 974 2072 1013 non

497 1062 643 1132 quod
664 1061 730 1116 ad
756 1061 923 1115 vitam
949 1056 1278 1128 resurgendo
1302 1071 1408 1110 non
1433 1055 1786 1120 reducamur;
1813 1053 1908 1110 sed
1949 1052 2076 1122 quia

498 1154 566 1209 ad
615 1152 828 1207 labores
878 1150 1040 1220 hujus
1077 1148 1200 1204 vitae
1235 1147 1498 1212 mortalis,
1531 1147 1614 1202 vel
1649 1148 1717 1202 ad
1745 1144 2073 1216 acquirenda

497 1245 774 1302 laboribus
791 1243 1013 1316 praemia
1033 1244 1226 1299 iterum
1245 1256 1353 1297 non
1374 1241 1638 1296 venimus.

1068 1373 1294 1433 CAPUT
1332 1373 1490 1430 XVII.

572 1512 733 1568 Vens.
763 1511 815 1566 1.
837 1540 906 1551 -
935 1529 953 1560 ι
983 1509 1216 1582 Spiritus
1241 1524 1391 1564 meus
1411 1507 1795 1562 attenuabitur.
1823 1526 1840 1556 ι
1859 1503 2076 1575 (Cane)

501 1603 824 1659 Attenuatur
852 1603 1074 1674 spiritus
1112 1602 1401 1658 electorum
1452 1602 1644 1656 timore
1685 1599 1901 1670 judicis,
1949 1606 2004 1652 et
2033 1597 2077 1651 si

497 1710 634 1766 quas
672 1695 724 1750 in
743 1710 802 1750 se
831 1694 1076 1750 carnales
1103 1693 1458 1762 cogitationes
1494 1691 1792 1754 inveniunt,
1821 1688 2079 1758 poeniten-

502 1786 592 1840 tia:
641 1787 835 1842 ardore
881 1792 1223 1840 consumunt.
1275 1781 1507 1852 Spiritus
1555 1788 1729 1835 autem
1775 1779 2080 1849 iniquorum

499 1889 598 1946 per
628 1883 892 1929 tumorem
938 1873 1187 1928 elationis
1234 1871 1541 1926 crassescit.
1573 1888 1591 1921 ί
1629 1869 1693 1924 Et
1729 1869 1897 1942 solum
1945 1868 2076 1922 mihi

2170 865 2364 930 fectus,
2390 866 2608 935 quando
2645 866 2791 920 hunc
2818 880 2942 920 cum
2969 879 3068 920 suo
3096 861 3230 918 ﬂore
3249 861 3570 924 contemnit,
3616 874 3770 914 eum-

2173 975 2276 1030 que
2304 960 2644 1030 praedicando
2679 974 2798 1030 quae
2828 968 2973 1014 recta
3016 965 3156 1020 sunt,
3193 953 3610 1027 despiciendum
3643 967 3768 1008 use

2172 1051 2384 1110 Galeris
2419 1050 2718 1106 denuntiat.

2247 1141 2409 1195 Vens.
2438 1141 2490 1195 9.
2524 1172 2591 1181 —
2627 1161 2643 1192 ι
2676 1141 2743 1195 Et
2773 1140 2979 1196 tenebit
2995 1140 3175 1210 justus
3203 1139 3346 1214 viam
3366 1152 3546 1194 suam.
3573 1155 3596 1189 ι
3627 1138 3768 1204 Qui:

2175 1233 2515 1290 considerato
2542 1231 2820 1303 hypocrita
2846 1232 2970 1287 dum
3002 1229 3152 1284 illum
3187 1245 3256 1284 ex
3278 1243 3540 1299 perversa
3565 1227 3768 1282 volun-

2178 1335 2284 1382 tate
2311 1326 2554 1380 obtinere
2585 1341 2644 1380 ea
2682 1339 2801 1394 qua:
2849 1324 3033 1379 mundi
3063 1331 3191 1378 sunt
3220 1323 3478 1386 intuetur,
3537 1323 3666 1390 ipse
3706 1322 3770 1375 ad

2177 1430 2416 1470 amonem
2439 1415 2736 1469 ccelestium
2767 1416 3038 1470 robustius
3059 1413 3361 1484 stringitur.
3395 1411 3620 1477 Sciens,
3644 1412 3774 1480 quia

2178 1506 2333 1560 bonis
2363 1505 2645 1560 desideriis
2689 1507 2910 1576 praamia
2938 1514 3141 1560 aeterna
3173 1520 3282 1559 non
3314 1505 3588 1559 deerunt:
3641 1504 3772 1558 dum

2179 1606 2233 1650 et
2259 1597 2442 1666 pravis
2471 1605 2525 1650 et
2550 1597 2850 1665 duplicibus
2874 1597 3126 1652 cordibus
3153 1597 3292 1651 bona
3317 1594 3648 1665 temporalia
3665 1611 3772 1649 non

2180 1698 2468 1758 negantur.
2504 1709 2520 1739 ‹
2548 1688 2613 1742 Et
2635 1689 2848 1742 mundis
2869 1687 3117 1742 manibus
3137 1687 3298 1742 addet
3318 1685 3732 1742 fortitudinem.
3752 1706 3769 1737 ι

2181 1781 2316 1847 Quia
2364 1781 2552 1834 videns
2599 1795 2976 1850 perversorum
3023 1789 3296 1834 terrenam
3337 1778 3590 1848 gloriam,
3636 1787 3775 1844 etc.,

2182 1887 2343 1940 usque
2369 1870 2437 1923 ad
2465 1886 2582 1940 quae
2610 1870 2712 1924 sibi
2742 1885 2862 1924 cum
2892 1869 3134 1939 reprobls
3151 1869 3460 1926 communia
3493 1883 3624 1924 esse
3667 1885 3776 1925 non

502 1974 747 2037 superest
769 1965 1092 2036 sepulcrum.
1130 1984 1147 2016 ›
1175 1963 1320 2018 Pene
1351 1971 1618 2016 mortuum
1667 1977 1725 2015 se
1750 1961 2078 2025 considerat,
2110 1946 2156 2006 Β
2185 1970 2430 2035 possunt.

504 2058 632 2129 quia
661 2057 981 2112 moriturum
1008 2071 1065 2110 se
1086 2055 1304 2109 minime
1333 2054 1543 2125 ignorat
1568 2051 1706 2106 unde
1732 2051 2006 2120 sequitur:

578 2149 740 2202 Vens.
773 2147 829 2201 2.
859 2176 928 2186 —
955 2164 972 2196 ι
1007 2145 1121 2199 Non
1171 2143 1410 2215 peccavi.
1439 2162 1456 2194 ι
1500 2141 1613 2196 Non
1661 2142 1927 2196 intantum
1966 2155 2086 2210 pec-

508 2238 674 2302 cavit,
704 2246 762 2292 ut
792 2236 907 2290 hinc
936 2233 1143 2305 ﬂagella
1183 2242 1501 2297 mereretur,
1545 2231 1669 2302 quia
1702 2245 1806 2284 non
1837 2245 1934 2299 pro
1964 2243 2086 2282 cor—

507 2327 728 2400 rigenda
760 2327 938 2397 culpa,
969 2326 1060 2380 sed
1088 2340 1186 2396 pro
1212 2323 1452 2395 augenda
1476 2325 1645 2393 gratia
1672 2336 1958 2391 percussus
1980 2329 2081 2373 est.

502 2419 620 2485 Vel,
654 2426 836 2490 caput,
869 2419 969 2473 hoc
989 2417 1137 2482 dicit,
1169 2417 1261 2487 qui
1302 2417 1416 2470 sine
1440 2416 1618 2486 culpa,
1650 2430 1863 2485 poenam
1891 2411 2082 2483 culpis,

502 2509 556 2566 id
593 2521 693 2573 est,
726 2509 1141 2564 amaritudinem
1180 2507 1447 2578 passionis
1472 2507 1728 2575 suscepit.

575 2601 741 2656 Vens.
767 2600 820 2654 5.
838 2628 907 2638 -
933 2616 949 2646 ‹
979 2597 1126 2653 Pone
1148 2612 1235 2652 me
1246 2596 1396 2665 juxta
1426 2605 1496 2650 te.
1521 2616 1538 2646 ι
1563 2596 1666 2650 Per
1686 2594 2084 2658 ascensionem;

506 2699 627 2766 post
653 2690 780 2760 quia
818 2685 1000 2742 Iudaea
1028 2695 1298 2743 commota
1341 2694 1423 2742 est
1465 2687 1517 2740 in
1561 2684 1870 2754 discipulos,
1899 2683 2084 2737 addit:

517 2803 535 2836 ι
565 2783 811 2853 Cujusvis
839 2797 1050 2837 manus.
1082 2799 1099 2833 ι
1139 2781 1273 2848 Quia
1311 2779 1421 2849 jam
1465 2780 1662 2835 frustra
1711 2789 1875 2850 agunt
1899 2788 2087 2834 contra

508 2894 655 2944 eum,
687 2879 778 2949 qui
803 2879 952 2933 sedet
987 2878 1039 2932 in
1079 2878 1234 2933 coelo.

582 2969 744 3023 Vens.
770 2968 827 3022 4.
849 2997 917 3007 -
945 2987 963 3019 ε
998 2965 1104 3022 Cor
1145 2982 1330 3022 eorum
1381 2967 1556 3037 longe.
1583 2987 1599 3019 ι
1647 2966 1703 3021 Si
1754 2968 1898 3022 enim
1932 2966 2093 3022 disci-

509 3063 672 3134 plina:
698 3061 998 3117 custodiam
1049 3069 1288 3128 nossent,
1333 3079 1674 3132 nequaquam
1719 3062 2094 3135 Redemptoris

499 3162 782 3224 precepts
832 3161 1262 3208 contemnerent.
1319 3174 1336 3203 ι
1391 3153 1680 3224 Propterea
1737 3171 1866 3220 non,
1917 3174 1936 3208 ι
1984 3163 2089 3210 etc.

513 3245 614 3315 Qui
656 3245 798 3302 enim
839 3263 937 3318 per
982 3247 1321 3317 disciplinam
1361 3249 1582 3303 minime
1613 3249 1885 3305 custodire
1922 3251 2091 3305 vitam

511 3344 752 3408 student,
797 3358 1011 3413 semper
1047 3357 1146 3412 per
1181 3341 1450 3397 desideria
1487 3343 1540 3396 in
1585 3343 1707 3398 imis
1749 3343 1953 3412 jacent,
1994 3359 2096 3400 nec

514 3442 752 3488 mentem
781 3431 848 3486 ad
873 3447 1021 3502 spem
1043 3431 1276 3486 cmlestis
1296 3431 1485 3501 patriae
1504 3431 1738 3504 erigunt.

585 3521 750 3577 Vens.
775 3522 828 3578 5.
852 3553 919 3562 —
949 3540 968 3573 ι
1009 3519 1252 3576 Praedam
1285 3522 1588 3592 pollicetur,
1619 3543 1637 3574 ι
1665 3533 1769 3578 etc.
1817 3523 1895 3579 Ad
1937 3533 2097 3596 caput

517 3617 810 3681 malorum,
847 3613 1118 3671 diabolum
1169 3615 1398 3679 scilicet,
1431 3617 1755 3671 sententiam
1807 3618 2096 3685 convertit,

519 3709 674 3779 cujus
702 3727 719 3759 α
742 3707 875 3765 socii
895 3726 912 3758 ι
943 3714 1072 3761 sunt
1100 3715 1360 3776 apostatte
1382 3706 1577 3778 angeli,
1601 3708 1693 3778 qui
1723 3723 1843 3762 cum
1866 3723 1930 3762 eo
1960 3708 2103 3763 ccci.

517 3789 733 3858 derunt.
762 3821 781 3853 ι
819 3793 964 3868 Filii,
997 3821 1014 3853 ι
1041 3809 1168 3857 sunt
1199 3801 1445 3857 homines
1474 3805 1739 3873 perversi,
1768 3805 1859 3874 qui
1890 3806 1956 3860 de
1986 3803 2102 3873 ejus

523 3909 690 3965 prava
728 3893 1079 3964 persuasione
1108 3894 1162 3947 in
1193 3893 1408 3950 malitiae
1426 3896 1735 3966 operatione
1757 3907 2101 3966 generantur.

524 4001 544 4036 ι
574 3983 817 4038 Praedam
842 3982 1004 4054 igitur
1028 3985 1190 4039 sociis
1212 3986 1514 4054 pollicetur,
1543 4006 1562 4038 ι
1587 3986 1713 4056 quia
1735 3988 1979 4060 malignis
1999 3989 2107 4060 spi-

520 4075 715 4131 ritibus
743 4072 952 4128 animas
988 4089 1275 4144 pravorum
1304 4077 1570 4145 promittit
1591 4078 1647 4132 in
1672 4079 1777 4133 ﬁne
1802 4081 2104 4149 rapiendas.

601 4186 620 4217 ι
677 4164 834 4222 Oculi
884 4163 1116 4221 ﬁliorum
1169 4165 1287 4236 ejus
1339 4165 1610 4224 deﬁcient.
1664 4188 1683 4222 ι
1734 4169 1919 4241 (Ιὺὶιι.)
1974 4170 2109 4237 Quia

523 4256 858 4313 intentiones
897 4257 1199 4324 hominum,
1233 4265 1367 4325 etc.,
1405 4274 1566 4330 usque
1594 4262 1662 4315 ad
1696 4263 1836 4332 quod
1866 4263 2106 4330 doleant,

522 4349 643 4405 sine
671 4348 778 4404 ﬁne
807 4348 1104 4420 patiuntur.

595 4437 764 4495 Vsns.
808 4439 860 4494 6.
907 4467 979 4480 -
1027 4458 1046 4491 σ
1083 4440 1268 4496 Posuit
1300 4456 1403 4496 me.
1450 4462 1469 4494 ι
1521 4440 1708 4498 Omnis
1759 4444 1850 4514 qui
1903 4443 2110 4516 ﬂagello

525 4536 852 4608 percutitur,
885 4544 1014 4604 etc.,
1054 4555 1214 4608 usque
1240 4538 1308 4591 ad
1337 4553 1564 4608 eamque
1595 4551 1808 4609 pcenam
1835 4555 1932 4597 suo
1959 4551 2112 4613 Optat

529 4627 849 4682 adversario
879 4643 1039 4699 quam
1067 4630 1310 4684 evenisse
1337 4632 1603 4700 conspicit
1623 4631 1789 4700 justo.

599 4716 768 4774 Vens.
795 4718 849 4772 7.
875 4745 948 4759 -—
974 4737 994 4770 ε
1027 4718 1288 4790 Caligavit
1319 4721 1386 4775 ab
1437 4722 1819 4793 indignatione.
1846 4743 1863 4775 ι
1911 4724 1992 4778 Ab
2035 4725 2108 4778 in-

532 4809 849 4884 dignatione
885 4809 1076 4865 oculus
1107 4810 1324 4882 caligat,
1349 4813 1565 4882 quando
1597 4813 1694 4882 ipsi
1723 4815 1810 4882 qui
1846 4815 1900 4867 in
1933 4814 2111 4869 Eccle-

527 4902 609 4960 sia
642 4901 822 4957 lumen
853 4901 1099 4958 veritatis
1147 4902 1370 4968 habent,
1417 4917 1701 4972 perversos
1745 4915 1932 4958 contra
1961 4906 2114 4959 inno-

531 4999 718 5047 centes
739 4991 1034 5064 pratvalere
1059 4993 1430 5062 conspiciunt:
1465 4996 1592 5064 quia
1615 4996 1680 5049 de
1705 4995 1899 5049 occulti
1924 4994 2115 5063 judicii

533 5083 893 5140 admiratione
935 5084 1244 5138 turbantur.
1291 5084 1400 5140 Sed
1445 5097 1564 5139 cum
1609 5084 1738 5154 justi
1781 5085 1848 5138 ad
1879 5085 2117 5155 indigna-

535 5176 740 5231 tionem
788 5177 1046 5250 caligant,
1079 5178 1278 5232 inﬁrmi
1309 5177 1625 5248 plerumque
1652 5194 1820 5249 usque
1843 5179 1910 5233 ad
1934 5179 2113 5235 inﬁde-

533 5266 746 5322 litatem
768 5279 1054 5333 cor-ruunt,
1083 5270 1225 5325 unde
1267 5269 1548 5338 seQuitur:
1583 5289 1601 5320 ‹
1636 5270 1702 5324 Et
1723 5271 1963 5325 membra
1991 5287 2110 5326 mea

539 5357 696 5427 quasi
725 5358 781 5411 in
831 5359 1077 5414 nihilum.
1103 5377 1123 5410 ι
1158 5358 1516 5413 Membrorum
1565 5360 1781 5414 nomine
1813 5361 2116 5416 teneritudo

540 5448 863 5520 exprimitur
897 5449 1254 5514 inﬁrmorum,
1286 5449 1379 5519 qui
1420 5449 1545 5505 dum
1594 5464 1876 5519 perversos
1911 5451 2117 5520 prospi-

541 5540 693 5596 ciunt
713 5539 928 5607 ﬂorere,
951 5539 1130 5609 justos
1156 5540 1420 5612 cruciari,
1453 5541 1592 5595 bona
1619 5555 1678 5594 se
1702 5540 1984 5596 inchoasse
2007 5557 2112 5611 pce-

544 5631 738 5696 nitent,
770 5639 930 5700 atque
971 5632 1043 5686 ita
1089 5632 1156 5686 ad
1197 5633 1399 5702 agenda
1449 5631 1588 5685 mala
1633 5630 1792 5687 citius
1837 5634 2120 5700 recedunt,

547 5738 612 5777 ac
639 5723 682 5777 si
718 5740 904 5781 eorum
943 5727 1068 5780 vita:
1112 5726 1355 5781 nocuerit
1391 5727 1611 5790 bonum,
1653 5724 1795 5795 quod
1843 5725 2124 5782 inchoave-

550 5823 696 5869 runt.

622 5905 785 5961 Vens.
812 5907 865 5963 8.
889 5938 958 5948 —
983 5925 1001 5959 ι
1037 5907 1340 5977 Stupebunt
1365 5908 1496 5977 justi
1529 5922 1687 5976 super
1710 5908 1827 5962 hoc.
1853 5928 1869 5958 ›
1905 5907 2014 5963 Hoc
2037 5918 2119 5964 est

2261 2054 2422 2108 Vens.
2457 2054 2542 2107 10.
2575 2084 2641 2092 -
2673 2072 2690 2102 ι
2728 2052 2897 2122 Igitur
2925 2066 3113 2108 omnes
3142 2067 3258 2107 vos.
3285 2071 3304 2104 ι
3342 2050 3648 2121 Postquam
3679 2067 3780 2106 ex-

2188 2146 2416 2200 teriores
2437 2154 2725 2216 provectus
2747 2144 3032 2209 malorum,
3049 2144 3312 2200 bonorum
3333 2157 3467 2199 vero
3483 2144 3783 2200 interiores

2185 2235 2389 2301 intulit,
2417 2237 2736 2292 exhortatur
2783 2235 3006 2299 electos,
3054 2244 3112 2288 ut
3154 2243 3568 2300 convertantur,
3623 2236 3784 2290 dese-

2187 2329 2354 2383 rendo
2379 2327 2538 2394 mala,
2567 2337 2622 2382 et
2651 2328 2887 2393 veniant,
2915 2328 3054 2382 bona
3076 2325 3340 2382 faciendo.

2261 2421 2424 2476 Vens.
2461 2423 2548 2475 11.
2579 2451 2649 2460 -
2679 2441 2696 2471 ι
2728 2420 2796 2474 Et
2822 2435 2928 2474 non
2983 2419 3037 2473 in
3085 2419 3256 2474 vobis.
3281 2438 3299 2470 ι
3346 2417 3780 2474 Conversionem

2187 2530 2375 2574 eorum
2427 2513 2741 2568 desiderans
2775 2519 3014 2580 exoptat,
3064 2525 3132 2564 ne
3166 2509 3332 2564 ullum
3377 2510 3692 2580 sapientem
3727 2511 3782 2563 i

2187 2609 2269 2664 eis
2290 2606 2550 2672 inveniat,
2573 2620 2636 2659 ac
2658 2604 2704 2660 si
2725 2604 2909 2659 dicat:
2939 2601 3099 2656 Stulti
3125 2616 3245 2656 esse
3271 2603 3411 2670 apud
3438 2615 3536 2656 vos
3558 2601 3782 2666 discite,

2189 2711 2252 2754 ut
2279 2700 2334 2753 in
2369 2697 2481 2752 Deo
2509 2710 2636 2753 vere
2658 2709 2781 2751 esse
2807 2693 3080 2762 sapientes
3101 2690 3347 2746 valeatis.

2269 2811 2285 2841 ι
2317 2790 2443 2845 Dies
2473 2789 2579 2845 mei
2616 2788 2966 2844 transierunt.
2994 2803 3012 2837 ι
3052 2803 3070 2836 t
3113 2784 3256 2849 Dies,
3287 2801 3306 2834 ι
3337 2784 3741 2854 prosperitates
3773 2802 3786 2835 :

2198 2904 2216 2936 ι
2251 2883 2621 2955 Cogitationes
2642 2897 2737 2936 cor
2761 2890 3092 2950 torquentes,
3127 2897 3145 2929 ι
3189 2891 3376 2932 curam
3401 2888 3644 2931 terrena
3667 2875 3790 2930 feli-

2194 2975 2377 3031 citatis
2405 2973 2576 3027 dicit:
2614 2987 2732 3042 qua:
2767 2979 2974 3041 quanto
3003 2969 3220 3040 gravius
3259 2967 3460 3023 electos
3499 2978 3786 3037 premunt,

2197 3076 2346 3124 tanto
2384 3065 2633 3122 subtilius
2676 3080 2708 3118 a
2745 3064 2927 3134 judice
2975 3061 3213 3120 rationes
3242 3061 3308 3116 de
3348 3061 3482 3130 ipsis
3532 3061 3790 3131 cogitant

2196 3159 2408 3229 exquiri
2438 3158 2520 3213 lite
2544 3156 2900 3228 cogitationes
2936 3146 3059 3210 cuni
3089 3155 3206 3224 ipsa
3253 3163 3468 3209 terrena
3517 3151 3794 3208 felicitate

2197 3255 2547 3323 dissipantur.

2273 3346 2437 3400 Vsus.
2465 3343 2551 3397 12.
2581 3371 2653 3382 -
2680 3360 2698 3392 ι
2730 3341 2954 3397 Noctem
2982 3346 3260 3396 verterunt
3279 3339 3333 3393 in
3363 3337 3528 3392 diem.
3565 3357 3585 3390 ι
3621 3336 3794 3392 Dissi-

2199 3445 2338 3506 pataa
2386 3434 2744 3505 cogitationes
2771 3451 2790 3484 ι
2824 3442 3036 3488 noctem
3069 3432 3120 3486 in
3157 3431 3299 3485 diem
3325 3449 3345 3482 ι
3371 3439 3610 3495 vertunt,
3660 3431 3792 3500 quia

2195 3524 2360 3595 justis
2405 3541 2791 3595 nonnunquam
2837 3524 3068 3595 amplius
3113 3523 3288 3593 placet
3335 3538 3402 3579 ex
3449 3525 3796 3581 adversitatc

2202 3618 2344 3673 mala
2375 3618 2604 3688 perpeti,
2636 3633 2794 3686 quam
2819 3632 2886 3671 ex
2912 3615 3268 3686 prosperitate
3311 3623 3548 3672 terrenae
3574 3618 3796 3686 dispen—

2202 3724 2260 3766 sa
2269 3693 2427 3765 ttbnis
2467 3723 2598 3764 cura
2625 3707 2857 3778 fatigari.

2281 3821 2297 3853 ι
2333 3802 2400 3856 Ει
2429 3816 2643 3857 rursum
2670 3811 2790 3871 post
2834 3801 3110 3858 tenebras.
3136 3820 3157 3854 ι
3191 3799 3380 3871 (Ιὺὶά.)
3413 3797 3532 3854 Lux
3559 3810 3690 3870 post
3715 3809 3794 3856 te~

2205 3895 2405 3949 nebras
2436 3903 2708 3963 speratur,
2735 3902 2863 3960 etc.,
2909 3911 3073 3964 usque
3101 3894 3169 3948 ad
3194 3901 3250 3948 et
3271 3892 3546 3963 iustorum
3575 3892 3798 3948 animas

2207 3984 2262 4041 in
2291 3995 2550 4056 perpetua
2568 3986 2680 4054 jam
2703 3989 2828 4040 sede
2856 3985 3168 4040 collocaret.

2281 4076 2443 4130 Vens.
2472 4077 2558 4131 1⁸5.
2586 4101 2656 4117 -
2686 4096 2704 4127 ε
2739 4075 2794 4130 Si
2820 4077 3149 4131 sustinuero.
3179 4094 3198 4128 ι
3229 4073 3448 4130 Priores
3467 4074 3644 4129 sancti
3671 4089 3796 4130 sus-

2209 4170 2385 4224 tinere
2429 4170 2654 4224 adversa
2693 4177 2963 4238 poterant,
3015 4178 3145 4235 etc.,
3189 4185 3350 4239 usque
3393 4167 3463 4222 ad
3495 4168 3551 4222 in
3578 4166 3798 4224 inferno

2208 4262 2309 4318 sibi
2341 4262 2580 4332 requiem
2617 4277 2969 4332 praeparasse.

2281 4352 2446 4408 Vens.
2485 4353 2571 4407 M.
2601 4381 2671 4392 ——
2706 4372 2724 4404 ι
2765 4353 3040 4408 Putredini
3073 4352 3204 4407 dixi.
3235 4371 3254 4404 ι
3282 4351 3652 4415 Putredinem,
3699 4366 3798 4420 pa-

2211 4456 2348 4501 trem
2377 4445 2526 4510 dicit,
2573 4454 2702 4511 etc.,
2753 4461 2910 4514 usque
2940 4444 3008 4498 ad
3043 4453 3103 4498 ut
3127 4443 3282 4514 quasi
3315 4443 3638 4514 quihusdam
3662 4457 3798 4496 ver-

2211 4537 2390 4592 mibus
2443 4537 2521 4592 sic
2567 4537 2824 4608 inquietis
2870 4535 3284 4607 cngitationibus
3339 4535 3392 4589 in
3438 4543 3620 4589 mente
3669 4534 3794 4588 fati-

2129 4657 2183 4718 D
2209 4643 2418 4701 gemur.

2283 4722 2445 4777 Vens.
2493 4722 2581 4777 15.
2621 4751 2689 4762 -
2733 4740 2753 4773 i
2805 4721 2906 4778 Ubi
2961 4731 3044 4778 est
3092 4737 3222 4792 ergo
3277 4734 3418 4776 nunc
3463 4718 3799 4790 praestolatio

2212 4830 2352 4870 mea.
2379 4835 2396 4866 ι
2425 4813 2762 4868 Praestolatio
2785 4813 3072 4882 justorum,
3099 4813 3347 4869 Christus
3371 4829 3386 4877 ;
3417 4825 3576 4881 quem
3621 4826 3800 4882 quan-

2215 4906 2391 4974 doque
2417 4912 2704 4958 venturum
2737 4913 3020 4969 noverant,
3049 4905 3144 4959 sed
3172 4903 3355 4958 venire
3388 4902 3551 4958 citius
3580 4916 3796 4971 quaere-

2219 4997 2388 5052 bant:
2447 4995 2587 5051 unde
2643 4996 2732 5051 hic
2779 4997 3016 5062 additur,
3071 5011 3252 5050 nunc:
3289 5013 3307 5047 ι
3357 4994 3424 5052 Et
3477 4996 3796 5067 patientiam

2222 5101 2399 5142 meam
2429 5087 2550 5156 quis
2573 5085 2924 5141 considerat?
2947 5105 2966 5140 ι
3002 5086 3326 5142 Patientiam
3348 5086 3618 5156 justorum
3655 5085 3798 5141 Deus

2221 5178 2568 5244 considerat;
2611 5179 2704 5233 sed
2735 5179 2888 5247 quasi
2937 5193 3042 5234 non
3069 5179 3416 5234 considerare
3462 5177 3677 5242 dicitur,
3726 5178 3798 5230 ad

2220 5279 2403 5325 votum
2427 5271 2676 5325 desiderii
2703 5272 2883 5326 minus
2910 5271 3069 5325 citius
3101 5285 3401 5342 apparere:
3443 5277 3498 5324 et
3535 5270 3590 5324 in
3631 5267 3798 5339 proli-

2223 5360 2372 5414 xiora
2396 5368 2636 5428 tempora
2662 5361 3075 5429 dispensationis
3097 5377 3208 5416 sua:
3235 5363 3463 5430 gratiam
3491 5358 3723 5415 diﬂ'erre.

2298 5450 2458 5506 Vsus.
2493 5451 2575 5504 16.
2606 5482 2674 5490 -
2703 5471 2722 5501 ι
2777 5451 2834 5505 ln
2885 5451 3358 5523 profundissimam
3395 5452 3666 5507 infernum
3708 5452 3799 5507 de-

2225 5545 2482 5599 scendent
2513 5544 2695 5598 omnia
2734 5559 2874 5598 mea.
2899 5545 3106 5598 "Ante
3152 5544 3466 5599 mediatoris
3509 5545 3797 5600 adventum

2227 5633 2328 5690 Job
2357 5635 2408 5688 in
2451 5633 2718 5688 infernum
2761 5634 3118 5688 descensurus
3166 5643 3302 5698 erat,
3360 5642 3486 5698 etc.,
3533 5650 3695 5704 usque
3729 5634 3798 5686 ad

2231 5726 2508 5781 retributio
2547 5726 2719 5779 adhuc
2763 5725 2815 5778 in
2853 5725 2966 5779 sola
3003 5725 3196 5779 inferni
3234 5725 3414 5794 quiete
3449 5724 3614 5794 recipi
3665 5737 3800 5795 prir-

2227 5818 2537 5874 stolabatur.
2573 5837 2588 5867 ε
2623 5817 2859 5870 Putasne
2905 5816 3090 5870 saltem
3132 5817 3232 5869 sibi
3282 5815 3389 5868 erit
3432 5817 3646 5884 requies
3699 5813 3800 5868 nti-

2227 5910 2279 5965 hi
2303 5910 2324 5962 ?
2363 5930 2379 5960 ι
2415 5892 2749 5964 Pensanduni
2775 5918 2855 5963 est
2880 5908 2997 5983 quis
3019 5917 3260 5964 nostrum
3288 5908 3352 5962 de
3375 5908 3560 5976 requie
3579 5920 3800 5962 securus
