3982 6352
231 461 338 519 805

1278 451 1543 511 GLOSSA
1585 451 1982 512 ORDINARIA.
2019 483 2089 492 —
2125 452 2254 508 LIB.
2291 450 2432 508 JOB.

3380 445 3488 510 868

233 577 343 632 sit:
377 573 422 629 si
450 571 515 627 de
539 585 603 627 ea
625 565 859 642 trepidat
898 578 950 626 et
974 569 1080 637 ille,
1107 569 1260 638 cujus
1282 569 1498 624 virtutis
1540 567 1807 640 praaconia
1834 574 1889 632 Α
1912 567 1969 621 In
1998 575 2143 621 terra
2170 568 2357 637 pedica
2388 568 2755 634 absconditur,
2781 567 2903 624 cum
2931 567 3088 639 eulpa
3119 565 3220 626 Sub
3261 573 3492 628 terrenis

234 677 292 724 et
313 665 612 740 ipsejudex
637 667 726 737 qui
755 665 1010 737 percutit,
1035 664 1255 719 clamat.

795 814 1024 872 CAPUT
1051 814 1241 870 XVIII.

309 951 470 1008 Vens.
499 949 552 1005 2.
577 980 646 990 —
680 967 698 1001 ‹
738 949 919 1019 Usque
942 951 1010 1005 ad
1033 965 1193 1021 quem
1235 951 1395 1006 tinem
1440 951 1602 1006 verba
1640 947 1813 1018 jacta-

235 1044 383 1100 bitis.
423 1061 441 1094 ›
471 1040 682 1112 (Gnec.,
717 1042 768 1093 in
797 1037 921 1106 Job,
950 1039 986 1094 l.
1017 1040 1150 1112 xtv.)
1181 1040 1402 1095 Beatum
1427 1037 1526 1096 Job
1556 1040 1607 1093 in
1630 1054 1817 1109 super-

239 1133 382 1187 biam
411 1130 606 1184 astruit
637 1128 901 1198 erupisse,
947 1143 1108 1200 quem
1140 1127 1339 1183 fatetur
1383 1129 1544 1184 verba
1587 1128 1814 1197 jactare.

244 1243 260 1275 ι
300 1223 540 1294 lntellige
568 1222 738 1290 prius.
777 1241 794 1271 ι
822 1217 1011 1294 Signat
1041 1229 1245 1291 quanta
1271 1220 1505 1276 elatione
1525 1230 1817 1290 tumuerat,

237 1313 329 1382 qui
356 1309 456 1366 Job
487 1310 630 1380 loqui
661 1310 802 1380 quod
834 1326 940 1365 non
967 1307 1308 1380 intelligeret,
1337 1308 1580 1379 putabat.

312 1404 473 1459 Vens.
518 1401 572 1456 5.
598 1431 667 1441 -—
701 1419 718 1452 ε
751 1399 927 1468 Quare
971 1400 1204 1471 reputati
1241 1417 1446 1456 sumus.
1499 1422 1516 1453 ι
1563 1397 1820 1456 Humana:

239 1495 438 1550 mentis
465 1504 547 1549 est
571 1494 879 1565 proprium,
913 1493 1017 1548 hoc
1051 1494 1150 1548 sibi
1179 1493 1295 1548 ﬁeri
1343 1494 1633 1564 suspicari,
1676 1493 1820 1565 quod

241 1588 386 1643 facit.
418 1586 730 1641 Arbitratur
756 1585 898 1639 enim
929 1600 985 1640 se
1015 1585 1257 1656 despici,
1301 1586 1392 1656 qui
1421 1584 1592 1642 bonos
1638 1585 1817 1656 despi-

239 1694 366 1734 cere
403 1676 681 1734 consuevit
723 1693 738 1732 :
785 1686 839 1730 et
887 1691 952 1732 ex
1001 1676 1310 1746 suspicione
1359 1684 1703 1746 contemptus
1751 1673 1819 1729 ad

241 1769 659 1840 indignationem
693 1767 922 1840 prosilit,
952 1775 1004 1822 et
1029 1766 1381 1822 contumelias
1404 1767 1619 1838 ingerit.

1917 657 2214 712 commodis
2240 658 2563 724 occultatur,
2605 667 2870 728 quatenus
2904 661 3064 714 homo
3107 661 3316 730 videat,
3361 663 3490 734 quid

1915 749 2299 818 concupiscere
2325 749 2523 814 valeat,
2554 757 2609 804 et
2639 757 2815 804 tamen
2845 749 3184 820 nequaquam
3205 753 3405 819 videat,
3439 753 3494 810 in

1903 854 2026 909 quo
2051 835 2222 909 culpa:
2239 837 2429 908 laqueo
2449 837 2638 910 pedem
2663 847 2846 909 ponat.
2877 857 2894 892 ‹
2923 839 2991 895 Et
3011 841 3258 912 decipula
3283 841 3448 900 illius.
3471 864 3488 896 ι

1917 929 2164 986 lntuetur
2190 931 2335 985 enim
2389 931 2562 985 hostis
2592 945 2769 986 mores
2793 930 3051 1002 cujusque
3087 932 3172 988 cui
3215 934 3349 989 vitio
3386 934 3498 989 sint

1916 1021 2233 1092 propinqui,
2286 1027 2340 1076 et
2390 1019 2478 1075 illa
2537 1022 2757 1091 opponit
2802 1031 2929 1078 ante
2963 1021 3183 1089 faciem,
3245 1015 3313 1079 ad
3376 1037 3496 1095 qua:
3596 1064 3608 1075 .

1919 1113 2162 1182 agnoscit
2208 1110 2420 1167 facilius
2468 1112 2713 1167 inclinari
2759 1122 3021 1180 mentem,
3071 1124 3130 1170 ut
3176 1115 3387 1174 blandis
3433 1133 3495 1173 ac

1918 1199 2057 1256 laetis
2105 1187 2345 1256 moribus
2381 1201 2670 1264 luxuriam,
2713 1203 2918 1273 asperis
2957 1205 3223 1260 mentibus
3269 1207 3402 1262 iram
3444 1217 3499 1262 et

1921 1289 2252 1360 superbiam.
2281 1290 2358 1344 lbi
2386 1305 2515 1360 ergo
2541 1291 2842 1360 decipulam
2873 1294 3046 1361 punit,
3070 1294 3159 1348 ubi
3188 1307 3308 1350 esse
3338 1297 3500 1352 semi-

1921 1389 2030 1434 tam
2049 1383 2244 1435 mentis
2276 1381 2536 1451 conspicit
2563 1399 2574 1435 :
2608 1382 2734 1451 quia
2765 1379 2874 1436 illic
2901 1383 3198 1452 periculum
3222 1385 3486 1456 deceptio-

1918 1463 2235 1538 nis'inserit,
2265 1471 2354 1528 ubi
2379 1471 2516 1527 viam
2549 1487 2669 1528 esse
2688 1474 2954 1529 invenerit
2991 1475 3309 1546 propinquae
3341 1477 3490 1548 cogi-

1923 1562 2162 1616 tationis.

1993 1652 2156 1708 Vens.
2189 1654 2276 1708 ll.
2309 1683 2379 1694 —-
2404 1672 2422 1705 ι
2473 1654 2720 1726 Undique
2767 1657 3065 1712 terrebunt.
3103 1673 3122 1709 ι
3169 1656 3304 1724 Quia
3358 1671 3500 1727 saepe

1922 1745 2128 1800 idcirco
2148 1747 2383 1816 "quisque
2407 1748 2581 1802 bonus
2615 1763 2735 1803 esse
2769 1749 2989 1814 metuit,
3021 1763 3090 1805 ne
3123 1750 3226 1807 hoc
3255 1765 3286 1805 a
3318 1752 3500 1821 pravis

311 1836 474 1916 vim.
506 1859 559 1916 4.
586 1891 654 1901 __
693 1836 716 1912 ;
753 1857 889 1926 Quid
933 1858 1114 1930 perdis
1147 1859 1381 1913 animam
1428 1836 1594 1913 “iam.
1633 1879 1651 1910 ,
1712 1857 1819 1913 Re-
1845 1917 1889 1930 _
1919 1836 2176 1930 patiatur,
2199 1838 2419 1930 quodise
2448 1839 2604 1893 bonis
2621 1837 2812 1893 fecisse
2836 1839 3203 1894 reminiscitur
3231 1857 3243 1893 :
3269 1841 3503 1910 dumque

238 1937 395 2022 probi
437 1949 612 2005 zelum
664 1923 999 2004 rectitudinis
1024 1989 1039 2014 ,
1082 1945 1166 2003 vel
1207 1948 1538 2019 spiritualem
1588 1949 1815 2020 gratiam

1938 1945 2022 1984 lOC
2044 1929 2152 1998 pati
2173 1930 2316 1999 quod
2331 1929 2463 1984 facit
2493 1931 2698 1996 metuit,
2729 1932 2966 2002 undique
2987 1932 3232 1998 tét'ritus,
3261 1930 3501 2002 undique

241 2051 444 2100 sanctas
480 2041 908 2113 praedicationis,
956 2041 1219 2096 insaniam
1270 2040 1468 2096 furoris
1506 2043 1815 2096 aestimant:

241 2150 350 2204 quo
375 2135 554 2205 perire
595 2131 830 2188 fidelium
871 2132 1082 2187 animas
1121 2131 1472 2186 arbitrantur.
1511 2151 1529 2184 t
1569 2129 1820 2202 Nunquid

240 2233 462 2296 propter
489 2233 540 2278 te
564 2215 970 2292 derelinquetur
993 2230 1159 2277 terra.
1191 2241 1208 2273 ›
1235 2219 1478 2276 Ecclesia
1516 2223 1663 2287 dicit,
1688 2231 1816 2288 etc.,

242 2331 405 2386 usque
433 2314 500 2368 ad
533 2314 671 2369 unde
695 2313 796 2369 iste
819 2311 1040 2383 flagellis
1060 2309 1415 2378 Jobinsultat,
1444 2313 1584 2368 unde
1609 2313 1814 2368 subdit:

314 2405 479 2461 Vens.
525 2404 577 2460 5.
614 2435 683 2445 —
727 2425 746 2456 ι
801 2404 988 2459 Nonne
1031 2404 1121 2459 lux
1168 2404 1313 2475 impii
1367 2406 1756 2476 exstinguetur.
1795 2428 1813 2460 ι

243 2493 356 2550 IIoc
386 2494 493 2551 dici
519 2493 585 2550 de
615 2489 778 2564 impio
804 2501 949 2549 recte
983 2494 1174 2564 potuit,
1208 2501 1396 2549 contra
1428 2505 1672 2550 sanctum
1712 2512 1819 2552 non

242 2583 428 2641 debuit
459 2604 470 2639 :
507 2583 699 2639 Lucem
737 2583 1149 2654 prosperitatem
1186 2586 1470 2653 przesentis
1496 2585 1619 2640 vita:
1669 2585 1816 2642 dicit.

241 2675 350 2731 Sed
377 2673 468 2729 lux
493 2673 641 2745 impii
673 2673 1052 2744 exstinguitur,
1092 2671 1218 2742 quia
1254 2671 1490 2742 fugitiva:
1527 2674 1651 2729 vita:
1699 2690 1821 2745 pro-

242 2765 506 2835 speritas,
559 2779 680 2819 cum
725 2763 838 2833 ipsa
893 2764 1234 2817 terminatur.
1299 2782 1318 2814 ι
1368 2753 1478 2819 Nec
1520 2761 1822 2835 splendebit

239 2853 457 2908 flamma
481 2854 618 2926 ignis
637 2851 772 2922 ejus.
805 2871 822 2903 ›
849 2851 1029 2923 ignem
1069 2851 1197 2907 dicit
1247 2849 1516 2908 fervorem
1547 2863 1820 2927 tempora-

240 2943 376 2999 lium
403 2944 816 3010 desideriorum,
850 2943 1001 3013 cujus
1027 2943 1243 2999 ﬂamma
1275 2953 1358 3003 est
1387 2948 1571 3013 decor,
1615 2950 1700 3004 vel
1727 2965 1822 3021 po-

242 3043 415 3088 testas
434 3034 672 3089 exterior
695 3047 813 3103 quae
842 3031 906 3087 de
929 3033 1138 3089 interno
1171 3033 1287 3106 ejus
1318 3039 1508 3092 ardore
1539 3035 1778 3107 procedit
1804 3055 1818 3092 :

241 3126 340 3180 sed
385 3139 493 3178 non
525 3123 845 3195 splendebit,
880 3124 1002 3197 quia
1034 3127 1089 3182 in
1120 3127 1204 3183 die
1241 3128 1418 3184 exitus
1447 3131 1624 3184 omnis
1668 3137 1820 3185 exte-

242 3217 356 3270 rior
377 3217 541 3270 decor
574 3215 925 3274 subtrahitur.

319 3303 482 3361 Vens.
509 3305 562 3361 ti.
587 3338 655 3346 —
687 3327 703 3358 ι
733 3307 846 3361 Lux
871 3307 1280 3362 obtenebrescet
1299 3308 1352 3362 in
1378 3308 1747 3365 tabernaculo.
1795 3330 1812 3364 ι

243 3393 546 3464 Aliquando
586 3395 864 3450 tristitiam
897 3396 1169 3461 tenebras,
1196 3396 1367 3451 lucem
1392 3397 1644 3468 gaudium
1675 3401 1822 3455 acci-

249 3483 448 3554 pimus.
479 3482 598 3538 Lux
633 3499 760 3556 ergo
799 3485 854 3539 in
902 3485 1250 3541 tabernaculo
1294 3486 1443 3556 impii
1473 3490 1821 3555 tenebrescit,

245 3577 372 3646 quia
400 3577 453 3631 in
488 3577 963 3648 ejusconscientia
992 3578 1242 3648 gaudium
1273 3578 1413 3648 quod
1449 3580 1516 3634 de
1556 3588 1827 3652 tempora-

250 3667 394 3723 libus
432 3667 638 3734 fuerat,
681 3667 882 3724 deﬁcit.
918 3688 935 3721 ‹
983 3668 1050 3724 Et
1083 3667 1302 3723 lucerna
1347 3683 1465 3738 qua:
1507 3685 1668 3740 super
1699 3687 1824 3727 eum

243 3767 331 3814 est
355 3760 746 3830 exstinguetur.
793 3779 816 3811 ι
849 3759 1094 3815 Lucerna
1117 3760 1296 3814 lumen
1319 3761 1372 3815 in
1403 3767 1539 3817 testa
1556 3771 1654 3827 est,
1691 3769 1821 3831 etc.,

245 3869 409 3924 usque
437 3853 506 3906 ad
554 3853 677 3923 quia
729 3852 1035 3922 iniquorum
1083 3857 1318 3907 mentem
1366 3859 1580 3910 terrena
1625 3855 1822 3926 gaudia

243 3943 540 4014 possident.

321 4029 481 4088 Vens.
515 4033 566 4088 7.
595 4061 668 4074 --
701 4049 720 4084 t
749 4032 1118 4088 Arctabuntur
1144 4045 1360 4103 gressus
1387 4035 1620 4101 virtutis,
1661 4044 1763 4092 etc.
1797 4055 1817 4090 ι

246 4119 384 4190 Quia
422 4123 564 4178 vires
591 4123 809 4178 malitiae
829 4123 964 4194 ejus,
998 4137 1132 4192 quas
1161 4130 1302 4179 nunc
1325 4133 1562 4191 exercet,
1587 4133 1824 4196 postmo-

247 4215 375 4270 dum
413 4229 572 4285 paena
619 4216 970 4287 constringet.
1029 4231 1047 4265 ι
1099 4214 1165 4269 Et
1207 4217 1567 4286 praécipitabit
1601 4231 1745 4273 eum.
1797 4238 1816 4272 ι

246 4304 424 4360 [labet
452 4321 594 4361 nunc
629 4306 916 4361 consilium
957 4306 1174 4376 iniquus
1213 4308 1499 4376 praesentia
1546 4319 1817 4379 appetere,

245 4407 376 4463 etc.,
409 4415 568 4469 usque
589 4399 660 4453 ad
689 4401 830 4470 quod
857 4400 1110 4471 exprimit
1127 4409 1250 4455 cum
1277 4400 1566 4472 subjuugit.

318 4491 481 4547 Vens.
514 4494 565 4547 8.
595 4523 665 4533 —
689 4512 707 4544 ‹
736 4491 962 4547 immisit
988 4493 1132 4548 enim
1165 4493 1219 4547 in
1260 4502 1392 4548 rete.
1424 4513 1444 4546 ι
1487 4491 1675 4567 (Ibid)
1717 4495 1819 4562 Qui

245 4583 412 4654 pedes
441 4583 493 4638 in
539 4592 655 4639 rete
685 4584 870 4650 mittit,
911 4591 1018 4639 nun
1061 4597 1184 4640 cum
1226 4585 1478 4650 voluerit,
1527 4586 1693 4655 ejicit.
1730 4585 1821 4641 Sic

245 4674 340 4744 qui
371 4673 423 4728 in
465 4674 703 4745 peccatis
749 4687 808 4731 se
845 4674 1046 4743 dejicit,
1079 4688 1185 4730 non
1229 4687 1352 4729 mox
1405 4691 1526 4730 cum
1569 4676 1818 4742 voluerit,

247 4766 441 4837 surgit.

324 4875 345 4910 α
377 4857 444 4912 Et
472 4855 526 4912 in
561 4855 787 4914 maculis
831 4859 947 4928 ejus
999 4855 1255 4913 ambulat.
1311 4877 1328 4910 ι
1383 4857 1569 4930 (Ibid)
1614 4857 1716 4926 Qui
1765 4860 1821 4916 in

247 4947 474 5005 maculis
497 4949 632 5003 retis
655 4948 914 5012 ambulat,
963 4960 1182 5020 gressus
1211 4961 1338 5003 suos
1365 4947 1690 5005 ambulando
1721 4950 1822 5005 im-

209 5073 216 5092 .
245 5040 412 5112 plicat
441 5058 454 5094 :
491 5050 546 5095 et
571 5057 693 5096 cum
728 5054 785 5096 se
813 5041 1067 5111 expedire
1090 5041 1157 5094 ad
1198 5041 1576 5097 ambulandum
1608 5044 1819 5111 nititur,

245 5141 318 5188 ne
345 5132 580 5188 ambulet
619 5133 910 5204 obligatur.

320 5209 483 5279 Vens.
516 5223 568 5278 9.
592 5253 653 5264 -
691 5241 710 5275 ‹
746 5223 1040 5278 Tenebitur
1075 5222 1256 5293 planta
1293 5221 1454 5287 illius,
1490 5241 1508 5275 ι
1541 5231 1644 5278 etc.
1688 5221 1826 5300 Quia

247 5315 502 5373 videlicet
523 5317 816 5388 stringetur
851 5316 974 5370 ﬁnis
1008 5313 1061 5370 in
1087 5323 1332 5385 peccato.
1369 5333 1387 5366 ι
1425 5315 1492 5370 Et
1513 5316 1828 5371 exardescet

249 5416 440 5462 contra
460 5421 601 5461 eum.
633 5425 652 5459 ι
679 5407 814 5474 Quia
841 5421 948 5476 quo
969 5420 1026 5461 se
1049 5407 1201 5461 malis
1221 5407 1511 5476 obligatum
1529 5416 1736 5477 pensat,
1760 5423 1826 5463 eo

249 5497 320 5554 de
347 5512 447 5553 suo
467 5499 643 5553 reditu
679 5500 960 5568 desperat;
993 5507 1049 5552 et
1081 5499 1195 5568 ipsa
1233 5497 1606 5566 desperatione
1643 5498 1825 5553 acrius

223 5591 319 5652 sed
376 5591 535 5662 hujus
587 5591 771 5646 mundi
814 5589 1278 5660 concupiscentias
1323 5596 1537 5643 aestuat.
1590 5589 1646 5643 In
1709 5588 1824 5658 ejus

249 5681 432 5737 animo
466 5689 656 5738 contra
679 5697 802 5737 eum
823 5682 942 5736 sitis
961 5680 1285 5744 exardescit,
1308 5679 1434 5748 quia
1458 5679 1548 5750 qui
1571 5671 1825 5750 perverse

247 5771 377 5842 egit.
416 5781 473 5826 ut
505 5774 809 5842 perversius
838 5781 960 5843 agat
978 5771 1306 5826 accenditur.

330 5865 485 5923 Vens.
513 5867 599 5922 10.
628 5897 697 5907 —
733 5885 750 5917 α
797 5865 1122 5920 Abscondita
1165 5863 1326 5919 estin
1369 5873 1529 5920 terra.
1578 5886 1594 5918 ι
1633 5864 1820 5931 (ιὸίά.)

1849 3265 1897 3332 G

1921 2027 2201 2090 suspectus
2239 2021 2293 2074 in
2318 2021 2459 2075 bono
2483 2035 2645 2091 opere
2672 2029 2915 2094 gressum
2947 2023 3142 2093 pet-dit.

1993 2111 2158 2166 Vens.
2195 2113 2282 2168 12.
2313 2144 2382 2154 -
2434 2135 2451 2166 ε
2492 2113 2817 2170 Attenuetur
2859 2115 3021 2170 fame.
3066 2135 3088 2169 ι
3131 2116 3272 2172 Caro
3317 2121 3502 2172 ucstra

1922 2204 2209 2260 infirmitas
2231 2213 2331 2260 est.
2357 2205 2545 2274 Robur
2571 2215 2773 2273 autem,
2817 2208 2996 2262 anima
3033 2203 3335 2274 rationalis,
3383 2226 3504 2281 quae
3551 2199 3562 2205 ’

1923 2294 1976 2347 in
2000 2295 2370 2366 expugnandis
2398 2297 2546 2351 vitiis
2600 2299 2854 2353 resistere
2902 2311 3000 2368 per
3045 2300 3304 2355 rationem
3336 2301 3500 2356 valet.

1924 2385 2052 2452 Quae
2074 2386 2573 2454 fame‘attenuatur,
2615 2404 2738 2444 cum
2778 2387 2920 2443 nulla
2953 2390 3150 2445 interni
3179 2392 3284 2447 cibi
3332 2393 3505 2448 refeco

1924 2478 2072 2532 tione
2119 2479 2374 2549 pascitur.
2411 2497 2429 2532 ι
2464 2481 2530 2536 Et
2565 2481 2744 2537 inedia
2790 2481 3009 2537 invadat
3052 2494 3234 2540 costas
3275 2484 3436 2540 illius.
3475 2506 3496 2540 ι

1923 2567 2098 2623 Castae
2149 2575 2274 2624 sunt
2318 2583 2510 2626 sensus
2555 2571 2740 2636 animi,
2786 2573 2878 2643 qui
2917 2572 3147 2629 latentes
3191 2579 3252 2629 ut
3292 2576 3504 2632 viscera

1924 2663 2279 2734 cogitationes
2309 2664 2576 2720 muniunt.
2627 2663 2805 2720 Inedia
2857 2667 3058 2721 invadit
3097 2667 3270 2738 iniqui
3303 2679 3502 2737 costas,

1924 2753 2050 2822 quia
2080 2753 2250 2809 fames
2275 2753 2488 2809 interna
2519 2767 2712 2810 sensus
2741 2755 2940 2811 mentis
2963 2766 3240 2824 extenuat,
3267 2769 3333 2814 ut
3364 2761 3507 2831 cogi.

1925 2845 2157 2900 tationes
2189 2838 2315 2901 suas
2344 2847 2489 2902 intus
2535 2847 2842 2903 nullatenus
2881 2849 3092 2919 regant,
3124 2851 3222 2906 sed
3259 2852 3326 2906 ad
3355 2863 3506 2909 exte-

1925 2936 2067 2990 riora
2092 2943 2354 3006 vagentur
2383 2951 2504 3007 quae
2534 2945 2744 3007 petunt.

2001 3044 2019 3076 ι
2056 3026 2286 3082 Devoret
2311 3028 2766 3097 pulchritudinem
2798 3031 2939 3086 cutis
2977 3031 3094 3103 ejus
3132 3042 3189 3088 et
3217 3046 3502 3092 consumat

1926 3119 2144 3173 brachia
2167 3118 2327 3175 illius.
2359 3120 2576 3194 (Idem)
2614 3141 2632 3174 ι
2667 3115 3018 3180 Pulchritudo
3053 3129 3194 3184 cutis
3215 3139 3300 3186 est
3333 3130 3503 3202 gloria

1927 3211 2240 3282 temporalis
2261 3214 2500 3269 exterior
2530 3229 2544 3268 :
2581 3231 2681 3285 per
2701 3216 2916 3271 brachia
2941 3223 3106 3288 'opera
3135 3221 3501 3294 designantur.

1928 3303 2150 3358 Mortem
2177 3313 2456 3376 peccatum
2486 3306 2638 3372 dicit,
2667 3310 2811 3378 quod
2839 3308 3076 3365 animam
3099 3298 3320 3368 cecidit.

1998 3393 2162 3452 Vens.
2189 3398 2274 3452 15.
2297 3429 2368 3439 -
2399 3399 2793 3470 «Primogenita
2825 3415 2991 3456 mors.
3025 3422 3044 3455 ι
3097 3402 3360 3473 Superbia
3385 3420 3506 3476 qua;

1925 3493 2010 3540 est
2028 3486 2240 3541 initium
2262 3488 2440 3542 omnis
2478 3489 2706 3558 peccati.
2736 3489 3197 3547 Pulcliritudinem
3219 3507 3345 3564 ergo
3367 3495 3506 3551 cutis

1926 3576 2041 3645 ejus
2082 3585 2136 3632 et
2173 3579 2393 3633 brachia
2444 3579 2588 3635 illius
2633 3580 2994 3651 primogenita
3041 3595 3189 3637 mors
3232 3583 3454 3640 devorat
3488 3604 3502 3639 :

1926 3681 2031 3737 qua
2061 3669 2228 3740 iniqui
2271 3669 2497 3741 gloriam
2543 3671 2627 3726 vel
2677 3673 3049 3743 operationem
3088 3675 3339 3746 superbia
3379 3691 3505 3747 sup-

1925 3759 2336 3830 plnntatJ’otuit
2359 3762 2503 3816 enim
2529 3771 2583 3816 et
2605 3764 2658 3817 in
2683 3764 2784 3818 hac
2809 3765 2917 3818 vita
2941 3763 3204 3836 gloriosus
3237 3767 3470 3824 existere
3489 3810 3503 3834 ,

1897 3907 1900 3910 .
1925 3853 1969 3906 si
1997 3853 2260 3921 superbus
2287 3855 2510 3909 minime
2545 3853 2735 3911 fuisset

1997 3943 2158 3998 Vens.
2191 3945 2277 3998 M.
2300 3977 2371 3987 —
2393 3965 2410 3997 ι
2431 3947 2709 4003 Avellatur
2729 3949 2795 4004 de
2816 3950 3166 4010 tabernacuio
3190 3969 3288 4011 suo
3308 3953 3502 4013 ﬁducia

1927 4032 2059 4101 ejus.
2093 4053 2111 4085 ι
2143 4034 2359 4110 (Idem)
2386 4038 2461 4093 De
2491 4039 2839 4096 tabernaculo
2867 4041 3060 4098 fiducia
3094 4045 3211 4116 ejus
3231 4047 3500 4114 evellitur,

1925 4126 2142 4194 quando
2187 4141 2478 4197 perversus
2507 4132 2597 4201 qui
2629 4132 2794 4187 multa
2838 4131 2892 4187 in
2921 4133 3022 4190 hac
3045 4135 3156 4190 vita
3193 4151 3500 4206 paraverat,

1926 4219 2202 4286 repentina
2250 4230 2425 4276 morte
2473 4222 2780 4293 dissipatur.
2827 4243 2844 4275 |
2882 4224 2950 4279 Et
2977 4227 3149 4282 calcet
3192 4243 3351 4299 super
3377 4243 3501 4285 eum

1925 4309 2078 4377 quasi
2125 4323 2217 4363 rex
2266 4309 2534 4368 interitus.
2577 4329 2596 4365 ›
2648 4312 2783 4380 Quia
2826 4314 2916 4369 hic
2953 4315 3037 4370 vel
3069 4315 3214 4372 vitiis
3239 4319 3506 4387 premitur

1925 4411 2045 4468 quae
2076 4399 2142 4453 ad
2175 4400 2451 4454 interitum
2485 4403 2726 4468 trahunt,
2767 4403 2850 4458 vel
2879 4404 3068 4460 mortis
3097 4416 3356 4477 tempore,
3401 4424 3493 4480 pec

1927 4489 2104 4542 testati
2135 4489 2476 4544 daemoniacai
2513 4489 2847 4561 subjugatur.

2003 4579 2159 4632 Vens.
2191 4579 2278 4632 15.
2302 4609 2373 4618 --
2399 4597 2417 4630 t
2448 4578 2701 4640 Habitent
2722 4581 2777 4636 in
2802 4581 3166 4640 tabernaculo.
3196 4599 3215 4639 t
3239 4583 3298 4642 Id
3319 4597 3420 4655 est,
3447 4588 3502 4646 in

1930 4679 2113 4724 mente
2143 4669 2258 4738 ejus
2281 4680 2538 4740 apostatae
2572 4673 2745 4744 angeli
2777 4689 2876 4744 per
2907 4676 3261 4747 cogitationes
3289 4683 3504 4752 nequis—-

1931 4762 2095 4816 simas
2125 4772 2532 4828 conversentur,
2565 4762 2680 4832 ejus
2708 4764 2954 4822 videlicet
2985 4769 3136 4836 socii,
3175 4771 3265 4840 qui
3298 4773 3502 4830 idcirco

1923 4853 2036 4923 jam
2071 4871 2176 4910 non
2206 4863 2310 4919 est,
2339 4856 2462 4925 quia
2492 4867 2521 4909 n
2549 4871 2758 4911 summa
2783 4860 3015 4914 essentia
3043 4864 3287 4919 recessit.

2007 4963 2026 4996 ι
2054 4946 2385 5016 Aspcrgatur
2411 4945 2469 4999 in
2501 4946 2868 5002 tabernaculo.
2897 4955 2916 5000 i‘
2944 4949 3132 5020 (Ιὺἰά.)
3157 4951 3214 5006 In
3254 4953 3504 5010 taberna-

1931 5035 2054 5092 culo
2087 5036 2278 5104 iniqui,
2326 5036 2555 5105 sulphur
2596 5039 2924 5109 aspergitur,
2961 5041 3170 5110 quoties
3199 5043 3379 5098 carnis
3407 5041 3502 5099 de-

1932 5131 2153 5185 lectatio
2183 5130 2236 5183 in
2260 5129 2376 5198 ejus
2398 5141 2579 5186 mente
2606 5131 2932 5186 dominatur.
2962 5132 3066 5187 Per
3102 5132 3328 5202 Sulpbur
3349 5135 3500 5191 enim

1930 5221 2093 5277 {ustor
2128 5221 2310 5276 carnis
2337 5221 2619 5290 accipitur.
2651 5221 2720 5276 Et
2762 5223 2886 5292 quia
2941 5221 3063 5276 talis
3113 5221 3167 5276 in
3206 5222 3348 5279 malo
3371 5239 3500 5296 per-

1930 5320 2112 5366 manet
2144 5310 2286 5365 unde
2308 5324 2407 5365 nec
2451 5309 2684 5365 fructum
2723 5309 2850 5366 boni
2887 5308 3066 5364 facere
3094 5318 3288 5380 potest,
3320 5313 3496 5370 addit:

2003 5401 2165 5456 Vens.
2201 5403 2289 5456 46.
2318 5432 2386 5442 -
2413 5422 2431 5452 «
2467 5403 2726 5458 Deorsnm
2765 5401 2973 5455 radices
2997 5400 3113 5470 ejus
3149 5403 3440 5460 siccentur.
3474 5423 3498 5461 ι

1929 5495 2032 5550 Per
2063 5513 2081 5546 ε
2101 5494 2330 5559 radices,
2355 5513 2375 5546 ι
2401 5494 2756 5562 cogitationes
2775 5491 3088 5561 accipimus,
3101 5497 3405 5564 etc.,uque
3429 5495 3500 5550 ad

1927 5588 2053 5659 quia
2085 5587 2261 5642 omnis
2294 5584 2408 5656 ejus
2427 5585 2670 5656 operatio
2699 5598 2933 5654 superno
2957 5582 3161 5653 judicio
3182 5584 3339 5658 quasi
3359 5584 3500 5641 nihi-

1926 5678 2037 5733 lum
2071 5676 2376 5748 deputatur.

2001 5771 2162 5825 Vens.
2181 5770 2266 5824 I7.
2295 5787 2402 5821 -ι
2428 5768 2681 5824 Memoria
2708 5776 2912 5838 pereat.
2939 5789 2956 5822 θ
2977 5768 3165 5841 (Ιὸίά.)
3188 5768 3498 5826 Memoriam

1927 5878 2081 5919 suam
2105 5863 2320 5932 iniquus
2351 5863 2403 5916 in
2436 5869 2576 5924 terra
2604 5868 2840 5917 statuere
2868 5871 3110 5927 conatur,
3141 5876 3261 5916 cum
3275 5862 3504 5933 gloriam
