3982 6352
1755 339 1759 343 _
1773 337 1780 342 _
1791 313 1972 341 aur“,
2005 327 2187 343 _.“,.,,..--v

466 436 570 494 807

955 429 1347 489 WALAFRIDI
1389 425 1640 485 STRABI
1675 425 1878 483 FULD.
1921 424 2089 483 MON.
2130 423 2281 483 OPP.
2321 421 2502 482 PARS
2539 423 2580 480 I.
2619 454 2690 467 ——
2730 421 3188 481 THEOLOGICA.

3627 424 3748 484 808

465 546 638 605 laudls
664 553 776 603 sum
801 544 1091 602 extendere
1116 543 1324 599 nititur.
1353 542 1420 596 Et
1442 555 1636 596 nomen
1667 555 1824 595 suum
1853 539 1907 594 in
1932 539 2046 610 pla-
2071 539 2122 601 Α
2149 539 2303 609 erigi,
2328 539 2579 595 timentes
2606 540 2759 594 vobis
2791 539 3084 596 deteriora.
3108 539 3291 597 Bonus
3319 540 3464 598 enim
3489 540 3658 615 prius
3684 543 3746 599 in

471 640 576 695 teis
601 637 866 694 celebrari
887 635 1112 708 gaudet,
1138 650 1258 689 cum
1274 634 1430 703 longe
1442 633 1655 703 lateque
1673 632 2043 704 operationem
2085 693 2090 700 η

465 744 578 786 suae
609 726 910 799 iniquitatis
941 725 1202 780 extendit.

539 818 754 893 ((ὶιιιιε.)
777 817 950 889 Caput
971 818 1276 888 iniquorum
1297 815 1540 872 diabolus
1560 825 1645 872 est
1673 835 1686 870 :
1712 816 1826 889 ipse
1846 817 2044 888 quippe

467 911 524 968 in
545 911 748 968 ultimis
776 909 1107 980 temporibus
1135 907 1264 964 illud
1291 923 1389 964 vas
1409 908 1726 980 perditionis
1748 908 2042 981 ingressus,

471 1005 616 1076 quod
675 1002 1039 1060 Antichristus
1093 1000 1408 1066 vocabitur,
1484 1001 1577 1071 qui
1629 1014 1827 1055 nomen
1883 1014 2041 1055 suum

467 1098 622 1170 longe
646 1097 860 1169 lateque
883 1094 1179 1152 diffundere
1204 1093 1505 1150 conabitur.

539 1189 700 1246 Vens.
737 1190 818 1247 18.
848 1220 922 1231 -
956 1207 975 1240 ι
1006 1187 1249 1260 Expellet
1271 1202 1397 1242 eum
1425 1187 1491 1243 de
1517 1185 1655 1242 luce.
1686 1205 1705 1238 ι
1739 1184 1817 1242 De
1833 1185 1953 1242 luce
1973 1184 2040 1241 ad

468 1281 720 1336 tenebras
745 1280 978 1346 ducitur,
1014 1294 1137 1334 cum
1173 1278 1238 1332 de
1270 1278 1475 1332 honore
1506 1276 1630 1331 vitae
1668 1275 1951 1347 praesentis
1974 1275 2043 1332 ad

468 1368 728 1439 supplicia
760 1376 960 1424 eterna
994 1367 1300 1422 damnatur.
1339 1365 1432 1421 Sic
1469 1365 1536 1421 de
1577 1379 1904 1436 unoquoque
1933 1363 2041 1418 ini-

471 1472 577 1528 quo
605 1457 861 1529 loquitur,
887 1465 950 1513 ut
976 1457 1044 1512 ad
1075 1465 1257 1527 caput,
1285 1455 1340 1511 id
1370 1465 1453 1510 est
1479 1455 1748 1511 diabolum
1777 1463 2040 1524 vertatur,

469 1550 560 1620 qui
601 1550 655 1604 in
678 1550 1012 1606 Antichristo
1040 1564 1237 1605 nomen
1273 1549 1544 1613 extendet,
1573 1549 1716 1618 quod
1744 1564 1886 1603 nunc
1913 1548 2041 1603 mali

465 1639 764 1696 imitantur.
808 1660 828 1693 ι
873 1640 939 1695 Ει
975 1642 1042 1695 de
1064 1640 1195 1695 orbe
1245 1640 1552 1705 transferet,
1585 1659 1602 1693 ι
1629 1648 1736 1695 etc.
1774 1640 1909 1695 Cum
1953 1656 2041 1696 su-

467 1745 638 1800 perno
693 1738 988 1802 apparente
1032 1729 1213 1799 judice
1259 1730 1326 1784 de
1379 1731 1481 1787 hoc
1521 1731 1722 1786 mundo
1756 1731 1823 1786 ad
1855 1746 2043 1802 ptenas

469 1820 820 1886 transfertur,
859 1835 979 1892 qua:
1016 1820 1201 1876 omnia
1219 1828 1275 1876 et
1301 1820 1368 1876 de
1392 1821 1570 1892 capite
1597 1821 1860 1877 malorum
1889 1822 2041 1877 Anti-

469 1911 678 1968 christo
699 1903 929 1984 possunt
948 1915 1142 1985 accipi.

539 2001 702 2059 Vens.
736 2005 822 2062 l9.
849 2035 922 2046 —
959 2023 979 2057 ι
1019 2005 1139 2061 Non
1178 2005 1286 2061 erit
1327 2020 1533 2073 semen,
1564 2013 1670 2063 etc.
1710 2027 1729 2060 ι
1757 2007 1891 2074 Quia
1916 2023 2038 2064 om-

469 2109 567 2150 nes
601 2096 794 2166 iniqui,
823 2097 918 2167 qui
956 2097 1024 2151 de
1045 2093 1162 2165 ejus
1187 2099 1538 2168 persuasione
1571 2099 1626 2154 in
1670 2101 1850 2170 pravis
1874 2102 2041 2156 actio-

469 2184 628 2240 nibus
677 2186 790 2240 nati
845 2194 990 2252 sunt,
1037 2201 1161 2243 cum
1205 2187 1394 2243 eodem
1426 2204 1525 2244 suo
1553 2190 1729 2259 capite
1755 2188 2036 2247 ferientur.

463 2276 598 2345 Quia
645 2278 760 2334 haec
803 2279 868 2334 de
909 2279 1246 2336 Antichristo
1287 2281 1596 2352 accipienda
1647 2289 1794 2349 sunt,
1839 2283 1895 2338 in
1938 2283 2040 2339 hoc

463 2372 637 2442 aperit
671 2372 798 2428 dum
835 2372 967 2428 dicit
993 2387 1010 2428 :

535 2467 698 2522 Vens.
721 2465 810 2521 20.
832 2497 904 2508 --
930 2484 949 2518 ι
985 2465 1046 2522 ιιι
1073 2465 1161 2522 die
1186 2464 1302 2535 ejus
1327 2467 1640 2538 stupebunt.
1671 2487 1690 2520 ι
1718 2467 1856 2537 Quia
1884 2475 2038 2524 tanta

465 2566 592 2612 tunc
656 2558 808 2628 signa
866 2557 1355 2624 demonstraturus,
1410 2566 1541 2624 etc.,
1591 2575 1754 2630 usque
1797 2560 1868 2614 ad
1926 2575 2039 2616 me-

460 2658 618 2704 tuunt
665 2658 934 2706 tormenta
982 2665 1102 2720 qua:
1143 2649 1386 2705 vincunt.
1431 2669 1450 2702 ι
1487 2650 1557 2706 Ει
1583 2653 1786 2722 primos
1821 2651 2040 2708 invadet

462 2743 676 2808 horror,
713 2761 732 2795 ι
764 2742 817 2798 id
841 2751 946 2809 est,
971 2743 1132 2800 corda
1161 2743 1458 2800 electorum
1500 2759 1701 2815 pavore
1727 2745 1990 2802 ferientur
2018 2759 2034 2799 :

461 2831 603 2909 unde
640 2832 902 2903 scriptum
927 2841 1029 2891 est.
1054 2850 1072 2890 :
1094 2833 1208 2890 «fta
1239 2842 1301 2889 ut
1335 2834 1389 2890 in
1424 2849 1665 2892 errorem
1688 2836 2035 2902 inducantur,

461 2922 503 2977 si
531 2921 646 2978 fieri
659 2931 856 2996 potest,
885 2926 1049 2980 etiam
1079 2925 1236 2981 electi
1265 2923 1480 2998 (Matth.
1509 2925 1659 2998 xxiv)
1680 2966 1696 2993 ,
1731 2946 1750 2979 ι
1783 2941 1891 2982 non
1919 2924 2037 2998 qui-

463 3013 584 3069 dem
607 3014 806 3081 casuri,
835 3015 930 3072 sed
961 3015 1279 3087 trepidaturi
1310 3031 1378 3072 ex
1411 3031 1594 3073 carne.

534 3107 699 3164 Vens.
730 3108 822 3164 2i.
849 3140 921 3151 —
949 3127 970 3162 ι
1003 3109 1128 3167 Haec
1157 3104 1282 3167 simt
1326 3127 1456 3184 ergo
1497 3111 1866 3168 tabernacula.
1903 3131 1922 3165 ι
1956 3111 2034 3168 De

461 3200 564 3256 hoc
604 3200 734 3256 illud
775 3201 960 3257 retulit
995 3203 1140 3272 quod
1183 3203 1411 3268 dixerat,
1447 3211 1576 3269 etc.,
1604 3219 1766 3275 usque
1792 3203 1862 3256 ad
1889 3203 2033 3274 quod

458 3301 704 3351 sanctum
727 3292 828 3352 Job
855 3294 1152 3352 credebant
1177 3311 1276 3366 pro
1306 3296 1590 3366 iniquitate
1617 3310 1956 3367 percussum.

1041 3430 1268 3488 CAPUT
1304 3431 1426 3488 XIX

532 3559 766 3617 Vens.2.
790 3593 859 3603 —
886 3582 905 3614 ‹
937 3561 1230 3634 Usquequo
1251 3563 1502 3638 afﬂigitis,
1525 3577 1631 3624 etc.
1662 3586 1680 3618 ι
1707 3565 2037 3640 (Gnec.)At-

457 3661 708 3708 teruntur
729 3655 853 3710 boni
883 3657 1224 3712 sermonibus
1253 3658 1578 3730 iniquorum,
1603 3661 1822 3731 quando
1848 3670 2037 3718 contra

459 3760 553 3799 eos
577 3745 652 3800 illi
683 3746 736 3800 in
761 3747 942 3802 verbis
974 3757 1201 3815 tument,
1247 3751 1339 3820 qui
1390 3760 1484 3806 aut
1523 3751 1578 3806 in
1619 3765 1873 3823 perversa
1907 3752 2031 3821 fide,

459 3844 554 3890 aut
581 3837 633 3891 in
662 3838 843 3907 pravis
873 3839 1114 3896 moribus
1137 3839 1336 3910 jacent.

531 3926 697 3980 Vens.
732 3928 785 3982 5.
816 3958 887 3967 -
917 3948 935 3979 ε
984 3929 1062 3984 En
1085 3931 1265 3988 decies
1284 3931 1612 3988 confunditis
1631 3949 1738 3989 me.
1778 3954 1797 3988 ι
1845 3935 2034 4010 (Ιιὶά.)

458 4014 594 4082 Quia
643 4015 712 4070 ab
758 4017 840 4072 eis
883 4018 1170 4089 quinquies
1216 4021 1613 4092 increpationes
1664 4025 1933 4093 audierat,
1982 4035 2038 4082 et

462 4105 749 4176 quinquies
783 4107 1077 4178 respondit,
1111 4110 1289 4166 decies
1333 4125 1393 4166 se
1433 4112 1684 4182 perhibet
1706 4129 1826 4170 esse
1847 4115 2036 4170 confu-

461 4211 600 4251 sum.
630 4195 766 4264 Quia
790 4197 940 4274 ineo
971 4199 1113 4269 quod
1139 4201 1379 4272 graviter
1412 4202 1719 4273 increpatus
1745 4214 1849 4270 est,
1889 4214 1945 4260 et
1979 4205 2034 4261 in

461 4302 526 4343 eo
561 4288 703 4358 quod
729 4288 891 4344 verba
925 4291 1183 4348 doctrinae
1215 4309 1320 4348 non
1350 4295 1694 4352 audientibus
1719 4297 1868 4362 dicit,
1899 4315 2034 4356 con-

462 4377 727 4434 fusionem
773 4381 1011 4451 pertulit,
1063 4383 1119 4438 in
1159 4384 1272 4440 suis
1312 4385 1790 4456 increpationibus,
1828 4390 1954 4460 quia
1979 4391 2036 4447 in

460 4470 542 4525 eis
588 4487 695 4527 non
733 4475 978 4544 proﬁcit;
1035 4477 1088 4531 in
1141 4493 1330 4535 eorum
1383 4480 1859 4552 increpationibus,
1908 4485 2036 4554 quia

461 4561 608 4618 dolet
631 4564 698 4618 de
726 4566 990 4633 pravitate
1014 4583 1173 4637 quam
1201 4570 1368 4626 audit.

537 4671 554 4702 ι
591 4651 669 4706 Εη
704 4651 884 4710 decies
915 4675 936 4708 ι
969 4655 1159 4728 (Ιὺὶά.)
1193 4659 1433 4716 Ecclesia
1480 4661 1800 4735 decalogum
1831 4674 2033 4735 servat,

463 4751 549 4802 cui
601 4745 770 4815 iniqui
819 4748 977 4804 toties
1026 4750 1396 4808 confusionem
1438 4754 1676 4824 faciunt,
1718 4760 1930 4830 quoties
1978 4762 2034 4818 in

460 4836 574 4893 suis
595 4839 806 4894 actibus
833 4839 1028 4896 divinis
1049 4844 1271 4900 vocibus
1296 4847 1584 4903 obsistunt.

537 4952 554 4982 ι
583 4931 650 4986 Ει
671 4947 778 4987 non
803 4934 1123 4993 erubescitis
1142 4939 1508 5008 opprimentes
1531 4957 1638 4996 me.
1673 4962 1693 4996 ι
1730 4942 1867 5000 Sunt
1900 4961 2033 5002 non-

460 5023 592 5078 nulli
639 5039 778 5094 quos
822 5025 890 5080 ad
941 5029 1355 5097 perpetrandam
1394 5034 1689 5102 nequitiam
1717 5036 1905 5090 oborta
1937 5053 2030 5093 su-

460 5119 573 5176 bito
611 5121 817 5176 malitia
855 5121 1064 5188 invitat,
1106 5125 1200 5180 sed
1229 5132 1406 5184 tamen
1439 5130 1675 5186 humana
1706 5133 2031 5189 verecundia

458 5218 696 5264 revocat.

531 5297 695 5353 Vens.
725 5300 872 5354 4.-
915 5321 934 5353 ι
972 5301 1175 5374 Nempe
1216 5315 1270 5360 et
1323 5307 1368 5362 si
1413 5307 1677 5378 ignoravi.
1725 5327 1742 5360 ι
1792 5309 2032 5368 Scientia

458 5391 834 5448 haereticorum
875 5409 984 5450 non
1023 5404 1108 5451 est
1140 5412 1263 5452 cum
1301 5398 1400 5464 eis,
1435 5400 1527 5454 sed
1553 5408 1740 5455 contra
1765 5416 1877 5468 eos,
1902 5405 2030 5460 dum

458 5481 627 5536 inﬂat.
659 5481 766 5538 Sed
805 5484 1060 5542 Ecclesiae
1103 5486 1428 5558 ignorantia,
1481 5492 1622 5560 quod
1677 5507 1872 5548 arcana
1919 5511 2026 5551 non

457 5581 636 5642 potest
662 5582 949 5642 penetrare
977 5590 1098 5630 cum
1141 5592 1207 5631 ea
1243 5587 1348 5644 est,
1401 5580 1529 5648 quia
1579 5597 1676 5651 pro
1712 5599 1796 5650 ea,
1821 5586 1946 5641 dum
1970 5601 2029 5642 se

461 5663 734 5730 humiliat;
788 5675 845 5720 et
890 5668 1016 5736 quia
1064 5670 1302 5724 haeretici
1360 5673 1500 5741 quod
1558 5687 1804 5744 quaerunt
1853 5680 2026 5746 scire,

458 5753 620 5810 elatio
657 5765 760 5822 est,
801 5765 860 5812 ut
894 5765 1081 5812 contra
1121 5761 1290 5814 bonos
1315 5761 1457 5816 docti
1489 5765 1788 5834 videantur,
1815 5770 2023 5825 subdit:

458 5859 552 5902 vos
615 5857 797 5904 contra
853 5865 918 5904 ex
974 5865 1061 5906 me
1107 5866 1365 5922 percusso
1401 5865 1588 5929 contra
1635 5875 1732 5918 vos
1761 5861 2029 5922 deberetis

2143 644 2222 695 se,
2255 639 2438 700 postea
2465 631 2517 684 in
2545 631 2680 685 alios
2704 631 2952 700 erigitur.

2215 721 2377 778 Vens.
2424 720 2481 777 5.
2519 753 2592 764 —
2630 739 2650 774 ι
2691 721 2764 776 At
2800 737 2898 778 vos
2938 729 3127 778 contra
3166 737 3254 779 me
3299 724 3598 796 erigimini.
3633 744 3656 778 ι
3683 723 3746 781 ld

2143 820 2248 879 est,
2302 813 2660 884 vosmetipsos
2715 813 3118 883 redarguendos
3169 813 3497 886 relinquitis,
3534 825 3594 872 et
3650 830 3748 873 me

2143 905 2404 962 districtis
2436 906 2720 962 sententiis
2754 906 3069 979 increpatis.
3099 925 3118 960 ι
3168 907 3238 963 Ει
3283 909 3511 981 arguitis
3557 925 3680 965 me.
3717 929 3738 962 ι

2145 997 2280 1066 Quia
2323 998 2414 1069 qui
2460 1014 2583 1055 eum
2613 998 2820 1071 justum
2865 1007 2991 1054 ante
3046 997 3254 1072 ﬂagella
3303 1010 3589 1066 noverant,
3648 1002 3744 1056 in-

2137 1085 2345 1156 justum
2377 1103 2498 1144 esse
2526 1103 2593 1144 ex
2623 1089 2733 1161 ipsa
2754 1087 2870 1158 jam
2893 1103 2988 1143 sua
3018 1090 3366 1160 percussione
3383 1089 3742 1160 judicabant.

2214 1177 2380 1232 Vens.
2409 1178 2466 1235 6.
2497 1208 2567 1218 —
2604 1197 2624 1230 ε
2663 1177 2868 1234 Saltem
2897 1193 3043 1235 nunc
3073 1179 3375 1250 intelligite.
3418 1200 3437 1232 ι
3479 1179 3597 1237 Hoc
3637 1181 3747 1237 Do-

2143 1267 2324 1322 minus
2360 1267 2426 1323 de
2468 1265 2558 1322 illo
2589 1267 2800 1323 dixerat
2836 1266 3179 1341 (commovisti
3215 1286 3299 1324 me
3326 1269 3578 1326 adversus
3609 1288 3745 1326 eam

2145 1361 2366 1432 frustra)
2394 1361 2537 1431 quod
2559 1360 2675 1432 ipse
2704 1361 2770 1416 de
2799 1376 2859 1416 se
2887 1362 3084 1417 asserit
3115 1379 3127 1415 :
3158 1362 3285 1434 quia
3322 1378 3429 1416 non
3463 1378 3625 1433 aequo
3651 1364 3746 1434 ju-

2145 1451 2288 1508 dicio
2313 1467 2342 1507 a
2363 1451 2592 1508 Domino
2607 1452 2678 1508 sit
2692 1451 2940 1508 afﬂictus.
2967 1453 3023 1508 Si
3040 1453 3184 1509 enim
3200 1453 3309 1508 vita
3323 1451 3442 1522 ejus
3454 1463 3510 1510 et
3521 1452 3744 1535 ﬂagella

2143 1552 2461 1614 pensantur,
2498 1560 2607 1600 non
2645 1559 2800 1615 aequo
2821 1543 3026 1615 judicio
3050 1545 3268 1602 videtur
3293 1545 3526 1602 aﬂlictus
3561 1565 3574 1600 :
3603 1547 3745 1617 quia

2143 1649 2276 1690 vero
2308 1636 2502 1691 merita
2539 1634 2656 1705 ejus
2701 1652 2766 1691 ex
2819 1633 3042 1707 ﬂagellis
3088 1636 3404 1703 cumulavit,
3437 1639 3583 1694 Deus
3623 1654 3746 1694 non

2143 1726 2343 1796 injuste
2375 1726 2581 1796 judicio
2625 1725 2726 1782 Job
2773 1727 2983 1783 afﬂixit.
3017 1746 3036 1779 ‹
3080 1728 3218 1796 Quia
3250 1729 3390 1785 Deus
3422 1747 3533 1786 non
3579 1747 3745 1802 aqua

2139 1820 2365 1892 judicio.
2406 1839 2425 1873 ι
2459 1819 2823 1877 Astruendum
2859 1821 3025 1893 igitur
3051 1831 3155 1889 est,
3183 1824 3327 1893 quod
3357 1832 3413 1879 et
3435 1825 3584 1880 Deus
3611 1841 3744 1881 cum

2069 1903 2118 1964 B
2145 1909 2245 1967 Job
2273 1921 2418 1968 recte
2445 1913 2575 1984 egit,
2601 1921 2657 1968 et
2685 1921 2867 1968 tamen
2894 1929 3001 1968 non
3025 1915 3306 1982 mentitur,
3334 1916 3427 1986 qui
3446 1932 3559 1972 non
3581 1933 3744 1988 teque

2145 2005 2262 2060 fieri
2300 2004 2431 2059 dicit
2469 2004 2750 2076 :alioquin
2801 2005 3045 2061 diabolus
3068 2006 3200 2060 vicit
3243 2006 3322 2075 (in
3361 2022 3427 2062 eo
3473 2008 3625 2078 quod
3671 2010 3744 2064 de

2143 2095 2288 2151 beati
2317 2095 2420 2150 viri
2465 2094 2622 2166 culpa
2679 2095 3026 2167 promiserat)
3067 2111 3228 2166 quem
3277 2099 3421 2153 Deus
3467 2097 3740 2154 laudavit.

2142 2185 2256 2242 Hoc
2287 2201 2396 2242 non
2415 2185 2598 2251 elatio,
2615 2185 2710 2242 sed
2731 2186 2886 2241 dolor
2912 2187 3160 2242 extorsit.
3192 2186 3372 2244 Bonus
3385 2189 3431 2244 si
3459 2190 3516 2244 in
3540 2190 3742 2246 humili

2141 2288 2342 2346 mente,
2373 2280 2621 2351 exigente
2651 2295 2816 2336 causa
2843 2279 2929 2335 vel
2965 2280 3172 2347 dolore,
3203 2280 3348 2336 bona
3386 2281 3454 2336 de
3493 2297 3554 2337 se
3581 2282 3740 2347 dicit,

2141 2385 2248 2427 non
2265 2378 2469 2442 peccat.
2496 2389 2516 2422 ί
2536 2371 2602 2426 Ει
2616 2369 2841 2444 ﬂagellis
2855 2371 2970 2428 suis
2982 2386 3068 2427 me
3083 2372 3334 2427 cinxerit.
3367 2391 3385 2423 ι
3412 2370 3552 2426 Cum
3584 2381 3742 2427 tanta

2141 2479 2241 2520 nos
2295 2463 2513 2521 afﬂictio
2547 2464 2820 2536 deprimit,
2866 2471 2928 2520 ut
2975 2463 3175 2520 nullius
3225 2464 3307 2520 rei
3357 2463 3742 2519 consolatione

2141 2555 2412 2625 respirare
2463 2554 2678 2612 animus
2721 2555 2918 2626 possit,
2972 2571 3081 2610 non
3121 2555 3236 2627 jam
3274 2552 3504 2625 ﬂagellis
3530 2555 3740 2610 solum-

2139 2648 2301 2705 modo
2327 2647 2572 2714 ferimur,
2598 2647 2694 2704 sed
2722 2648 2886 2704 etiam
2916 2648 3205 2721 cingimur,
3245 2649 3375 2720 quia
3419 2648 3739 2704 tribulatio-

2140 2757 2270 2796 num
2291 2742 2518 2797 verbere
2549 2757 2617 2798 ex
2653 2742 2800 2799 omni
2831 2751 2986 2814 parte
3016 2743 3437 2799 circumdamur.

2213 2832 2375 2889 Vens.
2403 2834 2456 2888 7.
2484 2865 2556 2875 -—
2587 2852 2608 2886 ε
2636 2833 2776 2890 Ecce
2804 2833 3050 2890 clamabo
3073 2835 3182 2890 vim
3203 2834 3434 2906 patiens.
3463 2853 3484 2886 ι
3539 2832 3738 2903 (Ibid)

2137 2923 2284 2981 Deus
2329 2925 2458 2995 quid
2502 2924 2657 2982 nobis
2689 2923 3029 2996 profuturum
3060 2923 3133 2982 sit
3172 2926 3374 2993 sciens,
3403 2931 3536 2991 etc.,
3567 2940 3737 2996 usque

2137 3017 2210 3071 ad
2241 3015 2334 3087 qui
2360 3030 2462 3072 nec
2482 3015 2691 3088 agenda
2716 3028 2922 3086 queunt
2947 3017 3278 3074 discernere.

2211 3107 2378 3162 Vens.
2400 3109 2454 3164 8.
2477 3138 2548 3148 —
2582 3127 2600 3159 ι
2629 3107 2890 3163 Semitam
2942 3123 3118 3164 meam
3142 3108 3540 3179 circumsepsit,
3564 3116 3677 3163 etc.
3709 3126 3730 3158 ι

2137 3198 2564 3272 Circumseptam
2595 3200 2911 3256 verberibus
2959 3201 3208 3257 semitam
3230 3216 3384 3257 suam
3410 3202 3570 3266 vidit,
3603 3217 3736 3257 cum

2060 3268 2108 3335 α
2136 3293 2374 3350 transire
2412 3268 2478 3348 ad
2502 3294 2850 3350 securitatem
2869 3293 3113 3364 cupiens,
3135 3296 3366 3350 evadere
3386 3293 3602 3366 ﬂagella
3621 3311 3730 3350 non

2136 3386 2312 3457 potuit
2341 3404 2355 3440 :
2386 3393 2441 3442 et
2469 3386 2624 3458 quasi
2657 3385 2711 3440 in
2740 3386 2877 3441 calle
2903 3388 3084 3442 cordis
3119 3387 3438 3460 ignorantia:
3469 3389 3736 3445 tenebras

2138 3479 2366 3547 invenit,
2389 3477 2483 3549 qui
2522 3493 2621 3534 cur
2653 3479 2729 3534 ita
2766 3477 3146 3551 ﬂagellaretur,
3176 3488 3466 3552 penetrare
3489 3496 3604 3538 non
3635 3497 3737 3554 po-

2138 3573 2260 3628 tuit.

2209 3662 2376 3719 Vens.
2412 3662 2465 3719 9.
2497 3693 2568 3704 —-
2590 3679 2613 3716 ι
2650 3661 2915 3734 Spoliavit
2965 3677 3054 3718 me
3097 3663 3269 3736 gloria
3320 3679 3463 3720 mea.
3494 3684 3516 3719 ι
3559 3664 3736 3722 Plane

2137 3755 2255 3812 haec
2281 3753 2383 3812 Job
2405 3756 2755 3823 conveniunt,
2778 3764 2910 3823 etc.,
2935 3773 3099 3829 usque
3123 3758 3194 3812 ad
3222 3757 3420 3831 quibus
3443 3761 3736 3817 ruentibus

2138 3848 2301 3904 latius
2329 3849 2475 3905 cadit
2497 3849 2785 3906 exercitus.

2211 3940 2374 3995 Vens.
2417 3939 2505 3994 lo.
2536 3970 2607 3980 —
2631 3959 2650 3992 ι
2683 3939 2962 3996 Destruxit
2990 3953 3080 3996 me
3117 3941 3359 4012 undique
3381 3950 3437 3998 et
3457 3957 3653 4014 pereo,
3675 3957 3738 4004 et

2140 4031 2294 4102 quasi
2322 4030 2522 4088 evulsas
2545 4030 2747 4097 arbori,
2795 4051 2814 4083 ι
2859 4041 2964 4088 etc.
2989 4030 3166 4088 Arber
3209 4042 3376 4089 vento
3430 4033 3736 4105 impellitur

2138 4132 2199 4176 ut
2231 4121 2392 4177 cadat
2432 4139 2446 4176 :
2493 4122 2575 4178 sic
2606 4121 2854 4176 infirmus
2891 4121 3054 4177 minis
3095 4122 3164 4178 ad
3203 4121 3523 4192 injustitiam
3552 4127 3734 4181 trahi-

2139 4221 2249 4278 tur,
2289 4222 2347 4268 et
2369 4221 2576 4268 aeterna
2612 4227 2732 4282 quae
2763 4214 3017 4283 sperabat
3043 4213 3330 4285 relinquit;
3362 4225 3418 4272 et
3456 4218 3585 4288 quia
3617 4219 3727 4274 ali-

2139 4308 2353 4379 quando
2415 4307 2508 4378 qui
2571 4307 2747 4378 paanis
2810 4307 3032 4363 territus
3086 4307 3355 4377 justitiam
3409 4309 3726 4381 ‘relinquit,

2138 4418 2328 4474 poenas
2363 4410 2544 4458 tamen
2579 4416 2685 4456 non
2721 4401 2920 4458 evadit.

2211 4491 2376 4547 Vens.
2407 4492 2574 4548 H.—
2599 4511 2618 4543 ι
2648 4491 2823 4548 Iratus
2841 4499 2928 4547 est
2949 4499 3136 4548 contra
3158 4506 3264 4548 me.
3295 4511 3314 4544 ι
3339 4490 3443 4560 Qui
3466 4494 3611 4550 enim
3645 4495 3725 4551 ita

2059 4636 2114 4697 Β
2139 4585 2460 4657 percutitur,
2492 4593 2553 4640 ut
2580 4585 2724 4640 vires
2748 4583 2866 4653 ejus
2894 4592 3236 4654 superentur,
3262 4599 3369 4640 non
3401 4587 3547 4642 hunc
3573 4587 3726 4646 Deus

2139 4687 2198 4734 ut
2223 4678 2391 4734 filium
2430 4695 2528 4752 per
2572 4678 2935 4748 disciplinam,
2980 4679 3075 4734 sed
3102 4686 3184 4735 ut-
3205 4679 3418 4735 hostem
3464 4681 3594 4737 ferit
3621 4698 3726 4753 per

2139 4771 2311 4826 iram:
2338 4773 2479 4826 unde
2502 4779 2557 4827 et
2577 4772 2839 4843 propheta
2866 4790 2878 4824 :
2918 4789 2936 4822 ι
2966 4769 3126 4843 Plaga
3151 4772 3353 4828 inimici
3370 4776 3614 4843 percussi
3640 4785 3719 4842 te,

2140 4862 2492 4933 castigatione
2529 4864 2732 4919 crudeli
2756 4864 2971 4936 (larem.
3026 4863 3179 4936 xxx).
3229 4883 3248 4916 ι
3283 4863 3353 4919 Ει
3406 4865 3530 4936 quia
3575 4882 3720 4938 sape

2137 4950 2356 5022 maligni
2384 4953 2604 5022 spiritus
2634 4954 2886 5010 cordibus
2915 4953 3235 5013 afﬂictarum
3260 4953 3431 5013 multa
3462 4955 3718 5026 suadent,

2138 5043 2262 5098 etsi
2291 5043 2421 5113 quid
2449 5043 2576 5099 boni
2603 5052 2684 5099 est
2716 5043 2988 5112 furantur,
3024 5048 3210 5103 addit:

2211 5135 2375 5192 Vens.
2406 5137 2492 5191 12.
2518 5166 2591 5178 —
2619 5156 2639 5190 ‹
2679 5137 2850 5194 Simul
2877 5149 3139 5194 venerunt
3173 5140 3432 5199 latrones.
3463 5163 3485 5197 ι
3531 5139 3588 5200 ld
3629 5151 3716 5201 est

2138 5227 2358 5296 maligni
2384 5228 2625 5298 spiritus,
2657 5229 2746 5300 qui
2787 5230 3136 5300 exquirendis
3167 5234 3442 5290 hominum
3469 5237 3714 5294 moribus

2134 5327 2468 5388 occupantur
2496 5337 2509 5373 :
2535 5320 2627 5389 qui
2669 5319 2812 5376 viam
2860 5322 2959 5378 sibi
3012 5323 3065 5377 in
3101 5323 3420 5381 afﬂictarum
3455 5329 3710 5385 cordibus

2135 5407 2366 5474 faciunt,
2410 5409 2627 5479 quando
2668 5411 2814 5466 inter
2867 5412 3098 5469 adversa
3137 5431 3258 5486 qua:
3292 5419 3536 5474 exterius
3575 5421 3712 5476 tole-

2135 5507 2346 5566 rantur,
2399 5501 2753 5574 eogitationes
2801 5519 3014 5574 quoque
3045 5523 3241 5577 pravas
3283 5509 3572 5567 immittere
3600 5529 3708 5568 non

2137 5591 2421 5647 desistunt.
2484 5613 2502 5643 ‹
2568 5593 2632 5648 Et
2655 5595 2981 5651 obsederunt
3056 5599 3108 5653 in
3175 5615 3306 5671 gyro
3384 5604 3704 5660 tabernacu-

2135 5681 2268 5747 lum,
2302 5702 2319 5734 ι
2367 5692 2471 5738 etc.
2529 5683 2587 5738 ln
2645 5700 2774 5755 gyro
2823 5680 3229 5745 tabernaculum
3276 5692 3542 5761 obsident,
3572 5705 3703 5764 etc.,

2135 5790 2296 5844 usque
2319 5774 2387 5826 ad
2410 5789 2568 5830 omne
2594 5789 2790 5845 corpus
2823 5775 2939 5846 ejus
2971 5777 3240 5835 ulceribus
3266 5781 3587 5838 attriverant

2209 5867 2370 5922 Vens.
2408 5866 2488 5922 l3.
2522 5895 2594 5910 -—
2623 5887 2640 5920 ι
2673 5867 2893 5926 Fratres
2908 5886 3060 5930 meos
3083 5872 3256 5946 longe.
3287 5892 3305 5927 ι
3332 5873 3519 5946 (Ιὸὶά.)
3547 5874 3709 5933 Modo
