  <div class='ocr_page' id='page_1' title='image "/cluster/home/n/w/nwhite01/storage/ocr_20150623/113/hvd.32044018909572/410.png"; bbox 0 0 3982 6352; ppageno 0'>
   <div class='ocr_carea' id='block_1_1' title="bbox 183 368 296 425">
    <p class='ocr_par' dir='ltr' id='par_1_1' title="bbox 183 368 296 425">
     <span class='ocr_line' id='line_1_1' title="bbox 183 368 296 425; baseline 0 0"><span class='ocrx_word' id='word_1_1' title='bbox 183 368 296 425; x_wconf 83' lang='grc'><strong>809</strong></span> 
     </span>
    </p>
   </div>
   <div class='ocr_carea' id='block_1_2' title="bbox 181 479 1013 552">
    <p class='ocr_par' dir='ltr' id='par_1_2' title="bbox 181 479 1013 552">
     <span class='ocr_line' id='line_1_2' title="bbox 181 479 1013 552; baseline -0.008 -12"><span class='ocrx_word' id='word_1_2' title='bbox 181 498 325 540; x_wconf 76' lang='lat' dir='ltr'><strong>voce</strong></span> <span class='ocrx_word' id='word_1_3' title='bbox 367 479 744 552; x_wconf 76' lang='lat' dir='ltr'><strong>Redemptoris</strong></span> <span class='ocrx_word' id='word_1_4' title='bbox 787 481 956 535; x_wconf 88' lang='lat' dir='ltr'><strong>utitur</strong></span> <span class='ocrx_word' id='word_1_5' title='bbox 1001 498 1013 533; x_wconf 91' lang='lat'>:</span> 
     </span>
    </p>
   </div>
   <div class='ocr_carea' id='block_1_3' title="bbox 187 568 1775 640">
    <p class='ocr_par' dir='ltr' id='par_1_3' title="bbox 187 568 1775 640">
     <span class='ocr_line' id='line_1_3' title="bbox 187 568 1775 640; baseline -0.007 -11"><span class='ocrx_word' id='word_1_6' title='bbox 187 573 419 639; x_wconf 79' lang='lat' dir='ltr'><strong>fratres,</strong></span> <span class='ocrx_word' id='word_1_7' title='bbox 453 582 509 627; x_wconf 87' lang='lat' dir='ltr'><strong>et</strong></span> <span class='ocrx_word' id='word_1_8' title='bbox 557 572 670 627; x_wconf 90' lang='lat' dir='ltr'><strong>noti</strong></span> <span class='ocrx_word' id='word_1_9' title='bbox 722 579 1093 635; x_wconf 90' lang='lat' dir='ltr'><strong>recesserunt;</strong></span> <span class='ocrx_word' id='word_1_10' title='bbox 1135 585 1295 640; x_wconf 88' lang='lat' dir='ltr'><strong>quem</strong></span> <span class='ocrx_word' id='word_1_11' title='bbox 1333 578 1575 622; x_wconf 88' lang='lat' dir='ltr'><strong>tenentes</strong></span> <span class='ocrx_word' id='word_1_12' title='bbox 1601 568 1775 637; x_wconf 86' lang='lat' dir='ltr'><strong>legem</strong></span> 
     </span>
    </p>
   </div>
   <div class='ocr_carea' id='block_1_4' title="bbox 185 658 1777 736">
    <p class='ocr_par' dir='ltr' id='par_1_4' title="bbox 185 658 1777 736">
     <span class='ocr_line' id='line_1_4' title="bbox 185 658 1777 736; baseline -0.006 -17"><span class='ocrx_word' id='word_1_13' title='bbox 185 665 516 736; x_wconf 75' lang='lat' dir='ltr'><strong>prophetam</strong></span> <span class='ocrx_word' id='word_1_14' title='bbox 559 670 843 726; x_wconf 92' lang='lat' dir='ltr'><strong>noverant,</strong></span> <span class='ocrx_word' id='word_1_15' title='bbox 889 671 941 714; x_wconf 91' lang='lat' dir='ltr'><strong>ct</strong></span> <span class='ocrx_word' id='word_1_16' title='bbox 984 668 1304 731; x_wconf 74' lang='lat' dir='ltr'><strong>praesentem</strong></span> <span class='ocrx_word' id='word_1_17' title='bbox 1361 658 1584 712; x_wconf 88' lang='lat' dir='ltr'><strong>minime</strong></span> <span class='ocrx_word' id='word_1_18' title='bbox 1629 670 1777 710; x_wconf 91' lang='lat' dir='ltr'><strong>reco-</strong></span> 
     </span>
    </p>
   </div>
   <div class='ocr_carea' id='block_1_5' title="bbox 187 750 1772 825">
    <p class='ocr_par' dir='ltr' id='par_1_5' title="bbox 187 750 1772 825">
     <span class='ocr_line' id='line_1_5' title="bbox 187 750 1772 825; baseline -0.004 -17"><span class='ocrx_word' id='word_1_19' title='bbox 187 754 548 825; x_wconf 76' lang='lat' dir='ltr'><strong>gnoscebant.</strong></span> <span class='ocrx_word' id='word_1_20' title='bbox 597 751 766 807; x_wconf 67' lang='lat' dir='ltr'><strong>Judaei</strong></span> <span class='ocrx_word' id='word_1_21' title='bbox 813 751 1012 807; x_wconf 89' lang='lat' dir='ltr'><strong>etenim</strong></span> <span class='ocrx_word' id='word_1_22' title='bbox 1062 750 1347 821; x_wconf 88' lang='lat' dir='ltr'><strong>propinqui</strong></span> <span class='ocrx_word' id='word_1_23' title='bbox 1393 765 1491 820; x_wconf 84' lang='lat' dir='ltr'><strong>per</strong></span> <span class='ocrx_word' id='word_1_24' title='bbox 1529 764 1772 814; x_wconf 89' lang='lat' dir='ltr'><strong>carnem,</strong></span> 
     </span>
    </p>
   </div>
   <div class='ocr_carea' id='block_1_6' title="bbox 183 839 1772 914">
    <p class='ocr_par' dir='ltr' id='par_1_6' title="bbox 183 839 1772 914">
     <span class='ocr_line' id='line_1_6' title="bbox 183 839 1772 914; baseline -0.006 -13"><span class='ocrx_word' id='word_1_25' title='bbox 183 856 246 901; x_wconf 84' lang='lat' dir='ltr'><strong>et</strong></span> <span class='ocrx_word' id='word_1_26' title='bbox 293 845 406 900; x_wconf 89' lang='lat' dir='ltr'><strong>noti</strong></span> <span class='ocrx_word' id='word_1_27' title='bbox 462 859 559 913; x_wconf 91' lang='lat' dir='ltr'><strong>per</strong></span> <span class='ocrx_word' id='word_1_28' title='bbox 598 843 730 914; x_wconf 83' lang='lat' dir='ltr'><strong>legis</strong></span> <span class='ocrx_word' id='word_1_29' title='bbox 764 843 1198 907; x_wconf 87' lang='lat' dir='ltr'><strong>instructionem,</strong></span> <span class='ocrx_word' id='word_1_30' title='bbox 1242 840 1398 910; x_wconf 86' lang='lat' dir='ltr'><strong>quasi</strong></span> <span class='ocrx_word' id='word_1_31' title='bbox 1424 839 1574 894; x_wconf 86' lang='lat' dir='ltr'><strong>obliti</strong></span> <span class='ocrx_word' id='word_1_32' title='bbox 1613 855 1772 909; x_wconf 89' lang='lat' dir='ltr'><strong>quem</strong></span> 
     </span>
    </p>
   </div>
   <div class='ocr_carea' id='block_1_7' title="bbox 187 932 1772 1008">
    <p class='ocr_par' dir='ltr' id='par_1_7' title="bbox 187 932 1772 1008">
     <span class='ocr_line' id='line_1_7' title="bbox 187 932 1772 1008; baseline -0.005 -16"><span class='ocrx_word' id='word_1_33' title='bbox 187 939 374 995; x_wconf 77' lang='lat' dir='ltr'><strong>verbis</strong></span> <span class='ocrx_word' id='word_1_34' title='bbox 413 937 549 1008; x_wconf 83' lang='lat' dir='ltr'><strong>legis</strong></span> <span class='ocrx_word' id='word_1_35' title='bbox 576 952 674 1007; x_wconf 86' lang='lat' dir='ltr'><strong>per</strong></span> <span class='ocrx_word' id='word_1_36' title='bbox 698 935 858 992; x_wconf 85' lang='lat' dir='ltr'><strong>ﬁdem</strong></span> <span class='ocrx_word' id='word_1_37' title='bbox 898 935 1379 1006; x_wconf 87' lang='lat' dir='ltr'><strong>prophetaveraut,</strong></span> <span class='ocrx_word' id='word_1_38' title='bbox 1422 932 1603 988; x_wconf 86' lang='lat' dir='ltr'><strong>verbis</strong></span> <span class='ocrx_word' id='word_1_39' title='bbox 1646 946 1772 1001; x_wconf 89' lang='lat' dir='ltr'><strong>per-</strong></span> 
     </span>
    </p>
   </div>
   <div class='ocr_carea' id='block_1_8' title="bbox 185 1030 1025 1102">
    <p class='ocr_par' dir='ltr' id='par_1_8' title="bbox 185 1030 1025 1102">
     <span class='ocr_line' id='line_1_8' title="bbox 185 1030 1025 1102; baseline -0.006 -14"><span class='ocrx_word' id='word_1_40' title='bbox 185 1034 330 1090; x_wconf 70' lang='lat' dir='ltr'><strong>ﬁdim</strong></span> <span class='ocrx_word' id='word_1_41' title='bbox 371 1033 710 1086; x_wconf 89' lang='lat' dir='ltr'><strong>iucarnatum</strong></span> <span class='ocrx_word' id='word_1_42' title='bbox 738 1030 1025 1102; x_wconf 81' lang='lat' dir='ltr'><strong>negabant.</strong></span> 
     </span>
    </p>
   </div>
   <div class='ocr_carea' id='block_1_9' title="bbox 263 1116 1774 1192">
    <p class='ocr_par' dir='ltr' id='par_1_9' title="bbox 263 1116 1774 1192">
     <span class='ocr_line' id='line_1_9' title="bbox 263 1116 1774 1192; baseline -0.006 -13"><span class='ocrx_word' id='word_1_43' title='bbox 263 1127 428 1179; x_wconf 73' lang='lat' dir='ltr'><strong>Vens.</strong></span> <span class='ocrx_word' id='word_1_44' title='bbox 462 1123 548 1179; x_wconf 77' lang='grc'><strong>15.</strong></span> <span class='ocrx_word' id='word_1_45' title='bbox 572 1155 643 1164; x_wconf 89' lang='grc'><strong><em>-</em></strong></span> <span class='ocrx_word' id='word_1_46' title='bbox 668 1141 687 1174; x_wconf 70' lang='grc' dir='ltr'><strong>ε</strong></span> <span class='ocrx_word' id='word_1_47' title='bbox 732 1121 985 1192; x_wconf 89' lang='lat' dir='ltr'><strong>Inquilini</strong></span> <span class='ocrx_word' id='word_1_48' title='bbox 1018 1122 1209 1176; x_wconf 91' lang='lat' dir='ltr'><strong>domus</strong></span> <span class='ocrx_word' id='word_1_49' title='bbox 1238 1133 1391 1174; x_wconf 85' lang='lat' dir='ltr'><strong>meae.</strong></span> <span class='ocrx_word' id='word_1_50' title='bbox 1430 1137 1449 1170; x_wconf 77' lang='grc' dir='ltr'><strong>ι</strong></span> <span class='ocrx_word' id='word_1_51' title='bbox 1483 1116 1542 1171; x_wconf 92' lang='lat' dir='ltr'><strong>Id</strong></span> <span class='ocrx_word' id='word_1_52' title='bbox 1578 1124 1662 1171; x_wconf 91' lang='lat' dir='ltr'><strong>est</strong></span> <span class='ocrx_word' id='word_1_53' title='bbox 1690 1131 1774 1170; x_wconf 88' lang='lat' dir='ltr'><strong>sa-</strong></span> 
     </span>
    </p>
   </div>
   <div class='ocr_carea' id='block_1_10' title="bbox 181 1208 1770 1286">
    <p class='ocr_par' dir='ltr' id='par_1_10' title="bbox 181 1208 1770 1286">
     <span class='ocr_line' id='line_1_10' title="bbox 181 1208 1770 1286; baseline -0.009 -12"><span class='ocrx_word' id='word_1_54' title='bbox 181 1219 469 1284; x_wconf 88' lang='lat' dir='ltr'><strong>cerdotes,</strong></span> <span class='ocrx_word' id='word_1_55' title='bbox 517 1230 746 1286; x_wconf 90' lang='lat' dir='ltr'><strong>quorum</strong></span> <span class='ocrx_word' id='word_1_56' title='bbox 785 1215 937 1286; x_wconf 83' lang='lat' dir='ltr'><strong>origo</strong></span> <span class='ocrx_word' id='word_1_57' title='bbox 991 1213 1046 1268; x_wconf 92' lang='lat' dir='ltr'><strong>in</strong></span> <span class='ocrx_word' id='word_1_58' title='bbox 1091 1212 1187 1266; x_wconf 88' lang='lat' dir='ltr'><strong>Dei</strong></span> <span class='ocrx_word' id='word_1_59' title='bbox 1227 1209 1448 1265; x_wconf 89' lang='lat' dir='ltr'><strong>servitio</strong></span> <span class='ocrx_word' id='word_1_60' title='bbox 1483 1208 1770 1278; x_wconf 86' lang='lat' dir='ltr'><strong>deputata,</strong></span> 
     </span>
    </p>
   </div>
   <div class='ocr_carea' id='block_1_11' title="bbox 177 1299 1768 1382">
    <p class='ocr_par' dir='ltr' id='par_1_11' title="bbox 177 1299 1768 1382">
     <span class='ocr_line' id='line_1_11' title="bbox 177 1299 1768 1382; baseline -0.009 -18"><span class='ocrx_word' id='word_1_61' title='bbox 177 1310 295 1382; x_wconf 82' lang='lat' dir='ltr'><strong>jam</strong></span> <span class='ocrx_word' id='word_1_62' title='bbox 326 1325 424 1380; x_wconf 90' lang='lat' dir='ltr'><strong>per</strong></span> <span class='ocrx_word' id='word_1_63' title='bbox 450 1306 683 1364; x_wconf 76' lang='lat' dir='ltr'><strong>ofﬁcium</strong></span> <span class='ocrx_word' id='word_1_64' title='bbox 710 1307 762 1360; x_wconf 90' lang='lat' dir='ltr'><strong>in</strong></span> <span class='ocrx_word' id='word_1_65' title='bbox 796 1305 1103 1361; x_wconf 91' lang='lat' dir='ltr'><strong>conditione</strong></span> <span class='ocrx_word' id='word_1_66' title='bbox 1141 1303 1425 1358; x_wconf 88' lang='lat' dir='ltr'><strong>tenebatur</strong></span> <span class='ocrx_word' id='word_1_67' title='bbox 1449 1320 1466 1351; x_wconf 89' lang='grc'><em>‹</em></span> <span class='ocrx_word' id='word_1_68' title='bbox 1495 1299 1719 1354; x_wconf 87' lang='lat' dir='ltr'><strong>ancillae.</strong></span> <span class='ocrx_word' id='word_1_69' title='bbox 1749 1318 1768 1350; x_wconf 72' lang='grc' dir='ltr'><strong><em>ι</em></strong></span> 
     </span>
    </p>
   </div>
   <div class='ocr_carea' id='block_1_12' title="bbox 179 1395 1774 1467">
    <p class='ocr_par' dir='ltr' id='par_1_12' title="bbox 179 1395 1774 1467">
     <span class='ocr_line' id='line_1_12' title="bbox 179 1395 1774 1467; baseline -0.008 -5"><span class='ocrx_word' id='word_1_70' title='bbox 179 1407 500 1462; x_wconf 89' lang='lat' dir='ltr'><strong>Levitarum</strong></span> <span class='ocrx_word' id='word_1_71' title='bbox 524 1404 716 1459; x_wconf 67' lang='lat' dir='ltr'><strong>animae</strong></span> <span class='ocrx_word' id='word_1_72' title='bbox 742 1412 867 1458; x_wconf 91' lang='lat' dir='ltr'><strong>sunt</strong></span> <span class='ocrx_word' id='word_1_73' title='bbox 896 1402 962 1456; x_wconf 88' lang='lat' dir='ltr'><strong>ad</strong></span> <span class='ocrx_word' id='word_1_74' title='bbox 993 1409 1205 1456; x_wconf 86' lang='lat' dir='ltr'><strong>secreta</strong></span> <span class='ocrx_word' id='word_1_75' title='bbox 1238 1397 1588 1461; x_wconf 89' lang='lat' dir='ltr'><strong>tabernaculi,</strong></span> <span class='ocrx_word' id='word_1_76' title='bbox 1617 1395 1774 1467; x_wconf 87' lang='lat' dir='ltr'><strong>quasi</strong></span> 
     </span>
    </p>
   </div>
   <div class='ocr_carea' id='block_1_13' title="bbox 181 1487 1776 1554">
    <p class='ocr_par' dir='ltr' id='par_1_13' title="bbox 181 1487 1776 1554">
     <span class='ocr_line' id='line_1_13' title="bbox 181 1487 1776 1554; baseline -0.008 0"><span class='ocrx_word' id='word_1_77' title='bbox 181 1499 257 1554; x_wconf 89' lang='lat' dir='ltr'><strong>ad</strong></span> <span class='ocrx_word' id='word_1_78' title='bbox 313 1497 571 1552; x_wconf 89' lang='lat' dir='ltr'><strong>interiora</strong></span> <span class='ocrx_word' id='word_1_79' title='bbox 621 1495 852 1551; x_wconf 90' lang='lat' dir='ltr'><strong>cubiculi</strong></span> <span class='ocrx_word' id='word_1_80' title='bbox 900 1493 1223 1548; x_wconf 82' lang='lat' dir='ltr'><strong>familiarius</strong></span> <span class='ocrx_word' id='word_1_81' title='bbox 1273 1491 1592 1547; x_wconf 84' lang='lat' dir='ltr'><strong>servientes.</strong></span> <span class='ocrx_word' id='word_1_82' title='bbox 1635 1507 1653 1538; x_wconf 87' lang='grc'><strong><em>‹</em></strong></span> <span class='ocrx_word' id='word_1_83' title='bbox 1707 1487 1776 1541; x_wconf 84' lang='grc' dir='ltr'><strong>Ει</strong></span> 
     </span>
    </p>
   </div>
   <div class='ocr_carea' id='block_1_14' title="bbox 181 1573 1776 1661">
    <p class='ocr_par' dir='ltr' id='par_1_14' title="bbox 181 1573 1776 1661">
     <span class='ocr_line' id='line_1_14' title="bbox 181 1573 1776 1661; baseline -0.006 -18"><span class='ocrx_word' id='word_1_84' title='bbox 181 1573 344 1661; x_wconf 81' lang='lat' dir='ltr'><strong>quasi</strong></span> <span class='ocrx_word' id='word_1_85' title='bbox 371 1587 694 1660; x_wconf 88' lang='lat' dir='ltr'><strong>peregrinus</strong></span> <span class='ocrx_word' id='word_1_86' title='bbox 735 1586 829 1652; x_wconf 90' lang='lat' dir='ltr'><strong>fui,</strong></span> <span class='ocrx_word' id='word_1_87' title='bbox 871 1594 976 1641; x_wconf 90' lang='lat' dir='ltr'><strong>etc.</strong></span> <span class='ocrx_word' id='word_1_88' title='bbox 1008 1605 1026 1636; x_wconf 84' lang='grc'><strong>›</strong></span> <span class='ocrx_word' id='word_1_89' title='bbox 1057 1585 1190 1652; x_wconf 85' lang='lat' dir='ltr'><strong>Quia</strong></span> <span class='ocrx_word' id='word_1_90' title='bbox 1221 1600 1248 1637; x_wconf 86' lang='lat' dir='ltr'><strong>a</strong></span> <span class='ocrx_word' id='word_1_91' title='bbox 1273 1598 1542 1661; x_wconf 76' lang='lat' dir='ltr'><strong>synagoga</strong></span> <span class='ocrx_word' id='word_1_92' title='bbox 1563 1595 1671 1636; x_wconf 91' lang='lat' dir='ltr'><strong>non</strong></span> <span class='ocrx_word' id='word_1_93' title='bbox 1693 1587 1776 1634; x_wconf 92' lang='lat' dir='ltr'><strong>est</strong></span> 
     </span>
    </p>
   </div>
   <div class='ocr_carea' id='block_1_15' title="bbox 179 1659 1774 1753">
    <p class='ocr_par' dir='ltr' id='par_1_15' title="bbox 179 1659 1774 1753">
     <span class='ocr_line' id='line_1_15' title="bbox 179 1659 1774 1753; baseline -0.01 -15"><span class='ocrx_word' id='word_1_94' title='bbox 179 1659 466 1753; x_wconf 74' lang='lat' dir='ltr'><strong>cognitus;</strong></span> <span class='ocrx_word' id='word_1_95' title='bbox 519 1679 662 1734; x_wconf 89' lang='lat' dir='ltr'><strong>unde</strong></span> <span class='ocrx_word' id='word_1_96' title='bbox 715 1686 772 1732; x_wconf 90' lang='lat' dir='ltr'><strong>et</strong></span> <span class='ocrx_word' id='word_1_97' title='bbox 815 1678 1076 1749; x_wconf 84' lang='lat' dir='ltr'><strong>propheta</strong></span> <span class='ocrx_word' id='word_1_98' title='bbox 1110 1695 1122 1730; x_wconf 92' lang='lat'>:</span> <span class='ocrx_word' id='word_1_99' title='bbox 1163 1696 1181 1727; x_wconf 89' lang='grc'><strong>‹</strong></span> <span class='ocrx_word' id='word_1_100' title='bbox 1233 1675 1398 1743; x_wconf 84' lang='lat' dir='ltr'><strong>Quasi</strong></span> <span class='ocrx_word' id='word_1_101' title='bbox 1428 1659 1652 1730; x_wconf 80' lang='lat' dir='ltr'><strong>colonus</strong></span> <span class='ocrx_word' id='word_1_102' title='bbox 1690 1669 1774 1724; x_wconf 84' lang='lat' dir='ltr'><strong>fu-</strong></span> 
     </span>
    </p>
   </div>
   <div class='ocr_carea' id='block_1_16' title="bbox 181 1765 1776 1839">
    <p class='ocr_par' dir='ltr' id='par_1_16' title="bbox 181 1765 1776 1839">
     <span class='ocr_line' id='line_1_16' title="bbox 181 1765 1776 1839; baseline -0.008 -10"><span class='ocrx_word' id='word_1_103' title='bbox 181 1782 343 1828; x_wconf 84' lang='lat' dir='ltr'><strong>turus</strong></span> <span class='ocrx_word' id='word_1_104' title='bbox 370 1787 429 1828; x_wconf 90' lang='lat' dir='ltr'><strong>es</strong></span> <span class='ocrx_word' id='word_1_105' title='bbox 463 1771 518 1826; x_wconf 89' lang='lat' dir='ltr'><strong>in</strong></span> <span class='ocrx_word' id='word_1_106' title='bbox 550 1779 712 1835; x_wconf 89' lang='lat' dir='ltr'><strong>terra,</strong></span> <span class='ocrx_word' id='word_1_107' title='bbox 745 1777 799 1824; x_wconf 93' lang='lat' dir='ltr'><strong>et</strong></span> <span class='ocrx_word' id='word_1_108' title='bbox 825 1769 981 1839; x_wconf 87' lang='lat' dir='ltr'><strong>quasi</strong></span> <span class='ocrx_word' id='word_1_109' title='bbox 1020 1768 1196 1822; x_wconf 87' lang='lat' dir='ltr'><strong>viator</strong></span> <span class='ocrx_word' id='word_1_110' title='bbox 1227 1765 1507 1822; x_wconf 87' lang='lat' dir='ltr'><strong>declinans</strong></span> <span class='ocrx_word' id='word_1_111' title='bbox 1552 1765 1619 1818; x_wconf 91' lang='lat' dir='ltr'><strong>ad</strong></span> <span class='ocrx_word' id='word_1_112' title='bbox 1660 1775 1776 1817; x_wconf 85' lang='lat' dir='ltr'><strong>ma-</strong></span> 
     </span>
    </p>
   </div>
   <div class='ocr_carea' id='block_1_17' title="bbox 1245 349 2394 420">
    <p class='ocr_par' dir='ltr' id='par_1_17' title="bbox 1245 349 2394 420">
     <span class='ocr_line' id='line_1_17' title="bbox 1245 349 2394 420; baseline 0 -2"><span class='ocrx_word' id='word_1_113' title='bbox 1245 360 1508 419; x_wconf 73' lang='lat' dir='ltr'><strong>GLOSSA</strong></span> <span class='ocrx_word' id='word_1_114' title='bbox 1549 349 1944 416; x_wconf 73' lang='lat' dir='ltr'><strong>OBDINARIA.</strong></span> <span class='ocrx_word' id='word_1_115' title='bbox 1984 393 2054 402; x_wconf 95' lang='lat'><strong>—-</strong></span> <span class='ocrx_word' id='word_1_116' title='bbox 2088 362 2216 418; x_wconf 86' lang='lat' dir='ltr'><strong>LIB.</strong></span> <span class='ocrx_word' id='word_1_117' title='bbox 2254 361 2394 420; x_wconf 82' lang='lat' dir='ltr'><strong>JOB.</strong></span> 
     </span>
    </p>
   </div>
   <div class='ocr_carea' id='block_1_18' title="bbox 1065 476 1856 548">
    <p class='ocr_par' dir='ltr' id='par_1_18' title="bbox 1065 476 1856 548">
     <span class='ocr_line' id='line_1_18' title="bbox 1065 476 1856 548; baseline -0.006 -15"><span class='ocrx_word' id='word_1_118' title='bbox 1065 480 1132 533; x_wconf 89' lang='lat' dir='ltr'><strong>ab</strong></span> <span class='ocrx_word' id='word_1_119' title='bbox 1180 493 1245 533; x_wconf 89' lang='lat' dir='ltr'><strong>eo</strong></span> <span class='ocrx_word' id='word_1_120' title='bbox 1289 477 1446 548; x_wconf 82' lang='lat' dir='ltr'><strong>longe</strong></span> <span class='ocrx_word' id='word_1_121' title='bbox 1490 476 1614 530; x_wconf 67' lang='lat' dir='ltr'><strong>facti</strong></span> <span class='ocrx_word' id='word_1_122' title='bbox 1653 484 1777 530; x_wconf 83' lang='lat' dir='ltr'><strong>sunt</strong></span> <span class='ocrx_word' id='word_1_123' title='bbox 1805 481 1856 537; x_wconf 81' lang='grc' dir='ltr'>Α</span> 
     </span>
    </p>
   </div>
   <div class='ocr_carea' id='block_1_19' title="bbox 3353 367 3457 423">
    <p class='ocr_par' dir='ltr' id='par_1_19' title="bbox 3353 367 3457 423">
     <span class='ocr_line' id='line_1_19' title="bbox 3353 367 3457 423; baseline -0.01 0"><span class='ocrx_word' id='word_1_124' title='bbox 3353 367 3457 423; x_wconf 74' lang='grc'><strong>810</strong></span> 
     </span>
    </p>
   </div>
   <div class='ocr_carea' id='block_1_20' title="bbox 1961 475 3458 550">
    <p class='ocr_par' dir='ltr' id='par_1_20' title="bbox 1961 475 3458 550">
     <span class='ocr_line' id='line_1_20' title="bbox 1961 475 3458 550; baseline 0.009 -25"><span class='ocrx_word' id='word_1_125' title='bbox 1961 496 1976 525; x_wconf 74' lang='grc' dir='ltr'>ς</span> <span class='ocrx_word' id='word_1_126' title='bbox 2022 475 2288 532; x_wconf 86' lang='lat' dir='ltr'><strong>Carnibus</strong></span> <span class='ocrx_word' id='word_1_127' title='bbox 2317 498 2335 528; x_wconf 69' lang='grc' dir='ltr'>ι</span> <span class='ocrx_word' id='word_1_128' title='bbox 2369 477 2586 550; x_wconf 68' lang='lat' dir='ltr'><strong>(Cum)</strong></span> <span class='ocrx_word' id='word_1_129' title='bbox 2633 477 2764 545; x_wconf 84' lang='lat' dir='ltr'><strong>Quae</strong></span> <span class='ocrx_word' id='word_1_130' title='bbox 2812 480 2922 536; x_wconf 88' lang='lat' dir='ltr'><strong>ossi</strong></span> <span class='ocrx_word' id='word_1_131' title='bbox 2975 482 3275 547; x_wconf 85' lang='lat' dir='ltr'><strong>haeserant,</strong></span> <span class='ocrx_word' id='word_1_132' title='bbox 3327 482 3458 540; x_wconf 90' lang='lat' dir='ltr'><strong>dum</strong></span> 
     </span>
    </p>
   </div>
   <div class='ocr_carea' id='block_1_21' title="bbox 1884 569 3458 648">
    <p class='ocr_par' dir='ltr' id='par_1_21' title="bbox 1884 569 3458 648">
     <span class='ocr_line' id='line_1_21' title="bbox 1884 569 3458 648; baseline 0.007 -26"><span class='ocrx_word' id='word_1_133' title='bbox 1884 569 2157 638; x_wconf 88' lang='lat' dir='ltr'><strong>discipuli,</strong></span> <span class='ocrx_word' id='word_1_134' title='bbox 2195 570 2322 625; x_wconf 89' lang='lat' dir='ltr'><strong>licet</strong></span> <span class='ocrx_word' id='word_1_135' title='bbox 2350 572 2570 638; x_wconf 80' lang='lat' dir='ltr'><strong>infirmi,</strong></span> <span class='ocrx_word' id='word_1_136' title='bbox 2603 574 2847 628; x_wconf 76' lang='lat' dir='ltr'><strong>veritatis</strong></span> <span class='ocrx_word' id='word_1_137' title='bbox 2882 573 3042 630; x_wconf 84' lang='lat' dir='ltr'><strong>ﬁdem</strong></span> <span class='ocrx_word' id='word_1_138' title='bbox 3083 577 3292 647; x_wconf 92' lang='lat' dir='ltr'><strong>populis</strong></span> <span class='ocrx_word' id='word_1_139' title='bbox 3316 593 3458 648; x_wconf 80' lang='lat' dir='ltr'><strong>prae-</strong></span> 
     </span>
    </p>
   </div>
   <div class='ocr_carea' id='block_1_22' title="bbox 1883 661 3463 739">
    <p class='ocr_par' dir='ltr' id='par_1_22' title="bbox 1883 661 3463 739">
     <span class='ocr_line' id='line_1_22' title="bbox 1883 661 3463 739; baseline 0.008 -26"><span class='ocrx_word' id='word_1_140' title='bbox 1883 661 2145 715; x_wconf 88' lang='lat' dir='ltr'><strong>dicarent.</strong></span> <span class='ocrx_word' id='word_1_141' title='bbox 2173 661 2239 715; x_wconf 88' lang='lat' dir='ltr'><strong>Et</strong></span> <span class='ocrx_word' id='word_1_142' title='bbox 2262 678 2384 717; x_wconf 92' lang='lat' dir='ltr'><strong>cum</strong></span> <span class='ocrx_word' id='word_1_143' title='bbox 2413 675 2612 720; x_wconf 82' lang='lat' dir='ltr'><strong>sanctae</strong></span> <span class='ocrx_word' id='word_1_144' title='bbox 2643 666 2894 722; x_wconf 88' lang='lat' dir='ltr'><strong>mulieres</strong></span> <span class='ocrx_word' id='word_1_145' title='bbox 2921 683 2984 722; x_wconf 92' lang='lat' dir='ltr'><strong>ea</strong></span> <span class='ocrx_word' id='word_1_146' title='bbox 3006 685 3125 739; x_wconf 74' lang='lat' dir='ltr'><strong>qua:</strong></span> <span class='ocrx_word' id='word_1_147' title='bbox 3153 671 3463 726; x_wconf 88' lang='lat' dir='ltr'><strong>necessaria</strong></span> 
     </span>
    </p>
   </div>
   <div class='ocr_carea' id='block_1_23' title="bbox 1880 754 3463 834">
    <p class='ocr_par' dir='ltr' id='par_1_23' title="bbox 1880 754 3463 834">
     <span class='ocr_line' id='line_1_23' title="bbox 1880 754 3463 834; baseline 0.008 -28"><span class='ocrx_word' id='word_1_148' title='bbox 1880 762 2039 807; x_wconf 88' lang='lat' dir='ltr'><strong>erant</strong></span> <span class='ocrx_word' id='word_1_149' title='bbox 2071 754 2342 809; x_wconf 78' lang='lat' dir='ltr'><strong>exteriora</strong></span> <span class='ocrx_word' id='word_1_150' title='bbox 2367 759 2610 827; x_wconf 85' lang='lat' dir='ltr'><strong>corporis</strong></span> <span class='ocrx_word' id='word_1_151' title='bbox 2637 760 2870 814; x_wconf 87' lang='lat' dir='ltr'><strong>subsidia</strong></span> <span class='ocrx_word' id='word_1_152' title='bbox 2895 771 3285 832; x_wconf 64' lang='lat' dir='ltr'><strong>praepararent,</strong></span> <span class='ocrx_word' id='word_1_153' title='bbox 3307 763 3463 834; x_wconf 86' lang='lat' dir='ltr'><strong>quasi</strong></span> 
     </span>
    </p>
   </div>
   <div class='ocr_carea' id='block_1_24' title="bbox 1879 845 2906 919">
    <p class='ocr_par' dir='ltr' id='par_1_24' title="bbox 1879 845 2906 919">
     <span class='ocr_line' id='line_1_24' title="bbox 1879 845 2906 919; baseline 0.009 -21"><span class='ocrx_word' id='word_1_154' title='bbox 1879 845 2037 916; x_wconf 87' lang='lat' dir='ltr'><strong>pellis</strong></span> <span class='ocrx_word' id='word_1_155' title='bbox 2061 854 2214 900; x_wconf 79' lang='lat' dir='ltr'><strong>extra</strong></span> <span class='ocrx_word' id='word_1_156' title='bbox 2253 851 2543 905; x_wconf 90' lang='lat' dir='ltr'><strong>manebant</strong></span> <span class='ocrx_word' id='word_1_157' title='bbox 2571 852 2624 905; x_wconf 88' lang='lat' dir='ltr'><strong>in</strong></span> <span class='ocrx_word' id='word_1_158' title='bbox 2662 868 2906 919; x_wconf 84' lang='lat' dir='ltr'><strong>corpore.</strong></span> 
     </span>
    </p>
   </div>
   <div class='ocr_carea' id='block_1_25' title="bbox 1958 939 3463 1015">
    <p class='ocr_par' dir='ltr' id='par_1_25' title="bbox 1958 939 3463 1015">
     <span class='ocr_line' id='line_1_25' title="bbox 1958 939 3463 1015; baseline 0.009 -26"><span class='ocrx_word' id='word_1_159' title='bbox 1958 957 1976 989; x_wconf 77' lang='grc' dir='ltr'>ι</span> <span class='ocrx_word' id='word_1_160' title='bbox 2015 939 2084 994; x_wconf 84' lang='grc' dir='ltr'><strong>Ει</strong></span> <span class='ocrx_word' id='word_1_161' title='bbox 2107 939 2383 994; x_wconf 89' lang='lat' dir='ltr'><strong>derelicta.</strong></span> <span class='ocrx_word' id='word_1_162' title='bbox 2420 961 2437 993; x_wconf 76' lang='grc' dir='ltr'><strong><em>ι</em></strong></span> <span class='ocrx_word' id='word_1_163' title='bbox 2484 941 2682 998; x_wconf 87' lang='lat' dir='ltr'><strong>Dentes</strong></span> <span class='ocrx_word' id='word_1_164' title='bbox 2715 945 2938 1015; x_wconf 89' lang='lat' dir='ltr'><strong>apostoli</strong></span> <span class='ocrx_word' id='word_1_165' title='bbox 2977 954 3130 1014; x_wconf 88' lang='lat' dir='ltr'><strong>sunt;</strong></span> <span class='ocrx_word' id='word_1_166' title='bbox 3165 947 3306 1002; x_wconf 90' lang='lat' dir='ltr'><strong>labia</strong></span> <span class='ocrx_word' id='word_1_167' title='bbox 3345 957 3463 1003; x_wconf 84' lang='lat' dir='ltr'><strong>tan-</strong></span> 
     </span>
    </p>
   </div>
   <div class='ocr_carea' id='block_1_26' title="bbox 1879 1029 3462 1100">
    <p class='ocr_par' dir='ltr' id='par_1_26' title="bbox 1879 1029 3462 1100">
     <span class='ocr_line' id='line_1_26' title="bbox 1879 1029 3462 1100; baseline 0.008 -18"><span class='ocrx_word' id='word_1_168' title='bbox 1879 1029 2161 1084; x_wconf 87' lang='lat' dir='ltr'><strong>tummodo</strong></span> <span class='ocrx_word' id='word_1_169' title='bbox 2190 1030 2336 1084; x_wconf 90' lang='lat' dir='ltr'><strong>circa</strong></span> <span class='ocrx_word' id='word_1_170' title='bbox 2367 1030 2556 1086; x_wconf 85' lang='lat' dir='ltr'><strong>dentes</strong></span> <span class='ocrx_word' id='word_1_171' title='bbox 2589 1032 2772 1088; x_wconf 88' lang='lat' dir='ltr'><strong>relicta</strong></span> <span class='ocrx_word' id='word_1_172' title='bbox 2804 1041 2951 1100; x_wconf 82' lang='lat' dir='ltr'><strong>Sunt,</strong></span> <span class='ocrx_word' id='word_1_173' title='bbox 2990 1052 3111 1090; x_wconf 92' lang='lat' dir='ltr'><strong>cum</strong></span> <span class='ocrx_word' id='word_1_174' title='bbox 3149 1039 3213 1092; x_wconf 88' lang='lat' dir='ltr'><strong>de</strong></span> <span class='ocrx_word' id='word_1_175' title='bbox 3256 1053 3321 1093; x_wconf 90' lang='lat' dir='ltr'><strong>eo</strong></span> <span class='ocrx_word' id='word_1_176' title='bbox 3356 1038 3462 1094; x_wconf 92' lang='lat' dir='ltr'><strong>duo</strong></span> 
     </span>
    </p>
   </div>
   <div class='ocr_carea' id='block_1_27' title="bbox 1878 1121 3461 1201">
    <p class='ocr_par' dir='ltr' id='par_1_27' title="bbox 1878 1121 3461 1201">
     <span class='ocr_line' id='line_1_27' title="bbox 1878 1121 3461 1201; baseline 0.006 -25"><span class='ocrx_word' id='word_1_177' title='bbox 1878 1130 2004 1191; x_wconf 90' lang='lat' dir='ltr'><strong>post</strong></span> <span class='ocrx_word' id='word_1_178' title='bbox 2045 1131 2276 1178; x_wconf 90' lang='lat' dir='ltr'><strong>mortem</strong></span> <span class='ocrx_word' id='word_1_179' title='bbox 2323 1121 2439 1192; x_wconf 88' lang='lat' dir='ltr'><strong>ejus</strong></span> <span class='ocrx_word' id='word_1_180' title='bbox 2484 1125 2822 1182; x_wconf 87' lang='lat' dir='ltr'><strong>ambulantes</strong></span> <span class='ocrx_word' id='word_1_181' title='bbox 2866 1127 3198 1184; x_wconf 81' lang='lat' dir='ltr'><strong>confabulari</strong></span> <span class='ocrx_word' id='word_1_182' title='bbox 3242 1130 3461 1201; x_wconf 88' lang='lat' dir='ltr'><strong>quidem</strong></span> 
     </span>
    </p>
   </div>
   <div class='ocr_carea' id='block_1_28' title="bbox 1879 1215 3465 1288">
    <p class='ocr_par' dir='ltr' id='par_1_28' title="bbox 1879 1215 3465 1288">
     <span class='ocr_line' id='line_1_28' title="bbox 1879 1215 3465 1288; baseline 0.008 -20"><span class='ocrx_word' id='word_1_183' title='bbox 1879 1224 2168 1282; x_wconf 86' lang='lat' dir='ltr'><strong>noverant,</strong></span> <span class='ocrx_word' id='word_1_184' title='bbox 2195 1215 2288 1271; x_wconf 92' lang='lat' dir='ltr'><strong>sed</strong></span> <span class='ocrx_word' id='word_1_185' title='bbox 2310 1217 2608 1288; x_wconf 71' lang='lat' dir='ltr'><strong>prmdicare</strong></span> <span class='ocrx_word' id='word_1_186' title='bbox 2643 1217 2754 1287; x_wconf 91' lang='lat' dir='ltr'><strong>jam</strong></span> <span class='ocrx_word' id='word_1_187' title='bbox 2781 1237 2926 1287; x_wconf 90' lang='lat' dir='ltr'><strong>eum,</strong></span> <span class='ocrx_word' id='word_1_188' title='bbox 2953 1230 3044 1276; x_wconf 92' lang='lat' dir='ltr'><strong>aut</strong></span> <span class='ocrx_word' id='word_1_189' title='bbox 3067 1224 3316 1280; x_wconf 90' lang='lat' dir='ltr'><strong>mordere</strong></span> <span class='ocrx_word' id='word_1_190' title='bbox 3342 1224 3465 1280; x_wconf 87' lang='lat' dir='ltr'><strong>inﬁ-</strong></span> 
     </span>
    </p>
   </div>
   <div class='ocr_carea' id='block_1_29' title="bbox 1880 1309 3463 1389">
    <p class='ocr_par' dir='ltr' id='par_1_29' title="bbox 1880 1309 3463 1389">
     <span class='ocr_line' id='line_1_29' title="bbox 1880 1309 3463 1389; baseline 0.008 -27"><span class='ocrx_word' id='word_1_191' title='bbox 1880 1309 2080 1364; x_wconf 88' lang='lat' dir='ltr'><strong>delium</strong></span> <span class='ocrx_word' id='word_1_192' title='bbox 2107 1311 2239 1365; x_wconf 88' lang='lat' dir='ltr'><strong>vitia</strong></span> <span class='ocrx_word' id='word_1_193' title='bbox 2267 1309 2653 1368; x_wconf 83' lang='lat' dir='ltr'><strong>formidabant.</strong></span> <span class='ocrx_word' id='word_1_194' title='bbox 2680 1311 2786 1369; x_wconf 89' lang='lat' dir='ltr'><strong>Sed</strong></span> <span class='ocrx_word' id='word_1_195' title='bbox 2803 1313 2913 1383; x_wconf 90' lang='lat' dir='ltr'><strong>jam</strong></span> <span class='ocrx_word' id='word_1_196' title='bbox 2945 1316 3014 1372; x_wconf 87' lang='lat' dir='ltr'><strong>ad</strong></span> <span class='ocrx_word' id='word_1_197' title='bbox 3040 1319 3255 1389; x_wconf 91' lang='lat' dir='ltr'><strong>propria</strong></span> <span class='ocrx_word' id='word_1_198' title='bbox 3295 1318 3463 1374; x_wconf 86' lang='lat' dir='ltr'><strong>verba</strong></span> 
     </span>
    </p>
   </div>
   <div class='ocr_carea' id='block_1_30' title="bbox 1878 1399 2319 1456">
    <p class='ocr_par' dir='ltr' id='par_1_30' title="bbox 1878 1399 2319 1456">
     <span class='ocr_line' id='line_1_30' title="bbox 1878 1399 2319 1456; baseline -0.002 -1"><span class='ocrx_word' id='word_1_199' title='bbox 1878 1399 1982 1455; x_wconf 83' lang='lat' dir='ltr'><strong>Job</strong></span> <span class='ocrx_word' id='word_1_200' title='bbox 2011 1402 2319 1456; x_wconf 83' lang='lat' dir='ltr'><strong>revertitur.</strong></span> 
     </span>
    </p>
   </div>
   <div class='ocr_carea' id='block_1_31' title="bbox 1958 1493 3464 1559">
    <p class='ocr_par' dir='ltr' id='par_1_31' title="bbox 1958 1493 3464 1559">
     <span class='ocr_line' id='line_1_31' title="bbox 1958 1493 3464 1559; baseline 0.011 -16"><span class='ocrx_word' id='word_1_201' title='bbox 1958 1513 1974 1543; x_wconf 84' lang='grc'>‹</span> <span class='ocrx_word' id='word_1_202' title='bbox 2006 1493 2420 1549; x_wconf 88' lang='lat' dir='ltr'><strong>Tantummodo.</strong></span> <span class='ocrx_word' id='word_1_203' title='bbox 2471 1515 2489 1547; x_wconf 82' lang='grc'><strong>›</strong></span> <span class='ocrx_word' id='word_1_204' title='bbox 2521 1496 2632 1551; x_wconf 90' lang='lat' dir='ltr'><strong>Nec</strong></span> <span class='ocrx_word' id='word_1_205' title='bbox 2685 1496 2928 1554; x_wconf 83' lang='lat' dir='ltr'><strong>felicibus</strong></span> <span class='ocrx_word' id='word_1_206' title='bbox 2980 1500 3124 1554; x_wconf 91' lang='lat' dir='ltr'><strong>aliud</strong></span> <span class='ocrx_word' id='word_1_207' title='bbox 3187 1511 3271 1557; x_wconf 92' lang='lat' dir='ltr'><strong>est</strong></span> <span class='ocrx_word' id='word_1_208' title='bbox 3316 1504 3464 1559; x_wconf 90' lang='lat' dir='ltr'><strong>circa</strong></span> 
     </span>
    </p>
   </div>
   <div class='ocr_carea' id='block_1_32' title="bbox 1877 1583 3387 1664">
    <p class='ocr_par' dir='ltr' id='par_1_32' title="bbox 1877 1583 3387 1664">
     <span class='ocr_line' id='line_1_32' title="bbox 1877 1583 3387 1664; baseline 0.009 -27"><span class='ocrx_word' id='word_1_209' title='bbox 1877 1583 2070 1640; x_wconf 89' lang='lat' dir='ltr'><strong>dentes</strong></span> <span class='ocrx_word' id='word_1_210' title='bbox 2099 1600 2263 1655; x_wconf 84' lang='lat' dir='ltr'><strong>quam</strong></span> <span class='ocrx_word' id='word_1_211' title='bbox 2299 1585 2440 1640; x_wconf 89' lang='lat' dir='ltr'><strong>labia</strong></span> <span class='ocrx_word' id='word_1_212' title='bbox 2471 1604 2484 1641; x_wconf 91' lang='lat'><strong>:</strong></span> <span class='ocrx_word' id='word_1_213' title='bbox 2511 1595 2565 1642; x_wconf 89' lang='lat' dir='ltr'><strong>et</strong></span> <span class='ocrx_word' id='word_1_214' title='bbox 2589 1588 2666 1643; x_wconf 91' lang='lat' dir='ltr'><strong>sic</strong></span> <span class='ocrx_word' id='word_1_215' title='bbox 2691 1598 2835 1659; x_wconf 85' lang='lat' dir='ltr'><strong>patet</strong></span> <span class='ocrx_word' id='word_1_216' title='bbox 2863 1591 2967 1646; x_wconf 88' lang='lat' dir='ltr'><strong>hoc</strong></span> <span class='ocrx_word' id='word_1_217' title='bbox 3006 1593 3231 1664; x_wconf 84' lang='lat' dir='ltr'><strong>mystice</strong></span> <span class='ocrx_word' id='word_1_218' title='bbox 3262 1595 3387 1650; x_wconf 90' lang='lat' dir='ltr'><strong>dici.</strong></span> 
     </span>
    </p>
   </div>
   <div class='ocr_carea' id='block_1_33' title="bbox 1952 1697 3464 1765">
    <p class='ocr_par' dir='ltr' id='par_1_33' title="bbox 1952 1697 3464 1765">
     <span class='ocr_line' id='line_1_33' title="bbox 1952 1697 3464 1765; baseline 0.009 -14"><span class='ocrx_word' id='word_1_219' title='bbox 1952 1697 2118 1753; x_wconf 76' lang='lat' dir='ltr'><strong>Vens.</strong></span> <span class='ocrx_word' id='word_1_220' title='bbox 2148 1698 2240 1753; x_wconf 76' lang='grc'><strong>21.</strong></span> <span class='ocrx_word' id='word_1_221' title='bbox 2259 1727 2333 1739; x_wconf 89' lang='lat'><strong>——</strong></span> <span class='ocrx_word' id='word_1_222' title='bbox 2357 1717 2377 1750; x_wconf 87' lang='grc'><strong><em>‹</em></strong></span> <span class='ocrx_word' id='word_1_223' title='bbox 2409 1699 2738 1758; x_wconf 86' lang='lat' dir='ltr'><strong>Miseremini</strong></span> <span class='ocrx_word' id='word_1_224' title='bbox 2767 1705 2891 1758; x_wconf 91' lang='lat' dir='ltr'><strong>mei.</strong></span> <span class='ocrx_word' id='word_1_225' title='bbox 2925 1724 2944 1757; x_wconf 73' lang='grc' dir='ltr'><strong><em>ι</em></strong></span> <span class='ocrx_word' id='word_1_226' title='bbox 2974 1705 3190 1762; x_wconf 88' lang='lat' dir='ltr'><strong>Piorum</strong></span> <span class='ocrx_word' id='word_1_227' title='bbox 3229 1716 3312 1764; x_wconf 90' lang='lat' dir='ltr'><strong>est</strong></span> <span class='ocrx_word' id='word_1_228' title='bbox 3337 1724 3464 1765; x_wconf 90' lang='lat' dir='ltr'><strong>cum</strong></span> 
     </span>
    </p>
   </div>
   <div class='ocr_carea' id='block_1_34' title="bbox 1883 1792 3464 1869">
    <p class='ocr_par' dir='ltr' id='par_1_34' title="bbox 1883 1792 3464 1869">
     <span class='ocr_line' id='line_1_34' title="bbox 1883 1792 3464 1869; baseline 0.007 -23"><span class='ocrx_word' id='word_1_229' title='bbox 1883 1793 1952 1848; x_wconf 89' lang='lat' dir='ltr'><strong>ab</strong></span> <span class='ocrx_word' id='word_1_230' title='bbox 1989 1792 2314 1848; x_wconf 86' lang='lat' dir='ltr'><strong>adversariis</strong></span> <span class='ocrx_word' id='word_1_231' title='bbox 2342 1793 2641 1862; x_wconf 90' lang='lat' dir='ltr'><strong>patiuntur,</strong></span> <span class='ocrx_word' id='word_1_232' title='bbox 2667 1810 2772 1849; x_wconf 90' lang='lat' dir='ltr'><strong>non</strong></span> <span class='ocrx_word' id='word_1_233' title='bbox 2802 1803 2912 1850; x_wconf 89' lang='lat' dir='ltr'><strong>tam</strong></span> <span class='ocrx_word' id='word_1_234' title='bbox 2936 1798 3004 1852; x_wconf 90' lang='lat' dir='ltr'><strong>ad</strong></span> <span class='ocrx_word' id='word_1_235' title='bbox 3044 1798 3178 1852; x_wconf 88' lang='lat' dir='ltr'><strong>iram</strong></span> <span class='ocrx_word' id='word_1_236' title='bbox 3205 1816 3366 1869; x_wconf 90' lang='lat' dir='ltr'><strong>quam</strong></span> <span class='ocrx_word' id='word_1_237' title='bbox 3396 1803 3464 1858; x_wconf 90' lang='lat' dir='ltr'><strong>ad</strong></span> 
     </span>
    </p>
   </div>
   <div class='ocr_carea' id='block_1_35' title="bbox 175 1855 1778 1962">
    <p class='ocr_par' dir='ltr' id='par_1_35' title="bbox 175 1855 1770 1938">
     <span class='ocr_line' id='line_1_35' title="bbox 175 1855 1770 1938; baseline -0.008 -16"><span class='ocrx_word' id='word_1_238' title='bbox 175 1867 425 1922; x_wconf 78' lang='lat' dir='ltr'><strong>nendum</strong></span> <span class='ocrx_word' id='word_1_239' title='bbox 477 1863 614 1938; x_wconf 83' lang='lat' dir='ltr'><strong>(Jer.</strong></span> <span class='ocrx_word' id='word_1_240' title='bbox 656 1862 792 1935; x_wconf 80' lang='lat' dir='ltr'><strong>nv).</strong></span> <span class='ocrx_word' id='word_1_241' title='bbox 831 1883 849 1915; x_wconf 76' lang='grc' dir='ltr'><strong>ι</strong></span> <span class='ocrx_word' id='word_1_242' title='bbox 879 1860 981 1928; x_wconf 85' lang='lat' dir='ltr'><strong>Qui</strong></span> <span class='ocrx_word' id='word_1_243' title='bbox 1009 1861 1152 1916; x_wconf 83' lang='lat' dir='ltr'><strong>enim</strong></span> <span class='ocrx_word' id='word_1_244' title='bbox 1183 1867 1242 1913; x_wconf 92' lang='lat' dir='ltr'><strong>ut</strong></span> <span class='ocrx_word' id='word_1_245' title='bbox 1265 1858 1528 1913; x_wconf 89' lang='lat' dir='ltr'><strong>Dominus</strong></span> <span class='ocrx_word' id='word_1_246' title='bbox 1553 1855 1770 1910; x_wconf 92' lang='lat' dir='ltr'><strong>auditus</strong></span> 
     </span>
    </p>
   </div>
   <div class='ocr_carea' id='block_1_36' title="bbox 1900 1855 3465 1962">
    <p class='ocr_par' dir='ltr' id='par_1_36' title="bbox 1900 1855 3465 1962">
     <span class='ocr_line' id='line_1_36' title="bbox 1900 1855 3465 1962; baseline 0.006 -26"><span class='ocrx_word' id='word_1_247' title='bbox 1900 1898 2067 1938; x_wconf 76' lang='lat' dir='ltr'><strong>II‘CCCS</strong></span> <span class='ocrx_word' id='word_1_248' title='bbox 2098 1883 2326 1938; x_wconf 89' lang='lat' dir='ltr'><strong>moveri.</strong></span> <span class='ocrx_word' id='word_1_249' title='bbox 2355 1882 2580 1938; x_wconf 90' lang='lat' dir='ltr'><strong>Tactum</strong></span> <span class='ocrx_word' id='word_1_250' title='bbox 2614 1893 2794 1940; x_wconf 90' lang='lat' dir='ltr'><strong>autem</strong></span> <span class='ocrx_word' id='word_1_251' title='bbox 2841 1901 2898 1941; x_wconf 92' lang='lat' dir='ltr'><strong>se</strong></span> <span class='ocrx_word' id='word_1_252' title='bbox 2928 1901 3090 1943; x_wconf 88' lang='lat' dir='ltr'><strong>manu</strong></span> <span class='ocrx_word' id='word_1_253' title='bbox 3123 1855 3336 1944; x_wconf 76' lang='lat' dir='ltr'><strong>Domini</strong></span> <span class='ocrx_word' id='word_1_254' title='bbox 3370 1907 3465 1962; x_wconf 85' lang='lat' dir='ltr'><strong>ap-</strong></span> 
     </span>
    </p>
   </div>
   <div class='ocr_carea' id='block_1_37' title="bbox 179 1949 1768 2026">
    <p class='ocr_par' dir='ltr' id='par_1_37' title="bbox 179 1949 1768 2026">
     <span class='ocr_line' id='line_1_37' title="bbox 179 1949 1768 2026; baseline -0.008 -13"><span class='ocrx_word' id='word_1_255' title='bbox 179 1973 295 2014; x_wconf 80' lang='lat' dir='ltr'><strong>non</strong></span> <span class='ocrx_word' id='word_1_256' title='bbox 311 1965 534 2022; x_wconf 89' lang='lat' dir='ltr'><strong>est,non</strong></span> <span class='ocrx_word' id='word_1_257' title='bbox 556 1969 836 2025; x_wconf 86' lang='lat' dir='ltr'><strong>possessor</strong></span> <span class='ocrx_word' id='word_1_258' title='bbox 859 1953 994 2026; x_wconf 88' lang='lat' dir='ltr'><strong>agri,</strong></span> <span class='ocrx_word' id='word_1_259' title='bbox 1021 1952 1116 2008; x_wconf 92' lang='lat' dir='ltr'><strong>sed</strong></span> <span class='ocrx_word' id='word_1_260' title='bbox 1135 1973 1152 2003; x_wconf 87' lang='grc'><em>‹</em></span> <span class='ocrx_word' id='word_1_261' title='bbox 1188 1951 1411 2007; x_wconf 90' lang='lat' dir='ltr'><strong>colonus</strong></span> <span class='ocrx_word' id='word_1_262' title='bbox 1447 1969 1466 2000; x_wconf 72' lang='grc' dir='ltr'><strong><em>ι</em></strong></span> <span class='ocrx_word' id='word_1_263' title='bbox 1487 1958 1569 2004; x_wconf 92' lang='lat' dir='ltr'><strong>est</strong></span> <span class='ocrx_word' id='word_1_264' title='bbox 1591 1949 1768 2004; x_wconf 88' lang='lat' dir='ltr'><strong>credi-</strong></span> 
     </span>
    </p>
   </div>
   <div class='ocr_carea' id='block_1_38' title="bbox 179 2039 1771 2118">
    <p class='ocr_par' dir='ltr' id='par_1_38' title="bbox 179 2039 1771 2118">
     <span class='ocr_line' id='line_1_38' title="bbox 179 2039 1771 2118; baseline -0.009 -13"><span class='ocrx_word' id='word_1_265' title='bbox 179 2059 305 2106; x_wconf 76' lang='lat' dir='ltr'><strong>tus:</strong></span> <span class='ocrx_word' id='word_1_266' title='bbox 329 2069 346 2100; x_wconf 79' lang='grc' dir='ltr'><strong><em>ι</em></strong></span> <span class='ocrx_word' id='word_1_267' title='bbox 367 2048 467 2116; x_wconf 91' lang='lat' dir='ltr'><strong>Qui</strong></span> <span class='ocrx_word' id='word_1_268' title='bbox 485 2048 638 2118; x_wconf 88' lang='lat' dir='ltr'><strong>quasi</strong></span> <span class='ocrx_word' id='word_1_269' title='bbox 653 2047 829 2101; x_wconf 89' lang='lat' dir='ltr'><strong>viator</strong></span> <span class='ocrx_word' id='word_1_270' title='bbox 839 2045 903 2099; x_wconf 93' lang='lat' dir='ltr'><strong>ad</strong></span> <span class='ocrx_word' id='word_1_271' title='bbox 922 2046 1248 2100; x_wconf 91' lang='lat' dir='ltr'><strong>manendum</strong></span> <span class='ocrx_word' id='word_1_272' title='bbox 1271 2041 1581 2104; x_wconf 89' lang='lat' dir='ltr'><strong>declinavit,</strong></span> <span class='ocrx_word' id='word_1_273' title='bbox 1605 2059 1624 2092; x_wconf 74' lang='grc' dir='ltr'><strong><em>ι</em></strong></span> <span class='ocrx_word' id='word_1_274' title='bbox 1643 2039 1771 2111; x_wconf 90' lang='lat' dir='ltr'><strong>quia</strong></span> 
     </span>
    </p>
   </div>
   <div class='ocr_carea' id='block_1_39' title="bbox 178 2125 1772 2220">
    <p class='ocr_par' dir='ltr' id='par_1_39' title="bbox 178 2125 1772 2220">
     <span class='ocr_line' id='line_1_39' title="bbox 178 2125 1772 2220; baseline -0.009 -17"><span class='ocrx_word' id='word_1_275' title='bbox 178 2144 391 2220; x_wconf 81' lang='lat' dir='ltr'><strong>paucos</strong></span> <span class='ocrx_word' id='word_1_276' title='bbox 437 2161 504 2200; x_wconf 82' lang='lat' dir='ltr'><strong>ex</strong></span> <span class='ocrx_word' id='word_1_277' title='bbox 564 2142 747 2199; x_wconf 74' lang='lat' dir='ltr'><strong>Iudaea</strong></span> <span class='ocrx_word' id='word_1_278' title='bbox 787 2141 1029 2205; x_wconf 91' lang='lat' dir='ltr'><strong>abstulit,</strong></span> <span class='ocrx_word' id='word_1_279' title='bbox 1058 2148 1113 2194; x_wconf 92' lang='lat' dir='ltr'><strong>et</strong></span> <span class='ocrx_word' id='word_1_280' title='bbox 1167 2139 1234 2194; x_wconf 87' lang='lat' dir='ltr'><strong>ad</strong></span> <span class='ocrx_word' id='word_1_281' title='bbox 1278 2125 1614 2192; x_wconf 76' lang='lat' dir='ltr'><strong>vocationem</strong></span> <span class='ocrx_word' id='word_1_282' title='bbox 1644 2148 1772 2205; x_wconf 90' lang='lat' dir='ltr'><strong>gen-</strong></span> 
     </span>
    </p>
   </div>
   <div class='ocr_carea' id='block_1_40' title="bbox 180 2230 1242 2309">
    <p class='ocr_par' dir='ltr' id='par_1_40' title="bbox 180 2230 1242 2309">
     <span class='ocr_line' id='line_1_40' title="bbox 180 2230 1242 2309; baseline -0.009 -15"><span class='ocrx_word' id='word_1_283' title='bbox 180 2239 326 2294; x_wconf 63' lang='lat' dir='ltr'><strong>tium</strong></span> <span class='ocrx_word' id='word_1_284' title='bbox 350 2250 581 2309; x_wconf 77' lang='lat' dir='ltr'><strong>pergens</strong></span> <span class='ocrx_word' id='word_1_285' title='bbox 607 2235 713 2290; x_wconf 85' lang='lat' dir='ltr'><strong>iter</strong></span> <span class='ocrx_word' id='word_1_286' title='bbox 749 2241 989 2304; x_wconf 73' lang='lat' dir='ltr'><strong>emptum</strong></span> <span class='ocrx_word' id='word_1_287' title='bbox 1013 2230 1242 2303; x_wconf 82' lang='lat' dir='ltr'><strong>peregit.</strong></span> 
     </span>
    </p>
   </div>
   <div class='ocr_carea' id='block_1_41' title="bbox 263 2315 1772 2386">
    <p class='ocr_par' dir='ltr' id='par_1_41' title="bbox 263 2315 1772 2386">
     <span class='ocr_line' id='line_1_41' title="bbox 263 2315 1772 2386; baseline -0.011 0"><span class='ocrx_word' id='word_1_288' title='bbox 263 2328 652 2386; x_wconf 70' lang='lat' dir='ltr'><strong>Vens.16.—«</strong></span> <span class='ocrx_word' id='word_1_289' title='bbox 684 2324 915 2380; x_wconf 89' lang='lat' dir='ltr'><strong>Servum</strong></span> <span class='ocrx_word' id='word_1_290' title='bbox 936 2338 1115 2378; x_wconf 89' lang='lat' dir='ltr'><strong>meum</strong></span> <span class='ocrx_word' id='word_1_291' title='bbox 1144 2319 1352 2376; x_wconf 89' lang='lat' dir='ltr'><strong>vocavi.</strong></span> <span class='ocrx_word' id='word_1_292' title='bbox 1388 2337 1407 2371; x_wconf 72' lang='grc' dir='ltr'><strong><em>ι</em></strong></span> <span class='ocrx_word' id='word_1_293' title='bbox 1444 2317 1644 2373; x_wconf 88' lang='lat' dir='ltr'><strong>Servus</strong></span> <span class='ocrx_word' id='word_1_294' title='bbox 1677 2315 1772 2371; x_wconf 86' lang='lat' dir='ltr'><strong>Ju-</strong></span> 
     </span>
    </p>
   </div>
   <div class='ocr_carea' id='block_1_42' title="bbox 183 2407 1772 2494">
    <p class='ocr_par' dir='ltr' id='par_1_42' title="bbox 183 2407 1772 2494">
     <span class='ocr_line' id='line_1_42' title="bbox 183 2407 1772 2494; baseline -0.011 -15"><span class='ocrx_word' id='word_1_295' title='bbox 183 2423 376 2479; x_wconf 83' lang='lat' dir='ltr'><strong>daicus</strong></span> <span class='ocrx_word' id='word_1_296' title='bbox 399 2421 628 2494; x_wconf 91' lang='lat' dir='ltr'><strong>populus</strong></span> <span class='ocrx_word' id='word_1_297' title='bbox 654 2417 773 2484; x_wconf 86' lang='lat' dir='ltr'><strong>fuit,</strong></span> <span class='ocrx_word' id='word_1_298' title='bbox 797 2417 992 2472; x_wconf 90' lang='lat' dir='ltr'><strong>timore</strong></span> <span class='ocrx_word' id='word_1_299' title='bbox 1020 2415 1354 2483; x_wconf 89' lang='lat' dir='ltr'><strong>obsequens;</strong></span> <span class='ocrx_word' id='word_1_300' title='bbox 1375 2425 1534 2480; x_wconf 88' lang='lat' dir='ltr'><strong>quem</strong></span> <span class='ocrx_word' id='word_1_301' title='bbox 1559 2407 1772 2464; x_wconf 87' lang='lat' dir='ltr'><strong>collatis</strong></span> 
     </span>
    </p>
   </div>
   <div class='ocr_carea' id='block_1_43' title="bbox 183 2504 1769 2583">
    <p class='ocr_par' dir='ltr' id='par_1_43' title="bbox 183 2504 1769 2583">
     <span class='ocr_line' id='line_1_43' title="bbox 183 2504 1769 2583; baseline -0.011 -11"><span class='ocrx_word' id='word_1_302' title='bbox 183 2515 525 2580; x_wconf 87' lang='lat' dir='ltr'><strong>muneribus,</strong></span> <span class='ocrx_word' id='word_1_303' title='bbox 541 2513 695 2583; x_wconf 90' lang='lat' dir='ltr'><strong>quasi</strong></span> <span class='ocrx_word' id='word_1_304' title='bbox 710 2510 924 2566; x_wconf 88' lang='lat' dir='ltr'><strong>emissis</strong></span> <span class='ocrx_word' id='word_1_305' title='bbox 940 2509 1182 2572; x_wconf 92' lang='lat' dir='ltr'><strong>vocibus,</strong></span> <span class='ocrx_word' id='word_1_306' title='bbox 1198 2507 1264 2562; x_wconf 91' lang='lat' dir='ltr'><strong>ad</strong></span> <span class='ocrx_word' id='word_1_307' title='bbox 1279 2521 1336 2562; x_wconf 90' lang='lat' dir='ltr'><strong>se</strong></span> <span class='ocrx_word' id='word_1_308' title='bbox 1349 2506 1544 2561; x_wconf 86' lang='lat' dir='ltr'><strong>ducere</strong></span> <span class='ocrx_word' id='word_1_309' title='bbox 1558 2504 1769 2568; x_wconf 87' lang='lat' dir='ltr'><strong>statuit,</strong></span> 
     </span>
    </p>
   </div>
   <div class='ocr_carea' id='block_1_44' title="bbox 184 2595 1774 2675">
    <p class='ocr_par' dir='ltr' id='par_1_44' title="bbox 184 2595 1774 2675">
     <span class='ocr_line' id='line_1_44' title="bbox 184 2595 1774 2675; baseline -0.009 -12"><span class='ocrx_word' id='word_1_310' title='bbox 184 2607 286 2662; x_wconf 91' lang='lat' dir='ltr'><strong>sed</strong></span> <span class='ocrx_word' id='word_1_311' title='bbox 338 2619 444 2660; x_wconf 91' lang='lat' dir='ltr'><strong>non</strong></span> <span class='ocrx_word' id='word_1_312' title='bbox 486 2604 780 2675; x_wconf 88' lang='lat' dir='ltr'><strong>respondit,</strong></span> <span class='ocrx_word' id='word_1_313' title='bbox 847 2601 972 2672; x_wconf 91' lang='lat' dir='ltr'><strong>quia</strong></span> <span class='ocrx_word' id='word_1_314' title='bbox 1025 2600 1185 2670; x_wconf 87' lang='lat' dir='ltr'><strong>digna</strong></span> <span class='ocrx_word' id='word_1_315' title='bbox 1234 2613 1399 2668; x_wconf 88' lang='lat' dir='ltr'><strong>opera</strong></span> <span class='ocrx_word' id='word_1_316' title='bbox 1462 2597 1618 2652; x_wconf 91' lang='lat' dir='ltr'><strong>donis</strong></span> <span class='ocrx_word' id='word_1_317' title='bbox 1656 2595 1774 2663; x_wconf 90' lang='lat' dir='ltr'><strong>ejus</strong></span> 
     </span>
    </p>
   </div>
   <div class='ocr_carea' id='block_1_45' title="bbox 183 2688 1764 2765">
    <p class='ocr_par' dir='ltr' id='par_1_45' title="bbox 183 2688 1764 2765">
     <span class='ocr_line' id='line_1_45' title="bbox 183 2688 1764 2765; baseline -0.01 -11"><span class='ocrx_word' id='word_1_318' title='bbox 183 2698 418 2754; x_wconf 82' lang='lat' dir='ltr'><strong>reddere</strong></span> <span class='ocrx_word' id='word_1_319' title='bbox 472 2694 814 2765; x_wconf 90' lang='lat' dir='ltr'><strong>contempsit.</strong></span> <span class='ocrx_word' id='word_1_320' title='bbox 875 2712 894 2744; x_wconf 86' lang='grc'><em>‹</em></span> <span class='ocrx_word' id='word_1_321' title='bbox 944 2691 1052 2748; x_wconf 89' lang='lat' dir='ltr'><strong>Ore</strong></span> <span class='ocrx_word' id='word_1_322' title='bbox 1109 2690 1330 2761; x_wconf 89' lang='lat' dir='ltr'><strong>proprio</strong></span> <span class='ocrx_word' id='word_1_323' title='bbox 1387 2688 1696 2744; x_wconf 87' lang='lat' dir='ltr'><strong>decorabat.</strong></span> <span class='ocrx_word' id='word_1_324' title='bbox 1746 2705 1764 2738; x_wconf 78' lang='grc' dir='ltr'><strong>ι</strong></span> 
     </span>
    </p>
   </div>
   <div class='ocr_carea' id='block_1_46' title="bbox 183 2785 1770 2859">
    <p class='ocr_par' dir='ltr' id='par_1_46' title="bbox 183 2785 1770 2859">
     <span class='ocr_line' id='line_1_46' title="bbox 183 2785 1770 2859; baseline -0.008 -14"><span class='ocrx_word' id='word_1_325' title='bbox 183 2790 294 2859; x_wconf 87' lang='lat' dir='ltr'><strong>Qui</strong></span> <span class='ocrx_word' id='word_1_326' title='bbox 342 2799 524 2844; x_wconf 89' lang='lat' dir='ltr'><strong>autem</strong></span> <span class='ocrx_word' id='word_1_327' title='bbox 573 2789 623 2844; x_wconf 91' lang='lat' dir='ltr'><strong>ei</strong></span> <span class='ocrx_word' id='word_1_328' title='bbox 653 2796 735 2843; x_wconf 89' lang='lat' dir='ltr'><strong>tot</strong></span> <span class='ocrx_word' id='word_1_329' title='bbox 760 2795 1052 2858; x_wconf 67' lang='lat' dir='ltr'><strong>praecepta,</strong></span> <span class='ocrx_word' id='word_1_330' title='bbox 1079 2785 1465 2856; x_wconf 89' lang='lat' dir='ltr'><strong>prophetarum</strong></span> <span class='ocrx_word' id='word_1_331' title='bbox 1496 2797 1591 2836; x_wconf 90' lang='lat' dir='ltr'><strong>ore</strong></span> <span class='ocrx_word' id='word_1_332' title='bbox 1614 2794 1770 2834; x_wconf 88' lang='lat' dir='ltr'><strong>man-</strong></span> 
     </span>
    </p>
   </div>
   <div class='ocr_carea' id='block_1_47' title="bbox 184 2876 1773 2952">
    <p class='ocr_par' dir='ltr' id='par_1_47' title="bbox 184 2876 1773 2952">
     <span class='ocr_line' id='line_1_47' title="bbox 184 2876 1773 2952; baseline -0.01 -11"><span class='ocrx_word' id='word_1_333' title='bbox 184 2887 467 2952; x_wconf 89' lang='lat' dir='ltr'><strong>daveram,</strong></span> <span class='ocrx_word' id='word_1_334' title='bbox 517 2898 614 2940; x_wconf 87' lang='lat' dir='ltr'><strong>ore</strong></span> <span class='ocrx_word' id='word_1_335' title='bbox 671 2881 889 2952; x_wconf 91' lang='lat' dir='ltr'><strong>proprio</strong></span> <span class='ocrx_word' id='word_1_336' title='bbox 935 2878 1268 2948; x_wconf 89' lang='lat' dir='ltr'><strong>deprecabar</strong></span> <span class='ocrx_word' id='word_1_337' title='bbox 1310 2895 1323 2929; x_wconf 91' lang='lat'><strong>:</strong></span> <span class='ocrx_word' id='word_1_338' title='bbox 1362 2876 1486 2945; x_wconf 86' lang='lat' dir='ltr'><strong>quia</strong></span> <span class='ocrx_word' id='word_1_339' title='bbox 1517 2876 1571 2928; x_wconf 90' lang='lat' dir='ltr'><strong>in</strong></span> <span class='ocrx_word' id='word_1_340' title='bbox 1608 2887 1773 2928; x_wconf 89' lang='lat' dir='ltr'><strong>carne</strong></span> 
     </span>
    </p>
   </div>
   <div class='ocr_carea' id='block_1_48' title="bbox 186 2967 1770 3043">
    <p class='ocr_par' dir='ltr' id='par_1_48' title="bbox 186 2967 1770 3043">
     <span class='ocr_line' id='line_1_48' title="bbox 186 2967 1770 3043; baseline -0.011 -8"><span class='ocrx_word' id='word_1_341' title='bbox 186 2987 558 3043; x_wconf 88' lang='lat' dir='ltr'><strong>monstratus,</strong></span> <span class='ocrx_word' id='word_1_342' title='bbox 607 2976 734 3030; x_wconf 89' lang='lat' dir='ltr'><strong>dum</strong></span> <span class='ocrx_word' id='word_1_343' title='bbox 789 2975 1039 3028; x_wconf 89' lang='lat' dir='ltr'><strong>mandata</strong></span> <span class='ocrx_word' id='word_1_344' title='bbox 1096 2971 1221 3026; x_wconf 86' lang='lat' dir='ltr'><strong>vitae</strong></span> <span class='ocrx_word' id='word_1_345' title='bbox 1278 2968 1552 3024; x_wconf 89' lang='lat' dir='ltr'><strong>humiliter</strong></span> <span class='ocrx_word' id='word_1_346' title='bbox 1599 2967 1770 3030; x_wconf 76' lang='lat' dir='ltr'><strong>dixit,</strong></span> 
     </span>
    </p>
   </div>
   <div class='ocr_carea' id='block_1_49' title="bbox 187 3060 1632 3144">
    <p class='ocr_par' dir='ltr' id='par_1_49' title="bbox 187 3060 1632 3144">
     <span class='ocr_line' id='line_1_49' title="bbox 187 3060 1632 3144; baseline -0.011 -17"><span class='ocrx_word' id='word_1_347' title='bbox 187 3071 344 3144; x_wconf 87' lang='lat' dir='ltr'><strong>quasi</strong></span> <span class='ocrx_word' id='word_1_348' title='bbox 371 3068 774 3140; x_wconf 80' lang='lat' dir='ltr'><strong>superbientem</strong></span> <span class='ocrx_word' id='word_1_349' title='bbox 803 3080 1017 3122; x_wconf 90' lang='lat' dir='ltr'><strong>servum</strong></span> <span class='ocrx_word' id='word_1_350' title='bbox 1047 3073 1105 3118; x_wconf 90' lang='lat' dir='ltr'><strong>ut</strong></span> <span class='ocrx_word' id='word_1_351' title='bbox 1137 3063 1368 3126; x_wconf 90' lang='lat' dir='ltr'><strong>veniret,</strong></span> <span class='ocrx_word' id='word_1_352' title='bbox 1405 3060 1632 3132; x_wconf 81' lang='lat' dir='ltr'><strong>rogavit.</strong></span> 
     </span>
    </p>
   </div>
   <div class='ocr_carea' id='block_1_50' title="bbox 261 3152 1770 3218">
    <p class='ocr_par' dir='ltr' id='par_1_50' title="bbox 261 3152 1770 3218">
     <span class='ocr_line' id='line_1_50' title="bbox 261 3152 1770 3218; baseline -0.011 0"><span class='ocrx_word' id='word_1_353' title='bbox 261 3163 428 3218; x_wconf 71' lang='lat' dir='ltr'><strong>Vsus.</strong></span> <span class='ocrx_word' id='word_1_354' title='bbox 447 3161 534 3216; x_wconf 75' lang='lat' dir='ltr'><strong>l7.</strong></span> <span class='ocrx_word' id='word_1_355' title='bbox 550 3190 623 3202; x_wconf 94' lang='lat'><strong><em>—</em></strong></span> <span class='ocrx_word' id='word_1_356' title='bbox 648 3178 666 3211; x_wconf 85' lang='lat'><strong>(</strong></span> <span class='ocrx_word' id='word_1_357' title='bbox 686 3158 921 3213; x_wconf 81' lang='lat' dir='ltr'><strong>Halitum</strong></span> <span class='ocrx_word' id='word_1_358' title='bbox 944 3172 1122 3211; x_wconf 89' lang='lat' dir='ltr'><strong>meum</strong></span> <span class='ocrx_word' id='word_1_359' title='bbox 1145 3152 1426 3211; x_wconf 79' lang='lat' dir='ltr'><strong>exhorruit</strong></span> <span class='ocrx_word' id='word_1_360' title='bbox 1444 3168 1596 3214; x_wconf 81' lang='lat' dir='ltr'><strong>uxor,</strong></span> <span class='ocrx_word' id='word_1_361' title='bbox 1614 3159 1718 3206; x_wconf 87' lang='lat' dir='ltr'><strong>etc.</strong></span> <span class='ocrx_word' id='word_1_362' title='bbox 1752 3169 1770 3201; x_wconf 78' lang='grc' dir='ltr'><strong><em>ι</em></strong></span> 
     </span>
    </p>
   </div>
   <div class='ocr_carea' id='block_1_51' title="bbox 187 3231 1849 3316">
    <p class='ocr_par' dir='ltr' id='par_1_51' title="bbox 187 3231 1849 3316">
     <span class='ocr_line' id='line_1_51' title="bbox 187 3231 1849 3316; baseline -0.01 -5"><span class='ocrx_word' id='word_1_363' title='bbox 187 3255 343 3312; x_wconf 84' lang='lat' dir='ltr'><strong>Uxor</strong></span> <span class='ocrx_word' id='word_1_364' title='bbox 370 3251 606 3316; x_wconf 89' lang='lat' dir='ltr'><strong>Domini,</strong></span> <span class='ocrx_word' id='word_1_365' title='bbox 637 3257 768 3316; x_wconf 92' lang='lat' dir='ltr'><strong>etc.,</strong></span> <span class='ocrx_word' id='word_1_366' title='bbox 797 3265 960 3312; x_wconf 78' lang='lat' dir='ltr'><strong>usque</strong></span> <span class='ocrx_word' id='word_1_367' title='bbox 1009 3248 1078 3301; x_wconf 85' lang='lat' dir='ltr'><strong>ad</strong></span> <span class='ocrx_word' id='word_1_368' title='bbox 1135 3262 1254 3316; x_wconf 86' lang='lat' dir='ltr'><strong>quae</strong></span> <span class='ocrx_word' id='word_1_369' title='bbox 1307 3244 1612 3299; x_wconf 87' lang='lat' dir='ltr'><strong>carnalibus</strong></span> <span class='ocrx_word' id='word_1_370' title='bbox 1652 3257 1776 3296; x_wconf 89' lang='lat' dir='ltr'><strong>scn-</strong></span> <span class='ocrx_word' id='word_1_371' title='bbox 1802 3231 1849 3294; x_wconf 89' lang='lat' dir='ltr'><strong>C</strong></span> 
     </span>
    </p>
   </div>
   <div class='ocr_carea' id='block_1_52' title="bbox 187 3338 1776 3409">
    <p class='ocr_par' dir='ltr' id='par_1_52' title="bbox 187 3338 1776 3409">
     <span class='ocr_line' id='line_1_52' title="bbox 187 3338 1776 3409; baseline -0.008 -7"><span class='ocrx_word' id='word_1_372' title='bbox 187 3347 343 3403; x_wconf 87' lang='lat' dir='ltr'><strong>sibus</strong></span> <span class='ocrx_word' id='word_1_373' title='bbox 404 3344 583 3400; x_wconf 90' lang='lat' dir='ltr'><strong>dedita</strong></span> <span class='ocrx_word' id='word_1_374' title='bbox 649 3341 1044 3398; x_wconf 89' lang='lat' dir='ltr'><strong>incarnationis</strong></span> <span class='ocrx_word' id='word_1_375' title='bbox 1104 3339 1220 3409; x_wconf 88' lang='lat' dir='ltr'><strong>ejus</strong></span> <span class='ocrx_word' id='word_1_376' title='bbox 1289 3338 1607 3409; x_wconf 86' lang='lat' dir='ltr'><strong>mysterium</strong></span> <span class='ocrx_word' id='word_1_377' title='bbox 1668 3351 1776 3391; x_wconf 91' lang='lat' dir='ltr'><strong>non</strong></span> 
     </span>
    </p>
   </div>
   <div class='ocr_carea' id='block_1_53' title="bbox 187 3441 432 3515">
    <p class='ocr_par' dir='ltr' id='par_1_53' title="bbox 187 3441 432 3515">
     <span class='ocr_line' id='line_1_53' title="bbox 187 3441 432 3515; baseline -0.016 -17"><span class='ocrx_word' id='word_1_378' title='bbox 187 3441 432 3515; x_wconf 77' lang='lat' dir='ltr'><strong>agnovit.</strong></span> 
     </span>
    </p>
   </div>
   <div class='ocr_carea' id='block_1_54' title="bbox 269 3521 1774 3586">
    <p class='ocr_par' dir='ltr' id='par_1_54' title="bbox 269 3521 1774 3586">
     <span class='ocr_line' id='line_1_54' title="bbox 269 3521 1774 3586; baseline -0.009 0"><span class='ocrx_word' id='word_1_379' title='bbox 269 3551 290 3585; x_wconf 70' lang='grc' dir='ltr'>ς</span> <span class='ocrx_word' id='word_1_380' title='bbox 325 3531 395 3586; x_wconf 85' lang='lat' dir='ltr'><strong>Et</strong></span> <span class='ocrx_word' id='word_1_381' title='bbox 411 3530 636 3586; x_wconf 88' lang='lat' dir='ltr'><strong>orabam</strong></span> <span class='ocrx_word' id='word_1_382' title='bbox 663 3528 806 3584; x_wconf 82' lang='lat' dir='ltr'><strong>filios</strong></span> <span class='ocrx_word' id='word_1_383' title='bbox 829 3525 989 3582; x_wconf 90' lang='lat' dir='ltr'><strong>uteri.</strong></span> <span class='ocrx_word' id='word_1_384' title='bbox 1028 3544 1047 3576; x_wconf 68' lang='grc' dir='ltr'><strong><em>ι</em></strong></span> <span class='ocrx_word' id='word_1_385' title='bbox 1081 3523 1304 3580; x_wconf 85' lang='lat' dir='ltr'><strong>Uterum</strong></span> <span class='ocrx_word' id='word_1_386' title='bbox 1337 3522 1453 3586; x_wconf 91' lang='lat' dir='ltr'><strong>Dei,</strong></span> <span class='ocrx_word' id='word_1_387' title='bbox 1490 3521 1774 3576; x_wconf 89' lang='lat' dir='ltr'><strong>consilium</strong></span> 
     </span>
    </p>
   </div>
   <div class='ocr_carea' id='block_1_55' title="bbox 189 3614 1780 3696">
    <p class='ocr_par' dir='ltr' id='par_1_55' title="bbox 189 3614 1780 3696">
     <span class='ocr_line' id='line_1_55' title="bbox 189 3614 1780 3696; baseline -0.009 -14"><span class='ocrx_word' id='word_1_388' title='bbox 189 3626 313 3696; x_wconf 89' lang='lat' dir='ltr'><strong>ejus</strong></span> <span class='ocrx_word' id='word_1_389' title='bbox 362 3623 622 3679; x_wconf 89' lang='lat' dir='ltr'><strong>debemus</strong></span> <span class='ocrx_word' id='word_1_390' title='bbox 665 3621 948 3690; x_wconf 91' lang='lat' dir='ltr'><strong>accipere;</strong></span> <span class='ocrx_word' id='word_1_391' title='bbox 999 3618 1054 3673; x_wconf 90' lang='lat' dir='ltr'><strong>in</strong></span> <span class='ocrx_word' id='word_1_392' title='bbox 1106 3632 1214 3688; x_wconf 92' lang='lat' dir='ltr'><strong>quo</strong></span> <span class='ocrx_word' id='word_1_393' title='bbox 1270 3623 1397 3670; x_wconf 90' lang='lat' dir='ltr'><strong>ante</strong></span> <span class='ocrx_word' id='word_1_394' title='bbox 1442 3614 1636 3669; x_wconf 85' lang='lat' dir='ltr'><strong>saecula</strong></span> <span class='ocrx_word' id='word_1_395' title='bbox 1683 3629 1780 3683; x_wconf 86' lang='lat' dir='ltr'><strong>per</strong></span> 
     </span>
    </p>
   </div>
   <div class='ocr_carea' id='block_1_56' title="bbox 189 3708 1778 3792">
    <p class='ocr_par' dir='ltr' id='par_1_56' title="bbox 189 3708 1778 3792">
     <span class='ocr_line' id='line_1_56' title="bbox 189 3708 1778 3792; baseline -0.009 -18"><span class='ocrx_word' id='word_1_396' title='bbox 189 3716 724 3792; x_wconf 64' lang='lat' dir='ltr'><strong>praedestinationem</strong></span> <span class='ocrx_word' id='word_1_397' title='bbox 749 3713 993 3783; x_wconf 90' lang='lat' dir='ltr'><strong>concepti</strong></span> <span class='ocrx_word' id='word_1_398' title='bbox 1026 3726 1233 3775; x_wconf 90' lang='lat' dir='ltr'><strong>sumus,</strong></span> <span class='ocrx_word' id='word_1_399' title='bbox 1275 3719 1335 3763; x_wconf 92' lang='lat' dir='ltr'><strong>ut</strong></span> <span class='ocrx_word' id='word_1_400' title='bbox 1361 3708 1528 3763; x_wconf 88' lang='lat' dir='ltr'><strong>creati</strong></span> <span class='ocrx_word' id='word_1_401' title='bbox 1553 3722 1650 3776; x_wconf 91' lang='lat' dir='ltr'><strong>per</strong></span> <span class='ocrx_word' id='word_1_402' title='bbox 1674 3723 1778 3761; x_wconf 62' lang='lat' dir='ltr'><strong>sae-</strong></span> 
     </span>
    </p>
   </div>
   <div class='ocr_carea' id='block_1_57' title="bbox 192 3800 1778 3879">
    <p class='ocr_par' dir='ltr' id='par_1_57' title="bbox 192 3800 1778 3879">
     <span class='ocr_line' id='line_1_57' title="bbox 192 3800 1778 3879; baseline -0.008 -13"><span class='ocrx_word' id='word_1_403' title='bbox 192 3810 317 3867; x_wconf 92' lang='lat' dir='ltr'><strong>cula</strong></span> <span class='ocrx_word' id='word_1_404' title='bbox 342 3809 724 3879; x_wconf 84' lang='lat' dir='ltr'><strong>producamur.</strong></span> <span class='ocrx_word' id='word_1_405' title='bbox 757 3805 944 3862; x_wconf 90' lang='lat' dir='ltr'><strong>Oravit</strong></span> <span class='ocrx_word' id='word_1_406' title='bbox 967 3819 1094 3875; x_wconf 88' lang='lat' dir='ltr'><strong>ergo</strong></span> <span class='ocrx_word' id='word_1_407' title='bbox 1127 3803 1266 3856; x_wconf 82' lang='lat' dir='ltr'><strong>ﬁlios</strong></span> <span class='ocrx_word' id='word_1_408' title='bbox 1298 3801 1435 3856; x_wconf 90' lang='lat' dir='ltr'><strong>uteri</strong></span> <span class='ocrx_word' id='word_1_409' title='bbox 1477 3800 1558 3856; x_wconf 93' lang='lat' dir='ltr'><strong>sui</strong></span> <span class='ocrx_word' id='word_1_410' title='bbox 1601 3819 1612 3852; x_wconf 92' lang='lat'>:</span> <span class='ocrx_word' id='word_1_411' title='bbox 1653 3800 1778 3869; x_wconf 89' lang='lat' dir='ltr'><strong>quia</strong></span> 
     </span>
    </p>
   </div>
   <div class='ocr_carea' id='block_1_58' title="bbox 191 3891 1632 3972">
    <p class='ocr_par' dir='ltr' id='par_1_58' title="bbox 191 3891 1632 3972">
     <span class='ocr_line' id='line_1_58' title="bbox 191 3891 1632 3972; baseline -0.01 -14"><span class='ocrx_word' id='word_1_412' title='bbox 191 3917 293 3958; x_wconf 88' lang='lat' dir='ltr'><strong>eos</strong></span> <span class='ocrx_word' id='word_1_413' title='bbox 317 3915 453 3972; x_wconf 87' lang='lat' dir='ltr'><strong>quos</strong></span> <span class='ocrx_word' id='word_1_414' title='bbox 477 3899 741 3963; x_wconf 91' lang='lat' dir='ltr'><strong>condidit,</strong></span> <span class='ocrx_word' id='word_1_415' title='bbox 767 3898 1079 3952; x_wconf 88' lang='lat' dir='ltr'><strong>incarnatus</strong></span> <span class='ocrx_word' id='word_1_416' title='bbox 1104 3893 1379 3949; x_wconf 88' lang='lat' dir='ltr'><strong>humiliter</strong></span> <span class='ocrx_word' id='word_1_417' title='bbox 1402 3891 1632 3962; x_wconf 82' lang='lat' dir='ltr'><strong>rogavit.</strong></span> 
     </span>
    </p>
   </div>
   <div class='ocr_carea' id='block_1_59' title="bbox 268 3983 1774 4056">
    <p class='ocr_par' dir='ltr' id='par_1_59' title="bbox 268 3983 1774 4056">
     <span class='ocr_line' id='line_1_59' title="bbox 268 3983 1774 4056; baseline -0.007 -11"><span class='ocrx_word' id='word_1_418' title='bbox 268 3989 436 4045; x_wconf 71' lang='lat' dir='ltr'><strong>Vens.</strong></span> <span class='ocrx_word' id='word_1_419' title='bbox 480 3989 564 4045; x_wconf 77' lang='grc'><strong>18.</strong></span> <span class='ocrx_word' id='word_1_420' title='bbox 589 4019 659 4028; x_wconf 94' lang='grc'><strong><em>-</em></strong></span> <span class='ocrx_word' id='word_1_421' title='bbox 689 4006 708 4038; x_wconf 73' lang='grc' dir='ltr'><strong>ε</strong></span> <span class='ocrx_word' id='word_1_422' title='bbox 741 3985 902 4042; x_wconf 91' lang='lat' dir='ltr'><strong>Stulti</strong></span> <span class='ocrx_word' id='word_1_423' title='bbox 940 4000 1154 4056; x_wconf 91' lang='lat' dir='ltr'><strong>quoque</strong></span> <span class='ocrx_word' id='word_1_424' title='bbox 1194 3983 1584 4052; x_wconf 89' lang='lat' dir='ltr'><strong>despiciebant,</strong></span> <span class='ocrx_word' id='word_1_425' title='bbox 1610 3990 1715 4037; x_wconf 92' lang='lat' dir='ltr'><strong>etc.</strong></span> <span class='ocrx_word' id='word_1_426' title='bbox 1754 4001 1774 4034; x_wconf 72' lang='grc' dir='ltr'><strong><em>ι</em></strong></span> 
     </span>
    </p>
   </div>
   <div class='ocr_carea' id='block_1_60' title="bbox 194 4074 1782 4151">
    <p class='ocr_par' dir='ltr' id='par_1_60' title="bbox 194 4074 1782 4151">
     <span class='ocr_line' id='line_1_60' title="bbox 194 4074 1782 4151; baseline -0.005 -14"><span class='ocrx_word' id='word_1_427' title='bbox 194 4082 334 4150; x_wconf 85' lang='lat' dir='ltr'><strong>Quia</strong></span> <span class='ocrx_word' id='word_1_428' title='bbox 367 4082 492 4137; x_wconf 90' lang='lat' dir='ltr'><strong>dum</strong></span> <span class='ocrx_word' id='word_1_429' title='bbox 537 4079 832 4151; x_wconf 90' lang='lat' dir='ltr'><strong>legisperiti</strong></span> <span class='ocrx_word' id='word_1_430' title='bbox 868 4077 1033 4132; x_wconf 91' lang='lat' dir='ltr'><strong>Deum</strong></span> <span class='ocrx_word' id='word_1_431' title='bbox 1077 4076 1437 4146; x_wconf 90' lang='lat' dir='ltr'><strong>despicerent,</strong></span> <span class='ocrx_word' id='word_1_432' title='bbox 1485 4090 1670 4129; x_wconf 90' lang='lat' dir='ltr'><strong>eorum</strong></span> <span class='ocrx_word' id='word_1_433' title='bbox 1701 4074 1782 4129; x_wconf 85' lang='lat' dir='ltr'><strong>in-</strong></span> 
     </span>
    </p>
   </div>
   <div class='ocr_carea' id='block_1_61' title="bbox 194 4164 1784 4238">
    <p class='ocr_par' dir='ltr' id='par_1_61' title="bbox 194 4164 1784 4238">
     <span class='ocr_line' id='line_1_61' title="bbox 194 4164 1784 4238; baseline -0.006 -10"><span class='ocrx_word' id='word_1_434' title='bbox 194 4171 574 4229; x_wconf 86' lang='lat' dir='ltr'><strong>credulitatem</strong></span> <span class='ocrx_word' id='word_1_435' title='bbox 599 4169 752 4223; x_wconf 87' lang='lat' dir='ltr'><strong>turba</strong></span> <span class='ocrx_word' id='word_1_436' title='bbox 780 4166 959 4238; x_wconf 91' lang='lat' dir='ltr'><strong>p0puli</strong></span> <span class='ocrx_word' id='word_1_437' title='bbox 982 4175 1166 4222; x_wconf 90' lang='lat' dir='ltr'><strong>secuta</strong></span> <span class='ocrx_word' id='word_1_438' title='bbox 1187 4175 1287 4220; x_wconf 89' lang='lat' dir='ltr'><strong>est.</strong></span> <span class='ocrx_word' id='word_1_439' title='bbox 1317 4164 1542 4220; x_wconf 84' lang='lat' dir='ltr'><strong>Relictis</strong></span> <span class='ocrx_word' id='word_1_440' title='bbox 1570 4166 1784 4235; x_wconf 90' lang='lat' dir='ltr'><strong>sapien-</strong></span> 
     </span>
    </p>
   </div>
   <div class='ocr_carea' id='block_1_62' title="bbox 195 4260 1782 4337">
    <p class='ocr_par' dir='ltr' id='par_1_62' title="bbox 195 4260 1782 4337">
     <span class='ocr_line' id='line_1_62' title="bbox 195 4260 1782 4337; baseline -0.004 -15"><span class='ocrx_word' id='word_1_441' title='bbox 195 4266 360 4329; x_wconf 88' lang='lat' dir='ltr'><strong>tibus,</strong></span> <span class='ocrx_word' id='word_1_442' title='bbox 411 4279 677 4337; x_wconf 89' lang='lat' dir='ltr'><strong>pauperes</strong></span> <span class='ocrx_word' id='word_1_443' title='bbox 727 4272 781 4320; x_wconf 91' lang='lat' dir='ltr'><strong>et</strong></span> <span class='ocrx_word' id='word_1_444' title='bbox 824 4262 1018 4318; x_wconf 91' lang='lat' dir='ltr'><strong>stultos</strong></span> <span class='ocrx_word' id='word_1_445' title='bbox 1057 4271 1283 4318; x_wconf 88' lang='lat' dir='ltr'><strong>venerat</strong></span> <span class='ocrx_word' id='word_1_446' title='bbox 1317 4275 1565 4330; x_wconf 86' lang='lat' dir='ltr'><strong>quaerere</strong></span> <span class='ocrx_word' id='word_1_447' title='bbox 1595 4275 1609 4314; x_wconf 89' lang='lat'><strong>:</strong></span> <span class='ocrx_word' id='word_1_448' title='bbox 1639 4260 1782 4316; x_wconf 90' lang='lat' dir='ltr'><strong>unde</strong></span> 
     </span>
    </p>
   </div>
   <div class='ocr_carea' id='block_1_63' title="bbox 197 4354 1783 4428">
    <p class='ocr_par' dir='ltr' id='par_1_63' title="bbox 197 4354 1783 4428">
     <span class='ocr_line' id='line_1_63' title="bbox 197 4354 1783 4428; baseline -0.004 -14"><span class='ocrx_word' id='word_1_449' title='bbox 197 4374 322 4414; x_wconf 92' lang='lat' dir='ltr'><strong>cum</strong></span> <span class='ocrx_word' id='word_1_450' title='bbox 351 4365 642 4428; x_wconf 87' lang='lat' dir='ltr'><strong>augmento</strong></span> <span class='ocrx_word' id='word_1_451' title='bbox 662 4356 862 4411; x_wconf 85' lang='lat' dir='ltr'><strong>doloris</strong></span> <span class='ocrx_word' id='word_1_452' title='bbox 888 4357 1016 4409; x_wconf 85' lang='lat' dir='ltr'><strong>dicit</strong></span> <span class='ocrx_word' id='word_1_453' title='bbox 1058 4376 1075 4406; x_wconf 85' lang='grc'><em>‹</em></span> <span class='ocrx_word' id='word_1_454' title='bbox 1121 4354 1284 4409; x_wconf 91' lang='lat' dir='ltr'><strong>Stulti</strong></span> <span class='ocrx_word' id='word_1_455' title='bbox 1330 4368 1580 4425; x_wconf 88' lang='lat' dir='ltr'><strong>quoque;</strong></span> <span class='ocrx_word' id='word_1_456' title='bbox 1631 4372 1650 4406; x_wconf 74' lang='grc' dir='ltr'><strong><em>ι</em></strong></span> <span class='ocrx_word' id='word_1_457' title='bbox 1683 4368 1783 4423; x_wconf 92' lang='lat' dir='ltr'><strong>pro</strong></span> 
     </span>
    </p>
   </div>
   <div class='ocr_carea' id='block_1_64' title="bbox 196 4445 1781 4519">
    <p class='ocr_par' dir='ltr' id='par_1_64' title="bbox 196 4445 1781 4519">
     <span class='ocr_line' id='line_1_64' title="bbox 196 4445 1781 4519; baseline -0.003 -17"><span class='ocrx_word' id='word_1_458' title='bbox 196 4449 396 4518; x_wconf 89' lang='lat' dir='ltr'><strong>quibus</strong></span> <span class='ocrx_word' id='word_1_459' title='bbox 417 4463 547 4519; x_wconf 89' lang='lat' dir='ltr'><strong>ergo</strong></span> <span class='ocrx_word' id='word_1_460' title='bbox 571 4447 854 4503; x_wconf 86' lang='lat' dir='ltr'><strong>stultitiam</strong></span> <span class='ocrx_word' id='word_1_461' title='bbox 882 4447 1117 4517; x_wconf 88' lang='lat' dir='ltr'><strong>suscepi,</strong></span> <span class='ocrx_word' id='word_1_462' title='bbox 1142 4446 1379 4500; x_wconf 81' lang='lat' dir='ltr'><strong>Verbum</strong></span> <span class='ocrx_word' id='word_1_463' title='bbox 1401 4462 1531 4499; x_wconf 82' lang='lat' dir='ltr'><strong>caro</strong></span> <span class='ocrx_word' id='word_1_464' title='bbox 1557 4445 1781 4511; x_wconf 91' lang='lat' dir='ltr'><strong>factum,</strong></span> 
     </span>
    </p>
   </div>
   <div class='ocr_carea' id='block_1_65' title="bbox 197 4539 1775 4612">
    <p class='ocr_par' dir='ltr' id='par_1_65' title="bbox 197 4539 1775 4612">
     <span class='ocr_line' id='line_1_65' title="bbox 197 4539 1775 4612; baseline -0.004 -16"><span class='ocrx_word' id='word_1_465' title='bbox 197 4541 572 4612; x_wconf 89' lang='lat' dir='ltr'><strong>despiciebant</strong></span> <span class='ocrx_word' id='word_1_466' title='bbox 619 4555 724 4597; x_wconf 91' lang='lat' dir='ltr'><strong>me.</strong></span> <span class='ocrx_word' id='word_1_467' title='bbox 768 4559 786 4592; x_wconf 74' lang='grc' dir='ltr'><strong>ε</strong></span> <span class='ocrx_word' id='word_1_468' title='bbox 816 4540 883 4595; x_wconf 86' lang='grc' dir='ltr'><strong>Ει</strong></span> <span class='ocrx_word' id='word_1_469' title='bbox 930 4554 1053 4594; x_wconf 93' lang='lat' dir='ltr'><strong>cum</strong></span> <span class='ocrx_word' id='word_1_470' title='bbox 1116 4539 1182 4594; x_wconf 89' lang='lat' dir='ltr'><strong>ab</strong></span> <span class='ocrx_word' id='word_1_471' title='bbox 1228 4539 1308 4594; x_wconf 90' lang='lat' dir='ltr'><strong>eis</strong></span> <span class='ocrx_word' id='word_1_472' title='bbox 1350 4539 1718 4594; x_wconf 88' lang='lat' dir='ltr'><strong>recessissem.</strong></span> <span class='ocrx_word' id='word_1_473' title='bbox 1756 4557 1775 4590; x_wconf 76' lang='grc' dir='ltr'><strong><em>ι</em></strong></span> 
     </span>
    </p>
   </div>
   <div class='ocr_carea' id='block_1_66' title="bbox 1877 1973 3462 2044">
    <p class='ocr_par' dir='ltr' id='par_1_66' title="bbox 1877 1973 3462 2044">
     <span class='ocr_line' id='line_1_66' title="bbox 1877 1973 3462 2044; baseline 0.007 -16"><span class='ocrx_word' id='word_1_474' title='bbox 1877 1974 2066 2044; x_wconf 89' lang='lat' dir='ltr'><strong>pellat,</strong></span> <span class='ocrx_word' id='word_1_475' title='bbox 2108 1974 2246 2029; x_wconf 91' lang='lat' dir='ltr'><strong>sicut</strong></span> <span class='ocrx_word' id='word_1_476' title='bbox 2297 1973 2410 2043; x_wconf 89' lang='lat' dir='ltr'><strong>ipse</strong></span> <span class='ocrx_word' id='word_1_477' title='bbox 2462 1974 2626 2030; x_wconf 89' lang='lat' dir='ltr'><strong>Satan</strong></span> <span class='ocrx_word' id='word_1_478' title='bbox 2673 1977 2888 2033; x_wconf 78' lang='lat' dir='ltr'><strong>dixerat</strong></span> <span class='ocrx_word' id='word_1_479' title='bbox 2930 1997 2942 2032; x_wconf 90' lang='lat'><strong>:</strong></span> <span class='ocrx_word' id='word_1_480' title='bbox 2997 1997 3016 2031; x_wconf 84' lang='grc'><strong><em>‹</em></strong></span> <span class='ocrx_word' id='word_1_481' title='bbox 3044 1978 3200 2036; x_wconf 86' lang='lat' dir='ltr'><strong>Mitte</strong></span> <span class='ocrx_word' id='word_1_482' title='bbox 3240 1997 3462 2038; x_wconf 90' lang='lat' dir='ltr'><strong>manum</strong></span> 
     </span>
    </p>
   </div>
   <div class='ocr_carea' id='block_1_67' title="bbox 1879 2066 2619 2137">
    <p class='ocr_par' dir='ltr' id='par_1_67' title="bbox 1879 2066 2619 2137">
     <span class='ocr_line' id='line_1_67' title="bbox 1879 2066 2619 2137; baseline -0.004 -15"><span class='ocrx_word' id='word_1_483' title='bbox 1879 2077 2050 2133; x_wconf 88' lang='lat' dir='ltr'><strong>tuam,</strong></span> <span class='ocrx_word' id='word_1_484' title='bbox 2077 2074 2132 2120; x_wconf 91' lang='lat' dir='ltr'><strong>et</strong></span> <span class='ocrx_word' id='word_1_485' title='bbox 2157 2073 2316 2136; x_wconf 85' lang='lat' dir='ltr'><strong>tange</strong></span> <span class='ocrx_word' id='word_1_486' title='bbox 2340 2081 2402 2120; x_wconf 93' lang='lat' dir='ltr'><strong>os</strong></span> <span class='ocrx_word' id='word_1_487' title='bbox 2429 2066 2563 2137; x_wconf 87' lang='lat' dir='ltr'><strong>ejus.</strong></span> <span class='ocrx_word' id='word_1_488' title='bbox 2600 2087 2619 2119; x_wconf 78' lang='grc' dir='ltr'><strong><em>ι</em></strong></span> 
     </span>
    </p>
   </div>
   <div class='ocr_carea' id='block_1_68' title="bbox 1953 2180 3464 2253">
    <p class='ocr_par' dir='ltr' id='par_1_68' title="bbox 1953 2180 3464 2253">
     <span class='ocr_line' id='line_1_68' title="bbox 1953 2180 3464 2253; baseline 0.009 -22"><span class='ocrx_word' id='word_1_489' title='bbox 1953 2180 2115 2236; x_wconf 74' lang='lat' dir='ltr'><strong>Vsus.</strong></span> <span class='ocrx_word' id='word_1_490' title='bbox 2141 2180 2230 2234; x_wconf 75' lang='grc'><strong>22.</strong></span> <span class='ocrx_word' id='word_1_491' title='bbox 2261 2211 2331 2220; x_wconf 93' lang='grc'><strong><em>-</em></strong></span> <span class='ocrx_word' id='word_1_492' title='bbox 2364 2199 2382 2232; x_wconf 73' lang='grc' dir='ltr'><strong><em>ι</em></strong></span> <span class='ocrx_word' id='word_1_493' title='bbox 2425 2180 2604 2248; x_wconf 87' lang='lat' dir='ltr'><strong>Quare</strong></span> <span class='ocrx_word' id='word_1_494' title='bbox 2636 2183 3023 2253; x_wconf 88' lang='lat' dir='ltr'><strong>persequimini</strong></span> <span class='ocrx_word' id='word_1_495' title='bbox 3068 2200 3175 2240; x_wconf 90' lang='lat' dir='ltr'><strong>me.</strong></span> <span class='ocrx_word' id='word_1_496' title='bbox 3214 2206 3233 2238; x_wconf 75' lang='grc' dir='ltr'><strong><em>ι</em></strong></span> <span class='ocrx_word' id='word_1_497' title='bbox 3289 2188 3464 2245; x_wconf 85' lang='lat' dir='ltr'><strong>Tanto</strong></span> 
     </span>
    </p>
   </div>
   <div class='ocr_carea' id='block_1_69' title="bbox 1877 2272 3464 2348">
    <p class='ocr_par' dir='ltr' id='par_1_69' title="bbox 1877 2272 3464 2348">
     <span class='ocr_line' id='line_1_69' title="bbox 1877 2272 3464 2348; baseline 0.004 -18"><span class='ocrx_word' id='word_1_498' title='bbox 1877 2275 2025 2330; x_wconf 92' lang='lat' dir='ltr'><strong>Deus</strong></span> <span class='ocrx_word' id='word_1_499' title='bbox 2063 2273 2263 2344; x_wconf 89' lang='lat' dir='ltr'><strong>justius</strong></span> <span class='ocrx_word' id='word_1_500' title='bbox 2307 2272 2480 2328; x_wconf 90' lang='lat' dir='ltr'><strong>aliena</strong></span> <span class='ocrx_word' id='word_1_501' title='bbox 2532 2273 2663 2328; x_wconf 89' lang='lat' dir='ltr'><strong>vitia</strong></span> <span class='ocrx_word' id='word_1_502' title='bbox 2709 2276 2972 2344; x_wconf 88' lang='lat' dir='ltr'><strong>percutit,</strong></span> <span class='ocrx_word' id='word_1_503' title='bbox 3021 2287 3227 2348; x_wconf 87' lang='lat' dir='ltr'><strong>quanto</strong></span> <span class='ocrx_word' id='word_1_504' title='bbox 3285 2281 3337 2334; x_wconf 89' lang='lat' dir='ltr'><strong>in</strong></span> <span class='ocrx_word' id='word_1_505' title='bbox 3404 2298 3464 2338; x_wconf 91' lang='lat' dir='ltr'><strong>se</strong></span> 
     </span>
    </p>
   </div>
   <div class='ocr_carea' id='block_1_70' title="bbox 1877 2368 3464 2430">
    <p class='ocr_par' dir='ltr' id='par_1_70' title="bbox 1877 2368 3464 2430">
     <span class='ocr_line' id='line_1_70' title="bbox 1877 2368 3464 2430; baseline 0.004 -6"><span class='ocrx_word' id='word_1_506' title='bbox 1877 2369 2202 2424; x_wconf 78' lang='lat' dir='ltr'><strong>nihiLhabet</strong></span> <span class='ocrx_word' id='word_1_507' title='bbox 2237 2368 2511 2422; x_wconf 92' lang='lat' dir='ltr'><strong>vitiorum.</strong></span> <span class='ocrx_word' id='word_1_508' title='bbox 2546 2368 2612 2422; x_wconf 84' lang='lat' dir='ltr'><strong>Et</strong></span> <span class='ocrx_word' id='word_1_509' title='bbox 2640 2377 2724 2424; x_wconf 89' lang='lat' dir='ltr'><strong>est</strong></span> <span class='ocrx_word' id='word_1_510' title='bbox 2763 2383 2951 2426; x_wconf 89' lang='lat' dir='ltr'><strong>sensus</strong></span> <span class='ocrx_word' id='word_1_511' title='bbox 2998 2387 3012 2425; x_wconf 89' lang='lat'><strong>:</strong></span> <span class='ocrx_word' id='word_1_512' title='bbox 3054 2371 3131 2426; x_wconf 90' lang='lat' dir='ltr'><strong>Ita</strong></span> <span class='ocrx_word' id='word_1_513' title='bbox 3162 2386 3248 2428; x_wconf 92' lang='lat' dir='ltr'><strong>me</strong></span> <span class='ocrx_word' id='word_1_514' title='bbox 3274 2388 3341 2429; x_wconf 80' lang='lat' dir='ltr'><strong>ex</strong></span> <span class='ocrx_word' id='word_1_515' title='bbox 3379 2375 3464 2430; x_wconf 88' lang='lat' dir='ltr'><strong>in-</strong></span> 
     </span>
    </p>
   </div>
   <div class='ocr_carea' id='block_1_71' title="bbox 1878 2457 3462 2531">
    <p class='ocr_par' dir='ltr' id='par_1_71' title="bbox 1878 2457 3462 2531">
     <span class='ocr_line' id='line_1_71' title="bbox 1878 2457 3462 2531; baseline 0.004 -17"><span class='ocrx_word' id='word_1_516' title='bbox 1878 2457 2231 2514; x_wconf 79' lang='lat' dir='ltr'><strong>ﬁrmitatibus</strong></span> <span class='ocrx_word' id='word_1_517' title='bbox 2271 2458 2407 2514; x_wconf 88' lang='lat' dir='ltr'><strong>meis</strong></span> <span class='ocrx_word' id='word_1_518' title='bbox 2457 2457 2714 2528; x_wconf 81' lang='lat' dir='ltr'><strong>alﬂigitis,</strong></span> <span class='ocrx_word' id='word_1_519' title='bbox 2756 2474 2819 2514; x_wconf 89' lang='lat' dir='ltr'><strong>ac</strong></span> <span class='ocrx_word' id='word_1_520' title='bbox 2854 2460 2898 2516; x_wconf 90' lang='lat' dir='ltr'><strong>si</strong></span> <span class='ocrx_word' id='word_1_521' title='bbox 2929 2461 3030 2531; x_wconf 90' lang='lat' dir='ltr'><strong>ipsi</strong></span> <span class='ocrx_word' id='word_1_522' title='bbox 3079 2477 3228 2531; x_wconf 82' lang='lat' dir='ltr'><strong>more</strong></span> <span class='ocrx_word' id='word_1_523' title='bbox 3260 2464 3352 2520; x_wconf 91' lang='lat' dir='ltr'><strong>Dei</strong></span> <span class='ocrx_word' id='word_1_524' title='bbox 3398 2467 3462 2522; x_wconf 90' lang='lat' dir='ltr'><strong>de</strong></span> 
     </span>
    </p>
   </div>
   <div class='ocr_carea' id='block_1_72' title="bbox 1878 2539 3462 2612">
    <p class='ocr_par' dir='ltr' id='par_1_72' title="bbox 1878 2539 3462 2612">
     <span class='ocr_line' id='line_1_72' title="bbox 1878 2539 3462 2612; baseline 0.004 -6"><span class='ocrx_word' id='word_1_525' title='bbox 1878 2551 2194 2606; x_wconf 83' lang='lat' dir='ltr'><strong>infirmitate</strong></span> <span class='ocrx_word' id='word_1_526' title='bbox 2222 2549 2356 2604; x_wconf 90' lang='lat' dir='ltr'><strong>nihil</strong></span> <span class='ocrx_word' id='word_1_527' title='bbox 2378 2550 2648 2606; x_wconf 87' lang='lat' dir='ltr'><strong>habeatis.</strong></span> <span class='ocrx_word' id='word_1_528' title='bbox 2683 2571 2702 2603; x_wconf 88' lang='grc'><strong><em>‹</em></strong></span> <span class='ocrx_word' id='word_1_529' title='bbox 2738 2550 2888 2606; x_wconf 88' lang='lat' dir='ltr'><strong>Sicut</strong></span> <span class='ocrx_word' id='word_1_530' title='bbox 2918 2551 3082 2608; x_wconf 89' lang='lat' dir='ltr'><strong>Deus.</strong></span> <span class='ocrx_word' id='word_1_531' title='bbox 3116 2574 3134 2607; x_wconf 76' lang='grc' dir='ltr'><strong><em>ι</em></strong></span> <span class='ocrx_word' id='word_1_532' title='bbox 3171 2554 3315 2610; x_wconf 90' lang='lat' dir='ltr'><strong>Idem</strong></span> <span class='ocrx_word' id='word_1_533' title='bbox 3339 2539 3462 2612; x_wconf 88' lang='lat' dir='ltr'><strong>cum</strong></span> 
     </span>
    </p>
   </div>
   <div class='ocr_carea' id='block_1_73' title="bbox 1879 2641 3466 2718">
    <p class='ocr_par' dir='ltr' id='par_1_73' title="bbox 1879 2641 3466 2718">
     <span class='ocr_line' id='line_1_73' title="bbox 1879 2641 3466 2718; baseline 0.003 -19"><span class='ocrx_word' id='word_1_534' title='bbox 1879 2645 1992 2699; x_wconf 91' lang='lat' dir='ltr'><strong>Deo</strong></span> <span class='ocrx_word' id='word_1_535' title='bbox 2031 2651 2219 2714; x_wconf 86' lang='lat' dir='ltr'><strong>agunt,</strong></span> <span class='ocrx_word' id='word_1_536' title='bbox 2246 2644 2370 2712; x_wconf 88' lang='lat' dir='ltr'><strong>quia</strong></span> <span class='ocrx_word' id='word_1_537' title='bbox 2404 2643 2507 2697; x_wconf 90' lang='lat' dir='ltr'><strong>hoc</strong></span> <span class='ocrx_word' id='word_1_538' title='bbox 2532 2641 2739 2697; x_wconf 88' lang='lat' dir='ltr'><strong>faciunt</strong></span> <span class='ocrx_word' id='word_1_539' title='bbox 2774 2644 2920 2714; x_wconf 90' lang='lat' dir='ltr'><strong>quod</strong></span> <span class='ocrx_word' id='word_1_540' title='bbox 2953 2645 3094 2700; x_wconf 91' lang='lat' dir='ltr'><strong>Deus</strong></span> <span class='ocrx_word' id='word_1_541' title='bbox 3121 2649 3466 2718; x_wconf 87' lang='lat' dir='ltr'><strong>omnipotens</strong></span> 
     </span>
    </p>
   </div>
   <div class='ocr_carea' id='block_1_74' title="bbox 1881 2735 3463 2807">
    <p class='ocr_par' dir='ltr' id='par_1_74' title="bbox 1881 2735 3463 2807">
     <span class='ocr_line' id='line_1_74' title="bbox 1881 2735 3463 2807; baseline 0.004 -17"><span class='ocrx_word' id='word_1_542' title='bbox 1881 2737 1999 2792; x_wconf 85' lang='lat' dir='ltr'><strong>ﬁeri</strong></span> <span class='ocrx_word' id='word_1_543' title='bbox 2029 2735 2329 2807; x_wconf 87' lang='lat' dir='ltr'><strong>permittit;</strong></span> <span class='ocrx_word' id='word_1_544' title='bbox 2358 2735 2452 2790; x_wconf 90' lang='lat' dir='ltr'><strong>sed</strong></span> <span class='ocrx_word' id='word_1_545' title='bbox 2478 2750 2582 2789; x_wconf 90' lang='lat' dir='ltr'><strong>non</strong></span> <span class='ocrx_word' id='word_1_546' title='bbox 2613 2735 2754 2789; x_wconf 89' lang='lat' dir='ltr'><strong>idem</strong></span> <span class='ocrx_word' id='word_1_547' title='bbox 2778 2736 2967 2791; x_wconf 91' lang='lat' dir='ltr'><strong>volunt</strong></span> <span class='ocrx_word' id='word_1_548' title='bbox 2999 2751 3012 2789; x_wconf 89' lang='lat'><strong>:</strong></span> <span class='ocrx_word' id='word_1_549' title='bbox 3040 2738 3165 2806; x_wconf 89' lang='lat' dir='ltr'><strong>quia</strong></span> <span class='ocrx_word' id='word_1_550' title='bbox 3196 2755 3316 2793; x_wconf 90' lang='lat' dir='ltr'><strong>cum</strong></span> <span class='ocrx_word' id='word_1_551' title='bbox 3342 2755 3463 2796; x_wconf 81' lang='lat' dir='ltr'><strong>om-</strong></span> 
     </span>
    </p>
   </div>
   <div class='ocr_carea' id='block_1_75' title="bbox 1879 2827 3467 2900">
    <p class='ocr_par' dir='ltr' id='par_1_75' title="bbox 1879 2827 3467 2900">
     <span class='ocr_line' id='line_1_75' title="bbox 1879 2827 3467 2900; baseline 0.003 -17"><span class='ocrx_word' id='word_1_552' title='bbox 1879 2831 2131 2900; x_wconf 89' lang='lat' dir='ltr'><strong>nipotens</strong></span> <span class='ocrx_word' id='word_1_553' title='bbox 2179 2827 2320 2882; x_wconf 91' lang='lat' dir='ltr'><strong>Deus</strong></span> <span class='ocrx_word' id='word_1_554' title='bbox 2377 2827 2605 2881; x_wconf 78' lang='lat' dir='ltr'><strong>amando</strong></span> <span class='ocrx_word' id='word_1_555' title='bbox 2649 2827 3025 2898; x_wconf 87' lang='lat' dir='ltr'><strong>purgationem</strong></span> <span class='ocrx_word' id='word_1_556' title='bbox 3078 2831 3327 2895; x_wconf 66' lang='lat' dir='ltr'><strong>exhibet,</strong></span> <span class='ocrx_word' id='word_1_557' title='bbox 3386 2835 3467 2887; x_wconf 89' lang='lat' dir='ltr'><strong>in-</strong></span> 
     </span>
    </p>
   </div>
   <div class='ocr_carea' id='block_1_76' title="bbox 1872 2918 3464 2990">
    <p class='ocr_par' dir='ltr' id='par_1_76' title="bbox 1872 2918 3464 2990">
     <span class='ocr_line' id='line_1_76' title="bbox 1872 2918 3464 2990; baseline 0.002 -16"><span class='ocrx_word' id='word_1_558' title='bbox 1872 2919 2144 2988; x_wconf 88' lang='lat' dir='ltr'><strong>justorum</strong></span> <span class='ocrx_word' id='word_1_559' title='bbox 2189 2919 2432 2990; x_wconf 87' lang='lat' dir='ltr'><strong>pravitas</strong></span> <span class='ocrx_word' id='word_1_560' title='bbox 2475 2918 2746 2973; x_wconf 88' lang='lat' dir='ltr'><strong>saeviendo</strong></span> <span class='ocrx_word' id='word_1_561' title='bbox 2780 2919 3041 2973; x_wconf 92' lang='lat' dir='ltr'><strong>malitiam</strong></span> <span class='ocrx_word' id='word_1_562' title='bbox 3073 2930 3310 2976; x_wconf 78' lang='lat' dir='ltr'><strong>exercet.</strong></span> <span class='ocrx_word' id='word_1_563' title='bbox 3348 2923 3464 2988; x_wconf 85' lang='lat' dir='ltr'><strong>Vel,</strong></span> 
     </span>
    </p>
   </div>
   <div class='ocr_carea' id='block_1_77' title="bbox 1878 3011 3462 3084">
    <p class='ocr_par' dir='ltr' id='par_1_77' title="bbox 1878 3011 3462 3084">
     <span class='ocr_line' id='line_1_77' title="bbox 1878 3011 3462 3084; baseline 0.001 -16"><span class='ocrx_word' id='word_1_564' title='bbox 1878 3015 2034 3084; x_wconf 92' lang='lat' dir='ltr'><strong>quasi</strong></span> <span class='ocrx_word' id='word_1_565' title='bbox 2062 3030 2168 3069; x_wconf 90' lang='lat' dir='ltr'><strong>non</strong></span> <span class='ocrx_word' id='word_1_566' title='bbox 2201 3011 2432 3076; x_wconf 81' lang='lat' dir='ltr'><strong>infirmi,</strong></span> <span class='ocrx_word' id='word_1_567' title='bbox 2468 3011 2558 3079; x_wconf 88' lang='lat' dir='ltr'><strong>qui</strong></span> <span class='ocrx_word' id='word_1_568' title='bbox 2587 3025 2695 3065; x_wconf 89' lang='lat' dir='ltr'><strong>non</strong></span> <span class='ocrx_word' id='word_1_569' title='bbox 2725 3011 2985 3068; x_wconf 87' lang='lat' dir='ltr'><strong>deberent</strong></span> <span class='ocrx_word' id='word_1_570' title='bbox 3026 3013 3305 3082; x_wconf 88' lang='lat' dir='ltr'><strong>increpare</strong></span> <span class='ocrx_word' id='word_1_571' title='bbox 3340 3031 3462 3070; x_wconf 90' lang='lat' dir='ltr'><strong>cum</strong></span> 
     </span>
    </p>
   </div>
   <div class='ocr_carea' id='block_1_78' title="bbox 1879 3099 3465 3172">
    <p class='ocr_par' dir='ltr' id='par_1_78' title="bbox 1879 3099 3465 3172">
     <span class='ocr_line' id='line_1_78' title="bbox 1879 3099 3465 3172; baseline 0 -13"><span class='ocrx_word' id='word_1_572' title='bbox 1879 3105 2024 3159; x_wconf 90' lang='lat' dir='ltr'><strong>Deus</strong></span> <span class='ocrx_word' id='word_1_573' title='bbox 2061 3102 2316 3172; x_wconf 91' lang='lat' dir='ltr'><strong>percutit,</strong></span> <span class='ocrx_word' id='word_1_574' title='bbox 2360 3115 2428 3154; x_wconf 90' lang='lat' dir='ltr'><strong>ne</strong></span> <span class='ocrx_word' id='word_1_575' title='bbox 2474 3099 2673 3153; x_wconf 85' lang='lat' dir='ltr'><strong>addant</strong></span> <span class='ocrx_word' id='word_1_576' title='bbox 2711 3099 2949 3155; x_wconf 79' lang='lat' dir='ltr'><strong>dolorem</strong></span> <span class='ocrx_word' id='word_1_577' title='bbox 2975 3101 3184 3168; x_wconf 90' lang='lat' dir='ltr'><strong>dolori,</strong></span> <span class='ocrx_word' id='word_1_578' title='bbox 3211 3105 3304 3159; x_wconf 91' lang='lat' dir='ltr'><strong>sed</strong></span> <span class='ocrx_word' id='word_1_579' title='bbox 3333 3121 3465 3159; x_wconf 88' lang='lat' dir='ltr'><strong>con-</strong></span> 
     </span>
    </p>
   </div>
   <div class='ocr_carea' id='block_1_79' title="bbox 1883 3191 3467 3267">
    <p class='ocr_par' dir='ltr' id='par_1_79' title="bbox 1883 3191 3467 3267">
     <span class='ocr_line' id='line_1_79' title="bbox 1883 3191 3467 3267; baseline -0.001 -17"><span class='ocrx_word' id='word_1_580' title='bbox 1883 3196 2066 3252; x_wconf 90' lang='lat' dir='ltr'><strong>solari.</strong></span> <span class='ocrx_word' id='word_1_581' title='bbox 2098 3194 2232 3249; x_wconf 86' lang='lat' dir='ltr'><strong>Cum</strong></span> <span class='ocrx_word' id='word_1_582' title='bbox 2253 3207 2384 3248; x_wconf 84' lang='lat' dir='ltr'><strong>vero</strong></span> <span class='ocrx_word' id='word_1_583' title='bbox 2408 3207 2601 3246; x_wconf 90' lang='lat' dir='ltr'><strong>manus</strong></span> <span class='ocrx_word' id='word_1_584' title='bbox 2627 3191 2838 3267; x_wconf 88' lang='lat' dir='ltr'><strong>Domini</strong></span> <span class='ocrx_word' id='word_1_585' title='bbox 2878 3202 3244 3265; x_wconf 78' lang='lat' dir='ltr'><strong>cessat,.tuuc</strong></span> <span class='ocrx_word' id='word_1_586' title='bbox 3289 3196 3467 3262; x_wconf 81' lang='lat' dir='ltr'><strong>dignis</strong></span> 
     </span>
    </p>
   </div>
   <div class='ocr_carea' id='block_1_80' title="bbox 1881 3284 3464 3362">
    <p class='ocr_par' dir='ltr' id='par_1_80' title="bbox 1881 3284 3464 3362">
     <span class='ocr_line' id='line_1_80' title="bbox 1881 3284 3464 3362; baseline -0.004 -17"><span class='ocrx_word' id='word_1_587' title='bbox 1881 3289 2180 3362; x_wconf 88' lang='lat' dir='ltr'><strong>increpatio</strong></span> <span class='ocrx_word' id='word_1_588' title='bbox 2210 3293 2390 3357; x_wconf 89' lang='lat' dir='ltr'><strong>potest</strong></span> <span class='ocrx_word' id='word_1_589' title='bbox 2423 3285 2562 3339; x_wconf 78' lang='lat' dir='ltr'><strong>fieri.</strong></span> <span class='ocrx_word' id='word_1_590' title='bbox 2597 3302 2616 3335; x_wconf 77' lang='grc' dir='ltr'>ι</span> <span class='ocrx_word' id='word_1_591' title='bbox 2651 3284 2720 3338; x_wconf 87' lang='lat' dir='ltr'><strong>Et</strong></span> <span class='ocrx_word' id='word_1_592' title='bbox 2745 3284 2813 3338; x_wconf 91' lang='lat' dir='ltr'><strong>de</strong></span> <span class='ocrx_word' id='word_1_593' title='bbox 2850 3285 3108 3340; x_wconf 90' lang='lat' dir='ltr'><strong>carnibus</strong></span> <span class='ocrx_word' id='word_1_594' title='bbox 3148 3287 3282 3341; x_wconf 86' lang='lat' dir='ltr'><strong>meis</strong></span> <span class='ocrx_word' id='word_1_595' title='bbox 3310 3295 3464 3341; x_wconf 91' lang='lat' dir='ltr'><strong>satu-</strong></span> 
     </span>
    </p>
   </div>
   <div class='ocr_carea' id='block_1_81' title="bbox 1879 3379 3465 3450">
    <p class='ocr_par' dir='ltr' id='par_1_81' title="bbox 1879 3379 3465 3450">
     <span class='ocr_line' id='line_1_81' title="bbox 1879 3379 3465 3450; baseline -0.006 -7"><span class='ocrx_word' id='word_1_596' title='bbox 1879 3384 2098 3443; x_wconf 89' lang='lat' dir='ltr'><strong>ramini.</strong></span> <span class='ocrx_word' id='word_1_597' title='bbox 2130 3403 2148 3434; x_wconf 85' lang='grc'>›</span> <span class='ocrx_word' id='word_1_598' title='bbox 2183 3382 2424 3450; x_wconf 88' lang='lat' dir='ltr'><strong>Quorum</strong></span> <span class='ocrx_word' id='word_1_599' title='bbox 2451 3395 2603 3435; x_wconf 91' lang='lat' dir='ltr'><strong>mens</strong></span> <span class='ocrx_word' id='word_1_600' title='bbox 2645 3379 3016 3450; x_wconf 79' lang='lat' dir='ltr'><strong>proximorum</strong></span> <span class='ocrx_word' id='word_1_601' title='bbox 3048 3395 3239 3450; x_wconf 70' lang='lat' dir='ltr'><strong>poenas</strong></span> <span class='ocrx_word' id='word_1_602' title='bbox 3273 3381 3465 3446; x_wconf 87' lang='lat' dir='ltr'><strong>esurit,</strong></span> 
     </span>
    </p>
   </div>
   <div class='ocr_carea' id='block_1_82' title="bbox 1881 3473 3467 3545">
    <p class='ocr_par' dir='ltr' id='par_1_82' title="bbox 1881 3473 3467 3545">
     <span class='ocr_line' id='line_1_82' title="bbox 1881 3473 3467 3545; baseline -0.003 -12"><span class='ocrx_word' id='word_1_603' title='bbox 1881 3476 2114 3534; x_wconf 88' lang='lat' dir='ltr'><strong>saturari</strong></span> <span class='ocrx_word' id='word_1_604' title='bbox 2161 3475 2354 3530; x_wconf 91' lang='lat' dir='ltr'><strong>alienis</strong></span> <span class='ocrx_word' id='word_1_605' title='bbox 2400 3474 2656 3529; x_wconf 91' lang='lat' dir='ltr'><strong>carnibus</strong></span> <span class='ocrx_word' id='word_1_606' title='bbox 2697 3475 2911 3544; x_wconf 66' lang='lat' dir='ltr'><strong>quaerit.</strong></span> <span class='ocrx_word' id='word_1_607' title='bbox 2956 3473 3085 3540; x_wconf 75' lang='lat' dir='ltr'><strong>Vel,</strong></span> <span class='ocrx_word' id='word_1_608' title='bbox 3142 3475 3233 3545; x_wconf 93' lang='lat' dir='ltr'><strong>qui</strong></span> <span class='ocrx_word' id='word_1_609' title='bbox 3277 3475 3467 3529; x_wconf 84' lang='lat' dir='ltr'><strong>alienae</strong></span> 
     </span>
    </p>
   </div>
   <div class='ocr_carea' id='block_1_83' title="bbox 1881 3566 3468 3636">
    <p class='ocr_par' dir='ltr' id='par_1_83' title="bbox 1881 3566 3468 3636">
     <span class='ocr_line' id='line_1_83' title="bbox 1881 3566 3468 3636; baseline 0.001 -15"><span class='ocrx_word' id='word_1_610' title='bbox 1881 3569 2005 3622; x_wconf 71' lang='lat' dir='ltr'><strong>vita:</strong></span> <span class='ocrx_word' id='word_1_611' title='bbox 2066 3567 2402 3624; x_wconf 90' lang='lat' dir='ltr'><strong>detractione</strong></span> <span class='ocrx_word' id='word_1_612' title='bbox 2457 3566 2686 3636; x_wconf 89' lang='lat' dir='ltr'><strong>pas&#39;cunt</strong></span> <span class='ocrx_word' id='word_1_613' title='bbox 2752 3567 2944 3624; x_wconf 86' lang='lat' dir='ltr'><strong>alienis</strong></span> <span class='ocrx_word' id='word_1_614' title='bbox 3005 3569 3258 3625; x_wconf 88' lang='lat' dir='ltr'><strong>carnibus</strong></span> <span class='ocrx_word' id='word_1_615' title='bbox 3319 3577 3468 3624; x_wconf 90' lang='lat' dir='ltr'><strong>satu-</strong></span> 
     </span>
    </p>
   </div>
   <div class='ocr_carea' id='block_1_84' title="bbox 1881 3669 2089 3715">
    <p class='ocr_par' dir='ltr' id='par_1_84' title="bbox 1881 3669 2089 3715">
     <span class='ocr_line' id='line_1_84' title="bbox 1881 3669 2089 3715; baseline 0 -1"><span class='ocrx_word' id='word_1_616' title='bbox 1881 3669 2089 3715; x_wconf 83' lang='lat' dir='ltr'><strong>rantur.</strong></span> 
     </span>
    </p>
   </div>
   <div class='ocr_carea' id='block_1_85' title="bbox 1959 3773 3468 3845">
    <p class='ocr_par' dir='ltr' id='par_1_85' title="bbox 1959 3773 3468 3845">
     <span class='ocr_line' id='line_1_85' title="bbox 1959 3773 3468 3845; baseline 0.003 -17"><span class='ocrx_word' id='word_1_617' title='bbox 1959 3794 1977 3827; x_wconf 89' lang='grc'><strong>‹</strong></span> <span class='ocrx_word' id='word_1_618' title='bbox 2011 3773 2143 3842; x_wconf 91' lang='lat' dir='ltr'><strong>Quis</strong></span> <span class='ocrx_word' id='word_1_619' title='bbox 2182 3774 2315 3829; x_wconf 90' lang='lat' dir='ltr'><strong>mihi</strong></span> <span class='ocrx_word' id='word_1_620' title='bbox 2367 3773 2596 3841; x_wconf 89' lang='lat' dir='ltr'><strong>tribuat,</strong></span> <span class='ocrx_word' id='word_1_621' title='bbox 2650 3782 2756 3829; x_wconf 87' lang='lat' dir='ltr'><strong>etc.</strong></span> <span class='ocrx_word' id='word_1_622' title='bbox 2809 3795 2830 3828; x_wconf 73' lang='grc' dir='ltr'><strong><em>ι</em></strong></span> <span class='ocrx_word' id='word_1_623' title='bbox 2875 3775 3017 3829; x_wconf 89' lang='lat' dir='ltr'><strong>Dura</strong></span> <span class='ocrx_word' id='word_1_624' title='bbox 3053 3791 3172 3845; x_wconf 75' lang='lat' dir='ltr'><strong>qua:</strong></span> <span class='ocrx_word' id='word_1_625' title='bbox 3218 3776 3468 3843; x_wconf 86' lang='lat' dir='ltr'><strong>sustinet,</strong></span> 
     </span>
    </p>
   </div>
   <div class='ocr_carea' id='block_1_86' title="bbox 1886 3866 3465 3938">
    <p class='ocr_par' dir='ltr' id='par_1_86' title="bbox 1886 3866 3465 3938">
     <span class='ocr_line' id='line_1_86' title="bbox 1886 3866 3465 3938; baseline 0.002 -17"><span class='ocrx_word' id='word_1_626' title='bbox 1886 3881 1996 3922; x_wconf 89' lang='lat' dir='ltr'><strong>non</strong></span> <span class='ocrx_word' id='word_1_627' title='bbox 2027 3866 2140 3921; x_wconf 92' lang='lat' dir='ltr'><strong>vult</strong></span> <span class='ocrx_word' id='word_1_628' title='bbox 2169 3881 2269 3936; x_wconf 91' lang='lat' dir='ltr'><strong>per</strong></span> <span class='ocrx_word' id='word_1_629' title='bbox 2305 3867 2577 3922; x_wconf 89' lang='lat' dir='ltr'><strong>silentium</strong></span> <span class='ocrx_word' id='word_1_630' title='bbox 2611 3867 2740 3938; x_wconf 90' lang='lat' dir='ltr'><strong>tegi,</strong></span> <span class='ocrx_word' id='word_1_631' title='bbox 2780 3868 2874 3922; x_wconf 89' lang='lat' dir='ltr'><strong>sed</strong></span> <span class='ocrx_word' id='word_1_632' title='bbox 2924 3867 3172 3938; x_wconf 81' lang='lat' dir='ltr'><strong>exemplo</strong></span> <span class='ocrx_word' id='word_1_633' title='bbox 3213 3869 3280 3924; x_wconf 87' lang='lat' dir='ltr'><strong>ad</strong></span> <span class='ocrx_word' id='word_1_634' title='bbox 3324 3869 3465 3924; x_wconf 91' lang='lat' dir='ltr'><strong>noti-</strong></span> 
     </span>
    </p>
   </div>
   <div class='ocr_carea' id='block_1_87' title="bbox 1883 3959 3467 4030">
    <p class='ocr_par' dir='ltr' id='par_1_87' title="bbox 1883 3959 3467 4030">
     <span class='ocr_line' id='line_1_87' title="bbox 1883 3959 3467 4030; baseline 0.003 -18"><span class='ocrx_word' id='word_1_635' title='bbox 1883 3960 2015 4013; x_wconf 88' lang='lat' dir='ltr'><strong>tiam</strong></span> <span class='ocrx_word' id='word_1_636' title='bbox 2063 3959 2307 4030; x_wconf 88' lang='lat' dir='ltr'><strong>pertrahi</strong></span> <span class='ocrx_word' id='word_1_637' title='bbox 2349 3969 2406 4014; x_wconf 93' lang='lat' dir='ltr'><strong>ut</strong></span> <span class='ocrx_word' id='word_1_638' title='bbox 2447 3959 2537 4015; x_wconf 90' lang='lat' dir='ltr'><strong>alii</strong></span> <span class='ocrx_word' id='word_1_639' title='bbox 2588 3959 2656 4014; x_wconf 90' lang='lat' dir='ltr'><strong>ad</strong></span> <span class='ocrx_word' id='word_1_640' title='bbox 2698 3960 3016 4030; x_wconf 90' lang='lat' dir='ltr'><strong>patientiam</strong></span> <span class='ocrx_word' id='word_1_641' title='bbox 3047 3961 3262 4017; x_wconf 87' lang='lat' dir='ltr'><strong>valeant</strong></span> <span class='ocrx_word' id='word_1_642' title='bbox 3293 3961 3467 4018; x_wconf 70' lang='lat' dir='ltr'><strong>aedifi-</strong></span> 
     </span>
    </p>
   </div>
   <div class='ocr_carea' id='block_1_88' title="bbox 1885 4053 2018 4106">
    <p class='ocr_par' dir='ltr' id='par_1_88' title="bbox 1885 4053 2018 4106">
     <span class='ocr_line' id='line_1_88' title="bbox 1885 4053 2018 4106; baseline -0.008 0"><span class='ocrx_word' id='word_1_643' title='bbox 1885 4053 2018 4106; x_wconf 90' lang='lat' dir='ltr'><strong>cari.</strong></span> 
     </span>
    </p>
   </div>
   <div class='ocr_carea' id='block_1_89' title="bbox 1961 4145 3466 4220">
    <p class='ocr_par' dir='ltr' id='par_1_89' title="bbox 1961 4145 3466 4220">
     <span class='ocr_line' id='line_1_89' title="bbox 1961 4145 3466 4220; baseline 0.005 -23"><span class='ocrx_word' id='word_1_644' title='bbox 1961 4165 1980 4197; x_wconf 80' lang='grc'><strong>(</strong></span> <span class='ocrx_word' id='word_1_645' title='bbox 2025 4145 2156 4214; x_wconf 91' lang='lat' dir='ltr'><strong>Quis</strong></span> <span class='ocrx_word' id='word_1_646' title='bbox 2189 4146 2321 4200; x_wconf 88' lang='lat' dir='ltr'><strong>mihi</strong></span> <span class='ocrx_word' id='word_1_647' title='bbox 2353 4146 2572 4200; x_wconf 87' lang='lat' dir='ltr'><strong>tribuat.</strong></span> <span class='ocrx_word' id='word_1_648' title='bbox 2614 4165 2630 4196; x_wconf 77' lang='grc' dir='ltr'><strong><em>ι</em></strong></span> <span class='ocrx_word' id='word_1_649' title='bbox 2674 4145 2861 4220; x_wconf 66' lang='grc' dir='ltr'><strong>(Μήτι.)</strong></span> <span class='ocrx_word' id='word_1_650' title='bbox 2891 4147 3016 4202; x_wconf 77' lang='lat' dir='ltr'><strong>Hzee</strong></span> <span class='ocrx_word' id='word_1_651' title='bbox 3044 4164 3258 4220; x_wconf 91' lang='lat' dir='ltr'><strong>quoque</strong></span> <span class='ocrx_word' id='word_1_652' title='bbox 3277 4149 3466 4206; x_wconf 88' lang='lat' dir='ltr'><strong>Eccle-</strong></span> 
     </span>
    </p>
   </div>
   <div class='ocr_carea' id='block_1_90' title="bbox 1886 4223 3468 4315">
    <p class='ocr_par' dir='ltr' id='par_1_90' title="bbox 1886 4223 3468 4315">
     <span class='ocr_line' id='line_1_90' title="bbox 1886 4223 3468 4315; baseline 0.003 -20"><span class='ocrx_word' id='word_1_653' title='bbox 1886 4242 1979 4296; x_wconf 70' lang='lat' dir='ltr'><strong>sia:</strong></span> <span class='ocrx_word' id='word_1_654' title='bbox 2022 4250 2347 4312; x_wconf 90' lang='lat' dir='ltr'><strong>congruunt,</strong></span> <span class='ocrx_word' id='word_1_655' title='bbox 2393 4251 2532 4308; x_wconf 90' lang='lat' dir='ltr'><strong>etc.,</strong></span> <span class='ocrx_word' id='word_1_656' title='bbox 2580 4223 2740 4312; x_wconf 62' lang='lat' dir='ltr'><strong>usque</strong></span> <span class='ocrx_word' id='word_1_657' title='bbox 2789 4243 2858 4295; x_wconf 86' lang='lat' dir='ltr'><strong>ad</strong></span> <span class='ocrx_word' id='word_1_658' title='bbox 2909 4255 3094 4312; x_wconf 87' lang='lat' dir='ltr'><strong>postea</strong></span> <span class='ocrx_word' id='word_1_659' title='bbox 3125 4260 3252 4299; x_wconf 86' lang='lat' dir='ltr'><strong>vero</strong></span> <span class='ocrx_word' id='word_1_660' title='bbox 3293 4246 3468 4315; x_wconf 90' lang='lat' dir='ltr'><strong>ipsum</strong></span> 
     </span>
    </p>
   </div>
   <div class='ocr_carea' id='block_1_91' title="bbox 1886 4335 3335 4404">
    <p class='ocr_par' dir='ltr' id='par_1_91' title="bbox 1886 4335 3335 4404">
     <span class='ocr_line' id='line_1_91' title="bbox 1886 4335 3335 4404; baseline 0.003 -16"><span class='ocrx_word' id='word_1_661' title='bbox 1886 4336 2082 4390; x_wconf 87' lang='lat' dir='ltr'><strong>librum</strong></span> <span class='ocrx_word' id='word_1_662' title='bbox 2111 4336 2162 4388; x_wconf 92' lang='lat' dir='ltr'><strong>in</strong></span> <span class='ocrx_word' id='word_1_663' title='bbox 2195 4335 2449 4389; x_wconf 88' lang='lat' dir='ltr'><strong>laminam</strong></span> <span class='ocrx_word' id='word_1_664' title='bbox 2483 4336 2687 4404; x_wconf 81' lang='lat' dir='ltr'><strong>plumbi</strong></span> <span class='ocrx_word' id='word_1_665' title='bbox 2707 4345 2770 4389; x_wconf 80' lang='lat' dir='ltr'><strong>&#39;et</strong></span> <span class='ocrx_word' id='word_1_666' title='bbox 2799 4337 2852 4389; x_wconf 91' lang='lat' dir='ltr'><strong>in</strong></span> <span class='ocrx_word' id='word_1_667' title='bbox 2887 4337 3091 4390; x_wconf 85' lang='lat' dir='ltr'><strong>silicem</strong></span> <span class='ocrx_word' id='word_1_668' title='bbox 3124 4338 3335 4392; x_wconf 80' lang='lat' dir='ltr'><strong>dividit.</strong></span> 
     </span>
    </p>
   </div>
   <div class='ocr_carea' id='block_1_92' title="bbox 1963 4425 3471 4496">
    <p class='ocr_par' dir='ltr' id='par_1_92' title="bbox 1963 4425 3471 4496">
     <span class='ocr_line' id='line_1_92' title="bbox 1963 4425 3471 4496; baseline 0.004 -18"><span class='ocrx_word' id='word_1_669' title='bbox 1963 4446 1981 4478; x_wconf 85' lang='grc'><strong>‹</strong></span> <span class='ocrx_word' id='word_1_670' title='bbox 2019 4425 2150 4493; x_wconf 87' lang='lat' dir='ltr'><strong>Quis</strong></span> <span class='ocrx_word' id='word_1_671' title='bbox 2177 4426 2306 4479; x_wconf 86' lang='lat' dir='ltr'><strong>mihi</strong></span> <span class='ocrx_word' id='word_1_672' title='bbox 2334 4426 2444 4489; x_wconf 88' lang='lat' dir='ltr'><strong>det,</strong></span> <span class='ocrx_word' id='word_1_673' title='bbox 2477 4432 2583 4479; x_wconf 92' lang='lat' dir='ltr'><strong>etc.</strong></span> <span class='ocrx_word' id='word_1_674' title='bbox 2619 4444 2636 4475; x_wconf 87' lang='grc'><strong>›</strong></span> <span class='ocrx_word' id='word_1_675' title='bbox 2668 4425 2774 4478; x_wconf 89' lang='lat' dir='ltr'><strong>Per</strong></span> <span class='ocrx_word' id='word_1_676' title='bbox 2813 4426 3010 4496; x_wconf 80' lang='lat' dir='ltr'><strong>stylum</strong></span> <span class='ocrx_word' id='word_1_677' title='bbox 3040 4425 3272 4482; x_wconf 84' lang='lat' dir='ltr'><strong>ferreum</strong></span> <span class='ocrx_word' id='word_1_678' title='bbox 3315 4428 3471 4484; x_wconf 85' lang='lat' dir='ltr'><strong>fortis</strong></span> 
     </span>
    </p>
   </div>
   <div class='ocr_carea' id='block_1_93' title="bbox 1889 4514 3474 4591">
    <p class='ocr_par' dir='ltr' id='par_1_93' title="bbox 1889 4514 3474 4591">
     <span class='ocr_line' id='line_1_93' title="bbox 1889 4514 3474 4591; baseline 0.001 -18"><span class='ocrx_word' id='word_1_679' title='bbox 1889 4517 2155 4573; x_wconf 84' lang='lat' dir='ltr'><strong>sententia</strong></span> <span class='ocrx_word' id='word_1_680' title='bbox 2186 4517 2426 4571; x_wconf 87' lang='lat' dir='ltr'><strong>Patrum.</strong></span> <span class='ocrx_word' id='word_1_681' title='bbox 2463 4515 2566 4570; x_wconf 92' lang='lat' dir='ltr'><strong>Per</strong></span> <span class='ocrx_word' id='word_1_682' title='bbox 2594 4515 2872 4586; x_wconf 88' lang='lat' dir='ltr'><strong>plumbum</strong></span> <span class='ocrx_word' id='word_1_683' title='bbox 2896 4514 3078 4570; x_wconf 71' lang='lat' dir='ltr'><strong>Judeac</strong></span> <span class='ocrx_word' id='word_1_684' title='bbox 3103 4519 3330 4589; x_wconf 92' lang='lat' dir='ltr'><strong>p0pulus</strong></span> <span class='ocrx_word' id='word_1_685' title='bbox 3351 4535 3474 4591; x_wconf 90' lang='lat' dir='ltr'><strong>gra-</strong></span> 
     </span>
    </p>
   </div>
   <div class='ocr_carea' id='block_1_94' title="bbox 196 4601 3474 4703">
    <p class='ocr_par' dir='ltr' id='par_1_94' title="bbox 196 4601 3474 4703">
     <span class='ocr_line' id='line_1_94' title="bbox 196 4601 3474 4703; baseline -0.001 -33"><span class='ocrx_word' id='word_1_686' title='bbox 196 4601 368 4703; x_wconf 58' lang='grc' dir='ltr'><strong>ρυέεί</strong></span> <span class='ocrx_word' id='word_1_687' title='bbox 407 4633 700 4689; x_wconf 55' lang='lat' dir='ltr'><strong>accedebat</strong></span> <span class='ocrx_word' id='word_1_688' title='bbox 749 4632 816 4687; x_wconf 73' lang='lat' dir='ltr'><strong>ad</strong></span> <span class='ocrx_word' id='word_1_689' title='bbox 861 4646 956 4687; x_wconf 70' lang='lat' dir='ltr'><strong>cm.</strong></span> <span class='ocrx_word' id='word_1_690' title='bbox 995 4624 1314 4702; x_wconf 61' lang='lat' dir='ltr'><strong>populorum</strong></span> <span class='ocrx_word' id='word_1_691' title='bbox 1352 4629 1635 4695; x_wconf 54' lang='lat' dir='ltr'><strong>Dominus,</strong></span> <span class='ocrx_word' id='word_1_692' title='bbox 1660 4644 1784 4684; x_wconf 73' lang='lat' dir='ltr'><strong>cum</strong></span> <span class='ocrx_word' id='word_1_693' title='bbox 1809 4601 1863 4664; x_wconf 91' lang='lat' dir='ltr'><strong>D</strong></span> <span class='ocrx_word' id='word_1_694' title='bbox 1889 4610 1973 4666; x_wconf 91' lang='lat' dir='ltr'><strong>vis</strong></span> <span class='ocrx_word' id='word_1_695' title='bbox 2007 4618 2248 4682; x_wconf 89' lang='lat' dir='ltr'><strong>peccato.</strong></span> <span class='ocrx_word' id='word_1_696' title='bbox 2278 4608 2381 4664; x_wconf 84' lang='lat' dir='ltr'><strong>Per</strong></span> <span class='ocrx_word' id='word_1_697' title='bbox 2410 4607 2615 4662; x_wconf 89' lang='lat' dir='ltr'><strong>silicem</strong></span> <span class='ocrx_word' id='word_1_698' title='bbox 2651 4607 2925 4679; x_wconf 85' lang='lat' dir='ltr'><strong>gentilitas</strong></span> <span class='ocrx_word' id='word_1_699' title='bbox 2953 4609 3234 4681; x_wconf 84' lang='lat' dir='ltr'><strong>ﬁguratur.</strong></span> <span class='ocrx_word' id='word_1_700' title='bbox 3267 4610 3474 4668; x_wconf 89' lang='lat' dir='ltr'><strong>Cuncta</strong></span> 
     </span>
    </p>
   </div>
   <div class='ocr_carea' id='block_1_95' title="bbox 199 4723 1786 4792">
    <p class='ocr_par' dir='ltr' id='par_1_95' title="bbox 199 4723 1786 4792">
     <span class='ocr_line' id='line_1_95' title="bbox 199 4723 1786 4792; baseline -0.001 -12"><span class='ocrx_word' id='word_1_701' title='bbox 199 4727 282 4781; x_wconf 89' lang='lat' dir='ltr'><strong>eis</strong></span> <span class='ocrx_word' id='word_1_702' title='bbox 313 4725 570 4780; x_wconf 87' lang='lat' dir='ltr'><strong>miracula</strong></span> <span class='ocrx_word' id='word_1_703' title='bbox 596 4725 994 4780; x_wconf 85' lang='lat' dir='ltr'><strong>demonstraret</strong></span> <span class='ocrx_word' id='word_1_704' title='bbox 1019 4741 1036 4781; x_wconf 87' lang='lat'><strong>:</strong></span> <span class='ocrx_word' id='word_1_705' title='bbox 1071 4733 1126 4780; x_wconf 88' lang='lat' dir='ltr'><strong>et</strong></span> <span class='ocrx_word' id='word_1_706' title='bbox 1146 4723 1299 4792; x_wconf 90' lang='lat' dir='ltr'><strong>quasi</strong></span> <span class='ocrx_word' id='word_1_707' title='bbox 1325 4723 1633 4788; x_wconf 86' lang='lat' dir='ltr'><strong>recedebat,</strong></span> <span class='ocrx_word' id='word_1_708' title='bbox 1661 4739 1786 4778; x_wconf 91' lang='lat' dir='ltr'><strong>cum</strong></span> 
     </span>
    </p>
   </div>
   <div class='ocr_carea' id='block_1_96' title="bbox 198 4816 1786 4892">
    <p class='ocr_par' dir='ltr' id='par_1_96' title="bbox 198 4816 1786 4892">
     <span class='ocr_line' id='line_1_96' title="bbox 198 4816 1786 4892; baseline -0.004 -16"><span class='ocrx_word' id='word_1_709' title='bbox 198 4821 347 4876; x_wconf 88' lang='lat' dir='ltr'><strong>nulla</strong></span> <span class='ocrx_word' id='word_1_710' title='bbox 393 4821 544 4892; x_wconf 88' lang='lat' dir='ltr'><strong>signa</strong></span> <span class='ocrx_word' id='word_1_711' title='bbox 592 4820 931 4883; x_wconf 87' lang='lat' dir='ltr'><strong>ostenderet,</strong></span> <span class='ocrx_word' id='word_1_712' title='bbox 969 4827 1026 4873; x_wconf 91' lang='lat' dir='ltr'><strong>et</strong></span> <span class='ocrx_word' id='word_1_713' title='bbox 1066 4834 1094 4872; x_wconf 89' lang='lat' dir='ltr'><strong>a</strong></span> <span class='ocrx_word' id='word_1_714' title='bbox 1143 4816 1419 4872; x_wconf 89' lang='lat' dir='ltr'><strong>miraculis</strong></span> <span class='ocrx_word' id='word_1_715' title='bbox 1464 4817 1786 4886; x_wconf 88' lang='lat' dir='ltr'><strong>quiescenti,</strong></span> 
     </span>
    </p>
   </div>
   <div class='ocr_carea' id='block_1_97' title="bbox 197 4910 939 4984">
    <p class='ocr_par' dir='ltr' id='par_1_97' title="bbox 197 4910 939 4984">
     <span class='ocr_line' id='line_1_97' title="bbox 197 4910 939 4984; baseline -0.005 -18"><span class='ocrx_word' id='word_1_716' title='bbox 197 4912 446 4984; x_wconf 62' lang='lat' dir='ltr'><strong>praebere</strong></span> <span class='ocrx_word' id='word_1_717' title='bbox 476 4910 636 4966; x_wconf 82' lang='lat' dir='ltr'><strong>fidem</strong></span> <span class='ocrx_word' id='word_1_718' title='bbox 668 4910 939 4965; x_wconf 91' lang='lat' dir='ltr'><strong>nolebant.</strong></span> 
     </span>
    </p>
   </div>
   <div class='ocr_carea' id='block_1_98' title="bbox 277 4998 1788 5064">
    <p class='ocr_par' dir='ltr' id='par_1_98' title="bbox 277 4998 1788 5064">
     <span class='ocr_line' id='line_1_98' title="bbox 277 4998 1788 5064; baseline 0 -10"><span class='ocrx_word' id='word_1_719' title='bbox 277 5000 441 5054; x_wconf 70' lang='lat' dir='ltr'><strong>Vsus.</strong></span> <span class='ocrx_word' id='word_1_720' title='bbox 475 4999 563 5055; x_wconf 84' lang='grc'><strong>19.</strong></span> <span class='ocrx_word' id='word_1_721' title='bbox 591 5029 664 5039; x_wconf 93' lang='lat'><em>-</em></span> <span class='ocrx_word' id='word_1_722' title='bbox 694 5019 712 5050; x_wconf 73' lang='grc' dir='ltr'>ι</span> <span class='ocrx_word' id='word_1_723' title='bbox 754 4999 1062 5054; x_wconf 85' lang='lat' dir='ltr'><strong>Abominati</strong></span> <span class='ocrx_word' id='word_1_724' title='bbox 1094 5005 1221 5054; x_wconf 90' lang='lat' dir='ltr'><strong>sunt</strong></span> <span class='ocrx_word' id='word_1_725' title='bbox 1253 5014 1362 5064; x_wconf 91' lang='lat' dir='ltr'><strong>me,</strong></span> <span class='ocrx_word' id='word_1_726' title='bbox 1399 5006 1506 5054; x_wconf 88' lang='lat' dir='ltr'><strong>etc.</strong></span> <span class='ocrx_word' id='word_1_727' title='bbox 1538 5018 1556 5050; x_wconf 77' lang='grc' dir='ltr'><strong><em>ι</em></strong></span> <span class='ocrx_word' id='word_1_728' title='bbox 1584 4998 1788 5055; x_wconf 68' lang='lat' dir='ltr'><strong>Scriba:</strong></span> 
     </span>
    </p>
   </div>
   <div class='ocr_carea' id='block_1_99' title="bbox 196 5093 1792 5166">
    <p class='ocr_par' dir='ltr' id='par_1_99' title="bbox 196 5093 1792 5166">
     <span class='ocr_line' id='line_1_99' title="bbox 196 5093 1792 5166; baseline 0.001 -17"><span class='ocrx_word' id='word_1_729' title='bbox 196 5103 259 5150; x_wconf 83' lang='lat' dir='ltr'><strong>et</strong></span> <span class='ocrx_word' id='word_1_730' title='bbox 308 5093 447 5166; x_wconf 87' lang='lat' dir='ltr'><strong>legis</strong></span> <span class='ocrx_word' id='word_1_731' title='bbox 508 5093 779 5159; x_wconf 91' lang='lat' dir='ltr'><strong>doctores,</strong></span> <span class='ocrx_word' id='word_1_732' title='bbox 823 5102 954 5158; x_wconf 91' lang='lat' dir='ltr'><strong>etc.,</strong></span> <span class='ocrx_word' id='word_1_733' title='bbox 1007 5108 1169 5164; x_wconf 79' lang='lat' dir='ltr'><strong>usque</strong></span> <span class='ocrx_word' id='word_1_734' title='bbox 1217 5093 1285 5146; x_wconf 87' lang='lat' dir='ltr'><strong>ad</strong></span> <span class='ocrx_word' id='word_1_735' title='bbox 1330 5093 1397 5148; x_wconf 90' lang='lat' dir='ltr'><strong>de</strong></span> <span class='ocrx_word' id='word_1_736' title='bbox 1439 5093 1630 5148; x_wconf 90' lang='lat' dir='ltr'><strong>eodem</strong></span> <span class='ocrx_word' id='word_1_737' title='bbox 1655 5093 1792 5165; x_wconf 86' lang='lat' dir='ltr'><strong>legis</strong></span> 
     </span>
    </p>
   </div>
   <div class='ocr_carea' id='block_1_100' title="bbox 202 5179 1792 5256">
    <p class='ocr_par' dir='ltr' id='par_1_100' title="bbox 202 5179 1792 5256">
     <span class='ocr_line' id='line_1_100' title="bbox 202 5179 1792 5256; baseline -0.003 -12"><span class='ocrx_word' id='word_1_738' title='bbox 202 5188 490 5244; x_wconf 89' lang='lat' dir='ltr'><strong>doctorum</strong></span> <span class='ocrx_word' id='word_1_739' title='bbox 519 5187 710 5242; x_wconf 91' lang='lat' dir='ltr'><strong>ordine</strong></span> <span class='ocrx_word' id='word_1_740' title='bbox 737 5179 989 5256; x_wconf 85' lang='lat' dir='ltr'><strong>sequitur</strong></span> <span class='ocrx_word' id='word_1_741' title='bbox 1017 5203 1030 5238; x_wconf 88' lang='lat'>:</span> <span class='ocrx_word' id='word_1_742' title='bbox 1061 5205 1078 5236; x_wconf 74' lang='grc' dir='ltr'>ι</span> <span class='ocrx_word' id='word_1_743' title='bbox 1116 5185 1184 5240; x_wconf 87' lang='lat' dir='ltr'><strong>Et</strong></span> <span class='ocrx_word' id='word_1_744' title='bbox 1211 5200 1370 5254; x_wconf 92' lang='lat' dir='ltr'><strong>quem</strong></span> <span class='ocrx_word' id='word_1_745' title='bbox 1405 5187 1644 5242; x_wconf 79' lang='lat' dir='ltr'><strong>maxime</strong></span> <span class='ocrx_word' id='word_1_746' title='bbox 1672 5187 1792 5242; x_wconf 90' lang='lat' dir='ltr'><strong>dili-</strong></span> 
     </span>
    </p>
   </div>
   <div class='ocr_carea' id='block_1_101' title="bbox 202 5277 1792 5353">
    <p class='ocr_par' dir='ltr' id='par_1_101' title="bbox 202 5277 1792 5353">
     <span class='ocr_line' id='line_1_101' title="bbox 202 5277 1792 5353; baseline -0.002 -16"><span class='ocrx_word' id='word_1_747' title='bbox 202 5282 422 5353; x_wconf 82' lang='lat' dir='ltr'><strong>gebam.</strong></span> <span class='ocrx_word' id='word_1_748' title='bbox 460 5299 481 5334; x_wconf 71' lang='grc' dir='ltr'><strong><em>ι</em></strong></span> <span class='ocrx_word' id='word_1_749' title='bbox 511 5277 658 5336; x_wconf 89' lang='lat' dir='ltr'><strong>Ordo</strong></span> <span class='ocrx_word' id='word_1_750' title='bbox 685 5279 986 5342; x_wconf 88' lang='lat' dir='ltr'><strong>doctorum,</strong></span> <span class='ocrx_word' id='word_1_751' title='bbox 1015 5278 1109 5347; x_wconf 90' lang='lat' dir='ltr'><strong>qui</strong></span> <span class='ocrx_word' id='word_1_752' title='bbox 1135 5278 1288 5348; x_wconf 91' lang='lat' dir='ltr'><strong>prius</strong></span> <span class='ocrx_word' id='word_1_753' title='bbox 1322 5279 1377 5334; x_wconf 89' lang='lat' dir='ltr'><strong>in</strong></span> <span class='ocrx_word' id='word_1_754' title='bbox 1405 5279 1792 5350; x_wconf 66' lang='lat' dir='ltr'><strong>praedicatione</strong></span> 
     </span>
    </p>
   </div>
   <div class='ocr_carea' id='block_1_102' title="bbox 201 5363 1794 5443">
    <p class='ocr_par' dir='ltr' id='par_1_102' title="bbox 201 5363 1794 5443">
     <span class='ocr_line' id='line_1_102' title="bbox 201 5363 1794 5443; baseline -0.001 -12"><span class='ocrx_word' id='word_1_755' title='bbox 201 5375 474 5442; x_wconf 84' lang='lat' dir='ltr'><strong>serviens,</strong></span> <span class='ocrx_word' id='word_1_756' title='bbox 509 5374 745 5428; x_wconf 76' lang='lat' dir='ltr'><strong>maxime</strong></span> <span class='ocrx_word' id='word_1_757' title='bbox 785 5372 1109 5443; x_wconf 89' lang='lat' dir='ltr'><strong>diligebatur</strong></span> <span class='ocrx_word' id='word_1_758' title='bbox 1151 5390 1164 5425; x_wconf 87' lang='lat'><strong>:</strong></span> <span class='ocrx_word' id='word_1_759' title='bbox 1207 5387 1369 5443; x_wconf 90' lang='lat' dir='ltr'><strong>quem</strong></span> <span class='ocrx_word' id='word_1_760' title='bbox 1392 5363 1498 5428; x_wconf 74' lang='lat' dir='ltr'><strong>neu</strong></span> <span class='ocrx_word' id='word_1_761' title='bbox 1526 5374 1701 5429; x_wconf 90' lang='lat' dir='ltr'><strong>solum</strong></span> <span class='ocrx_word' id='word_1_762' title='bbox 1725 5374 1794 5429; x_wconf 89' lang='lat' dir='ltr'><strong>ad</strong></span> 
     </span>
    </p>
   </div>
   <div class='ocr_carea' id='block_1_103' title="bbox 203 5463 1793 5534">
    <p class='ocr_par' dir='ltr' id='par_1_103' title="bbox 203 5463 1793 5534">
     <span class='ocr_line' id='line_1_103' title="bbox 203 5463 1793 5534; baseline -0.001 -12"><span class='ocrx_word' id='word_1_763' title='bbox 203 5482 316 5522; x_wconf 92' lang='lat' dir='ltr'><strong>non</strong></span> <span class='ocrx_word' id='word_1_764' title='bbox 342 5463 673 5520; x_wconf 86' lang='lat' dir='ltr'><strong>credendum</strong></span> <span class='ocrx_word' id='word_1_765' title='bbox 695 5505 710 5531; x_wconf 90' lang='lat'><strong>,</strong></span> <span class='ocrx_word' id='word_1_766' title='bbox 743 5465 833 5520; x_wconf 90' lang='lat' dir='ltr'><strong>sed</strong></span> <span class='ocrx_word' id='word_1_767' title='bbox 857 5479 1027 5534; x_wconf 92' lang='lat' dir='ltr'><strong>usque</strong></span> <span class='ocrx_word' id='word_1_768' title='bbox 1062 5464 1128 5518; x_wconf 91' lang='lat' dir='ltr'><strong>ad</strong></span> <span class='ocrx_word' id='word_1_769' title='bbox 1153 5466 1585 5534; x_wconf 90' lang='lat' dir='ltr'><strong>persequendum</strong></span> <span class='ocrx_word' id='word_1_770' title='bbox 1624 5467 1793 5522; x_wconf 91' lang='lat' dir='ltr'><strong>Deum</strong></span> 
     </span>
    </p>
   </div>
   <div class='ocr_carea' id='block_1_104' title="bbox 203 5556 1791 5628">
    <p class='ocr_par' dir='ltr' id='par_1_104' title="bbox 203 5556 1791 5628">
     <span class='ocr_line' id='line_1_104' title="bbox 203 5556 1791 5628; baseline 0 -16"><span class='ocrx_word' id='word_1_771' title='bbox 203 5557 367 5612; x_wconf 87' lang='lat' dir='ltr'><strong>turba</strong></span> <span class='ocrx_word' id='word_1_772' title='bbox 397 5565 585 5612; x_wconf 87' lang='lat' dir='ltr'><strong>secuta</strong></span> <span class='ocrx_word' id='word_1_773' title='bbox 611 5565 712 5611; x_wconf 89' lang='lat' dir='ltr'><strong>est.</strong></span> <span class='ocrx_word' id='word_1_774' title='bbox 737 5556 804 5610; x_wconf 89' lang='lat' dir='ltr'><strong>Et</strong></span> <span class='ocrx_word' id='word_1_775' title='bbox 827 5565 954 5611; x_wconf 93' lang='lat' dir='ltr'><strong>tunc</strong></span> <span class='ocrx_word' id='word_1_776' title='bbox 991 5556 1194 5610; x_wconf 85' lang='lat' dir='ltr'><strong>factum</strong></span> <span class='ocrx_word' id='word_1_777' title='bbox 1219 5566 1305 5612; x_wconf 90' lang='lat' dir='ltr'><strong>est</strong></span> <span class='ocrx_word' id='word_1_778' title='bbox 1331 5558 1474 5627; x_wconf 90' lang='lat' dir='ltr'><strong>quod</strong></span> <span class='ocrx_word' id='word_1_779' title='bbox 1501 5559 1746 5628; x_wconf 82' lang='lat' dir='ltr'><strong>sequitur</strong></span> <span class='ocrx_word' id='word_1_780' title='bbox 1779 5577 1791 5612; x_wconf 92' lang='lat'><strong>:</strong></span> 
     </span>
    </p>
   </div>
   <div class='ocr_carea' id='block_1_105' title="bbox 285 5645 1794 5720">
    <p class='ocr_par' dir='ltr' id='par_1_105' title="bbox 285 5645 1794 5720">
     <span class='ocr_line' id='line_1_105' title="bbox 285 5645 1794 5720; baseline 0.005 -21"><span class='ocrx_word' id='word_1_781' title='bbox 285 5645 448 5701; x_wconf 75' lang='lat' dir='ltr'><strong>Vens.</strong></span> <span class='ocrx_word' id='word_1_782' title='bbox 478 5648 566 5702; x_wconf 72' lang='lat'><strong>20.</strong></span> <span class='ocrx_word' id='word_1_783' title='bbox 599 5677 668 5686; x_wconf 89' lang='lat'><strong><em>—</em></strong></span> <span class='ocrx_word' id='word_1_784' title='bbox 700 5665 718 5697; x_wconf 70' lang='grc' dir='ltr'>ι</span> <span class='ocrx_word' id='word_1_785' title='bbox 749 5646 883 5700; x_wconf 89' lang='lat' dir='ltr'><strong>Pelli</strong></span> <span class='ocrx_word' id='word_1_786' title='bbox 905 5662 1038 5702; x_wconf 81' lang='lat' dir='ltr'><strong>mea:</strong></span> <span class='ocrx_word' id='word_1_787' title='bbox 1059 5649 1410 5720; x_wconf 88' lang='lat' dir='ltr'><strong>consumptis.</strong></span> <span class='ocrx_word' id='word_1_788' title='bbox 1444 5669 1461 5700; x_wconf 75' lang='grc' dir='ltr'><strong><em>ι</em></strong></span> <span class='ocrx_word' id='word_1_789' title='bbox 1495 5649 1554 5704; x_wconf 89' lang='lat' dir='ltr'><strong>In</strong></span> <span class='ocrx_word' id='word_1_790' title='bbox 1580 5652 1794 5707; x_wconf 90' lang='lat' dir='ltr'><strong>ossibus</strong></span> 
     </span>
    </p>
   </div>
   <div class='ocr_carea' id='block_1_106' title="bbox 203 5740 1794 5815">
    <p class='ocr_par' dir='ltr' id='par_1_106' title="bbox 203 5740 1794 5815">
     <span class='ocr_line' id='line_1_106' title="bbox 203 5740 1794 5815; baseline 0.004 -20"><span class='ocrx_word' id='word_1_791' title='bbox 203 5740 492 5804; x_wconf 87' lang='lat' dir='ltr'><strong>fortitudo,</strong></span> <span class='ocrx_word' id='word_1_792' title='bbox 532 5749 663 5806; x_wconf 88' lang='lat' dir='ltr'><strong>etc.,</strong></span> <span class='ocrx_word' id='word_1_793' title='bbox 690 5757 849 5811; x_wconf 81' lang='lat' dir='ltr'><strong>usque</strong></span> <span class='ocrx_word' id='word_1_794' title='bbox 885 5742 953 5795; x_wconf 87' lang='lat' dir='ltr'><strong>ad</strong></span> <span class='ocrx_word' id='word_1_795' title='bbox 987 5745 1252 5813; x_wconf 89' lang='lat' dir='ltr'><strong>passionis</strong></span> <span class='ocrx_word' id='word_1_796' title='bbox 1282 5754 1525 5815; x_wconf 89' lang='lat' dir='ltr'><strong>tempore</strong></span> <span class='ocrx_word' id='word_1_797' title='bbox 1551 5744 1702 5812; x_wconf 83' lang='lat' dir='ltr'><strong>juxta</strong></span> <span class='ocrx_word' id='word_1_798' title='bbox 1737 5759 1794 5802; x_wconf 90' lang='lat' dir='ltr'><strong>se</strong></span> 
     </span>
    </p>
   </div>
   <div class='ocr_carea' id='block_1_107' title="bbox 205 5832 727 5890">
    <p class='ocr_par' dir='ltr' id='par_1_107' title="bbox 205 5832 727 5890">
     <span class='ocr_line' id='line_1_107' title="bbox 205 5832 727 5890; baseline -0.004 -1"><span class='ocrx_word' id='word_1_799' title='bbox 205 5832 472 5890; x_wconf 88' lang='lat' dir='ltr'><strong>mulieres</strong></span> <span class='ocrx_word' id='word_1_800' title='bbox 502 5834 727 5889; x_wconf 87' lang='lat' dir='ltr'><strong>invenit.</strong></span> 
     </span>
    </p>
   </div>
   <div class='ocr_carea' id='block_1_108' title="bbox 618 5925 1171 5991">
    <p class='ocr_par' dir='ltr' id='par_1_108' title="bbox 618 5925 1171 5991">
     <span class='ocr_line' id='line_1_108' title="bbox 618 5925 1171 5991; baseline 0.004 -3"><span class='ocrx_word' id='word_1_801' title='bbox 618 5925 896 5988; x_wconf 68' lang='lat' dir='ltr'><strong>Pnnon.</strong></span> <span class='ocrx_word' id='word_1_802' title='bbox 942 5925 1171 5991; x_wconf 83' lang='lat' dir='ltr'><strong>CXIII.</strong></span> 
     </span>
    </p>
   </div>
   <div class='ocr_carea' id='block_1_109' title="bbox 1896 4699 3474 4772">
    <p class='ocr_par' dir='ltr' id='par_1_109' title="bbox 1896 4699 3474 4772">
     <span class='ocr_line' id='line_1_109' title="bbox 1896 4699 3474 4772; baseline 0.001 -16"><span class='ocrx_word' id='word_1_803' title='bbox 1896 4716 2169 4772; x_wconf 23' lang='lat' dir='ltr'><strong>ergo‘quae</strong></span> <span class='ocrx_word' id='word_1_804' title='bbox 2192 4699 2431 4770; x_wconf 90' lang='lat' dir='ltr'><strong>pertulit,</strong></span> <span class='ocrx_word' id='word_1_805' title='bbox 2473 4699 2599 4754; x_wconf 81' lang='lat' dir='ltr'><strong>forti</strong></span> <span class='ocrx_word' id='word_1_806' title='bbox 2635 4700 2906 4755; x_wconf 89' lang='lat' dir='ltr'><strong>sententia</strong></span> <span class='ocrx_word' id='word_1_807' title='bbox 2930 4701 3152 4756; x_wconf 87' lang='lat' dir='ltr'><strong>Patrum</strong></span> <span class='ocrx_word' id='word_1_808' title='bbox 3176 4705 3398 4760; x_wconf 88' lang='lat' dir='ltr'><strong>edoctus</strong></span> <span class='ocrx_word' id='word_1_809' title='bbox 3420 4713 3474 4760; x_wconf 93' lang='lat' dir='ltr'><strong>et</strong></span> 
     </span>
    </p>
   </div>
   <div class='ocr_carea' id='block_1_110' title="bbox 1893 4791 3475 4866">
    <p class='ocr_par' dir='ltr' id='par_1_110' title="bbox 1893 4791 3475 4866">
     <span class='ocr_line' id='line_1_110' title="bbox 1893 4791 3475 4866; baseline 0.001 -18"><span class='ocrx_word' id='word_1_810' title='bbox 1893 4791 2091 4849; x_wconf 75' lang='lat' dir='ltr'><strong>Judaeae</strong></span> <span class='ocrx_word' id='word_1_811' title='bbox 2119 4792 2366 4862; x_wconf 90' lang='lat' dir='ltr'><strong>populus,</strong></span> <span class='ocrx_word' id='word_1_812' title='bbox 2395 4800 2448 4845; x_wconf 92' lang='lat' dir='ltr'><strong>et</strong></span> <span class='ocrx_word' id='word_1_813' title='bbox 2475 4791 2746 4862; x_wconf 88' lang='lat' dir='ltr'><strong>gentilitas</strong></span> <span class='ocrx_word' id='word_1_814' title='bbox 2769 4793 3003 4862; x_wconf 89' lang='lat' dir='ltr'><strong>agnovit.</strong></span> <span class='ocrx_word' id='word_1_815' title='bbox 3037 4793 3188 4862; x_wconf 88' lang='lat' dir='ltr'><strong>Quod</strong></span> <span class='ocrx_word' id='word_1_816' title='bbox 3221 4796 3272 4849; x_wconf 91' lang='lat' dir='ltr'><strong>in</strong></span> <span class='ocrx_word' id='word_1_817' title='bbox 3302 4797 3475 4866; x_wconf 84' lang='lat' dir='ltr'><strong>plum-</strong></span> 
     </span>
    </p>
   </div>
   <div class='ocr_carea' id='block_1_111' title="bbox 1895 4882 3475 4950">
    <p class='ocr_par' dir='ltr' id='par_1_111' title="bbox 1895 4882 3475 4950">
     <span class='ocr_line' id='line_1_111' title="bbox 1895 4882 3475 4950; baseline 0 -10"><span class='ocrx_word' id='word_1_818' title='bbox 1895 4884 1964 4940; x_wconf 89' lang='lat' dir='ltr'><strong>bo</strong></span> <span class='ocrx_word' id='word_1_819' title='bbox 1993 4885 2264 4950; x_wconf 87' lang='lat' dir='ltr'><strong>scribitur,</strong></span> <span class='ocrx_word' id='word_1_820' title='bbox 2299 4883 2458 4938; x_wconf 92' lang='lat' dir='ltr'><strong>citius</strong></span> <span class='ocrx_word' id='word_1_821' title='bbox 2489 4882 2718 4938; x_wconf 86' lang='lat' dir='ltr'><strong>deletur.</strong></span> <span class='ocrx_word' id='word_1_822' title='bbox 2776 4883 2833 4937; x_wconf 93' lang='lat' dir='ltr'><strong>In</strong></span> <span class='ocrx_word' id='word_1_823' title='bbox 2886 4884 3036 4941; x_wconf 90' lang='lat' dir='ltr'><strong>silice</strong></span> <span class='ocrx_word' id='word_1_824' title='bbox 3076 4885 3288 4942; x_wconf 87' lang='lat' dir='ltr'><strong>dilIicile</strong></span> <span class='ocrx_word' id='word_1_825' title='bbox 3331 4888 3475 4942; x_wconf 87' lang='lat' dir='ltr'><strong>scul-</strong></span> 
     </span>
    </p>
   </div>
   <div class='ocr_carea' id='block_1_112' title="bbox 1895 4974 3472 5048">
    <p class='ocr_par' dir='ltr' id='par_1_112' title="bbox 1895 4974 3472 5048">
     <span class='ocr_line' id='line_1_112' title="bbox 1895 4974 3472 5048; baseline 0 -16"><span class='ocrx_word' id='word_1_826' title='bbox 1895 4979 2062 5048; x_wconf 91' lang='lat' dir='ltr'><strong>pitur,</strong></span> <span class='ocrx_word' id='word_1_827' title='bbox 2096 4977 2189 5034; x_wconf 91' lang='lat' dir='ltr'><strong>sed</strong></span> <span class='ocrx_word' id='word_1_828' title='bbox 2219 4985 2402 5031; x_wconf 89' lang='lat' dir='ltr'><strong>manet</strong></span> <span class='ocrx_word' id='word_1_829' title='bbox 2440 4993 2453 5030; x_wconf 92' lang='lat'>:</span> <span class='ocrx_word' id='word_1_830' title='bbox 2484 4975 2564 5031; x_wconf 91' lang='lat' dir='ltr'><strong>sic</strong></span> <span class='ocrx_word' id='word_1_831' title='bbox 2588 4974 2774 5030; x_wconf 70' lang='lat' dir='ltr'><strong>Judaea</strong></span> <span class='ocrx_word' id='word_1_832' title='bbox 2797 4976 2959 5032; x_wconf 90' lang='lat' dir='ltr'><strong>verba</strong></span> <span class='ocrx_word' id='word_1_833' title='bbox 2985 4977 3080 5033; x_wconf 92' lang='lat' dir='ltr'><strong>Dei</strong></span> <span class='ocrx_word' id='word_1_834' title='bbox 3111 4978 3219 5033; x_wconf 90' lang='lat' dir='ltr'><strong>cito</strong></span> <span class='ocrx_word' id='word_1_835' title='bbox 3248 4978 3472 5047; x_wconf 80' lang='lat' dir='ltr'><strong>recepit,</strong></span> 
     </span>
    </p>
   </div>
   <div class='ocr_carea' id='block_1_113' title="bbox 1895 5068 3476 5141">
    <p class='ocr_par' dir='ltr' id='par_1_113' title="bbox 1895 5068 3476 5141">
     <span class='ocr_line' id='line_1_113' title="bbox 1895 5068 3476 5141; baseline 0.001 -15"><span class='ocrx_word' id='word_1_836' title='bbox 1895 5080 1948 5126; x_wconf 91' lang='lat' dir='ltr'><strong>et</strong></span> <span class='ocrx_word' id='word_1_837' title='bbox 1990 5071 2098 5126; x_wconf 90' lang='lat' dir='ltr'><strong>cito</strong></span> <span class='ocrx_word' id='word_1_838' title='bbox 2143 5070 2402 5126; x_wconf 87' lang='lat' dir='ltr'><strong>deseruit.</strong></span> <span class='ocrx_word' id='word_1_839' title='bbox 2446 5068 2733 5126; x_wconf 76' lang='lat' dir='ltr'><strong>Gentilitas</strong></span> <span class='ocrx_word' id='word_1_840' title='bbox 2765 5070 2855 5125; x_wconf 80' lang='lat' dir='ltr'><strong>vix</strong></span> <span class='ocrx_word' id='word_1_841' title='bbox 2887 5071 3110 5140; x_wconf 89' lang='lat' dir='ltr'><strong>recepit,</strong></span> <span class='ocrx_word' id='word_1_842' title='bbox 3139 5071 3233 5126; x_wconf 89' lang='lat' dir='ltr'><strong>sed</strong></span> <span class='ocrx_word' id='word_1_843' title='bbox 3259 5081 3476 5141; x_wconf 79' lang='lat' dir='ltr'><strong>recepta</strong></span> 
     </span>
    </p>
   </div>
   <div class='ocr_carea' id='block_1_114' title="bbox 1892 5165 2392 5222">
    <p class='ocr_par' dir='ltr' id='par_1_114' title="bbox 1892 5165 2392 5222">
     <span class='ocr_line' id='line_1_114' title="bbox 1892 5165 2392 5222; baseline -0.004 -2"><span class='ocrx_word' id='word_1_844' title='bbox 1892 5166 2108 5222; x_wconf 89' lang='lat' dir='ltr'><strong>fortiter</strong></span> <span class='ocrx_word' id='word_1_845' title='bbox 2138 5165 2392 5220; x_wconf 87' lang='lat' dir='ltr'><strong>servavit.</strong></span> 
     </span>
    </p>
   </div>
   <div class='ocr_carea' id='block_1_115' title="bbox 1967 5277 3470 5350">
    <p class='ocr_par' dir='ltr' id='par_1_115' title="bbox 1967 5277 3470 5350">
     <span class='ocr_line' id='line_1_115' title="bbox 1967 5277 3470 5350; baseline -0.005 -12"><span class='ocrx_word' id='word_1_846' title='bbox 1967 5283 2130 5338; x_wconf 74' lang='lat' dir='ltr'><strong>Vens.</strong></span> <span class='ocrx_word' id='word_1_847' title='bbox 2161 5279 2249 5334; x_wconf 75' lang='lat'><strong>25.</strong></span> <span class='ocrx_word' id='word_1_848' title='bbox 2284 5309 2356 5321; x_wconf 95' lang='lat'><strong><em>—</em></strong></span> <span class='ocrx_word' id='word_1_849' title='bbox 2385 5298 2404 5330; x_wconf 78' lang='grc' dir='ltr'>ι</span> <span class='ocrx_word' id='word_1_850' title='bbox 2437 5279 2562 5336; x_wconf 91' lang='lat' dir='ltr'><strong>Scio</strong></span> <span class='ocrx_word' id='word_1_851' title='bbox 2598 5279 2742 5336; x_wconf 89' lang='lat' dir='ltr'><strong>enim</strong></span> <span class='ocrx_word' id='word_1_852' title='bbox 2769 5278 2913 5350; x_wconf 91' lang='lat' dir='ltr'><strong>quod</strong></span> <span class='ocrx_word' id='word_1_853' title='bbox 2933 5277 3278 5348; x_wconf 82' lang='lat' dir='ltr'><strong>Redemptor,</strong></span> <span class='ocrx_word' id='word_1_854' title='bbox 3307 5289 3413 5334; x_wconf 89' lang='lat' dir='ltr'><strong>etc.</strong></span> <span class='ocrx_word' id='word_1_855' title='bbox 3450 5297 3470 5331; x_wconf 74' lang='grc' dir='ltr'><strong>ι</strong></span> 
     </span>
    </p>
   </div>
   <div class='ocr_carea' id='block_1_116' title="bbox 1897 5372 3478 5442">
    <p class='ocr_par' dir='ltr' id='par_1_116' title="bbox 1897 5372 3478 5442">
     <span class='ocr_line' id='line_1_116' title="bbox 1897 5372 3478 5442; baseline -0.004 -11"><span class='ocrx_word' id='word_1_856' title='bbox 1897 5375 2014 5431; x_wconf 89' lang='lat' dir='ltr'><strong>Non</strong></span> <span class='ocrx_word' id='word_1_857' title='bbox 2043 5375 2122 5430; x_wconf 87' lang='lat' dir='ltr'><strong>ait</strong></span> <span class='ocrx_word' id='word_1_858' title='bbox 2145 5373 2409 5439; x_wconf 85' lang='lat' dir='ltr'><strong>conditor,</strong></span> <span class='ocrx_word' id='word_1_859' title='bbox 2442 5373 2536 5428; x_wconf 91' lang='lat' dir='ltr'><strong>sed</strong></span> <span class='ocrx_word' id='word_1_860' title='bbox 2563 5373 2892 5442; x_wconf 84' lang='lat' dir='ltr'><strong>Redemptor</strong></span> <span class='ocrx_word' id='word_1_861' title='bbox 2917 5387 3036 5426; x_wconf 86' lang='lat' dir='ltr'><strong>eam</strong></span> <span class='ocrx_word' id='word_1_862' title='bbox 3063 5380 3249 5440; x_wconf 91' lang='lat' dir='ltr'><strong>aperte</strong></span> <span class='ocrx_word' id='word_1_863' title='bbox 3274 5372 3478 5427; x_wconf 89' lang='lat' dir='ltr'><strong>denun-</strong></span> 
     </span>
    </p>
   </div>
   <div class='ocr_carea' id='block_1_117' title="bbox 1900 5463 3477 5537">
    <p class='ocr_par' dir='ltr' id='par_1_117' title="bbox 1900 5463 3477 5537">
     <span class='ocr_line' id='line_1_117' title="bbox 1900 5463 3477 5537; baseline -0.004 -15"><span class='ocrx_word' id='word_1_864' title='bbox 1900 5469 2061 5533; x_wconf 88' lang='lat' dir='ltr'><strong>tians,</strong></span> <span class='ocrx_word' id='word_1_865' title='bbox 2090 5467 2179 5537; x_wconf 92' lang='lat' dir='ltr'><strong>qui</strong></span> <span class='ocrx_word' id='word_1_866' title='bbox 2219 5474 2505 5535; x_wconf 89' lang='lat' dir='ltr'><strong>postquam</strong></span> <span class='ocrx_word' id='word_1_867' title='bbox 2541 5465 2722 5519; x_wconf 90' lang='lat' dir='ltr'><strong>omnia</strong></span> <span class='ocrx_word' id='word_1_868' title='bbox 2761 5463 2990 5528; x_wconf 87' lang='lat' dir='ltr'><strong>creavit,</strong></span> <span class='ocrx_word' id='word_1_869' title='bbox 3039 5463 3104 5518; x_wconf 90' lang='lat' dir='ltr'><strong>de</strong></span> <span class='ocrx_word' id='word_1_870' title='bbox 3166 5463 3477 5534; x_wconf 87' lang='lat' dir='ltr'><strong>captivitate</strong></span> 
     </span>
    </p>
   </div>
   <div class='ocr_carea' id='block_1_118' title="bbox 1899 5552 3478 5631">
    <p class='ocr_par' dir='ltr' id='par_1_118' title="bbox 1899 5552 3478 5631">
     <span class='ocr_line' id='line_1_118' title="bbox 1899 5552 3478 5631; baseline -0.005 -16"><span class='ocrx_word' id='word_1_871' title='bbox 1899 5560 2148 5631; x_wconf 88' lang='lat' dir='ltr'><strong>passione</strong></span> <span class='ocrx_word' id='word_1_872' title='bbox 2203 5573 2298 5613; x_wconf 89' lang='lat' dir='ltr'><strong>sua</strong></span> <span class='ocrx_word' id='word_1_873' title='bbox 2344 5572 2442 5613; x_wconf 92' lang='lat' dir='ltr'><strong>nos</strong></span> <span class='ocrx_word' id='word_1_874' title='bbox 2501 5556 2749 5611; x_wconf 87' lang='lat' dir='ltr'><strong>redemit.</strong></span> <span class='ocrx_word' id='word_1_875' title='bbox 2788 5552 2934 5608; x_wconf 83' lang='lat' dir='ltr'><strong>Vivit</strong></span> <span class='ocrx_word' id='word_1_876' title='bbox 2979 5563 3162 5610; x_wconf 88' lang='lat' dir='ltr'><strong>autem</strong></span> <span class='ocrx_word' id='word_1_877' title='bbox 3206 5555 3300 5626; x_wconf 90' lang='lat' dir='ltr'><strong>qui</strong></span> <span class='ocrx_word' id='word_1_878' title='bbox 3337 5555 3478 5608; x_wconf 85' lang='lat' dir='ltr'><strong>inter</strong></span> 
     </span>
    </p>
   </div>
   <div class='ocr_carea' id='block_1_119' title="bbox 1899 5647 2696 5720">
    <p class='ocr_par' dir='ltr' id='par_1_119' title="bbox 1899 5647 2696 5720">
     <span class='ocr_line' id='line_1_119' title="bbox 1899 5647 2696 5720; baseline -0.008 -15"><span class='ocrx_word' id='word_1_879' title='bbox 1899 5667 2091 5706; x_wconf 87' lang='lat' dir='ltr'><strong>manus</strong></span> <span class='ocrx_word' id='word_1_880' title='bbox 2118 5650 2403 5720; x_wconf 89' lang='lat' dir='ltr'><strong>impiorum</strong></span> <span class='ocrx_word' id='word_1_881' title='bbox 2425 5647 2696 5702; x_wconf 91' lang='lat' dir='ltr'><strong>occubuit.</strong></span> 
     </span>
    </p>
   </div>
   <div class='ocr_carea' id='block_1_120' title="bbox 1976 5741 3475 5802">
    <p class='ocr_par' dir='ltr' id='par_1_120' title="bbox 1976 5741 3475 5802">
     <span class='ocr_line' id='line_1_120' title="bbox 1976 5741 3475 5802; baseline -0.004 -6"><span class='ocrx_word' id='word_1_882' title='bbox 1976 5765 1993 5796; x_wconf 75' lang='grc' dir='ltr'>ι</span> <span class='ocrx_word' id='word_1_883' title='bbox 2031 5745 2097 5800; x_wconf 89' lang='lat' dir='ltr'><strong>Et</strong></span> <span class='ocrx_word' id='word_1_884' title='bbox 2125 5745 2178 5799; x_wconf 93' lang='lat' dir='ltr'><strong>iu</strong></span> <span class='ocrx_word' id='word_1_885' title='bbox 2217 5743 2510 5800; x_wconf 88' lang='lat' dir='ltr'><strong>novissimo</strong></span> <span class='ocrx_word' id='word_1_886' title='bbox 2539 5741 2624 5795; x_wconf 87' lang='lat' dir='ltr'><strong>die</strong></span> <span class='ocrx_word' id='word_1_887' title='bbox 2662 5741 2728 5795; x_wconf 89' lang='lat' dir='ltr'><strong>de</strong></span> <span class='ocrx_word' id='word_1_888' title='bbox 2769 5748 2912 5794; x_wconf 89' lang='lat' dir='ltr'><strong>terra</strong></span> <span class='ocrx_word' id='word_1_889' title='bbox 2961 5747 3305 5793; x_wconf 89' lang='lat' dir='ltr'><strong>surrecturus</strong></span> <span class='ocrx_word' id='word_1_890' title='bbox 3335 5752 3475 5802; x_wconf 90' lang='lat' dir='ltr'><strong>sum,</strong></span> 
     </span>
    </p>
   </div>
   <div class='ocr_carea' id='block_1_121' title="bbox 1899 5829 3478 5904">
    <p class='ocr_par' dir='ltr' id='par_1_121' title="bbox 1899 5829 3478 5904">
     <span class='ocr_line' id='line_1_121' title="bbox 1899 5829 3478 5904; baseline -0.008 -9"><span class='ocrx_word' id='word_1_891' title='bbox 1899 5849 1952 5896; x_wconf 91' lang='lat' dir='ltr'><strong>et</strong></span> <span class='ocrx_word' id='word_1_892' title='bbox 1981 5852 2212 5904; x_wconf 90' lang='lat' dir='ltr'><strong>rursum,</strong></span> <span class='ocrx_word' id='word_1_893' title='bbox 2249 5845 2352 5892; x_wconf 90' lang='lat' dir='ltr'><strong>etc.</strong></span> <span class='ocrx_word' id='word_1_894' title='bbox 2390 5855 2406 5886; x_wconf 69' lang='grc' dir='ltr'><strong><em>ι</em></strong></span> <span class='ocrx_word' id='word_1_895' title='bbox 2450 5831 2636 5903; x_wconf 85' lang='lat' dir='ltr'><strong>(Ibid.)</strong></span> <span class='ocrx_word' id='word_1_896' title='bbox 2670 5830 2806 5898; x_wconf 88' lang='lat' dir='ltr'><strong>Quia</strong></span> <span class='ocrx_word' id='word_1_897' title='bbox 2836 5829 3311 5895; x_wconf 85' lang='lat' dir='ltr'><strong>resurrectionem,</strong></span> <span class='ocrx_word' id='word_1_898' title='bbox 3347 5836 3478 5896; x_wconf 90' lang='lat' dir='ltr'><strong>etc.,</strong></span> 
     </span>
    </p>
   </div>
  </div>
