  <div class='ocr_page' id='page_1' title='image "/cluster/home/n/w/nwhite01/storage/ocr_20150623/113/hvd.32044018909572/411.png"; bbox 0 0 3982 6352; ppageno 0'>
   <div class='ocr_carea' id='block_1_1' title="bbox 558 429 661 486">
    <p class='ocr_par' dir='ltr' id='par_1_1' title="bbox 558 429 661 486">
     <span class='ocr_line' id='line_1_1' title="bbox 558 429 661 486; baseline 0 -1"><span class='ocrx_word' id='word_1_1' title='bbox 558 429 661 486; x_wconf 81' lang='grc'><strong>811</strong></span> 
     </span>
    </p>
   </div>
   <div class='ocr_carea' id='block_1_2' title="bbox 1059 416 3296 486">
    <p class='ocr_par' dir='ltr' id='par_1_2' title="bbox 1059 416 3296 486">
     <span class='ocr_line' id='line_1_2' title="bbox 1059 416 3296 486; baseline 0.001 -2"><span class='ocrx_word' id='word_1_2' title='bbox 1059 424 1454 484; x_wconf 77' lang='lat' dir='ltr'><strong>WALAFRIDI</strong></span> <span class='ocrx_word' id='word_1_3' title='bbox 1494 420 1741 480; x_wconf 84' lang='lat' dir='ltr'><strong>STRABI</strong></span> <span class='ocrx_word' id='word_1_4' title='bbox 1777 420 1987 479; x_wconf 84' lang='lat' dir='ltr'><strong>FULD.</strong></span> <span class='ocrx_word' id='word_1_5' title='bbox 2026 416 2194 477; x_wconf 82' lang='grc' dir='ltr'><strong>ΜΟΝ.</strong></span> <span class='ocrx_word' id='word_1_6' title='bbox 2232 418 2383 478; x_wconf 83' lang='grc' dir='ltr'><strong>ΟΡΡ.</strong></span> <span class='ocrx_word' id='word_1_7' title='bbox 2421 420 2604 481; x_wconf 79' lang='lat' dir='ltr'><strong>PARS</strong></span> <span class='ocrx_word' id='word_1_8' title='bbox 2641 423 2686 481; x_wconf 86' lang='lat' dir='ltr'><strong>l.</strong></span> <span class='ocrx_word' id='word_1_9' title='bbox 2725 454 2795 466; x_wconf 90' lang='lat'><strong>—</strong></span> <span class='ocrx_word' id='word_1_10' title='bbox 2833 423 3296 486; x_wconf 78' lang='lat' dir='ltr'><strong>THEOLOGICA.</strong></span> 
     </span>
    </p>
   </div>
   <div class='ocr_carea' id='block_1_3' title="bbox 3762 434 3865 491">
    <p class='ocr_par' dir='ltr' id='par_1_3' title="bbox 3762 434 3865 491">
     <span class='ocr_line' id='line_1_3' title="bbox 3762 434 3865 491; baseline -0.01 -1"><span class='ocrx_word' id='word_1_11' title='bbox 3762 434 3865 491; x_wconf 68' lang='grc'><strong>812</strong></span> 
     </span>
    </p>
   </div>
   <div class='ocr_carea' id='block_1_4' title="bbox 557 536 3861 621">
    <p class='ocr_par' dir='ltr' id='par_1_4' title="bbox 557 536 3861 621">
     <span class='ocr_line' id='line_1_4' title="bbox 557 536 3861 621; baseline 0.002 -23"><span class='ocrx_word' id='word_1_12' title='bbox 557 560 722 615; x_wconf 79' lang='lat' dir='ltr'><strong>usque</strong></span> <span class='ocrx_word' id='word_1_13' title='bbox 748 542 819 597; x_wconf 81' lang='lat' dir='ltr'><strong>ad</strong></span> <span class='ocrx_word' id='word_1_14' title='bbox 846 557 955 614; x_wconf 90' lang='lat' dir='ltr'><strong>quo</strong></span> <span class='ocrx_word' id='word_1_15' title='bbox 981 538 1114 599; x_wconf 83' lang='lat' dir='ltr'><strong>ﬂore</strong></span> <span class='ocrx_word' id='word_1_16' title='bbox 1140 540 1394 598; x_wconf 84' lang='lat' dir='ltr'><strong>sacerdos</strong></span> <span class='ocrx_word' id='word_1_17' title='bbox 1416 554 1537 596; x_wconf 90' lang='lat' dir='ltr'><strong>esse</strong></span> <span class='ocrx_word' id='word_1_18' title='bbox 1560 537 1884 603; x_wconf 75' lang='lat' dir='ltr'><strong>ostenditur,</strong></span> <span class='ocrx_word' id='word_1_19' title='bbox 1922 536 2015 611; x_wconf 87' lang='lat' dir='ltr'><strong>qui</strong></span> <span class='ocrx_word' id='word_1_20' title='bbox 2042 550 2141 608; x_wconf 90' lang='lat' dir='ltr'><strong>pro</strong></span> <span class='ocrx_word' id='word_1_21' title='bbox 2165 541 2221 602; x_wconf 81' lang='grc' dir='ltr'>Α</span> <span class='ocrx_word' id='word_1_22' title='bbox 2315 538 2480 594; x_wconf 76' lang='lat' dir='ltr'><strong>Vsus.</strong></span> <span class='ocrx_word' id='word_1_23' title='bbox 2504 540 2555 595; x_wconf 85' lang='lat'><strong>7.</strong></span> <span class='ocrx_word' id='word_1_24' title='bbox 2571 570 2643 582; x_wconf 91' lang='lat'><strong>—</strong></span> <span class='ocrx_word' id='word_1_25' title='bbox 2670 559 2690 591; x_wconf 84' lang='grc'><strong>‹</strong></span> <span class='ocrx_word' id='word_1_26' title='bbox 2720 540 2791 597; x_wconf 88' lang='lat' dir='ltr'><strong>Et</strong></span> <span class='ocrx_word' id='word_1_27' title='bbox 2807 541 2903 613; x_wconf 85' lang='lat' dir='ltr'><strong>qui</strong></span> <span class='ocrx_word' id='word_1_28' title='bbox 2929 556 3052 597; x_wconf 92' lang='lat' dir='ltr'><strong>eum</strong></span> <span class='ocrx_word' id='word_1_29' title='bbox 3076 543 3347 612; x_wconf 79' lang='lat' dir='ltr'><strong>viderant,</strong></span> <span class='ocrx_word' id='word_1_30' title='bbox 3370 543 3584 602; x_wconf 82' lang='lat' dir='ltr'><strong>dicent.</strong></span> <span class='ocrx_word' id='word_1_31' title='bbox 3608 565 3632 599; x_wconf 71' lang='grc' dir='ltr'><strong><em>ι</em></strong></span> <span class='ocrx_word' id='word_1_32' title='bbox 3662 545 3861 621; x_wconf 75' lang='lat' dir='ltr'><strong>(Ibid)</strong></span> 
     </span>
    </p>
   </div>
   <div class='ocr_carea' id='block_1_5' title="bbox 559 630 1074 704">
    <p class='ocr_par' dir='ltr' id='par_1_5' title="bbox 559 630 1074 704">
     <span class='ocr_line' id='line_1_5' title="bbox 559 630 1074 704; baseline -0.004 -15"><span class='ocrx_word' id='word_1_33' title='bbox 559 632 716 691; x_wconf 87' lang='lat' dir='ltr'><strong>nobis</strong></span> <span class='ocrx_word' id='word_1_34' title='bbox 745 630 1074 704; x_wconf 74' lang='lat' dir='ltr'><strong>interpellat.</strong></span> 
     </span>
    </p>
   </div>
   <div class='ocr_carea' id='block_1_6' title="bbox 630 720 2198 794">
    <p class='ocr_par' dir='ltr' id='par_1_6' title="bbox 630 720 2198 794">
     <span class='ocr_line' id='line_1_6' title="bbox 630 720 2198 794; baseline -0.007 -7"><span class='ocrx_word' id='word_1_35' title='bbox 630 729 796 787; x_wconf 73' lang='lat' dir='ltr'><strong>Vens.</strong></span> <span class='ocrx_word' id='word_1_36' title='bbox 828 727 919 784; x_wconf 73' lang='grc'><strong>27.</strong></span> <span class='ocrx_word' id='word_1_37' title='bbox 944 757 1016 769; x_wconf 90' lang='grc'><strong>--</strong></span> <span class='ocrx_word' id='word_1_38' title='bbox 1041 744 1062 778; x_wconf 77' lang='grc' dir='ltr'>ι</span> <span class='ocrx_word' id='word_1_39' title='bbox 1095 724 1266 794; x_wconf 86' lang='lat' dir='ltr'><strong>Quem</strong></span> <span class='ocrx_word' id='word_1_40' title='bbox 1303 725 1518 781; x_wconf 88' lang='lat' dir='ltr'><strong>visurus</strong></span> <span class='ocrx_word' id='word_1_41' title='bbox 1558 738 1701 791; x_wconf 83' lang='lat' dir='ltr'><strong>sum,</strong></span> <span class='ocrx_word' id='word_1_42' title='bbox 1728 730 1835 779; x_wconf 91' lang='lat' dir='ltr'><strong>etc.</strong></span> <span class='ocrx_word' id='word_1_43' title='bbox 1868 741 1887 776; x_wconf 75' lang='grc' dir='ltr'><strong><em>ι</em></strong></span> <span class='ocrx_word' id='word_1_44' title='bbox 1919 720 2139 794; x_wconf 69' lang='lat' dir='ltr'><strong>(Gneo)</strong></span> <span class='ocrx_word' id='word_1_45' title='bbox 2179 731 2198 750; x_wconf 82' lang='lat'><strong><em>°</em></strong></span> 
     </span>
    </p>
   </div>
   <div class='ocr_carea' id='block_1_7' title="bbox 558 811 2143 889">
    <p class='ocr_par' dir='ltr' id='par_1_7' title="bbox 558 811 2143 889">
     <span class='ocr_line' id='line_1_7' title="bbox 558 811 2143 889; baseline -0.006 -12"><span class='ocrx_word' id='word_1_46' title='bbox 558 820 700 878; x_wconf 87' lang='lat' dir='ltr'><strong>Caro</strong></span> <span class='ocrx_word' id='word_1_47' title='bbox 719 824 907 876; x_wconf 87' lang='lat' dir='ltr'><strong>nostra</strong></span> <span class='ocrx_word' id='word_1_48' title='bbox 933 827 1059 889; x_wconf 86' lang='lat' dir='ltr'><strong>post</strong></span> <span class='ocrx_word' id='word_1_49' title='bbox 1080 816 1538 873; x_wconf 71' lang='lat' dir='ltr'><strong>resurrectionem</strong></span> <span class='ocrx_word' id='word_1_50' title='bbox 1569 814 1759 871; x_wconf 87' lang='lat' dir='ltr'><strong>eadem</strong></span> <span class='ocrx_word' id='word_1_51' title='bbox 1809 813 1915 868; x_wconf 90' lang='lat' dir='ltr'><strong>erit</strong></span> <span class='ocrx_word' id='word_1_52' title='bbox 1967 822 2024 868; x_wconf 92' lang='lat' dir='ltr'><strong>et</strong></span> <span class='ocrx_word' id='word_1_53' title='bbox 2067 811 2143 867; x_wconf 88' lang='lat' dir='ltr'><strong>di-</strong></span> 
     </span>
    </p>
   </div>
   <div class='ocr_carea' id='block_1_8' title="bbox 534 904 2137 981">
    <p class='ocr_par' dir='ltr' id='par_1_8' title="bbox 534 904 2137 981">
     <span class='ocr_line' id='line_1_8' title="bbox 534 904 2137 981; baseline -0.004 -17"><span class='ocrx_word' id='word_1_54' title='bbox 534 928 738 975; x_wconf 53' lang='lat' dir='ltr'><strong>,versa.</strong></span> <span class='ocrx_word' id='word_1_55' title='bbox 770 913 971 967; x_wconf 85' lang='lat' dir='ltr'><strong>Eadem</strong></span> <span class='ocrx_word' id='word_1_56' title='bbox 1023 925 1122 981; x_wconf 88' lang='lat' dir='ltr'><strong>per</strong></span> <span class='ocrx_word' id='word_1_57' title='bbox 1172 919 1443 975; x_wconf 88' lang='lat' dir='ltr'><strong>naturam,</strong></span> <span class='ocrx_word' id='word_1_58' title='bbox 1496 907 1709 963; x_wconf 87' lang='lat' dir='ltr'><strong>diversa</strong></span> <span class='ocrx_word' id='word_1_59' title='bbox 1751 920 1850 977; x_wconf 88' lang='lat' dir='ltr'><strong>per</strong></span> <span class='ocrx_word' id='word_1_60' title='bbox 1891 904 2137 976; x_wconf 78' lang='lat' dir='ltr'><strong>gloriam.</strong></span> 
     </span>
    </p>
   </div>
   <div class='ocr_carea' id='block_1_9' title="bbox 558 997 2137 1078">
    <p class='ocr_par' dir='ltr' id='par_1_9' title="bbox 558 997 2137 1078">
     <span class='ocr_line' id='line_1_9' title="bbox 558 997 2137 1078; baseline -0.007 -16"><span class='ocrx_word' id='word_1_61' title='bbox 558 1006 783 1078; x_wconf 85' lang='lat' dir='ltr'><strong>Eritque</strong></span> <span class='ocrx_word' id='word_1_62' title='bbox 806 1003 1089 1076; x_wconf 82' lang='lat' dir='ltr'><strong>spiritalis,</strong></span> <span class='ocrx_word' id='word_1_63' title='bbox 1118 1003 1247 1073; x_wconf 90' lang='lat' dir='ltr'><strong>quia</strong></span> <span class='ocrx_word' id='word_1_64' title='bbox 1268 999 1701 1072; x_wconf 88' lang='lat' dir='ltr'><strong>incorruptibilis</strong></span> <span class='ocrx_word' id='word_1_65' title='bbox 1731 1008 1785 1055; x_wconf 91' lang='lat' dir='ltr'><strong>et</strong></span> <span class='ocrx_word' id='word_1_66' title='bbox 1806 997 2094 1070; x_wconf 88' lang='lat' dir='ltr'><strong>palpabilis</strong></span> <span class='ocrx_word' id='word_1_67' title='bbox 2122 1011 2137 1051; x_wconf 86' lang='lat'><strong>:</strong></span> 
     </span>
    </p>
   </div>
   <div class='ocr_carea' id='block_1_10' title="bbox 558 1089 2141 1171">
    <p class='ocr_par' dir='ltr' id='par_1_10' title="bbox 558 1089 2141 1171">
     <span class='ocr_line' id='line_1_10' title="bbox 558 1089 2141 1171; baseline -0.005 -18"><span class='ocrx_word' id='word_1_68' title='bbox 558 1100 684 1171; x_wconf 89' lang='lat' dir='ltr'><strong>quia</strong></span> <span class='ocrx_word' id='word_1_69' title='bbox 719 1114 827 1155; x_wconf 92' lang='lat' dir='ltr'><strong>non</strong></span> <span class='ocrx_word' id='word_1_70' title='bbox 877 1097 1088 1153; x_wconf 92' lang='lat' dir='ltr'><strong>amittet</strong></span> <span class='ocrx_word' id='word_1_71' title='bbox 1132 1094 1425 1151; x_wconf 80' lang='lat' dir='ltr'><strong>essentiam</strong></span> <span class='ocrx_word' id='word_1_72' title='bbox 1465 1093 1675 1149; x_wconf 83' lang='lat' dir='ltr'><strong>veracis</strong></span> <span class='ocrx_word' id='word_1_73' title='bbox 1716 1100 1945 1147; x_wconf 61' lang='lat' dir='ltr'><strong>naturae.</strong></span> <span class='ocrx_word' id='word_1_74' title='bbox 1984 1110 2002 1142; x_wconf 83' lang='grc'><strong>‹</strong></span> <span class='ocrx_word' id='word_1_75' title='bbox 2029 1089 2141 1162; x_wconf 87' lang='lat' dir='ltr'><strong>Ego</strong></span> 
     </span>
    </p>
   </div>
   <div class='ocr_carea' id='block_1_11' title="bbox 556 1182 2136 1262">
    <p class='ocr_par' dir='ltr' id='par_1_11' title="bbox 556 1182 2136 1262">
     <span class='ocr_line' id='line_1_11' title="bbox 556 1182 2136 1262; baseline -0.009 -14"><span class='ocrx_word' id='word_1_76' title='bbox 556 1193 696 1262; x_wconf 90' lang='lat' dir='ltr'><strong>ipse,</strong></span> <span class='ocrx_word' id='word_1_77' title='bbox 734 1200 790 1247; x_wconf 91' lang='lat' dir='ltr'><strong>et</strong></span> <span class='ocrx_word' id='word_1_78' title='bbox 817 1189 958 1246; x_wconf 92' lang='lat' dir='ltr'><strong>oculi</strong></span> <span class='ocrx_word' id='word_1_79' title='bbox 987 1188 1092 1244; x_wconf 90' lang='lat' dir='ltr'><strong>mei</strong></span> <span class='ocrx_word' id='word_1_80' title='bbox 1135 1185 1478 1257; x_wconf 88' lang='lat' dir='ltr'><strong>conspecturi</strong></span> <span class='ocrx_word' id='word_1_81' title='bbox 1524 1190 1669 1250; x_wconf 92' lang='lat' dir='ltr'><strong>sunt,</strong></span> <span class='ocrx_word' id='word_1_82' title='bbox 1711 1191 1767 1239; x_wconf 89' lang='lat' dir='ltr'><strong>et</strong></span> <span class='ocrx_word' id='word_1_83' title='bbox 1812 1199 1916 1238; x_wconf 91' lang='lat' dir='ltr'><strong>non</strong></span> <span class='ocrx_word' id='word_1_84' title='bbox 1942 1182 2085 1237; x_wconf 89' lang='lat' dir='ltr'><strong>aliis.</strong></span> <span class='ocrx_word' id='word_1_85' title='bbox 2117 1201 2136 1233; x_wconf 75' lang='grc' dir='ltr'><strong><em>ι</em></strong></span> 
     </span>
    </p>
   </div>
   <div class='ocr_carea' id='block_1_12' title="bbox 558 1274 2142 1355">
    <p class='ocr_par' dir='ltr' id='par_1_12' title="bbox 558 1274 2142 1355">
     <span class='ocr_line' id='line_1_12' title="bbox 558 1274 2142 1355; baseline -0.006 -18"><span class='ocrx_word' id='word_1_86' title='bbox 558 1282 827 1355; x_wconf 81' lang='lat' dir='ltr'><strong>Expresse</strong></span> <span class='ocrx_word' id='word_1_87' title='bbox 882 1279 1087 1336; x_wconf 90' lang='lat' dir='ltr'><strong>indicat</strong></span> <span class='ocrx_word' id='word_1_88' title='bbox 1144 1277 1429 1333; x_wconf 82' lang='lat' dir='ltr'><strong>veritatem</strong></span> <span class='ocrx_word' id='word_1_89' title='bbox 1491 1274 1908 1332; x_wconf 85' lang='lat' dir='ltr'><strong>resurrectionis</strong></span> <span class='ocrx_word' id='word_1_90' title='bbox 1964 1289 1978 1327; x_wconf 91' lang='lat'><strong>:</strong></span> <span class='ocrx_word' id='word_1_91' title='bbox 2033 1288 2142 1328; x_wconf 91' lang='lat' dir='ltr'><strong>non</strong></span> 
     </span>
    </p>
   </div>
   <div class='ocr_carea' id='block_1_13' title="bbox 557 1364 2144 1437">
    <p class='ocr_par' dir='ltr' id='par_1_13' title="bbox 557 1364 2144 1437">
     <span class='ocr_line' id='line_1_13' title="bbox 557 1364 2144 1437; baseline -0.007 -8"><span class='ocrx_word' id='word_1_92' title='bbox 557 1375 703 1430; x_wconf 91' lang='lat' dir='ltr'><strong>enim</strong></span> <span class='ocrx_word' id='word_1_93' title='bbox 744 1372 883 1428; x_wconf 90' lang='lat' dir='ltr'><strong>alius</strong></span> <span class='ocrx_word' id='word_1_94' title='bbox 914 1369 1146 1426; x_wconf 89' lang='lat' dir='ltr'><strong>moritur</strong></span> <span class='ocrx_word' id='word_1_95' title='bbox 1183 1376 1238 1425; x_wconf 86' lang='lat' dir='ltr'><strong>et</strong></span> <span class='ocrx_word' id='word_1_96' title='bbox 1283 1367 1422 1424; x_wconf 90' lang='lat' dir='ltr'><strong>alius</strong></span> <span class='ocrx_word' id='word_1_97' title='bbox 1463 1366 1697 1437; x_wconf 79' lang='lat' dir='ltr'><strong>resurgit</strong></span> <span class='ocrx_word' id='word_1_98' title='bbox 1734 1365 1817 1437; x_wconf 92' lang='lat' dir='ltr'><strong>(ut</strong></span> <span class='ocrx_word' id='word_1_99' title='bbox 1843 1364 1935 1436; x_wconf 91' lang='lat' dir='ltr'><strong>qui</strong></span> <span class='ocrx_word' id='word_1_100' title='bbox 1958 1365 2144 1420; x_wconf 88' lang='lat' dir='ltr'><strong>dicunt</strong></span> 
     </span>
    </p>
   </div>
   <div class='ocr_carea' id='block_1_14' title="bbox 556 1454 2144 1531">
    <p class='ocr_par' dir='ltr' id='par_1_14' title="bbox 556 1454 2144 1531">
     <span class='ocr_line' id='line_1_14' title="bbox 556 1454 2144 1531; baseline -0.007 -12"><span class='ocrx_word' id='word_1_101' title='bbox 556 1463 823 1519; x_wconf 85' lang='lat' dir='ltr'><strong>invisibile</strong></span> <span class='ocrx_word' id='word_1_102' title='bbox 848 1472 904 1518; x_wconf 90' lang='lat' dir='ltr'><strong>et</strong></span> <span class='ocrx_word' id='word_1_103' title='bbox 937 1460 1280 1531; x_wconf 88' lang='lat' dir='ltr'><strong>impalpabile</strong></span> <span class='ocrx_word' id='word_1_104' title='bbox 1317 1473 1513 1531; x_wconf 90' lang='lat' dir='ltr'><strong>corpus</strong></span> <span class='ocrx_word' id='word_1_105' title='bbox 1541 1456 1781 1512; x_wconf 89' lang='lat' dir='ltr'><strong>futurum</strong></span> <span class='ocrx_word' id='word_1_106' title='bbox 1811 1455 1951 1512; x_wconf 88' lang='lat' dir='ltr'><strong>sicut</strong></span> <span class='ocrx_word' id='word_1_107' title='bbox 1978 1454 2144 1524; x_wconf 85' lang='lat' dir='ltr'><strong>Euty-</strong></span> 
     </span>
    </p>
   </div>
   <div class='ocr_carea' id='block_1_15' title="bbox 556 1552 1361 1626">
    <p class='ocr_par' dir='ltr' id='par_1_15' title="bbox 556 1552 1361 1626">
     <span class='ocr_line' id='line_1_15' title="bbox 556 1552 1361 1626; baseline -0.007 -17"><span class='ocrx_word' id='word_1_108' title='bbox 556 1554 713 1611; x_wconf 90' lang='lat' dir='ltr'><strong>cbius</strong></span> <span class='ocrx_word' id='word_1_109' title='bbox 739 1553 896 1626; x_wconf 77' lang='lat' dir='ltr'><strong>dixit)</strong></span> <span class='ocrx_word' id='word_1_110' title='bbox 927 1552 1024 1609; x_wconf 89' lang='lat' dir='ltr'><strong>sed</strong></span> <span class='ocrx_word' id='word_1_111' title='bbox 1058 1552 1200 1607; x_wconf 89' lang='lat' dir='ltr'><strong>idem</strong></span> <span class='ocrx_word' id='word_1_112' title='bbox 1228 1552 1361 1622; x_wconf 84' lang='lat' dir='ltr'><strong>ipse.</strong></span> 
     </span>
    </p>
   </div>
   <div class='ocr_carea' id='block_1_16' title="bbox 632 1636 2143 1716">
    <p class='ocr_par' dir='ltr' id='par_1_16' title="bbox 632 1636 2143 1716">
     <span class='ocr_line' id='line_1_16' title="bbox 632 1636 2143 1716; baseline -0.003 -19"><span class='ocrx_word' id='word_1_113' title='bbox 632 1665 650 1697; x_wconf 84' lang='grc'><strong>‹</strong></span> <span class='ocrx_word' id='word_1_114' title='bbox 678 1645 939 1716; x_wconf 81' lang='lat' dir='ltr'><strong>Reposita</strong></span> <span class='ocrx_word' id='word_1_115' title='bbox 966 1652 1050 1700; x_wconf 89' lang='lat' dir='ltr'><strong>est</strong></span> <span class='ocrx_word' id='word_1_116' title='bbox 1072 1645 1189 1699; x_wconf 67' lang='lat' dir='ltr'><strong>haec</strong></span> <span class='ocrx_word' id='word_1_117' title='bbox 1217 1656 1342 1713; x_wconf 85' lang='lat' dir='ltr'><strong>spes</strong></span> <span class='ocrx_word' id='word_1_118' title='bbox 1374 1657 1495 1697; x_wconf 89' lang='lat' dir='ltr'><strong>mea</strong></span> <span class='ocrx_word' id='word_1_119' title='bbox 1522 1641 1578 1695; x_wconf 92' lang='lat' dir='ltr'><strong>in</strong></span> <span class='ocrx_word' id='word_1_120' title='bbox 1609 1641 1731 1695; x_wconf 89' lang='lat' dir='ltr'><strong>sinu</strong></span> <span class='ocrx_word' id='word_1_121' title='bbox 1759 1653 1901 1695; x_wconf 92' lang='lat' dir='ltr'><strong>meo.</strong></span> <span class='ocrx_word' id='word_1_122' title='bbox 1940 1659 1958 1691; x_wconf 73' lang='grc' dir='ltr'><strong><em>ι</em></strong></span> <span class='ocrx_word' id='word_1_123' title='bbox 1997 1636 2143 1692; x_wconf 84' lang='lat' dir='ltr'><strong>Nihil</strong></span> 
     </span>
    </p>
   </div>
   <div class='ocr_carea' id='block_1_17' title="bbox 556 1729 2143 1802">
    <p class='ocr_par' dir='ltr' id='par_1_17' title="bbox 556 1729 2143 1802">
     <span class='ocr_line' id='line_1_17' title="bbox 556 1729 2143 1802; baseline -0.006 -9"><span class='ocrx_word' id='word_1_124' title='bbox 556 1752 656 1793; x_wconf 91' lang='lat' dir='ltr'><strong>nos</strong></span> <span class='ocrx_word' id='word_1_125' title='bbox 688 1737 892 1793; x_wconf 87' lang='lat' dir='ltr'><strong>certius</strong></span> <span class='ocrx_word' id='word_1_126' title='bbox 933 1735 1137 1791; x_wconf 89' lang='lat' dir='ltr'><strong>habere</strong></span> <span class='ocrx_word' id='word_1_127' title='bbox 1185 1733 1478 1798; x_wconf 84' lang='lat' dir='ltr'><strong>credimus,</strong></span> <span class='ocrx_word' id='word_1_128' title='bbox 1520 1739 1655 1799; x_wconf 91' lang='lat' dir='ltr'><strong>etc.,</strong></span> <span class='ocrx_word' id='word_1_129' title='bbox 1705 1746 1867 1802; x_wconf 77' lang='lat' dir='ltr'><strong>usque</strong></span> <span class='ocrx_word' id='word_1_130' title='bbox 1900 1729 1970 1785; x_wconf 84' lang='lat' dir='ltr'><strong>ad</strong></span> <span class='ocrx_word' id='word_1_131' title='bbox 2000 1729 2143 1785; x_wconf 90' lang='lat' dir='ltr'><strong>unde</strong></span> 
     </span>
    </p>
   </div>
   <div class='ocr_carea' id='block_1_18' title="bbox 553 1827 1049 1900">
    <p class='ocr_par' dir='ltr' id='par_1_18' title="bbox 553 1827 1049 1900">
     <span class='ocr_line' id='line_1_18' title="bbox 553 1827 1049 1900; baseline 0 -17"><span class='ocrx_word' id='word_1_132' title='bbox 553 1829 804 1900; x_wconf 83' lang='lat' dir='ltr'><strong>protinus</strong></span> <span class='ocrx_word' id='word_1_133' title='bbox 826 1827 1011 1883; x_wconf 86' lang='lat' dir='ltr'><strong>subdit</strong></span> <span class='ocrx_word' id='word_1_134' title='bbox 1035 1843 1049 1883; x_wconf 87' lang='lat'><strong>:</strong></span> 
     </span>
    </p>
   </div>
   <div class='ocr_carea' id='block_1_19' title="bbox 2244 629 3859 703">
    <p class='ocr_par' dir='ltr' id='par_1_19' title="bbox 2244 629 3859 703">
     <span class='ocr_line' id='line_1_19' title="bbox 2244 629 3859 703; baseline 0.006 -19"><span class='ocrx_word' id='word_1_135' title='bbox 2244 629 2345 697; x_wconf 87' lang='lat' dir='ltr'><strong>Qui</strong></span> <span class='ocrx_word' id='word_1_136' title='bbox 2376 632 2520 687; x_wconf 89' lang='lat' dir='ltr'><strong>hunc</strong></span> <span class='ocrx_word' id='word_1_137' title='bbox 2546 631 2745 687; x_wconf 86' lang='lat' dir='ltr'><strong>elatum</strong></span> <span class='ocrx_word' id='word_1_138' title='bbox 2767 633 3039 699; x_wconf 87' lang='lat' dir='ltr'><strong>viderunt,</strong></span> <span class='ocrx_word' id='word_1_139' title='bbox 3066 635 3336 693; x_wconf 86' lang='lat' dir='ltr'><strong>exstincto</strong></span> <span class='ocrx_word' id='word_1_140' title='bbox 3356 636 3567 703; x_wconf 84' lang='lat' dir='ltr'><strong>dicent,</strong></span> <span class='ocrx_word' id='word_1_141' title='bbox 3594 637 3715 694; x_wconf 79' lang='lat' dir='ltr'><strong>Ubi</strong></span> <span class='ocrx_word' id='word_1_142' title='bbox 3744 639 3859 696; x_wconf 75' lang='lat' dir='ltr'><strong>est!</strong></span> 
     </span>
    </p>
   </div>
   <div class='ocr_carea' id='block_1_20' title="bbox 2243 724 3851 806">
    <p class='ocr_par' dir='ltr' id='par_1_20' title="bbox 2243 724 3851 806">
     <span class='ocr_line' id='line_1_20' title="bbox 2243 724 3851 806; baseline 0.008 -28"><span class='ocrx_word' id='word_1_143' title='bbox 2243 724 2371 794; x_wconf 87' lang='lat' dir='ltr'><strong>quia</strong></span> <span class='ocrx_word' id='word_1_144' title='bbox 2396 738 2572 795; x_wconf 89' lang='lat' dir='ltr'><strong>neque</strong></span> <span class='ocrx_word' id='word_1_145' title='bbox 2595 725 2649 780; x_wconf 92' lang='lat' dir='ltr'><strong>in</strong></span> <span class='ocrx_word' id='word_1_146' title='bbox 2672 725 2777 782; x_wconf 88' lang='lat' dir='ltr'><strong>hoc</strong></span> <span class='ocrx_word' id='word_1_147' title='bbox 2801 727 2999 784; x_wconf 65' lang='lat' dir='ltr'><strong>saeculo</strong></span> <span class='ocrx_word' id='word_1_148' title='bbox 3028 730 3121 786; x_wconf 89' lang='lat' dir='ltr'><strong>ubi</strong></span> <span class='ocrx_word' id='word_1_149' title='bbox 3148 730 3325 788; x_wconf 88' lang='lat' dir='ltr'><strong>elatus</strong></span> <span class='ocrx_word' id='word_1_150' title='bbox 3351 731 3557 800; x_wconf 84' lang='lat' dir='ltr'><strong>fuerat,</strong></span> <span class='ocrx_word' id='word_1_151' title='bbox 3592 745 3851 806; x_wconf 83' lang='lat' dir='ltr'><strong>apparet.</strong></span> 
     </span>
    </p>
   </div>
   <div class='ocr_carea' id='block_1_21' title="bbox 2242 817 3853 900">
    <p class='ocr_par' dir='ltr' id='par_1_21' title="bbox 2242 817 3853 900">
     <span class='ocr_line' id='line_1_21' title="bbox 2242 817 3853 900; baseline 0.01 -29"><span class='ocrx_word' id='word_1_152' title='bbox 2242 831 2420 887; x_wconf 88' lang='lat' dir='ltr'><strong>neque</strong></span> <span class='ocrx_word' id='word_1_153' title='bbox 2460 817 2514 872; x_wconf 90' lang='lat' dir='ltr'><strong>in</strong></span> <span class='ocrx_word' id='word_1_154' title='bbox 2566 819 2890 876; x_wconf 69' lang='lat' dir='ltr'><strong>aeternitatis</strong></span> <span class='ocrx_word' id='word_1_155' title='bbox 2946 823 3135 893; x_wconf 88' lang='lat' dir='ltr'><strong>requie</strong></span> <span class='ocrx_word' id='word_1_156' title='bbox 3158 864 3176 892; x_wconf 94' lang='lat'><strong>,</strong></span> <span class='ocrx_word' id='word_1_157' title='bbox 3228 825 3297 881; x_wconf 88' lang='lat' dir='ltr'><strong>de</strong></span> <span class='ocrx_word' id='word_1_158' title='bbox 3350 841 3457 896; x_wconf 83' lang='lat' dir='ltr'><strong>qua</strong></span> <span class='ocrx_word' id='word_1_159' title='bbox 3499 841 3634 886; x_wconf 86' lang='lat' dir='ltr'><strong>esse</strong></span> <span class='ocrx_word' id='word_1_160' title='bbox 3699 840 3853 900; x_wconf 81' lang='lat' dir='ltr'><strong>puta-</strong></span> 
     </span>
    </p>
   </div>
   <div class='ocr_carea' id='block_1_22' title="bbox 2241 907 2422 965">
    <p class='ocr_par' dir='ltr' id='par_1_22' title="bbox 2241 907 2422 965">
     <span class='ocr_line' id='line_1_22' title="bbox 2241 907 2422 965; baseline -0.011 0"><span class='ocrx_word' id='word_1_161' title='bbox 2241 907 2422 965; x_wconf 82' lang='lat' dir='ltr'><strong>batur.</strong></span> 
     </span>
    </p>
   </div>
   <div class='ocr_carea' id='block_1_23' title="bbox 2317 997 3849 1083">
    <p class='ocr_par' dir='ltr' id='par_1_23' title="bbox 2317 997 3849 1083">
     <span class='ocr_line' id='line_1_23' title="bbox 2317 997 3849 1083; baseline 0.01 -31"><span class='ocrx_word' id='word_1_162' title='bbox 2317 997 2481 1054; x_wconf 77' lang='lat' dir='ltr'><strong>Vsus.</strong></span> <span class='ocrx_word' id='word_1_163' title='bbox 2512 999 2566 1056; x_wconf 91' lang='lat'><strong>8.</strong></span> <span class='ocrx_word' id='word_1_164' title='bbox 2597 1030 2668 1041; x_wconf 95' lang='lat'><strong>—</strong></span> <span class='ocrx_word' id='word_1_165' title='bbox 2700 1019 2719 1051; x_wconf 73' lang='grc' dir='ltr'>ι</span> <span class='ocrx_word' id='word_1_166' title='bbox 2758 1001 2915 1057; x_wconf 83' lang='lat' dir='ltr'><strong>Velut</strong></span> <span class='ocrx_word' id='word_1_167' title='bbox 2961 1005 3232 1060; x_wconf 87' lang='lat' dir='ltr'><strong>somnium</strong></span> <span class='ocrx_word' id='word_1_168' title='bbox 3260 1007 3501 1064; x_wconf 82' lang='lat' dir='ltr'><strong>avolans.</strong></span> <span class='ocrx_word' id='word_1_169' title='bbox 3538 1029 3559 1061; x_wconf 71' lang='grc' dir='ltr'><strong><em>ο</em></strong></span> <span class='ocrx_word' id='word_1_170' title='bbox 3588 1008 3725 1065; x_wconf 84' lang='lat' dir='ltr'><strong>Vita</strong></span> <span class='ocrx_word' id='word_1_171' title='bbox 3754 1012 3849 1083; x_wconf 83' lang='lat' dir='ltr'><strong>by-</strong></span> 
     </span>
    </p>
   </div>
   <div class='ocr_carea' id='block_1_24' title="bbox 2241 1089 3845 1164">
    <p class='ocr_par' dir='ltr' id='par_1_24' title="bbox 2241 1089 3845 1164">
     <span class='ocr_line' id='line_1_24' title="bbox 2241 1089 3845 1164; baseline 0.012 -22"><span class='ocrx_word' id='word_1_172' title='bbox 2241 1089 2498 1159; x_wconf 82' lang='lat' dir='ltr'><strong>pocritae,</strong></span> <span class='ocrx_word' id='word_1_173' title='bbox 2522 1098 2630 1146; x_wconf 88' lang='lat' dir='ltr'><strong>etc.</strong></span> <span class='ocrx_word' id='word_1_174' title='bbox 2651 1131 2667 1157; x_wconf 85' lang='lat'><strong>,</strong></span> <span class='ocrx_word' id='word_1_175' title='bbox 2698 1107 2861 1162; x_wconf 73' lang='lat' dir='ltr'><strong>usque</strong></span> <span class='ocrx_word' id='word_1_176' title='bbox 2882 1093 2952 1147; x_wconf 86' lang='lat' dir='ltr'><strong>ad</strong></span> <span class='ocrx_word' id='word_1_177' title='bbox 2981 1094 3108 1164; x_wconf 86' lang='lat' dir='ltr'><strong>quia</strong></span> <span class='ocrx_word' id='word_1_178' title='bbox 3136 1095 3415 1153; x_wconf 86' lang='lat' dir='ltr'><strong>hominum</strong></span> <span class='ocrx_word' id='word_1_179' title='bbox 3442 1096 3673 1156; x_wconf 77' lang='lat' dir='ltr'><strong>favores</strong></span> <span class='ocrx_word' id='word_1_180' title='bbox 3718 1102 3845 1160; x_wconf 79' lang='lat' dir='ltr'><strong>dor-</strong></span> 
     </span>
    </p>
   </div>
   <div class='ocr_carea' id='block_1_25' title="bbox 2245 1180 3709 1245">
    <p class='ocr_par' dir='ltr' id='par_1_25' title="bbox 2245 1180 3709 1245">
     <span class='ocr_line' id='line_1_25' title="bbox 2245 1180 3709 1245; baseline 0.003 -12"><span class='ocrx_word' id='word_1_181' title='bbox 2245 1180 2421 1235; x_wconf 90' lang='lat' dir='ltr'><strong>miens</strong></span> <span class='ocrx_word' id='word_1_182' title='bbox 2452 1180 2689 1236; x_wconf 85' lang='lat' dir='ltr'><strong>videbat.</strong></span> <span class='ocrx_word' id='word_1_183' title='bbox 3094 1236 3103 1245; x_wconf 73' lang='grc'>,</span> <span class='ocrx_word' id='word_1_184' title='bbox 3698 1198 3709 1205; x_wconf 72' lang='lat'><strong>‘</strong></span> 
     </span>
    </p>
   </div>
   <div class='ocr_carea' id='block_1_26' title="bbox 2318 1271 3843 1348">
    <p class='ocr_par' dir='ltr' id='par_1_26' title="bbox 2318 1271 3843 1348">
     <span class='ocr_line' id='line_1_26' title="bbox 2318 1271 3843 1348; baseline 0.011 -22"><span class='ocrx_word' id='word_1_185' title='bbox 2318 1271 2480 1327; x_wconf 75' lang='lat' dir='ltr'><strong>Vens.</strong></span> <span class='ocrx_word' id='word_1_186' title='bbox 2509 1274 2561 1329; x_wconf 90' lang='lat'><strong>9.</strong></span> <span class='ocrx_word' id='word_1_187' title='bbox 2612 1305 2683 1315; x_wconf 91' lang='lat'><strong>-—</strong></span> <span class='ocrx_word' id='word_1_188' title='bbox 2731 1294 2750 1325; x_wconf 75' lang='grc' dir='ltr'>ι</span> <span class='ocrx_word' id='word_1_189' title='bbox 2781 1272 2982 1332; x_wconf 88' lang='lat' dir='ltr'><strong>Oculus</strong></span> <span class='ocrx_word' id='word_1_190' title='bbox 3008 1277 3104 1348; x_wconf 91' lang='lat' dir='ltr'><strong>qui</strong></span> <span class='ocrx_word' id='word_1_191' title='bbox 3145 1291 3270 1333; x_wconf 89' lang='lat' dir='ltr'><strong>eum</strong></span> <span class='ocrx_word' id='word_1_192' title='bbox 3311 1280 3543 1337; x_wconf 85' lang='lat' dir='ltr'><strong>viderat.</strong></span> <span class='ocrx_word' id='word_1_193' title='bbox 3592 1304 3612 1335; x_wconf 84' lang='grc'><strong><em>›</em></strong></span> <span class='ocrx_word' id='word_1_194' title='bbox 3666 1283 3843 1343; x_wconf 81' lang='lat' dir='ltr'><strong>Locus</strong></span> 
     </span>
    </p>
   </div>
   <div class='ocr_carea' id='block_1_27' title="bbox 2244 1365 3841 1447">
    <p class='ocr_par' dir='ltr' id='par_1_27' title="bbox 2244 1365 3841 1447">
     <span class='ocr_line' id='line_1_27' title="bbox 2244 1365 3841 1447; baseline 0.009 -27"><span class='ocrx_word' id='word_1_195' title='bbox 2244 1365 2541 1436; x_wconf 69' lang='lat' dir='ltr'><strong>hypocrita:</strong></span> <span class='ocrx_word' id='word_1_196' title='bbox 2585 1382 2683 1424; x_wconf 89' lang='lat' dir='ltr'><strong>cor</strong></span> <span class='ocrx_word' id='word_1_197' title='bbox 2724 1369 3063 1425; x_wconf 88' lang='lat' dir='ltr'><strong>adulantium</strong></span> <span class='ocrx_word' id='word_1_198' title='bbox 3104 1389 3117 1426; x_wconf 92' lang='lat'><strong>:</strong></span> <span class='ocrx_word' id='word_1_199' title='bbox 3154 1371 3229 1427; x_wconf 88' lang='lat' dir='ltr'><strong>ibi</strong></span> <span class='ocrx_word' id='word_1_200' title='bbox 3275 1374 3475 1446; x_wconf 85' lang='lat' dir='ltr'><strong>quippe</strong></span> <span class='ocrx_word' id='word_1_201' title='bbox 3514 1378 3841 1447; x_wconf 82' lang='lat' dir='ltr'><strong>requiescit,</strong></span> 
     </span>
    </p>
   </div>
   <div class='ocr_carea' id='block_1_28' title="bbox 2244 1456 3841 1535">
    <p class='ocr_par' dir='ltr' id='par_1_28' title="bbox 2244 1456 3841 1535">
     <span class='ocr_line' id='line_1_28' title="bbox 2244 1456 3841 1535; baseline 0.01 -25"><span class='ocrx_word' id='word_1_202' title='bbox 2244 1456 2336 1511; x_wconf 88' lang='lat' dir='ltr'><strong>ubi</strong></span> <span class='ocrx_word' id='word_1_203' title='bbox 2384 1457 2604 1514; x_wconf 80' lang='lat' dir='ltr'><strong>favores</strong></span> <span class='ocrx_word' id='word_1_204' title='bbox 2642 1458 2865 1515; x_wconf 83' lang='lat' dir='ltr'><strong>invenit.</strong></span> <span class='ocrx_word' id='word_1_205' title='bbox 2915 1458 3118 1517; x_wconf 88' lang='lat' dir='ltr'><strong>Oculus</strong></span> <span class='ocrx_word' id='word_1_206' title='bbox 3153 1477 3285 1535; x_wconf 87' lang='lat' dir='ltr'><strong>ergo</strong></span> <span class='ocrx_word' id='word_1_207' title='bbox 3320 1465 3412 1534; x_wconf 91' lang='lat' dir='ltr'><strong>qui</strong></span> <span class='ocrx_word' id='word_1_208' title='bbox 3457 1481 3589 1521; x_wconf 88' lang='lat' dir='ltr'><strong>eum</strong></span> <span class='ocrx_word' id='word_1_209' title='bbox 3628 1470 3841 1526; x_wconf 79' lang='lat' dir='ltr'><strong>viderat</strong></span> 
     </span>
    </p>
   </div>
   <div class='ocr_carea' id='block_1_29' title="bbox 2244 1553 3841 1624">
    <p class='ocr_par' dir='ltr' id='par_1_29' title="bbox 2244 1553 3841 1624">
     <span class='ocr_line' id='line_1_29' title="bbox 2244 1553 3841 1624; baseline 0.008 -17"><span class='ocrx_word' id='word_1_210' title='bbox 2244 1567 2353 1609; x_wconf 93' lang='lat' dir='ltr'><strong>non</strong></span> <span class='ocrx_word' id='word_1_211' title='bbox 2378 1553 2620 1620; x_wconf 91' lang='lat' dir='ltr'><strong>videbit,</strong></span> <span class='ocrx_word' id='word_1_212' title='bbox 2646 1554 2773 1624; x_wconf 88' lang='lat' dir='ltr'><strong>quia</strong></span> <span class='ocrx_word' id='word_1_213' title='bbox 2804 1555 2860 1610; x_wconf 91' lang='lat' dir='ltr'><strong>in</strong></span> <span class='ocrx_word' id='word_1_214' title='bbox 2889 1563 3067 1611; x_wconf 85' lang='lat' dir='ltr'><strong>morte</strong></span> <span class='ocrx_word' id='word_1_215' title='bbox 3101 1556 3439 1615; x_wconf 78' lang='lat' dir='ltr'><strong>amatoribus</strong></span> <span class='ocrx_word' id='word_1_216' title='bbox 3466 1560 3588 1616; x_wconf 84' lang='lat' dir='ltr'><strong>suis</strong></span> <span class='ocrx_word' id='word_1_217' title='bbox 3611 1563 3841 1619; x_wconf 71' lang='lat' dir='ltr'><strong>abscon-</strong></span> 
     </span>
    </p>
   </div>
   <div class='ocr_carea' id='block_1_30' title="bbox 2245 1645 3837 1727">
    <p class='ocr_par' dir='ltr' id='par_1_30' title="bbox 2245 1645 3837 1727">
     <span class='ocr_line' id='line_1_30' title="bbox 2245 1645 3837 1727; baseline 0.008 -28"><span class='ocrx_word' id='word_1_218' title='bbox 2245 1645 2391 1700; x_wconf 86' lang='lat' dir='ltr'><strong>ditur</strong></span> <span class='ocrx_word' id='word_1_219' title='bbox 2414 1686 2429 1713; x_wconf 92' lang='lat'><strong>,</strong></span> <span class='ocrx_word' id='word_1_220' title='bbox 2478 1645 2572 1717; x_wconf 91' lang='lat' dir='ltr'><strong>qui</strong></span> <span class='ocrx_word' id='word_1_221' title='bbox 2621 1661 2747 1703; x_wconf 89' lang='lat' dir='ltr'><strong>eum</strong></span> <span class='ocrx_word' id='word_1_222' title='bbox 2793 1658 3190 1705; x_wconf 86' lang='lat' dir='ltr'><strong>consueverant</strong></span> <span class='ocrx_word' id='word_1_223' title='bbox 3234 1651 3559 1708; x_wconf 88' lang='lat' dir='ltr'><strong>admirando</strong></span> <span class='ocrx_word' id='word_1_224' title='bbox 3613 1655 3837 1727; x_wconf 79' lang='lat' dir='ltr'><strong>conspi-</strong></span> 
     </span>
    </p>
   </div>
   <div class='ocr_carea' id='block_1_31' title="bbox 2246 1753 2389 1794">
    <p class='ocr_par' dir='ltr' id='par_1_31' title="bbox 2246 1753 2389 1794">
     <span class='ocr_line' id='line_1_31' title="bbox 2246 1753 2389 1794; baseline -0.007 -1"><span class='ocrx_word' id='word_1_225' title='bbox 2246 1753 2389 1794; x_wconf 88' lang='lat' dir='ltr'><strong>cere.</strong></span> 
     </span>
    </p>
   </div>
   <div class='ocr_carea' id='block_1_32' title="bbox 2320 1826 3837 1910">
    <p class='ocr_par' dir='ltr' id='par_1_32' title="bbox 2320 1826 3837 1910">
     <span class='ocr_line' id='line_1_32' title="bbox 2320 1826 3837 1910; baseline 0.012 -30"><span class='ocrx_word' id='word_1_226' title='bbox 2320 1847 2338 1880; x_wconf 76' lang='grc' dir='ltr'>ι</span> <span class='ocrx_word' id='word_1_227' title='bbox 2379 1826 2565 1901; x_wconf 86' lang='lat' dir='ltr'><strong>Neque</strong></span> <span class='ocrx_word' id='word_1_228' title='bbox 2624 1830 2766 1886; x_wconf 89' lang='lat' dir='ltr'><strong>ultra</strong></span> <span class='ocrx_word' id='word_1_229' title='bbox 2826 1831 3143 1891; x_wconf 79' lang='lat' dir='ltr'><strong>intuebitur.</strong></span> <span class='ocrx_word' id='word_1_230' title='bbox 3191 1854 3211 1887; x_wconf 71' lang='grc' dir='ltr'><strong><em>ι</em></strong></span> <span class='ocrx_word' id='word_1_231' title='bbox 3263 1834 3399 1904; x_wconf 85' lang='lat' dir='ltr'><strong>Quia</strong></span> <span class='ocrx_word' id='word_1_232' title='bbox 3449 1837 3659 1910; x_wconf 71' lang='lat' dir='ltr'><strong>lingua:</strong></span> <span class='ocrx_word' id='word_1_233' title='bbox 3714 1842 3837 1898; x_wconf 72' lang='lat' dir='ltr'><strong>ada-</strong></span> 
     </span>
    </p>
   </div>
   <div class='ocr_carea' id='block_1_33' title="bbox 624 1914 3833 2004">
    <p class='ocr_par' dir='ltr' id='par_1_33' title="bbox 624 1914 3833 2004">
     <span class='ocr_line' id='line_1_33' title="bbox 624 1914 3833 2004; baseline 0.005 -30"><span class='ocrx_word' id='word_1_234' title='bbox 624 1921 791 1978; x_wconf 75' lang='lat' dir='ltr'><strong>Vsns.</strong></span> <span class='ocrx_word' id='word_1_235' title='bbox 820 1918 911 1976; x_wconf 74' lang='lat'><strong>28.</strong></span> <span class='ocrx_word' id='word_1_236' title='bbox 944 1950 1017 1959; x_wconf 97' lang='lat'><strong>—</strong></span> <span class='ocrx_word' id='word_1_237' title='bbox 1043 1936 1062 1970; x_wconf 75' lang='grc' dir='ltr'>ι</span> <span class='ocrx_word' id='word_1_238' title='bbox 1096 1917 1276 1986; x_wconf 86' lang='lat' dir='ltr'><strong>Quare</strong></span> <span class='ocrx_word' id='word_1_239' title='bbox 1318 1932 1449 1987; x_wconf 89' lang='lat' dir='ltr'><strong>ergo</strong></span> <span class='ocrx_word' id='word_1_240' title='bbox 1484 1932 1647 1971; x_wconf 91' lang='lat' dir='ltr'><strong>nunc.</strong></span> <span class='ocrx_word' id='word_1_241' title='bbox 1679 1935 1697 1968; x_wconf 72' lang='grc' dir='ltr'><strong><em>ι</em></strong></span> <span class='ocrx_word' id='word_1_242' title='bbox 1722 1914 1971 1971; x_wconf 88' lang='lat' dir='ltr'><strong>Perversi</strong></span> <span class='ocrx_word' id='word_1_243' title='bbox 2011 1914 2139 1985; x_wconf 89' lang='lat' dir='ltr'><strong>quia</strong></span> <span class='ocrx_word' id='word_1_244' title='bbox 2167 1929 2216 1991; x_wconf 80' lang='grc' dir='ltr'><strong>Β</strong></span> <span class='ocrx_word' id='word_1_245' title='bbox 2242 1920 2470 1977; x_wconf 89' lang='lat' dir='ltr'><strong>lantium</strong></span> <span class='ocrx_word' id='word_1_246' title='bbox 2501 1923 2643 1980; x_wconf 90' lang='lat' dir='ltr'><strong>hunc</strong></span> <span class='ocrx_word' id='word_1_247' title='bbox 2680 1925 2746 1979; x_wconf 90' lang='lat' dir='ltr'><strong>ad</strong></span> <span class='ocrx_word' id='word_1_248' title='bbox 2766 1923 3032 1994; x_wconf 86' lang='lat' dir='ltr'><strong>judicium</strong></span> <span class='ocrx_word' id='word_1_249' title='bbox 3053 1926 3332 1987; x_wconf 83' lang='lat' dir='ltr'><strong>favoribus</strong></span> <span class='ocrx_word' id='word_1_250' title='bbox 3360 1946 3471 1987; x_wconf 87' lang='lat' dir='ltr'><strong>non</strong></span> <span class='ocrx_word' id='word_1_251' title='bbox 3509 1946 3833 2004; x_wconf 84' lang='lat' dir='ltr'><strong>sequuntur.</strong></span> 
     </span>
    </p>
   </div>
   <div class='ocr_carea' id='block_1_34' title="bbox 556 2006 2143 2083">
    <p class='ocr_par' dir='ltr' id='par_1_34' title="bbox 556 2006 2143 2083">
     <span class='ocr_line' id='line_1_34' title="bbox 556 2006 2143 2083; baseline -0.003 -17"><span class='ocrx_word' id='word_1_252' title='bbox 556 2013 611 2066; x_wconf 92' lang='lat' dir='ltr'><strong>in</strong></span> <span class='ocrx_word' id='word_1_253' title='bbox 634 2012 816 2083; x_wconf 81' lang='lat' dir='ltr'><strong>lingua</strong></span> <span class='ocrx_word' id='word_1_254' title='bbox 832 2008 963 2081; x_wconf 80' lang='lat' dir='ltr'><strong>justi</strong></span> <span class='ocrx_word' id='word_1_255' title='bbox 986 2010 1385 2066; x_wconf 87' lang='lat' dir='ltr'><strong>accusationem</strong></span> <span class='ocrx_word' id='word_1_256' title='bbox 1414 2008 1659 2064; x_wconf 90' lang='lat' dir='ltr'><strong>invenire</strong></span> <span class='ocrx_word' id='word_1_257' title='bbox 1683 2017 1963 2079; x_wconf 87' lang='lat' dir='ltr'><strong>appetunt,</strong></span> <span class='ocrx_word' id='word_1_258' title='bbox 1992 2006 2143 2063; x_wconf 87' lang='lat' dir='ltr'><strong>verbi</strong></span> 
     </span>
    </p>
   </div>
   <div class='ocr_carea' id='block_1_35' title="bbox 557 2099 2140 2174">
    <p class='ocr_par' dir='ltr' id='par_1_35' title="bbox 557 2099 2140 2174">
     <span class='ocr_line' id='line_1_35' title="bbox 557 2099 2140 2174; baseline -0.006 -13"><span class='ocrx_word' id='word_1_259' title='bbox 557 2104 798 2161; x_wconf 87' lang='lat' dir='ltr'><strong>radicem</strong></span> <span class='ocrx_word' id='word_1_260' title='bbox 818 2110 1086 2174; x_wconf 64' lang='lat' dir='ltr'><strong>quaerunt,</strong></span> <span class='ocrx_word' id='word_1_261' title='bbox 1109 2118 1177 2157; x_wconf 82' lang='lat' dir='ltr'><strong>ex</strong></span> <span class='ocrx_word' id='word_1_262' title='bbox 1204 2116 1311 2171; x_wconf 91' lang='lat' dir='ltr'><strong>qua</strong></span> <span class='ocrx_word' id='word_1_263' title='bbox 1336 2101 1588 2171; x_wconf 87' lang='lat' dir='ltr'><strong>loquendi</strong></span> <span class='ocrx_word' id='word_1_264' title='bbox 1611 2099 1876 2171; x_wconf 82' lang='lat' dir='ltr'><strong>originem</strong></span> <span class='ocrx_word' id='word_1_265' title='bbox 1904 2105 2140 2163; x_wconf 84' lang='lat' dir='ltr'><strong>sumant,</strong></span> 
     </span>
    </p>
   </div>
   <div class='ocr_carea' id='block_1_36' title="bbox 552 2191 2143 2265">
    <p class='ocr_par' dir='ltr' id='par_1_36' title="bbox 552 2191 2143 2265">
     <span class='ocr_line' id='line_1_36' title="bbox 552 2191 2143 2265; baseline -0.006 -13"><span class='ocrx_word' id='word_1_266' title='bbox 552 2206 609 2252; x_wconf 90' lang='lat' dir='ltr'><strong>et</strong></span> <span class='ocrx_word' id='word_1_267' title='bbox 640 2210 822 2252; x_wconf 92' lang='lat' dir='ltr'><strong>ramos</strong></span> <span class='ocrx_word' id='word_1_268' title='bbox 860 2194 1206 2265; x_wconf 85' lang='lat' dir='ltr'><strong>loquacitatis</strong></span> <span class='ocrx_word' id='word_1_269' title='bbox 1245 2193 1472 2248; x_wconf 82' lang='lat' dir='ltr'><strong>dilatent</strong></span> <span class='ocrx_word' id='word_1_270' title='bbox 1512 2210 1525 2245; x_wconf 92' lang='lat'><strong>:</strong></span> <span class='ocrx_word' id='word_1_271' title='bbox 1578 2191 1673 2247; x_wconf 90' lang='lat' dir='ltr'><strong>sed</strong></span> <span class='ocrx_word' id='word_1_272' title='bbox 1710 2200 1890 2246; x_wconf 86' lang='lat' dir='ltr'><strong>tamen</strong></span> <span class='ocrx_word' id='word_1_273' title='bbox 1923 2196 2143 2246; x_wconf 86' lang='lat' dir='ltr'><strong>sanctus</strong></span> 
     </span>
    </p>
   </div>
   <div class='ocr_carea' id='block_1_37' title="bbox 555 2283 1804 2358">
    <p class='ocr_par' dir='ltr' id='par_1_37' title="bbox 555 2283 1804 2358">
     <span class='ocr_line' id='line_1_37' title="bbox 555 2283 1804 2358; baseline -0.006 -15"><span class='ocrx_word' id='word_1_274' title='bbox 555 2289 642 2344; x_wconf 88' lang='lat' dir='ltr'><strong>vir</strong></span> <span class='ocrx_word' id='word_1_275' title='bbox 665 2287 805 2343; x_wconf 87' lang='lat' dir='ltr'><strong>mala</strong></span> <span class='ocrx_word' id='word_1_276' title='bbox 832 2302 954 2357; x_wconf 76' lang='lat' dir='ltr'><strong>quae</strong></span> <span class='ocrx_word' id='word_1_277' title='bbox 980 2284 1205 2358; x_wconf 82' lang='lat' dir='ltr'><strong>fugiant,</strong></span> <span class='ocrx_word' id='word_1_278' title='bbox 1234 2285 1524 2341; x_wconf 88' lang='lat' dir='ltr'><strong>miseratus</strong></span> <span class='ocrx_word' id='word_1_279' title='bbox 1546 2283 1804 2340; x_wconf 86' lang='lat' dir='ltr'><strong>ostendit.</strong></span> 
     </span>
    </p>
   </div>
   <div class='ocr_carea' id='block_1_38' title="bbox 625 2373 2141 2451">
    <p class='ocr_par' dir='ltr' id='par_1_38' title="bbox 625 2373 2141 2451">
     <span class='ocr_line' id='line_1_38' title="bbox 625 2373 2141 2451; baseline -0.003 -17"><span class='ocrx_word' id='word_1_280' title='bbox 625 2379 787 2436; x_wconf 68' lang='grc' dir='ltr'><strong>νειε.</strong></span> <span class='ocrx_word' id='word_1_281' title='bbox 810 2378 899 2435; x_wconf 71' lang='grc'><strong>29.</strong></span> <span class='ocrx_word' id='word_1_282' title='bbox 925 2408 994 2420; x_wconf 87' lang='lat'><strong>--</strong></span> <span class='ocrx_word' id='word_1_283' title='bbox 1022 2397 1041 2430; x_wconf 72' lang='grc' dir='ltr'>ί</span> <span class='ocrx_word' id='word_1_284' title='bbox 1077 2378 1268 2451; x_wconf 76' lang='lat' dir='ltr'><strong>Fugite</strong></span> <span class='ocrx_word' id='word_1_285' title='bbox 1287 2391 1437 2449; x_wconf 89' lang='lat' dir='ltr'><strong>ergo.</strong></span> <span class='ocrx_word' id='word_1_286' title='bbox 1471 2397 1490 2430; x_wconf 75' lang='grc' dir='ltr'><strong><em>ι</em></strong></span> <span class='ocrx_word' id='word_1_287' title='bbox 1517 2375 1706 2449; x_wconf 62' lang='lat' dir='ltr'><strong>(Ibid)</strong></span> <span class='ocrx_word' id='word_1_288' title='bbox 1732 2374 1955 2432; x_wconf 83' lang='lat' dir='ltr'><strong>Faciem</strong></span> <span class='ocrx_word' id='word_1_289' title='bbox 1978 2373 2141 2447; x_wconf 87' lang='lat' dir='ltr'><strong>gladii</strong></span> 
     </span>
    </p>
   </div>
   <div class='ocr_carea' id='block_1_39' title="bbox 549 2469 2140 2543">
    <p class='ocr_par' dir='ltr' id='par_1_39' title="bbox 549 2469 2140 2543">
     <span class='ocr_line' id='line_1_39' title="bbox 549 2469 2140 2543; baseline -0.003 -16"><span class='ocrx_word' id='word_1_290' title='bbox 549 2472 767 2543; x_wconf 79' lang='lat' dir='ltr'><strong>fugere,</strong></span> <span class='ocrx_word' id='word_1_291' title='bbox 816 2481 902 2528; x_wconf 86' lang='lat' dir='ltr'><strong>est</strong></span> <span class='ocrx_word' id='word_1_292' title='bbox 956 2470 1443 2527; x_wconf 84' lang='lat' dir='ltr'><strong>animadversionis</strong></span> <span class='ocrx_word' id='word_1_293' title='bbox 1498 2469 1762 2526; x_wconf 66' lang='lat' dir='ltr'><strong>districta:</strong></span> <span class='ocrx_word' id='word_1_294' title='bbox 1813 2469 2140 2524; x_wconf 88' lang='lat' dir='ltr'><strong>sententiam</strong></span> 
     </span>
    </p>
   </div>
   <div class='ocr_carea' id='block_1_40' title="bbox 546 2559 2140 2637">
    <p class='ocr_par' dir='ltr' id='par_1_40' title="bbox 546 2559 2140 2637">
     <span class='ocr_line' id='line_1_40' title="bbox 546 2559 2140 2637; baseline -0.004 -16"><span class='ocrx_word' id='word_1_295' title='bbox 546 2565 701 2637; x_wconf 81' lang='lat' dir='ltr'><strong>prius</strong></span> <span class='ocrx_word' id='word_1_296' title='bbox 738 2579 902 2635; x_wconf 88' lang='lat' dir='ltr'><strong>quam</strong></span> <span class='ocrx_word' id='word_1_297' title='bbox 947 2573 1227 2636; x_wconf 84' lang='lat' dir='ltr'><strong>appareat,</strong></span> <span class='ocrx_word' id='word_1_298' title='bbox 1258 2563 1501 2634; x_wconf 85' lang='lat' dir='ltr'><strong>placare.</strong></span> <span class='ocrx_word' id='word_1_299' title='bbox 1538 2583 1558 2616; x_wconf 73' lang='grc' dir='ltr'>ι</span> <span class='ocrx_word' id='word_1_300' title='bbox 1588 2562 1657 2618; x_wconf 87' lang='lat' dir='ltr'><strong>Et</strong></span> <span class='ocrx_word' id='word_1_301' title='bbox 1682 2563 1877 2619; x_wconf 88' lang='lat' dir='ltr'><strong>scitote</strong></span> <span class='ocrx_word' id='word_1_302' title='bbox 1904 2576 2025 2618; x_wconf 89' lang='lat' dir='ltr'><strong>esse</strong></span> <span class='ocrx_word' id='word_1_303' title='bbox 2051 2559 2140 2629; x_wconf 84' lang='lat' dir='ltr'><strong>ju-</strong></span> 
     </span>
    </p>
   </div>
   <div class='ocr_carea' id='block_1_41' title="bbox 547 2658 2138 2731">
    <p class='ocr_par' dir='ltr' id='par_1_41' title="bbox 547 2658 2138 2731">
     <span class='ocr_line' id='line_1_41' title="bbox 547 2658 2138 2731; baseline -0.001 -16"><span class='ocrx_word' id='word_1_304' title='bbox 547 2659 769 2715; x_wconf 87' lang='lat' dir='ltr'><strong>dicium.</strong></span> <span class='ocrx_word' id='word_1_305' title='bbox 807 2678 827 2711; x_wconf 83' lang='grc'><strong>»</strong></span> <span class='ocrx_word' id='word_1_306' title='bbox 854 2658 1046 2715; x_wconf 87' lang='lat' dir='ltr'><strong>Omnis</strong></span> <span class='ocrx_word' id='word_1_307' title='bbox 1072 2659 1167 2730; x_wconf 89' lang='lat' dir='ltr'><strong>qui</strong></span> <span class='ocrx_word' id='word_1_308' title='bbox 1198 2673 1455 2729; x_wconf 85' lang='lat' dir='ltr'><strong>perverse</strong></span> <span class='ocrx_word' id='word_1_309' title='bbox 1477 2659 1610 2731; x_wconf 88' lang='lat' dir='ltr'><strong>agit,</strong></span> <span class='ocrx_word' id='word_1_310' title='bbox 1639 2673 1707 2715; x_wconf 89' lang='lat' dir='ltr'><strong>eo</strong></span> <span class='ocrx_word' id='word_1_311' title='bbox 1748 2658 1867 2731; x_wconf 85' lang='lat' dir='ltr'><strong>ipso</strong></span> <span class='ocrx_word' id='word_1_312' title='bbox 1895 2673 2004 2730; x_wconf 90' lang='lat' dir='ltr'><strong>quo</strong></span> <span class='ocrx_word' id='word_1_313' title='bbox 2032 2658 2138 2714; x_wconf 89' lang='lat' dir='ltr'><strong>hoc</strong></span> 
     </span>
    </p>
   </div>
   <div class='ocr_carea' id='block_1_42' title="bbox 547 2751 1578 2823">
    <p class='ocr_par' dir='ltr' id='par_1_42' title="bbox 547 2751 1578 2823">
     <span class='ocr_line' id='line_1_42' title="bbox 547 2751 1578 2823; baseline -0.001 -16"><span class='ocrx_word' id='word_1_314' title='bbox 547 2751 795 2823; x_wconf 88' lang='lat' dir='ltr'><strong>despicit,</strong></span> <span class='ocrx_word' id='word_1_315' title='bbox 821 2766 945 2808; x_wconf 86' lang='lat' dir='ltr'><strong>esse</strong></span> <span class='ocrx_word' id='word_1_316' title='bbox 965 2751 1061 2807; x_wconf 87' lang='lat' dir='ltr'><strong>Dei</strong></span> <span class='ocrx_word' id='word_1_317' title='bbox 1088 2751 1353 2823; x_wconf 89' lang='lat' dir='ltr'><strong>judicium</strong></span> <span class='ocrx_word' id='word_1_318' title='bbox 1382 2752 1578 2809; x_wconf 87' lang='lat' dir='ltr'><strong>nescit.</strong></span> 
     </span>
    </p>
   </div>
   <div class='ocr_carea' id='block_1_43' title="bbox 1140 2864 1522 2939">
    <p class='ocr_par' dir='ltr' id='par_1_43' title="bbox 1140 2864 1522 2939">
     <span class='ocr_line' id='line_1_43' title="bbox 1140 2864 1522 2939; baseline -0.008 -2"><span class='ocrx_word' id='word_1_319' title='bbox 1140 2880 1368 2939; x_wconf 81' lang='lat' dir='ltr'><strong>CAPUT</strong></span> <span class='ocrx_word' id='word_1_320' title='bbox 1405 2864 1522 2937; x_wconf 70' lang='lat' dir='ltr'><strong>XX.</strong></span> 
     </span>
    </p>
   </div>
   <div class='ocr_carea' id='block_1_44' title="bbox 622 3011 2136 3087">
    <p class='ocr_par' dir='ltr' id='par_1_44' title="bbox 622 3011 2136 3087">
     <span class='ocr_line' id='line_1_44' title="bbox 622 3011 2136 3087; baseline 0.002 -19"><span class='ocrx_word' id='word_1_321' title='bbox 622 3032 642 3067; x_wconf 77' lang='grc' dir='ltr'>ι</span> <span class='ocrx_word' id='word_1_322' title='bbox 678 3011 886 3070; x_wconf 85' lang='lat' dir='ltr'><strong>Idcirco</strong></span> <span class='ocrx_word' id='word_1_323' title='bbox 929 3013 1300 3086; x_wconf 86' lang='lat' dir='ltr'><strong>cogitationes.</strong></span> <span class='ocrx_word' id='word_1_324' title='bbox 1343 3033 1363 3067; x_wconf 75' lang='grc' dir='ltr'><strong><em>ι</em></strong></span> <span class='ocrx_word' id='word_1_325' title='bbox 1413 3013 1606 3087; x_wconf 73' lang='lat' dir='ltr'><strong>(Gneo.</strong></span> <span class='ocrx_word' id='word_1_326' title='bbox 1630 3016 1688 3070; x_wconf 79' lang='lat' dir='ltr'><strong>in</strong></span> <span class='ocrx_word' id='word_1_327' title='bbox 1723 3014 1875 3081; x_wconf 58' lang='lat' dir='ltr'><strong>Joh,</strong></span> <span class='ocrx_word' id='word_1_328' title='bbox 1927 3013 1964 3069; x_wconf 82' lang='grc' dir='ltr'><strong>Ι.</strong></span> <span class='ocrx_word' id='word_1_329' title='bbox 2018 3015 2136 3086; x_wconf 81' lang='lat' dir='ltr'><strong>xv.)</strong></span> 
     </span>
    </p>
   </div>
   <div class='ocr_carea' id='block_1_45' title="bbox 544 3102 2132 3178">
    <p class='ocr_par' dir='ltr' id='par_1_45' title="bbox 544 3102 2132 3178">
     <span class='ocr_line' id='line_1_45' title="bbox 544 3102 2132 3178; baseline 0.004 -21"><span class='ocrx_word' id='word_1_330' title='bbox 544 3102 625 3159; x_wconf 88' lang='lat' dir='ltr'><strong>Ac</strong></span> <span class='ocrx_word' id='word_1_331' title='bbox 647 3103 693 3159; x_wconf 88' lang='lat' dir='ltr'><strong>si</strong></span> <span class='ocrx_word' id='word_1_332' title='bbox 723 3104 899 3159; x_wconf 86' lang='lat' dir='ltr'><strong>dicat:</strong></span> <span class='ocrx_word' id='word_1_333' title='bbox 923 3104 1051 3174; x_wconf 88' lang='lat' dir='ltr'><strong>quia</strong></span> <span class='ocrx_word' id='word_1_334' title='bbox 1073 3106 1302 3162; x_wconf 80' lang='lat' dir='ltr'><strong>extremi</strong></span> <span class='ocrx_word' id='word_1_335' title='bbox 1320 3106 1513 3178; x_wconf 87' lang='lat' dir='ltr'><strong>judieii</strong></span> <span class='ocrx_word' id='word_1_336' title='bbox 1543 3115 1807 3164; x_wconf 88' lang='lat' dir='ltr'><strong>terrorem</strong></span> <span class='ocrx_word' id='word_1_337' title='bbox 1826 3106 2132 3174; x_wconf 88' lang='lat' dir='ltr'><strong>considero,</strong></span> 
     </span>
    </p>
   </div>
   <div class='ocr_carea' id='block_1_46' title="bbox 546 3192 2136 3265">
    <p class='ocr_par' dir='ltr' id='par_1_46' title="bbox 546 3192 2136 3265">
     <span class='ocr_line' id='line_1_46' title="bbox 546 3192 2136 3265; baseline 0.002 -16"><span class='ocrx_word' id='word_1_338' title='bbox 546 3193 753 3249; x_wconf 87' lang='lat' dir='ltr'><strong>idcirco</strong></span> <span class='ocrx_word' id='word_1_339' title='bbox 781 3192 1173 3265; x_wconf 75' lang='lat' dir='ltr'><strong>cogitationum</strong></span> <span class='ocrx_word' id='word_1_340' title='bbox 1214 3195 1536 3251; x_wconf 78' lang='lat' dir='ltr'><strong>tumultibus</strong></span> <span class='ocrx_word' id='word_1_341' title='bbox 1574 3195 1629 3251; x_wconf 94' lang='lat' dir='ltr'><strong>in</strong></span> <span class='ocrx_word' id='word_1_342' title='bbox 1676 3196 1872 3253; x_wconf 87' lang='lat' dir='ltr'><strong>timore</strong></span> <span class='ocrx_word' id='word_1_343' title='bbox 1901 3196 2136 3253; x_wconf 79' lang='lat' dir='ltr'><strong>confun-</strong></span> 
     </span>
    </p>
   </div>
   <div class='ocr_carea' id='block_1_47' title="bbox 2316 2014 3833 2095">
    <p class='ocr_par' dir='ltr' id='par_1_47' title="bbox 2316 2014 3833 2095">
     <span class='ocr_line' id='line_1_47' title="bbox 2316 2014 3833 2095; baseline 0.011 -26"><span class='ocrx_word' id='word_1_344' title='bbox 2316 2014 2479 2071; x_wconf 77' lang='lat' dir='ltr'><strong>Vsus.</strong></span> <span class='ocrx_word' id='word_1_345' title='bbox 2520 2015 2606 2071; x_wconf 88' lang='grc'><strong>10.</strong></span> <span class='ocrx_word' id='word_1_346' title='bbox 2655 2048 2726 2058; x_wconf 91' lang='grc'><strong>-</strong></span> <span class='ocrx_word' id='word_1_347' title='bbox 2765 2036 2783 2070; x_wconf 77' lang='grc' dir='ltr'>ι</span> <span class='ocrx_word' id='word_1_348' title='bbox 2818 2017 2942 2075; x_wconf 86' lang='lat' dir='ltr'><strong>Filii</strong></span> <span class='ocrx_word' id='word_1_349' title='bbox 2973 2018 3090 2091; x_wconf 85' lang='lat' dir='ltr'><strong>ejus</strong></span> <span class='ocrx_word' id='word_1_350' title='bbox 3121 2030 3460 2089; x_wconf 89' lang='lat' dir='ltr'><strong>atterentur,</strong></span> <span class='ocrx_word' id='word_1_351' title='bbox 3504 2045 3523 2078; x_wconf 73' lang='grc' dir='ltr'><strong>ι</strong></span> <span class='ocrx_word' id='word_1_352' title='bbox 3560 2036 3674 2083; x_wconf 80' lang='lat' dir='ltr'><strong>etc.</strong></span> <span class='ocrx_word' id='word_1_353' title='bbox 3708 2028 3833 2095; x_wconf 81' lang='lat' dir='ltr'><strong>Quia</strong></span> 
     </span>
    </p>
   </div>
   <div class='ocr_carea' id='block_1_48' title="bbox 2243 2102 3834 2187">
    <p class='ocr_par' dir='ltr' id='par_1_48' title="bbox 2243 2102 3834 2187">
     <span class='ocr_line' id='line_1_48' title="bbox 2243 2102 3834 2187; baseline 0.013 -30"><span class='ocrx_word' id='word_1_354' title='bbox 2243 2102 2298 2158; x_wconf 92' lang='lat' dir='ltr'><strong>hi</strong></span> <span class='ocrx_word' id='word_1_355' title='bbox 2334 2104 2426 2175; x_wconf 90' lang='lat' dir='ltr'><strong>qui</strong></span> <span class='ocrx_word' id='word_1_356' title='bbox 2467 2104 2523 2160; x_wconf 92' lang='lat' dir='ltr'><strong>in</strong></span> <span class='ocrx_word' id='word_1_357' title='bbox 2564 2106 2841 2179; x_wconf 86' lang='lat' dir='ltr'><strong>hypocrisi</strong></span> <span class='ocrx_word' id='word_1_358' title='bbox 2886 2126 2955 2165; x_wconf 81' lang='lat' dir='ltr'><strong>ex</strong></span> <span class='ocrx_word' id='word_1_359' title='bbox 2995 2111 3114 2182; x_wconf 79' lang='lat' dir='ltr'><strong>ejus</strong></span> <span class='ocrx_word' id='word_1_360' title='bbox 3153 2113 3457 2172; x_wconf 87' lang='lat' dir='ltr'><strong>imitatione</strong></span> <span class='ocrx_word' id='word_1_361' title='bbox 3502 2130 3834 2187; x_wconf 86' lang='lat' dir='ltr'><strong>nascuntur,</strong></span> 
     </span>
    </p>
   </div>
   <div class='ocr_carea' id='block_1_49' title="bbox 2243 2194 3837 2287">
    <p class='ocr_par' dir='ltr' id='par_1_49' title="bbox 2243 2194 3837 2287">
     <span class='ocr_line' id='line_1_49' title="bbox 2243 2194 3837 2287; baseline 0.014 -39"><span class='ocrx_word' id='word_1_362' title='bbox 2243 2194 2372 2249; x_wconf 68' lang='lat' dir='ltr'><strong>dum</strong></span> <span class='ocrx_word' id='word_1_363' title='bbox 2398 2196 2649 2253; x_wconf 89' lang='lat' dir='ltr'><strong>veritatis</strong></span> <span class='ocrx_word' id='word_1_364' title='bbox 2673 2198 3004 2257; x_wconf 85' lang='lat' dir='ltr'><strong>soliditatem</strong></span> <span class='ocrx_word' id='word_1_365' title='bbox 3034 2219 3143 2260; x_wconf 90' lang='lat' dir='ltr'><strong>non</strong></span> <span class='ocrx_word' id='word_1_366' title='bbox 3175 2214 3378 2271; x_wconf 85' lang='lat' dir='ltr'><strong>tenent,</strong></span> <span class='ocrx_word' id='word_1_367' title='bbox 3410 2208 3467 2265; x_wconf 91' lang='lat' dir='ltr'><strong>in</strong></span> <span class='ocrx_word' id='word_1_368' title='bbox 3498 2211 3695 2269; x_wconf 81' lang='lat' dir='ltr'><strong>cordis</strong></span> <span class='ocrx_word' id='word_1_369' title='bbox 3720 2229 3837 2287; x_wconf 77' lang='lat' dir='ltr'><strong>ege-</strong></span> 
     </span>
    </p>
   </div>
   <div class='ocr_carea' id='block_1_50' title="bbox 2242 2287 2692 2345">
    <p class='ocr_par' dir='ltr' id='par_1_50' title="bbox 2242 2287 2692 2345">
     <span class='ocr_line' id='line_1_50' title="bbox 2242 2287 2692 2345; baseline 0.009 -5"><span class='ocrx_word' id='word_1_370' title='bbox 2242 2293 2381 2341; x_wconf 84' lang='lat' dir='ltr'><strong>state</strong></span> <span class='ocrx_word' id='word_1_371' title='bbox 2412 2287 2692 2345; x_wconf 80' lang='lat' dir='ltr'><strong>deﬁciunt.</strong></span> 
     </span>
    </p>
   </div>
   <div class='ocr_carea' id='block_1_51' title="bbox 2312 2375 3839 2461">
    <p class='ocr_par' dir='ltr' id='par_1_51' title="bbox 2312 2375 3839 2461">
     <span class='ocr_line' id='line_1_51' title="bbox 2312 2375 3839 2461; baseline 0.016 -29"><span class='ocrx_word' id='word_1_372' title='bbox 2312 2375 2475 2434; x_wconf 76' lang='lat' dir='ltr'><strong>Vens.</strong></span> <span class='ocrx_word' id='word_1_373' title='bbox 2508 2379 2595 2436; x_wconf 89' lang='grc'><strong>11.</strong></span> <span class='ocrx_word' id='word_1_374' title='bbox 2616 2399 2725 2435; x_wconf 88' lang='grc'><strong>-‹</strong></span> <span class='ocrx_word' id='word_1_375' title='bbox 2756 2381 2892 2441; x_wconf 88' lang='lat' dir='ltr'><strong>Ossa</strong></span> <span class='ocrx_word' id='word_1_376' title='bbox 2914 2385 3033 2458; x_wconf 87' lang='lat' dir='ltr'><strong>ejus</strong></span> <span class='ocrx_word' id='word_1_377' title='bbox 3056 2387 3446 2461; x_wconf 77' lang='lat' dir='ltr'><strong>implebantur.</strong></span> <span class='ocrx_word' id='word_1_378' title='bbox 3471 2395 3839 2456; x_wconf 67' lang='lat' dir='ltr'><strong>sAdolescea-</strong></span> 
     </span>
    </p>
   </div>
   <div class='ocr_carea' id='block_1_52' title="bbox 2240 2470 3835 2559">
    <p class='ocr_par' dir='ltr' id='par_1_52' title="bbox 2240 2470 3835 2559">
     <span class='ocr_line' id='line_1_52' title="bbox 2240 2470 3835 2559; baseline 0.013 -34"><span class='ocrx_word' id='word_1_379' title='bbox 2240 2470 2314 2526; x_wconf 87' lang='lat' dir='ltr'><strong>tia</strong></span> <span class='ocrx_word' id='word_1_380' title='bbox 2344 2471 2639 2544; x_wconf 63' lang='lat' dir='ltr'><strong>hypocrita</strong></span> <span class='ocrx_word' id='word_1_381' title='bbox 2667 2474 2943 2534; x_wconf 87' lang='lat' dir='ltr'><strong>inchoatio</strong></span> <span class='ocrx_word' id='word_1_382' title='bbox 2965 2482 3249 2551; x_wconf 84' lang='lat' dir='ltr'><strong>pravitatis</strong></span> <span class='ocrx_word' id='word_1_383' title='bbox 3268 2492 3374 2552; x_wconf 86' lang='lat' dir='ltr'><strong>est,</strong></span> <span class='ocrx_word' id='word_1_384' title='bbox 3405 2495 3544 2554; x_wconf 85' lang='lat' dir='ltr'><strong>etc.,</strong></span> <span class='ocrx_word' id='word_1_385' title='bbox 3576 2506 3749 2559; x_wconf 75' lang='lat' dir='ltr'><strong>usque</strong></span> <span class='ocrx_word' id='word_1_386' title='bbox 3772 2495 3835 2546; x_wconf 72' lang='lat' dir='ltr'><strong>ad</strong></span> 
     </span>
    </p>
   </div>
   <div class='ocr_carea' id='block_1_53' title="bbox 2238 2562 3319 2643">
    <p class='ocr_par' dir='ltr' id='par_1_53' title="bbox 2238 2562 3319 2643">
     <span class='ocr_line' id='line_1_53' title="bbox 2238 2562 3319 2643; baseline 0.011 -25"><span class='ocrx_word' id='word_1_387' title='bbox 2238 2562 2384 2618; x_wconf 91' lang='lat' dir='ltr'><strong>omni</strong></span> <span class='ocrx_word' id='word_1_388' title='bbox 2408 2562 2681 2621; x_wconf 89' lang='lat' dir='ltr'><strong>soliditate</strong></span> <span class='ocrx_word' id='word_1_389' title='bbox 2712 2571 2931 2624; x_wconf 89' lang='lat' dir='ltr'><strong>vacuari</strong></span> <span class='ocrx_word' id='word_1_390' title='bbox 2961 2586 3026 2627; x_wconf 89' lang='lat' dir='ltr'><strong>ac</strong></span> <span class='ocrx_word' id='word_1_391' title='bbox 3054 2573 3319 2643; x_wconf 85' lang='lat' dir='ltr'><strong>deperire.</strong></span> 
     </span>
    </p>
   </div>
   <div class='ocr_carea' id='block_1_54' title="bbox 2308 2650 3839 2747">
    <p class='ocr_par' dir='ltr' id='par_1_54' title="bbox 2308 2650 3839 2747">
     <span class='ocr_line' id='line_1_54' title="bbox 2308 2650 3839 2747; baseline 0.016 -40"><span class='ocrx_word' id='word_1_392' title='bbox 2308 2650 2476 2709; x_wconf 76' lang='lat' dir='ltr'><strong>Vsus.</strong></span> <span class='ocrx_word' id='word_1_393' title='bbox 2513 2655 2599 2710; x_wconf 76' lang='grc'><strong>12.</strong></span> <span class='ocrx_word' id='word_1_394' title='bbox 2626 2686 2703 2699; x_wconf 93' lang='grc'><strong>-</strong></span> <span class='ocrx_word' id='word_1_395' title='bbox 2722 2675 2745 2711; x_wconf 84' lang='grc'><em>‹</em></span> <span class='ocrx_word' id='word_1_396' title='bbox 2775 2657 2910 2715; x_wconf 89' lang='lat' dir='ltr'><strong>Cum</strong></span> <span class='ocrx_word' id='word_1_397' title='bbox 2939 2663 3084 2718; x_wconf 91' lang='lat' dir='ltr'><strong>enim</strong></span> <span class='ocrx_word' id='word_1_398' title='bbox 3114 2662 3270 2722; x_wconf 86' lang='lat' dir='ltr'><strong>dulce</strong></span> <span class='ocrx_word' id='word_1_399' title='bbox 3293 2666 3481 2725; x_wconf 84' lang='lat' dir='ltr'><strong>fuerit.</strong></span> <span class='ocrx_word' id='word_1_400' title='bbox 3516 2689 3538 2723; x_wconf 74' lang='grc' dir='ltr'><strong><em>ι</em></strong></span> <span class='ocrx_word' id='word_1_401' title='bbox 3557 2670 3765 2747; x_wconf 71' lang='lat' dir='ltr'><strong>(Ibid)</strong></span> <span class='ocrx_word' id='word_1_402' title='bbox 3785 2675 3839 2731; x_wconf 84' lang='lat' dir='ltr'><strong>la</strong></span> 
     </span>
    </p>
   </div>
   <div class='ocr_carea' id='block_1_55' title="bbox 2236 2746 3841 2838">
    <p class='ocr_par' dir='ltr' id='par_1_55' title="bbox 2236 2746 3841 2838">
     <span class='ocr_line' id='line_1_55' title="bbox 2236 2746 3841 2838; baseline 0.016 -39"><span class='ocrx_word' id='word_1_403' title='bbox 2236 2758 2333 2799; x_wconf 91' lang='lat' dir='ltr'><strong>ore</strong></span> <span class='ocrx_word' id='word_1_404' title='bbox 2359 2746 2539 2803; x_wconf 89' lang='lat' dir='ltr'><strong>cordis</strong></span> <span class='ocrx_word' id='word_1_405' title='bbox 2577 2749 2759 2806; x_wconf 89' lang='lat' dir='ltr'><strong>suavis</strong></span> <span class='ocrx_word' id='word_1_406' title='bbox 2794 2760 2880 2807; x_wconf 91' lang='lat' dir='ltr'><strong>est</strong></span> <span class='ocrx_word' id='word_1_407' title='bbox 2921 2753 3212 2827; x_wconf 83' lang='lat' dir='ltr'><strong>iniquitas,</strong></span> <span class='ocrx_word' id='word_1_408' title='bbox 3250 2774 3419 2830; x_wconf 89' lang='lat' dir='ltr'><strong>quam</strong></span> <span class='ocrx_word' id='word_1_409' title='bbox 3446 2764 3555 2821; x_wconf 87' lang='lat' dir='ltr'><strong>sub</strong></span> <span class='ocrx_word' id='word_1_410' title='bbox 3598 2746 3841 2838; x_wconf 69' lang='lat' dir='ltr'><strong>tegmine</strong></span> 
     </span>
    </p>
   </div>
   <div class='ocr_carea' id='block_1_56' title="bbox 2235 2837 3841 2930">
    <p class='ocr_par' dir='ltr' id='par_1_56' title="bbox 2235 2837 3841 2930">
     <span class='ocr_line' id='line_1_56' title="bbox 2235 2837 3841 2930; baseline 0.014 -36"><span class='ocrx_word' id='word_1_411' title='bbox 2235 2837 2446 2896; x_wconf 68' lang='lat' dir='ltr'><strong>blandae</strong></span> <span class='ocrx_word' id='word_1_412' title='bbox 2474 2840 2763 2900; x_wconf 89' lang='lat' dir='ltr'><strong>locutionis</strong></span> <span class='ocrx_word' id='word_1_413' title='bbox 2788 2844 2983 2916; x_wconf 89' lang='lat' dir='ltr'><strong>operit.</strong></span> <span class='ocrx_word' id='word_1_414' title='bbox 3016 2846 3217 2907; x_wconf 79' lang='lat' dir='ltr'><strong>Malum</strong></span> <span class='ocrx_word' id='word_1_415' title='bbox 3240 2853 3388 2909; x_wconf 89' lang='lat' dir='ltr'><strong>enim</strong></span> <span class='ocrx_word' id='word_1_416' title='bbox 3432 2855 3489 2911; x_wconf 91' lang='lat' dir='ltr'><strong>in</strong></span> <span class='ocrx_word' id='word_1_417' title='bbox 3519 2837 3721 2930; x_wconf 78' lang='lat' dir='ltr'><strong>lingua</strong></span> <span class='ocrx_word' id='word_1_418' title='bbox 3741 2899 3761 2927; x_wconf 90' lang='lat'><strong>,</strong></span> <span class='ocrx_word' id='word_1_419' title='bbox 3788 2870 3841 2917; x_wconf 83' lang='lat' dir='ltr'><strong>et</strong></span> 
     </span>
    </p>
   </div>
   <div class='ocr_carea' id='block_1_57' title="bbox 2238 2930 3839 3017">
    <p class='ocr_par' dir='ltr' id='par_1_57' title="bbox 2238 2930 3839 3017">
     <span class='ocr_line' id='line_1_57' title="bbox 2238 2930 3839 3017; baseline 0.016 -34"><span class='ocrx_word' id='word_1_420' title='bbox 2238 2943 2342 2985; x_wconf 91' lang='lat' dir='ltr'><strong>non</strong></span> <span class='ocrx_word' id='word_1_421' title='bbox 2370 2932 2471 2987; x_wconf 91' lang='lat' dir='ltr'><strong>sub</strong></span> <span class='ocrx_word' id='word_1_422' title='bbox 2500 2930 2682 3005; x_wconf 83' lang='lat' dir='ltr'><strong>lingua</strong></span> <span class='ocrx_word' id='word_1_423' title='bbox 2705 2944 2873 3002; x_wconf 87' lang='lat' dir='ltr'><strong>esset,</strong></span> <span class='ocrx_word' id='word_1_424' title='bbox 2902 2937 2946 2993; x_wconf 89' lang='lat' dir='ltr'><strong>si</strong></span> <span class='ocrx_word' id='word_1_425' title='bbox 2977 2936 3205 3011; x_wconf 89' lang='lat' dir='ltr'><strong>loquens</strong></span> <span class='ocrx_word' id='word_1_426' title='bbox 3240 2942 3531 3017; x_wconf 84' lang='lat' dir='ltr'><strong>hypocrita</strong></span> <span class='ocrx_word' id='word_1_427' title='bbox 3564 2949 3839 3007; x_wconf 76' lang='lat' dir='ltr'><strong>malitiam</strong></span> 
     </span>
    </p>
   </div>
   <div class='ocr_carea' id='block_1_58' title="bbox 2235 3022 2488 3091">
    <p class='ocr_par' dir='ltr' id='par_1_58' title="bbox 2235 3022 2488 3091">
     <span class='ocr_line' id='line_1_58' title="bbox 2235 3022 2488 3091; baseline 0.008 -16"><span class='ocrx_word' id='word_1_428' title='bbox 2235 3022 2488 3091; x_wconf 88' lang='lat' dir='ltr'><strong>aperiret.</strong></span> 
     </span>
    </p>
   </div>
   <div class='ocr_carea' id='block_1_59' title="bbox 2310 3112 3838 3207">
    <p class='ocr_par' dir='ltr' id='par_1_59' title="bbox 2310 3112 3838 3207">
     <span class='ocr_line' id='line_1_59' title="bbox 2310 3112 3838 3207; baseline 0.019 -41"><span class='ocrx_word' id='word_1_429' title='bbox 2310 3131 2329 3207; x_wconf 49' lang='grc' dir='ltr'>ς</span> <span class='ocrx_word' id='word_1_430' title='bbox 2367 3112 2563 3172; x_wconf 85' lang='lat' dir='ltr'><strong>Parcet</strong></span> <span class='ocrx_word' id='word_1_431' title='bbox 2600 3112 2677 3173; x_wconf 86' lang='lat' dir='ltr'><strong>illi</strong></span> <span class='ocrx_word' id='word_1_432' title='bbox 2715 3126 2770 3174; x_wconf 90' lang='lat' dir='ltr'><strong>et</strong></span> <span class='ocrx_word' id='word_1_433' title='bbox 2810 3135 2939 3177; x_wconf 91' lang='lat' dir='ltr'><strong>non.</strong></span> <span class='ocrx_word' id='word_1_434' title='bbox 2974 3141 2994 3175; x_wconf 73' lang='grc' dir='ltr'><strong><em>ι</em></strong></span> <span class='ocrx_word' id='word_1_435' title='bbox 3041 3123 3182 3183; x_wconf 82' lang='lat' dir='ltr'><strong>Malo</strong></span> <span class='ocrx_word' id='word_1_436' title='bbox 3224 3130 3368 3199; x_wconf 77' lang='lat' dir='ltr'><strong>quod</strong></span> <span class='ocrx_word' id='word_1_437' title='bbox 3408 3131 3589 3205; x_wconf 83' lang='lat' dir='ltr'><strong>diligit</strong></span> <span class='ocrx_word' id='word_1_438' title='bbox 3634 3139 3838 3207; x_wconf 80' lang='lat' dir='ltr'><strong>parcit,</strong></span> 
     </span>
    </p>
   </div>
   <div class='ocr_carea' id='block_1_60' title="bbox 2233 3205 3841 3292">
    <p class='ocr_par' dir='ltr' id='par_1_60' title="bbox 2233 3205 3841 3292">
     <span class='ocr_line' id='line_1_60' title="bbox 2233 3205 3841 3292; baseline 0.018 -33"><span class='ocrx_word' id='word_1_439' title='bbox 2233 3205 2326 3275; x_wconf 91' lang='lat' dir='ltr'><strong>qui</strong></span> <span class='ocrx_word' id='word_1_440' title='bbox 2369 3223 2475 3263; x_wconf 92' lang='lat' dir='ltr'><strong>non</strong></span> <span class='ocrx_word' id='word_1_441' title='bbox 2505 3208 2607 3266; x_wconf 89' lang='lat' dir='ltr'><strong>hoc</strong></span> <span class='ocrx_word' id='word_1_442' title='bbox 2639 3211 2957 3280; x_wconf 66' lang='lat' dir='ltr'><strong>paenitendo</strong></span> <span class='ocrx_word' id='word_1_443' title='bbox 2998 3221 3372 3292; x_wconf 83' lang='lat' dir='ltr'><strong>persequitur;</strong></span> <span class='ocrx_word' id='word_1_444' title='bbox 3420 3233 3480 3281; x_wconf 83' lang='lat' dir='ltr'><strong>et</strong></span> <span class='ocrx_word' id='word_1_445' title='bbox 3526 3205 3658 3283; x_wconf 51' lang='lat' dir='ltr'><strong>nort—</strong></span> <span class='ocrx_word' id='word_1_446' title='bbox 3688 3231 3841 3287; x_wconf 73' lang='lat' dir='ltr'><strong>dele-</strong></span> 
     </span>
    </p>
   </div>
   <div class='ocr_carea' id='block_1_61' title="bbox 545 3282 3839 3391">
    <p class='ocr_par' dir='ltr' id='par_1_61' title="bbox 545 3282 3839 3391">
     <span class='ocr_line' id='line_1_61' title="bbox 545 3282 3839 3391; baseline 0.013 -48"><span class='ocrx_word' id='word_1_447' title='bbox 545 3286 661 3391; x_wconf 58' lang='lat' dir='ltr'><strong>dor:</strong></span> <span class='ocrx_word' id='word_1_448' title='bbox 713 3305 733 3338; x_wconf 85' lang='grc'><strong>‹</strong></span> <span class='ocrx_word' id='word_1_449' title='bbox 768 3286 838 3341; x_wconf 89' lang='lat' dir='ltr'><strong>Et</strong></span> <span class='ocrx_word' id='word_1_450' title='bbox 864 3301 1019 3343; x_wconf 90' lang='lat' dir='ltr'><strong>mens</strong></span> <span class='ocrx_word' id='word_1_451' title='bbox 1054 3282 1110 3342; x_wconf 87' lang='lat' dir='ltr'><strong>in</strong></span> <span class='ocrx_word' id='word_1_452' title='bbox 1154 3287 1368 3391; x_wconf 71' lang='lat' dir='ltr'><strong>diversa</strong></span> <span class='ocrx_word' id='word_1_453' title='bbox 1396 3289 1627 3391; x_wconf 73' lang='lat' dir='ltr'><strong>rapitur.</strong></span> <span class='ocrx_word' id='word_1_454' title='bbox 1660 3308 1680 3342; x_wconf 75' lang='grc' dir='ltr'><strong><em>ι</em></strong></span> <span class='ocrx_word' id='word_1_455' title='bbox 1715 3288 2132 3391; x_wconf 41' lang='lat' dir='ltr'><strong>Quando-modo</strong></span> <span class='ocrx_word' id='word_1_456' title='bbox 2158 3299 2205 3364; x_wconf 77' lang='grc' dir='ltr'>ο</span> <span class='ocrx_word' id='word_1_457' title='bbox 2236 3301 2451 3374; x_wconf 77' lang='lat' dir='ltr'><strong>linquit.</strong></span> <span class='ocrx_word' id='word_1_458' title='bbox 2486 3307 2581 3362; x_wconf 88' lang='lat' dir='ltr'><strong>sed</strong></span> <span class='ocrx_word' id='word_1_459' title='bbox 2618 3318 2761 3365; x_wconf 80' lang='lat' dir='ltr'><strong>celat</strong></span> <span class='ocrx_word' id='word_1_460' title='bbox 2798 3311 2851 3367; x_wconf 92' lang='lat' dir='ltr'><strong>in</strong></span> <span class='ocrx_word' id='word_1_461' title='bbox 2892 3282 3130 3385; x_wconf 70' lang='lat' dir='ltr'><strong>gutture,</strong></span> <span class='ocrx_word' id='word_1_462' title='bbox 3166 3282 3292 3391; x_wconf 72' lang='lat' dir='ltr'><strong>quia</strong></span> <span class='ocrx_word' id='word_1_463' title='bbox 3328 3282 3410 3381; x_wconf 80' lang='lat' dir='ltr'><strong>sic</strong></span> <span class='ocrx_word' id='word_1_464' title='bbox 3434 3336 3627 3384; x_wconf 81' lang='lat' dir='ltr'><strong>servat</strong></span> <span class='ocrx_word' id='word_1_465' title='bbox 3660 3282 3839 3389; x_wconf 45' lang='lat' dir='ltr'><strong>si.</strong></span> 
     </span>
    </p>
   </div>
   <div class='ocr_carea' id='block_1_62' title="bbox 544 3375 2131 3450">
    <p class='ocr_par' dir='ltr' id='par_1_62' title="bbox 544 3375 2131 3450">
     <span class='ocr_line' id='line_1_62' title="bbox 544 3375 2131 3450; baseline 0.005 -19"><span class='ocrx_word' id='word_1_466' title='bbox 544 3375 687 3432; x_wconf 89' lang='lat' dir='ltr'><strong>mala</strong></span> <span class='ocrx_word' id='word_1_467' title='bbox 715 3391 838 3447; x_wconf 74' lang='lat' dir='ltr'><strong>qua:</strong></span> <span class='ocrx_word' id='word_1_468' title='bbox 872 3392 1037 3448; x_wconf 88' lang='lat' dir='ltr'><strong>agere</strong></span> <span class='ocrx_word' id='word_1_469' title='bbox 1082 3377 1353 3448; x_wconf 79' lang='lat' dir='ltr'><strong>neglexit,</strong></span> <span class='ocrx_word' id='word_1_470' title='bbox 1393 3379 1557 3435; x_wconf 87' lang='lat' dir='ltr'><strong>modo</strong></span> <span class='ocrx_word' id='word_1_471' title='bbox 1598 3380 2043 3450; x_wconf 81' lang='lat' dir='ltr'><strong>reprehensibilia</strong></span> <span class='ocrx_word' id='word_1_472' title='bbox 2075 3383 2131 3441; x_wconf 90' lang='lat' dir='ltr'><strong>in</strong></span> 
     </span>
    </p>
   </div>
   <div class='ocr_carea' id='block_1_63' title="bbox 543 3466 2134 3538">
    <p class='ocr_par' dir='ltr' id='par_1_63' title="bbox 543 3466 2134 3538">
     <span class='ocr_line' id='line_1_63' title="bbox 543 3466 2134 3538; baseline 0.006 -18"><span class='ocrx_word' id='word_1_473' title='bbox 543 3466 739 3536; x_wconf 84' lang='lat' dir='ltr'><strong>quibus</strong></span> <span class='ocrx_word' id='word_1_474' title='bbox 773 3474 879 3533; x_wconf 87' lang='lat' dir='ltr'><strong>est,</strong></span> <span class='ocrx_word' id='word_1_475' title='bbox 908 3466 1069 3522; x_wconf 91' lang='lat' dir='ltr'><strong>modo</strong></span> <span class='ocrx_word' id='word_1_476' title='bbox 1104 3476 1253 3523; x_wconf 87' lang='lat' dir='ltr'><strong>recta</strong></span> <span class='ocrx_word' id='word_1_477' title='bbox 1284 3483 1404 3538; x_wconf 70' lang='lat' dir='ltr'><strong>quae</strong></span> <span class='ocrx_word' id='word_1_478' title='bbox 1440 3469 1544 3525; x_wconf 87' lang='lat' dir='ltr'><strong>sibi</strong></span> <span class='ocrx_word' id='word_1_479' title='bbox 1580 3470 1758 3527; x_wconf 89' lang='lat' dir='ltr'><strong>adhuc</strong></span> <span class='ocrx_word' id='word_1_480' title='bbox 1781 3472 1974 3530; x_wconf 87' lang='lat' dir='ltr'><strong>deesse</strong></span> <span class='ocrx_word' id='word_1_481' title='bbox 2002 3488 2134 3530; x_wconf 90' lang='lat' dir='ltr'><strong>eon-</strong></span> 
     </span>
    </p>
   </div>
   <div class='ocr_carea' id='block_1_64' title="bbox 542 3555 2132 3631">
    <p class='ocr_par' dir='ltr' id='par_1_64' title="bbox 542 3555 2132 3631">
     <span class='ocr_line' id='line_1_64' title="bbox 542 3555 2132 3631; baseline 0.007 -21"><span class='ocrx_word' id='word_1_482' title='bbox 542 3555 724 3625; x_wconf 89' lang='lat' dir='ltr'><strong>spicit,</strong></span> <span class='ocrx_word' id='word_1_483' title='bbox 774 3556 1011 3614; x_wconf 85' lang='lat' dir='ltr'><strong>sollicito</strong></span> <span class='ocrx_word' id='word_1_484' title='bbox 1062 3573 1263 3630; x_wconf 83' lang='lat' dir='ltr'><strong>pavore</strong></span> <span class='ocrx_word' id='word_1_485' title='bbox 1310 3561 1615 3631; x_wconf 84' lang='lat' dir='ltr'><strong>perpendit.</strong></span> <span class='ocrx_word' id='word_1_486' title='bbox 1645 3561 1741 3618; x_wconf 81' lang='lat' dir='ltr'><strong>isti</strong></span> <span class='ocrx_word' id='word_1_487' title='bbox 1767 3576 1839 3619; x_wconf 82' lang='lat' dir='ltr'><strong>ex</strong></span> <span class='ocrx_word' id='word_1_488' title='bbox 1872 3564 2132 3621; x_wconf 89' lang='lat' dir='ltr'><strong>societate</strong></span> 
     </span>
    </p>
   </div>
   <div class='ocr_carea' id='block_1_65' title="bbox 541 3644 2129 3733">
    <p class='ocr_par' dir='ltr' id='par_1_65' title="bbox 541 3644 2129 3733">
     <span class='ocr_line' id='line_1_65' title="bbox 541 3644 2129 3733; baseline 0.008 -31"><span class='ocrx_word' id='word_1_489' title='bbox 541 3644 644 3703; x_wconf 84' lang='lat' dir='ltr'><strong>Job</strong></span> <span class='ocrx_word' id='word_1_490' title='bbox 674 3656 945 3705; x_wconf 79' lang='lat' dir='ltr'><strong>noverunt</strong></span> <span class='ocrx_word' id='word_1_491' title='bbox 967 3647 1188 3720; x_wconf 88' lang='lat' dir='ltr'><strong>quidem</strong></span> <span class='ocrx_word' id='word_1_492' title='bbox 1236 3658 1383 3707; x_wconf 89' lang='lat' dir='ltr'><strong>recte</strong></span> <span class='ocrx_word' id='word_1_493' title='bbox 1422 3651 1630 3733; x_wconf 81' lang='lat' dir='ltr'><strong>vivere,</strong></span> <span class='ocrx_word' id='word_1_494' title='bbox 1673 3653 1769 3710; x_wconf 91' lang='lat' dir='ltr'><strong>sed</strong></span> <span class='ocrx_word' id='word_1_495' title='bbox 1800 3653 2004 3725; x_wconf 90' lang='lat' dir='ltr'><strong>judicia</strong></span> <span class='ocrx_word' id='word_1_496' title='bbox 2033 3656 2129 3714; x_wconf 87' lang='lat' dir='ltr'><strong>Dei</strong></span> 
     </span>
    </p>
   </div>
   <div class='ocr_carea' id='block_1_66' title="bbox 539 3740 2130 3820">
    <p class='ocr_par' dir='ltr' id='par_1_66' title="bbox 539 3740 2130 3820">
     <span class='ocr_line' id='line_1_66' title="bbox 539 3740 2130 3820; baseline 0.007 -25"><span class='ocrx_word' id='word_1_497' title='bbox 539 3740 813 3796; x_wconf 88' lang='lat' dir='ltr'><strong>subtiliter</strong></span> <span class='ocrx_word' id='word_1_498' title='bbox 857 3756 1089 3813; x_wconf 87' lang='lat' dir='ltr'><strong>pensare</strong></span> <span class='ocrx_word' id='word_1_499' title='bbox 1129 3743 1457 3812; x_wconf 80' lang='lat' dir='ltr'><strong>nescientes,</strong></span> <span class='ocrx_word' id='word_1_500' title='bbox 1490 3743 1667 3814; x_wconf 90' lang='lat' dir='ltr'><strong>justos</strong></span> <span class='ocrx_word' id='word_1_501' title='bbox 1710 3746 1801 3803; x_wconf 90' lang='lat' dir='ltr'><strong>hic</strong></span> <span class='ocrx_word' id='word_1_502' title='bbox 1840 3764 1948 3803; x_wconf 92' lang='lat' dir='ltr'><strong>non</strong></span> <span class='ocrx_word' id='word_1_503' title='bbox 1970 3765 2130 3820; x_wconf 85' lang='lat' dir='ltr'><strong>posse</strong></span> 
     </span>
    </p>
   </div>
   <div class='ocr_carea' id='block_1_67' title="bbox 538 3831 2131 3910">
    <p class='ocr_par' dir='ltr' id='par_1_67' title="bbox 538 3831 2131 3910">
     <span class='ocr_line' id='line_1_67' title="bbox 538 3831 2131 3910; baseline 0.008 -24"><span class='ocrx_word' id='word_1_504' title='bbox 538 3831 752 3904; x_wconf 87' lang='lat' dir='ltr'><strong>percuti</strong></span> <span class='ocrx_word' id='word_1_505' title='bbox 799 3833 1049 3889; x_wconf 89' lang='lat' dir='ltr'><strong>credunt.</strong></span> <span class='ocrx_word' id='word_1_506' title='bbox 1100 3832 1171 3890; x_wconf 85' lang='lat' dir='ltr'><strong>Et</strong></span> <span class='ocrx_word' id='word_1_507' title='bbox 1205 3835 1328 3892; x_wconf 91' lang='lat' dir='ltr'><strong>ideo</strong></span> <span class='ocrx_word' id='word_1_508' title='bbox 1373 3836 1518 3893; x_wconf 91' lang='lat' dir='ltr'><strong>hunc</strong></span> <span class='ocrx_word' id='word_1_509' title='bbox 1559 3837 1822 3910; x_wconf 86' lang='lat' dir='ltr'><strong>suspicati</strong></span> <span class='ocrx_word' id='word_1_510' title='bbox 1859 3850 1987 3897; x_wconf 90' lang='lat' dir='ltr'><strong>sunt</strong></span> <span class='ocrx_word' id='word_1_511' title='bbox 2026 3842 2131 3899; x_wconf 88' lang='lat' dir='ltr'><strong>ini-</strong></span> 
     </span>
    </p>
   </div>
   <div class='ocr_carea' id='block_1_68' title="bbox 538 3922 2129 4003">
    <p class='ocr_par' dir='ltr' id='par_1_68' title="bbox 538 3922 2129 4003">
     <span class='ocr_line' id='line_1_68' title="bbox 538 3922 2129 4003; baseline 0.008 -27"><span class='ocrx_word' id='word_1_512' title='bbox 538 3937 727 3993; x_wconf 92' lang='lat' dir='ltr'><strong>quum,</strong></span> <span class='ocrx_word' id='word_1_513' title='bbox 773 3932 832 3979; x_wconf 91' lang='lat' dir='ltr'><strong>et</strong></span> <span class='ocrx_word' id='word_1_514' title='bbox 871 3922 943 3980; x_wconf 89' lang='lat' dir='ltr'><strong>ad</strong></span> <span class='ocrx_word' id='word_1_515' title='bbox 992 3925 1420 3997; x_wconf 89' lang='lat' dir='ltr'><strong>increpationem</strong></span> <span class='ocrx_word' id='word_1_516' title='bbox 1467 3927 1780 3987; x_wconf 89' lang='lat' dir='ltr'><strong>dilabuntur</strong></span> <span class='ocrx_word' id='word_1_517' title='bbox 1822 3948 1836 3985; x_wconf 91' lang='lat'><strong>:</strong></span> <span class='ocrx_word' id='word_1_518' title='bbox 1873 3932 1941 3987; x_wconf 91' lang='lat' dir='ltr'><strong>ad</strong></span> <span class='ocrx_word' id='word_1_519' title='bbox 1964 3949 2129 4003; x_wconf 67' lang='lat' dir='ltr'><strong>quam</strong></span> 
     </span>
    </p>
   </div>
   <div class='ocr_carea' id='block_1_69' title="bbox 540 4013 2129 4084">
    <p class='ocr_par' dir='ltr' id='par_1_69' title="bbox 540 4013 2129 4084">
     <span class='ocr_line' id='line_1_69' title="bbox 540 4013 2129 4084; baseline 0.008 -16"><span class='ocrx_word' id='word_1_520' title='bbox 540 4020 723 4069; x_wconf 90' lang='lat' dir='ltr'><strong>tamen</strong></span> <span class='ocrx_word' id='word_1_521' title='bbox 752 4013 853 4069; x_wconf 90' lang='lat' dir='ltr'><strong>sub</strong></span> <span class='ocrx_word' id='word_1_522' title='bbox 879 4013 1113 4084; x_wconf 88' lang='lat' dir='ltr'><strong>quadam</strong></span> <span class='ocrx_word' id='word_1_523' title='bbox 1140 4016 1444 4073; x_wconf 88' lang='lat' dir='ltr'><strong>reverentia</strong></span> <span class='ocrx_word' id='word_1_524' title='bbox 1469 4016 1823 4074; x_wconf 89' lang='lat' dir='ltr'><strong>descendunt.</strong></span> <span class='ocrx_word' id='word_1_525' title='bbox 1855 4020 2004 4078; x_wconf 87' lang='lat' dir='ltr'><strong>Unde</strong></span> <span class='ocrx_word' id='word_1_526' title='bbox 2026 4022 2129 4080; x_wconf 90' lang='lat' dir='ltr'><strong>iste</strong></span> 
     </span>
    </p>
   </div>
   <div class='ocr_carea' id='block_1_70' title="bbox 537 4101 739 4158">
    <p class='ocr_par' dir='ltr' id='par_1_70' title="bbox 537 4101 739 4158">
     <span class='ocr_line' id='line_1_70' title="bbox 537 4101 739 4158; baseline 0 0"><span class='ocrx_word' id='word_1_527' title='bbox 537 4101 739 4158; x_wconf 86' lang='lat' dir='ltr'><strong>subdit.</strong></span> 
     </span>
    </p>
   </div>
   <div class='ocr_carea' id='block_1_71' title="bbox 608 4190 2126 4275">
    <p class='ocr_par' dir='ltr' id='par_1_71' title="bbox 608 4190 2126 4275">
     <span class='ocr_line' id='line_1_71' title="bbox 608 4190 2126 4275; baseline 0.008 -26"><span class='ocrx_word' id='word_1_528' title='bbox 608 4190 776 4250; x_wconf 71' lang='lat' dir='ltr'><strong>Vsus.</strong></span> <span class='ocrx_word' id='word_1_529' title='bbox 803 4195 860 4251; x_wconf 71' lang='grc'><strong>5.</strong></span> <span class='ocrx_word' id='word_1_530' title='bbox 888 4220 965 4237; x_wconf 84' lang='lat'><strong>-—</strong></span> <span class='ocrx_word' id='word_1_531' title='bbox 986 4213 1007 4248; x_wconf 70' lang='grc' dir='ltr'>ι</span> <span class='ocrx_word' id='word_1_532' title='bbox 1033 4194 1347 4252; x_wconf 83' lang='lat' dir='ltr'><strong>Doctrinam</strong></span> <span class='ocrx_word' id='word_1_533' title='bbox 1365 4213 1496 4269; x_wconf 90' lang='lat' dir='ltr'><strong>qua,</strong></span> <span class='ocrx_word' id='word_1_534' title='bbox 1517 4207 1624 4255; x_wconf 89' lang='lat' dir='ltr'><strong>etc.</strong></span> <span class='ocrx_word' id='word_1_535' title='bbox 1655 4217 1673 4251; x_wconf 71' lang='lat' dir='ltr'><strong>i</strong></span> <span class='ocrx_word' id='word_1_536' title='bbox 1705 4197 1893 4275; x_wconf 68' lang='lat' dir='ltr'><strong>(Ibid)</strong></span> <span class='ocrx_word' id='word_1_537' title='bbox 1920 4202 2126 4272; x_wconf 87' lang='lat' dir='ltr'><strong>Quibus</strong></span> 
     </span>
    </p>
   </div>
   <div class='ocr_carea' id='block_1_72' title="bbox 535 4280 2125 4363">
    <p class='ocr_par' dir='ltr' id='par_1_72' title="bbox 535 4280 2125 4363">
     <span class='ocr_line' id='line_1_72' title="bbox 535 4280 2125 4363; baseline 0.008 -21"><span class='ocrx_word' id='word_1_538' title='bbox 535 4280 814 4343; x_wconf 78' lang='lat' dir='ltr'><strong>moderate</strong></span> <span class='ocrx_word' id='word_1_539' title='bbox 839 4288 1153 4360; x_wconf 58' lang='lat' dir='ltr'><strong>praemissis,</strong></span> <span class='ocrx_word' id='word_1_540' title='bbox 1176 4295 1308 4356; x_wconf 89' lang='lat' dir='ltr'><strong>etc.,</strong></span> <span class='ocrx_word' id='word_1_541' title='bbox 1342 4304 1503 4363; x_wconf 77' lang='lat' dir='ltr'><strong>usque</strong></span> <span class='ocrx_word' id='word_1_542' title='bbox 1539 4291 1610 4347; x_wconf 83' lang='lat' dir='ltr'><strong>ad</strong></span> <span class='ocrx_word' id='word_1_543' title='bbox 1658 4300 1714 4348; x_wconf 90' lang='lat' dir='ltr'><strong>et</strong></span> <span class='ocrx_word' id='word_1_544' title='bbox 1760 4292 1865 4350; x_wconf 90' lang='lat' dir='ltr'><strong>hoc</strong></span> <span class='ocrx_word' id='word_1_545' title='bbox 1907 4294 2125 4355; x_wconf 90' lang='lat' dir='ltr'><strong>invenio</strong></span> 
     </span>
    </p>
   </div>
   <div class='ocr_carea' id='block_1_73' title="bbox 534 4379 1410 4452">
    <p class='ocr_par' dir='ltr' id='par_1_73' title="bbox 534 4379 1410 4452">
     <span class='ocr_line' id='line_1_73' title="bbox 534 4379 1410 4452; baseline 0 -17"><span class='ocrx_word' id='word_1_546' title='bbox 534 4379 681 4451; x_wconf 83' lang='lat' dir='ltr'><strong>quod</strong></span> <span class='ocrx_word' id='word_1_547' title='bbox 708 4397 728 4431; x_wconf 76' lang='grc' dir='ltr'>ι</span> <span class='ocrx_word' id='word_1_548' title='bbox 756 4379 877 4437; x_wconf 89' lang='lat' dir='ltr'><strong>laus</strong></span> <span class='ocrx_word' id='word_1_549' title='bbox 903 4381 1217 4452; x_wconf 90' lang='lat' dir='ltr'><strong>impiorum,</strong></span> <span class='ocrx_word' id='word_1_550' title='bbox 1249 4388 1356 4438; x_wconf 90' lang='lat' dir='ltr'><strong>etc.</strong></span> <span class='ocrx_word' id='word_1_551' title='bbox 1389 4401 1410 4435; x_wconf 70' lang='grc' dir='ltr'><strong><em>ι</em></strong></span> 
     </span>
    </p>
   </div>
   <div class='ocr_carea' id='block_1_74' title="bbox 607 4466 2123 4547">
    <p class='ocr_par' dir='ltr' id='par_1_74' title="bbox 607 4466 2123 4547">
     <span class='ocr_line' id='line_1_74' title="bbox 607 4466 2123 4547; baseline 0.007 -22"><span class='ocrx_word' id='word_1_552' title='bbox 607 4466 775 4526; x_wconf 78' lang='lat' dir='ltr'><strong>Vsus.</strong></span> <span class='ocrx_word' id='word_1_553' title='bbox 805 4469 861 4527; x_wconf 75' lang='grc'><strong>4.</strong></span> <span class='ocrx_word' id='word_1_554' title='bbox 889 4501 959 4512; x_wconf 90' lang='grc'><strong><em>-</em></strong></span> <span class='ocrx_word' id='word_1_555' title='bbox 999 4490 1020 4524; x_wconf 84' lang='grc'><em>‹</em></span> <span class='ocrx_word' id='word_1_556' title='bbox 1056 4470 1172 4530; x_wconf 81' lang='lat' dir='ltr'><strong>Hoc</strong></span> <span class='ocrx_word' id='word_1_557' title='bbox 1206 4473 1321 4530; x_wconf 88' lang='lat' dir='ltr'><strong>scio</strong></span> <span class='ocrx_word' id='word_1_558' title='bbox 1347 4488 1381 4529; x_wconf 91' lang='lat' dir='ltr'><strong>a</strong></span> <span class='ocrx_word' id='word_1_559' title='bbox 1407 4473 1698 4547; x_wconf 89' lang='lat' dir='ltr'><strong>principio.</strong></span> <span class='ocrx_word' id='word_1_560' title='bbox 1736 4495 1756 4530; x_wconf 72' lang='grc' dir='ltr'><strong><em>ι</em></strong></span> <span class='ocrx_word' id='word_1_561' title='bbox 1795 4475 1856 4534; x_wconf 90' lang='lat' dir='ltr'><strong>Si</strong></span> <span class='ocrx_word' id='word_1_562' title='bbox 1883 4478 2027 4535; x_wconf 89' lang='lat' dir='ltr'><strong>enim</strong></span> <span class='ocrx_word' id='word_1_563' title='bbox 2053 4479 2123 4536; x_wconf 91' lang='lat' dir='ltr'><strong>ab</strong></span> 
     </span>
    </p>
   </div>
   <div class='ocr_carea' id='block_1_75' title="bbox 533 4558 2124 4641">
    <p class='ocr_par' dir='ltr' id='par_1_75' title="bbox 533 4558 2124 4641">
     <span class='ocr_line' id='line_1_75' title="bbox 533 4558 2124 4641; baseline 0.006 -26"><span class='ocrx_word' id='word_1_564' title='bbox 533 4558 654 4631; x_wconf 88' lang='lat' dir='ltr'><strong>ipso</strong></span> <span class='ocrx_word' id='word_1_565' title='bbox 695 4558 918 4616; x_wconf 84' lang='lat' dir='ltr'><strong>humani</strong></span> <span class='ocrx_word' id='word_1_566' title='bbox 952 4562 1167 4633; x_wconf 87' lang='lat' dir='ltr'><strong>generis</strong></span> <span class='ocrx_word' id='word_1_567' title='bbox 1201 4570 1397 4619; x_wconf 82' lang='lat' dir='ltr'><strong>exortu</strong></span> <span class='ocrx_word' id='word_1_568' title='bbox 1446 4576 1618 4634; x_wconf 92' lang='lat' dir='ltr'><strong>usque</strong></span> <span class='ocrx_word' id='word_1_569' title='bbox 1659 4565 1728 4621; x_wconf 90' lang='lat' dir='ltr'><strong>ad</strong></span> <span class='ocrx_word' id='word_1_570' title='bbox 1766 4566 1870 4623; x_wconf 89' lang='lat' dir='ltr'><strong>hoc</strong></span> <span class='ocrx_word' id='word_1_571' title='bbox 1911 4576 2124 4641; x_wconf 89' lang='lat' dir='ltr'><strong>tempus</strong></span> 
     </span>
    </p>
   </div>
   <div class='ocr_carea' id='block_1_76' title="bbox 2234 3392 3435 3477">
    <p class='ocr_par' dir='ltr' id='par_1_76' title="bbox 2234 3392 3435 3477">
     <span class='ocr_line' id='line_1_76' title="bbox 2234 3392 3435 3477; baseline 0.021 -31"><span class='ocrx_word' id='word_1_572' title='bbox 2234 3392 2516 3463; x_wconf 87' lang='lat' dir='ltr'><strong>gitatione,</strong></span> <span class='ocrx_word' id='word_1_573' title='bbox 2546 3407 2908 3473; x_wconf 88' lang='lat' dir='ltr'><strong>utnunquam</strong></span> <span class='ocrx_word' id='word_1_574' title='bbox 2936 3407 3177 3477; x_wconf 89' lang='lat' dir='ltr'><strong>proferat</strong></span> <span class='ocrx_word' id='word_1_575' title='bbox 3203 3412 3259 3466; x_wconf 91' lang='lat' dir='ltr'><strong>in</strong></span> <span class='ocrx_word' id='word_1_576' title='bbox 3284 3429 3435 3471; x_wconf 87' lang='lat' dir='ltr'><strong>voce.</strong></span> 
     </span>
    </p>
   </div>
   <div class='ocr_carea' id='block_1_77' title="bbox 2306 3487 3837 3581">
    <p class='ocr_par' dir='ltr' id='par_1_77' title="bbox 2306 3487 3837 3581">
     <span class='ocr_line' id='line_1_77' title="bbox 2306 3487 3837 3581; baseline 0.022 -41"><span class='ocrx_word' id='word_1_577' title='bbox 2306 3487 2519 3562; x_wconf 46' lang='lat' dir='ltr'><strong>(item)</strong></span> <span class='ocrx_word' id='word_1_578' title='bbox 2540 3490 2597 3546; x_wconf 86' lang='lat' dir='ltr'><strong>Id</strong></span> <span class='ocrx_word' id='word_1_579' title='bbox 2613 3501 2715 3559; x_wconf 90' lang='lat' dir='ltr'><strong>est,</strong></span> <span class='ocrx_word' id='word_1_580' title='bbox 2739 3496 2941 3567; x_wconf 89' lang='lat' dir='ltr'><strong>palpat,</strong></span> <span class='ocrx_word' id='word_1_581' title='bbox 2970 3498 3120 3558; x_wconf 85' lang='lat' dir='ltr'><strong>fovet</strong></span> <span class='ocrx_word' id='word_1_582' title='bbox 3144 3513 3199 3560; x_wconf 90' lang='lat' dir='ltr'><strong>et</strong></span> <span class='ocrx_word' id='word_1_583' title='bbox 3228 3509 3401 3563; x_wconf 82' lang='lat' dir='ltr'><strong>nutrit</strong></span> <span class='ocrx_word' id='word_1_584' title='bbox 3415 3510 3633 3569; x_wconf 81' lang='lat' dir='ltr'><strong>malum</strong></span> <span class='ocrx_word' id='word_1_585' title='bbox 3646 3529 3837 3581; x_wconf 65' lang='lat' dir='ltr'><strong>unm,</strong></span> 
     </span>
    </p>
   </div>
   <div class='ocr_carea' id='block_1_78' title="bbox 2233 3581 3841 3669">
    <p class='ocr_par' dir='ltr' id='par_1_78' title="bbox 2233 3581 3841 3669">
     <span class='ocr_line' id='line_1_78' title="bbox 2233 3581 3841 3669; baseline 0.018 -31"><span class='ocrx_word' id='word_1_586' title='bbox 2233 3591 2287 3638; x_wconf 87' lang='lat' dir='ltr'><strong>et</strong></span> <span class='ocrx_word' id='word_1_587' title='bbox 2308 3581 2582 3641; x_wconf 88' lang='lat' dir='ltr'><strong>delectans</strong></span> <span class='ocrx_word' id='word_1_588' title='bbox 2608 3599 2668 3640; x_wconf 91' lang='lat' dir='ltr'><strong>se</strong></span> <span class='ocrx_word' id='word_1_589' title='bbox 2690 3585 2744 3641; x_wconf 92' lang='lat' dir='ltr'><strong>in</strong></span> <span class='ocrx_word' id='word_1_590' title='bbox 2771 3587 2883 3657; x_wconf 87' lang='lat' dir='ltr'><strong>illo,</strong></span> <span class='ocrx_word' id='word_1_591' title='bbox 2910 3606 3187 3664; x_wconf 87' lang='lat' dir='ltr'><strong>nunquam</strong></span> <span class='ocrx_word' id='word_1_592' title='bbox 3204 3599 3436 3669; x_wconf 63' lang='lat' dir='ltr'><strong>panitet</strong></span> <span class='ocrx_word' id='word_1_593' title='bbox 3454 3610 3518 3657; x_wconf 87' lang='lat' dir='ltr'><strong>ut</strong></span> <span class='ocrx_word' id='word_1_594' title='bbox 3540 3605 3615 3661; x_wconf 87' lang='lat' dir='ltr'><strong>ab</strong></span> <span class='ocrx_word' id='word_1_595' title='bbox 3630 3621 3708 3664; x_wconf 84' lang='lat' dir='ltr'><strong>eo</strong></span> <span class='ocrx_word' id='word_1_596' title='bbox 3731 3608 3841 3666; x_wconf 59' lang='grc' dir='ltr'><strong>ἄδι</strong></span> 
     </span>
    </p>
   </div>
   <div class='ocr_carea' id='block_1_79' title="bbox 2303 3763 3837 3866">
    <p class='ocr_par' dir='ltr' id='par_1_79' title="bbox 2303 3763 3837 3866">
     <span class='ocr_line' id='line_1_79' title="bbox 2303 3763 3837 3866; baseline 0.021 -47"><span class='ocrx_word' id='word_1_597' title='bbox 2303 3763 2468 3866; x_wconf 75' lang='lat' dir='ltr'><strong>Vsus.</strong></span> <span class='ocrx_word' id='word_1_598' title='bbox 2501 3768 2590 3824; x_wconf 80' lang='grc'><strong>14.</strong></span> <span class='ocrx_word' id='word_1_599' title='bbox 2625 3801 2697 3811; x_wconf 91' lang='grc'><strong>-</strong></span> <span class='ocrx_word' id='word_1_600' title='bbox 2734 3789 2753 3823; x_wconf 74' lang='grc' dir='ltr'>ι</span> <span class='ocrx_word' id='word_1_601' title='bbox 2786 3770 2957 3831; x_wconf 88' lang='lat' dir='ltr'><strong>Panis</strong></span> <span class='ocrx_word' id='word_1_602' title='bbox 2988 3774 3106 3846; x_wconf 87' lang='lat' dir='ltr'><strong>ejus</strong></span> <span class='ocrx_word' id='word_1_603' title='bbox 3133 3779 3191 3835; x_wconf 92' lang='lat' dir='ltr'><strong>in</strong></span> <span class='ocrx_word' id='word_1_604' title='bbox 3230 3789 3404 3842; x_wconf 82' lang='lat' dir='ltr'><strong>utero.</strong></span> <span class='ocrx_word' id='word_1_605' title='bbox 3442 3806 3462 3841; x_wconf 75' lang='grc' dir='ltr'>ι</span> <span class='ocrx_word' id='word_1_606' title='bbox 3490 3787 3837 3866; x_wconf 73' lang='lat' dir='ltr'><strong>Plerumque</strong></span> 
     </span>
    </p>
   </div>
   <div class='ocr_carea' id='block_1_80' title="bbox 2231 3854 3837 3947">
    <p class='ocr_par' dir='ltr' id='par_1_80' title="bbox 2231 3854 3837 3947">
     <span class='ocr_line' id='line_1_80' title="bbox 2231 3854 3837 3947; baseline 0.019 -36"><span class='ocrx_word' id='word_1_607' title='bbox 2231 3854 2513 3928; x_wconf 86' lang='lat' dir='ltr'><strong>hypocrita</strong></span> <span class='ocrx_word' id='word_1_608' title='bbox 2554 3875 2696 3932; x_wconf 88' lang='lat' dir='ltr'><strong>pane</strong></span> <span class='ocrx_word' id='word_1_609' title='bbox 2716 3865 2859 3920; x_wconf 83' lang='lat' dir='ltr'><strong>sacri</strong></span> <span class='ocrx_word' id='word_1_610' title='bbox 2890 3866 3096 3939; x_wconf 91' lang='lat' dir='ltr'><strong>eloquii</strong></span> <span class='ocrx_word' id='word_1_611' title='bbox 3132 3873 3342 3929; x_wconf 89' lang='lat' dir='ltr'><strong>erudiri</strong></span> <span class='ocrx_word' id='word_1_612' title='bbox 3381 3878 3593 3947; x_wconf 87' lang='lat' dir='ltr'><strong>studet,</strong></span> <span class='ocrx_word' id='word_1_613' title='bbox 3624 3854 3837 3939; x_wconf 52' lang='lat' dir='ltr'><strong>non-at</strong></span> 
     </span>
    </p>
   </div>
   <div class='ocr_carea' id='block_1_81' title="bbox 2228 3947 3832 4030">
    <p class='ocr_par' dir='ltr' id='par_1_81' title="bbox 2228 3947 3832 4030">
     <span class='ocr_line' id='line_1_81' title="bbox 2228 3947 3832 4030; baseline 0.019 -31"><span class='ocrx_word' id='word_1_614' title='bbox 2228 3947 2481 4015; x_wconf 89' lang='lat' dir='ltr'><strong>eovivat,</strong></span> <span class='ocrx_word' id='word_1_615' title='bbox 2518 3951 2612 4007; x_wconf 90' lang='lat' dir='ltr'><strong>sed</strong></span> <span class='ocrx_word' id='word_1_616' title='bbox 2652 3961 2706 4008; x_wconf 86' lang='lat' dir='ltr'><strong>ut</strong></span> <span class='ocrx_word' id='word_1_617' title='bbox 2744 3955 2939 4013; x_wconf 89' lang='lat' dir='ltr'><strong>doctus</strong></span> <span class='ocrx_word' id='word_1_618' title='bbox 2963 3970 3253 4030; x_wconf 84' lang='lat' dir='ltr'><strong>appareat;</strong></span> <span class='ocrx_word' id='word_1_619' title='bbox 3282 3964 3379 4019; x_wconf 88' lang='lat' dir='ltr'><strong>sed</strong></span> <span class='ocrx_word' id='word_1_620' title='bbox 3404 3966 3534 4022; x_wconf 81' lang='lat' dir='ltr'><strong>dum</strong></span> <span class='ocrx_word' id='word_1_621' title='bbox 3557 3969 3832 4028; x_wconf 80' lang='lat' dir='ltr'><strong>doctrina:</strong></span> 
     </span>
    </p>
   </div>
   <div class='ocr_carea' id='block_1_82' title="bbox 2230 4037 3833 4131">
    <p class='ocr_par' dir='ltr' id='par_1_82' title="bbox 2230 4037 3833 4131">
     <span class='ocr_line' id='line_1_82' title="bbox 2230 4037 3833 4131; baseline 0.019 -41"><span class='ocrx_word' id='word_1_622' title='bbox 2230 4037 2453 4131; x_wconf 77' lang='lat' dir='ltr'><strong>verbum</strong></span> <span class='ocrx_word' id='word_1_623' title='bbox 2479 4080 2497 4106; x_wconf 85' lang='lat'><strong>,</strong></span> <span class='ocrx_word' id='word_1_624' title='bbox 2538 4043 2682 4112; x_wconf 90' lang='lat' dir='ltr'><strong>quod</strong></span> <span class='ocrx_word' id='word_1_625' title='bbox 2712 4045 2853 4103; x_wconf 81' lang='lat' dir='ltr'><strong>male</strong></span> <span class='ocrx_word' id='word_1_626' title='bbox 2880 4050 3096 4119; x_wconf 66' lang='lat' dir='ltr'><strong>quaerit,</strong></span> <span class='ocrx_word' id='word_1_627' title='bbox 3125 4066 3293 4123; x_wconf 78' lang='lat' dir='ltr'><strong>prave</strong></span> <span class='ocrx_word' id='word_1_628' title='bbox 3325 4056 3583 4131; x_wconf 84' lang='lat' dir='ltr'><strong>intelligit</strong></span> <span class='ocrx_word' id='word_1_629' title='bbox 3604 4102 3622 4127; x_wconf 86' lang='lat'><strong>,</strong></span> <span class='ocrx_word' id='word_1_630' title='bbox 3673 4074 3733 4118; x_wconf 82' lang='lat' dir='ltr'><strong>et</strong></span> <span class='ocrx_word' id='word_1_631' title='bbox 3778 4065 3833 4120; x_wconf 89' lang='lat' dir='ltr'><strong>in</strong></span> 
     </span>
    </p>
   </div>
   <div class='ocr_carea' id='block_1_83' title="bbox 2229 4127 3835 4230">
    <p class='ocr_par' dir='ltr' id='par_1_83' title="bbox 2229 4127 3835 4230">
     <span class='ocr_line' id='line_1_83' title="bbox 2229 4127 3835 4230; baseline 0.021 -47"><span class='ocrx_word' id='word_1_632' title='bbox 2229 4127 2465 4230; x_wconf 68' lang='lat' dir='ltr'><strong>bazreses</strong></span> <span class='ocrx_word' id='word_1_633' title='bbox 2499 4133 2700 4192; x_wconf 88' lang='lat' dir='ltr'><strong>labitur</strong></span> <span class='ocrx_word' id='word_1_634' title='bbox 2741 4157 2755 4192; x_wconf 88' lang='lat'><strong>:</strong></span> <span class='ocrx_word' id='word_1_635' title='bbox 2798 4141 3062 4215; x_wconf 87' lang='lat' dir='ltr'><strong>contingit</strong></span> <span class='ocrx_word' id='word_1_636' title='bbox 3088 4145 3142 4201; x_wconf 86' lang='lat' dir='ltr'><strong>ei</strong></span> <span class='ocrx_word' id='word_1_637' title='bbox 3167 4156 3229 4202; x_wconf 89' lang='lat' dir='ltr'><strong>ut</strong></span> <span class='ocrx_word' id='word_1_638' title='bbox 3257 4149 3400 4206; x_wconf 83' lang='lat' dir='ltr'><strong>sicut</strong></span> <span class='ocrx_word' id='word_1_639' title='bbox 3424 4127 3656 4213; x_wconf 35' lang='lat' dir='ltr'><strong>devfelle</strong></span> <span class='ocrx_word' id='word_1_640' title='bbox 3684 4160 3835 4230; x_wconf 73' lang='lat' dir='ltr'><strong>aspi-</strong></span> 
     </span>
    </p>
   </div>
   <div class='ocr_carea' id='block_1_84' title="bbox 2229 4219 3828 4319">
    <p class='ocr_par' dir='ltr' id='par_1_84' title="bbox 2229 4219 3828 4319">
     <span class='ocr_line' id='line_1_84' title="bbox 2229 4219 3828 4319; baseline 0.019 -44"><span class='ocrx_word' id='word_1_641' title='bbox 2229 4219 2378 4319; x_wconf 83' lang='lat' dir='ltr'><strong>dum,</strong></span> <span class='ocrx_word' id='word_1_642' title='bbox 2423 4225 2502 4319; x_wconf 84' lang='lat' dir='ltr'><strong>sic</strong></span> <span class='ocrx_word' id='word_1_643' title='bbox 2539 4230 2802 4285; x_wconf 91' lang='lat' dir='ltr'><strong>moriatur</strong></span> <span class='ocrx_word' id='word_1_644' title='bbox 2839 4232 2908 4289; x_wconf 90' lang='lat' dir='ltr'><strong>de</strong></span> <span class='ocrx_word' id='word_1_645' title='bbox 2938 4248 3097 4306; x_wconf 89' lang='lat' dir='ltr'><strong>pane.</strong></span> <span class='ocrx_word' id='word_1_646' title='bbox 3132 4236 3237 4294; x_wconf 90' lang='lat' dir='ltr'><strong>Sed</strong></span> <span class='ocrx_word' id='word_1_647' title='bbox 3277 4242 3403 4311; x_wconf 85' lang='lat' dir='ltr'><strong>quia</strong></span> <span class='ocrx_word' id='word_1_648' title='bbox 3441 4242 3541 4299; x_wconf 86' lang='lat' dir='ltr'><strong>Dei</strong></span> <span class='ocrx_word' id='word_1_649' title='bbox 3579 4219 3828 4319; x_wconf 76' lang='lat' dir='ltr'><strong>eloquia,</strong></span> 
     </span>
    </p>
   </div>
   <div class='ocr_carea' id='block_1_85' title="bbox 2225 4311 3830 4405">
    <p class='ocr_par' dir='ltr' id='par_1_85' title="bbox 2225 4311 3830 4405">
     <span class='ocr_line' id='line_1_85' title="bbox 2225 4311 3830 4405; baseline 0.019 -39"><span class='ocrx_word' id='word_1_650' title='bbox 2225 4311 2391 4405; x_wconf 70' lang='lat' dir='ltr'><strong>etiam</strong></span> <span class='ocrx_word' id='word_1_651' title='bbox 2436 4315 2483 4373; x_wconf 90' lang='lat' dir='ltr'><strong>si</strong></span> <span class='ocrx_word' id='word_1_652' title='bbox 2511 4327 2660 4374; x_wconf 90' lang='lat' dir='ltr'><strong>recte</strong></span> <span class='ocrx_word' id='word_1_653' title='bbox 2694 4321 2977 4394; x_wconf 86' lang='lat' dir='ltr'><strong>intelligat,</strong></span> <span class='ocrx_word' id='word_1_654' title='bbox 3008 4326 3063 4381; x_wconf 92' lang='lat' dir='ltr'><strong>in</strong></span> <span class='ocrx_word' id='word_1_655' title='bbox 3106 4342 3271 4399; x_wconf 90' lang='lat' dir='ltr'><strong>opere</strong></span> <span class='ocrx_word' id='word_1_656' title='bbox 3309 4344 3659 4405; x_wconf 85' lang='lat' dir='ltr'><strong>nequaquam</strong></span> 
     </span>
    </p>
   </div>
   <div class='ocr_carea' id='block_1_86' title="bbox 2226 4400 3829 4547">
    <p class='ocr_par' dir='ltr' id='par_1_86' title="bbox 2226 4400 3829 4547">
     <span class='ocr_line' id='line_1_86' title="bbox 2226 4400 3829 4547; baseline 0.021 -91"><span class='ocrx_word' id='word_1_657' title='bbox 2226 4414 2336 4547; x_wconf 69' lang='lat' dir='ltr'><strong>valt,</strong></span> <span class='ocrx_word' id='word_1_658' title='bbox 2355 4400 2423 4507; x_wconf 44' lang='lat' dir='ltr'><strong>.in</strong></span> <span class='ocrx_word' id='word_1_659' title='bbox 2459 4410 2713 4477; x_wconf 67' lang='lat' dir='ltr'><strong>praesenti</strong></span> <span class='ocrx_word' id='word_1_660' title='bbox 2740 4411 2851 4468; x_wconf 86' lang='lat' dir='ltr'><strong>vita</strong></span> <span class='ocrx_word' id='word_1_661' title='bbox 2882 4416 3100 4485; x_wconf 88' lang='lat' dir='ltr'><strong>perdit,</strong></span> <span class='ocrx_word' id='word_1_662' title='bbox 3142 4428 3206 4475; x_wconf 91' lang='lat' dir='ltr'><strong>ut</strong></span> <span class='ocrx_word' id='word_1_663' title='bbox 3242 4400 3455 4480; x_wconf 78' lang='lat' dir='ltr'><strong>nesciat</strong></span> <span class='ocrx_word' id='word_1_664' title='bbox 3658 4445 3829 4503; x_wconf 75' lang='lat' dir='ltr'><strong>agere</strong></span> 
     </span>
     <span class='ocr_line' id='line_1_87' title="bbox 2226 4503 2415 4547; baseline 0.005 -1"><span class='ocrx_word' id='word_1_665' title='bbox 2226 4507 2295 4547; x_wconf 74' lang='grc' dir='ltr'><strong>νο</strong></span> <span class='ocrx_word' id='word_1_666' title='bbox 2317 4503 2415 4547; x_wconf 79' lang='grc'><strong>1111..</strong></span> 
     </span>
    </p>
   </div>
   <div class='ocr_carea' id='block_1_87' title="bbox 2226 4494 2415 4551">
    <p class='ocr_par' dir='ltr' id='par_1_87' title="bbox 2226 4494 2415 4551">
     <span class='ocr_line' id='line_1_88' title="bbox 2226 4494 2415 4551; baseline 0.016 -5"><span class='ocrx_word' id='word_1_667' title='bbox 2226 4494 2415 4551; x_wconf 88' lang='lat' dir='ltr'><strong>voluit.</strong></span> 
     </span>
    </p>
   </div>
   <div class='ocr_carea' id='block_1_88' title="bbox 2301 4582 3829 4685">
    <p class='ocr_par' dir='ltr' id='par_1_88' title="bbox 2301 4582 3829 4685">
     <span class='ocr_line' id='line_1_89' title="bbox 2301 4582 3829 4685; baseline 0.023 -44"><span class='ocrx_word' id='word_1_668' title='bbox 2301 4582 2467 4685; x_wconf 59' lang='lat' dir='ltr'><strong>Vitas.</strong></span> <span class='ocrx_word' id='word_1_669' title='bbox 2512 4586 2599 4647; x_wconf 77' lang='grc'><strong>15.</strong></span> <span class='ocrx_word' id='word_1_670' title='bbox 2650 4615 2784 4651; x_wconf 67' lang='grc' dir='ltr'><strong>-ηοι</strong></span> <span class='ocrx_word' id='word_1_671' title='bbox 2816 4597 3063 4658; x_wconf 87' lang='lat' dir='ltr'><strong>Divitias.</strong></span> <span class='ocrx_word' id='word_1_672' title='bbox 3102 4623 3123 4657; x_wconf 78' lang='grc' dir='ltr'><strong><em>ι</em></strong></span> <span class='ocrx_word' id='word_1_673' title='bbox 3173 4604 3357 4664; x_wconf 76' lang='lat' dir='ltr'><strong>Sacrae</strong></span> <span class='ocrx_word' id='word_1_674' title='bbox 3390 4609 3526 4681; x_wconf 76' lang='lat' dir='ltr'><strong>legis</strong></span> <span class='ocrx_word' id='word_1_675' title='bbox 3560 4628 3712 4685; x_wconf 77' lang='lat' dir='ltr'><strong>quas</strong></span> <span class='ocrx_word' id='word_1_676' title='bbox 3750 4619 3829 4675; x_wconf 82' lang='lat' dir='ltr'><strong>le-</strong></span> 
     </span>
    </p>
   </div>
   <div class='ocr_carea' id='block_1_89' title="bbox 534 4648 2132 4775">
    <p class='ocr_par' dir='ltr' id='par_1_89' title="bbox 534 4654 2119 4775">
     <span class='ocr_line' id='line_1_90' title="bbox 534 4654 2119 4734; baseline 0.005 -24"><span class='ocrx_word' id='word_1_677' title='bbox 534 4654 735 4710; x_wconf 88' lang='lat' dir='ltr'><strong>mentis</strong></span> <span class='ocrx_word' id='word_1_678' title='bbox 777 4654 964 4712; x_wconf 88' lang='lat' dir='ltr'><strong>oculos</strong></span> <span class='ocrx_word' id='word_1_679' title='bbox 1010 4656 1291 4725; x_wconf 86' lang='lat' dir='ltr'><strong>ducimus,</strong></span> <span class='ocrx_word' id='word_1_680' title='bbox 1340 4674 1503 4715; x_wconf 90' lang='lat' dir='ltr'><strong>omne</strong></span> <span class='ocrx_word' id='word_1_681' title='bbox 1545 4660 1688 4731; x_wconf 90' lang='lat' dir='ltr'><strong>quod</strong></span> <span class='ocrx_word' id='word_1_682' title='bbox 1733 4660 1877 4717; x_wconf 83' lang='lat' dir='ltr'><strong>ﬁniri</strong></span> <span class='ocrx_word' id='word_1_683' title='bbox 1902 4664 2119 4734; x_wconf 89' lang='lat' dir='ltr'><strong>potuit,</strong></span> 
     </span>
     <span class='ocr_line' id='line_1_91' title="bbox 534 4744 1371 4775; baseline 0 0"><span class='ocrx_word' id='word_1_684' title='bbox 534 4760 698 4775; x_wconf 67' lang='grc' dir='ltr'><strong>...ιιι-ιη</strong></span> <span class='ocrx_word' id='word_1_685' title='bbox 723 4746 891 4775; x_wconf 57' lang='grc' dir='ltr'><strong>λιθία.</strong></span> <span class='ocrx_word' id='word_1_686' title='bbox 911 4744 1075 4775; x_wconf 56' lang='grc' dir='ltr'><strong>ουκ-,ιι</strong></span> <span class='ocrx_word' id='word_1_687' title='bbox 1127 4747 1371 4775; x_wconf 58' lang='grc' dir='ltr'><strong>ονὲᾹΛω..-</strong></span> 
     </span>
    </p>
   </div>
   <div class='ocr_carea' id='block_1_90' title="bbox 2253 4648 3827 4775">
    <p class='ocr_par' dir='ltr' id='par_1_90' title="bbox 2253 4648 3827 4775">
     <span class='ocr_line' id='line_1_92' title="bbox 2724 4648 3827 4675; baseline 0.019 -24"><span class='ocrx_word' id='word_1_688' title='bbox 2724 4648 2739 4651; x_wconf 80' lang='lat'>_</span> <span class='ocrx_word' id='word_1_689' title='bbox 2816 4648 2881 4655; x_wconf 81' lang='lat'><strong>_-</strong></span> <span class='ocrx_word' id='word_1_690' title='bbox 2919 4648 3063 4658; x_wconf 59' lang='grc' dir='ltr'><strong>ω...</strong></span> <span class='ocrx_word' id='word_1_691' title='bbox 3102 4648 3121 4657; x_wconf 85' lang='grc'><strong>-</strong></span> <span class='ocrx_word' id='word_1_692' title='bbox 3175 4648 3356 4664; x_wconf 60' lang='grc' dir='ltr'><strong>...μου</strong></span> <span class='ocrx_word' id='word_1_693' title='bbox 3390 4648 3404 4663; x_wconf 90' lang='grc'><strong>.</strong></span> <span class='ocrx_word' id='word_1_694' title='bbox 3476 4648 3526 4668; x_wconf 67' lang='grc' dir='ltr'><strong>..τ</strong></span> <span class='ocrx_word' id='word_1_695' title='bbox 3608 4648 3712 4672; x_wconf 72' lang='grc' dir='ltr'><strong>ι...</strong></span> <span class='ocrx_word' id='word_1_696' title='bbox 3750 4648 3827 4675; x_wconf 69' lang='grc' dir='ltr'><strong>η-</strong></span> 
     </span>
     <span class='ocr_line' id='line_1_93' title="bbox 2253 4648 3827 4775; baseline 0.024 -42"><span class='ocrx_word' id='word_1_697' title='bbox 2253 4678 2400 4744; x_wconf 73' lang='lat' dir='ltr'><strong>:endo</strong></span> <span class='ocrx_word' id='word_1_698' title='bbox 2436 4678 2735 4753; x_wconf 88' lang='lat' dir='ltr'><strong>devoravit,</strong></span> <span class='ocrx_word' id='word_1_699' title='bbox 2775 4690 3143 4753; x_wconf 80' lang='lat' dir='ltr'><strong>obliviscenda</strong></span> <span class='ocrx_word' id='word_1_700' title='bbox 3180 4648 3473 4758; x_wconf 50' lang='lat' dir='ltr'><strong>evometvza</strong></span> <span class='ocrx_word' id='word_1_701' title='bbox 3494 4648 3641 4775; x_wconf 47' lang='lat' dir='ltr'><strong>quis</strong></span> <span class='ocrx_word' id='word_1_702' title='bbox 3674 4710 3827 4769; x_wconf 69' lang='lat' dir='ltr'><strong>Dens</strong></span> 
     </span>
    </p>
   </div>
   <div class='ocr_carea' id='block_1_91' title="bbox 534 4744 1392 4816">
    <p class='ocr_par' dir='ltr' id='par_1_91' title="bbox 534 4744 1392 4816">
     <span class='ocr_line' id='line_1_94' title="bbox 534 4744 1392 4816; baseline 0.003 -16"><span class='ocrx_word' id='word_1_703' title='bbox 534 4760 700 4816; x_wconf 90' lang='lat' dir='ltr'><strong>quam</strong></span> <span class='ocrx_word' id='word_1_704' title='bbox 723 4746 892 4801; x_wconf 87' lang='lat' dir='ltr'><strong>breve</strong></span> <span class='ocrx_word' id='word_1_705' title='bbox 911 4744 1095 4814; x_wconf 81' lang='lat' dir='ltr'><strong>fuerit,</strong></span> <span class='ocrx_word' id='word_1_706' title='bbox 1127 4747 1392 4805; x_wconf 88' lang='lat' dir='ltr'><strong>videmus.</strong></span> 
     </span>
    </p>
   </div>
   <div class='ocr_carea' id='block_1_92' title="bbox 611 4834 2117 4914">
    <p class='ocr_par' dir='ltr' id='par_1_92' title="bbox 611 4834 2117 4914">
     <span class='ocr_line' id='line_1_95' title="bbox 611 4834 2117 4914; baseline 0.007 -23"><span class='ocrx_word' id='word_1_707' title='bbox 611 4834 772 4892; x_wconf 73' lang='lat' dir='ltr'><strong>Vens.</strong></span> <span class='ocrx_word' id='word_1_708' title='bbox 803 4836 858 4891; x_wconf 80' lang='lat'><strong>5.</strong></span> <span class='ocrx_word' id='word_1_709' title='bbox 895 4865 967 4878; x_wconf 91' lang='lat'><strong><em>—</em></strong></span> <span class='ocrx_word' id='word_1_710' title='bbox 995 4856 1014 4890; x_wconf 77' lang='grc' dir='ltr'>ι</span> <span class='ocrx_word' id='word_1_711' title='bbox 1052 4838 1120 4894; x_wconf 86' lang='lat' dir='ltr'><strong>Et</strong></span> <span class='ocrx_word' id='word_1_712' title='bbox 1147 4839 1401 4911; x_wconf 85' lang='lat' dir='ltr'><strong>gaudium</strong></span> <span class='ocrx_word' id='word_1_713' title='bbox 1439 4841 1757 4914; x_wconf 59' lang='lat' dir='ltr'><strong>hypocrita.</strong></span> <span class='ocrx_word' id='word_1_714' title='bbox 1796 4863 1815 4896; x_wconf 77' lang='grc' dir='ltr'><strong><em>ι</em></strong></span> <span class='ocrx_word' id='word_1_715' title='bbox 1847 4843 2117 4901; x_wconf 89' lang='lat' dir='ltr'><strong>Gaudium</strong></span> 
     </span>
    </p>
   </div>
   <div class='ocr_carea' id='block_1_93' title="bbox 531 4926 2120 5003">
    <p class='ocr_par' dir='ltr' id='par_1_93' title="bbox 531 4926 2120 5003">
     <span class='ocr_line' id='line_1_96' title="bbox 531 4926 2120 5003; baseline 0.006 -18"><span class='ocrx_word' id='word_1_716' title='bbox 531 4927 831 5001; x_wconf 65' lang='lat' dir='ltr'><strong>hypocrita:</strong></span> <span class='ocrx_word' id='word_1_717' title='bbox 877 4926 933 4984; x_wconf 88' lang='lat' dir='ltr'><strong>in</strong></span> <span class='ocrx_word' id='word_1_718' title='bbox 980 4927 1386 4988; x_wconf 85' lang='lat' dir='ltr'><strong>similitudinem</strong></span> <span class='ocrx_word' id='word_1_719' title='bbox 1424 4935 1609 5003; x_wconf 90' lang='lat' dir='ltr'><strong>puncti</strong></span> <span class='ocrx_word' id='word_1_720' title='bbox 1653 4944 1755 4990; x_wconf 90' lang='lat' dir='ltr'><strong>est.</strong></span> <span class='ocrx_word' id='word_1_721' title='bbox 1798 4935 1937 4991; x_wconf 86' lang='lat' dir='ltr'><strong>Nam</strong></span> <span class='ocrx_word' id='word_1_722' title='bbox 1978 4938 2120 4995; x_wconf 89' lang='lat' dir='ltr'><strong>sicut</strong></span> 
     </span>
    </p>
   </div>
   <div class='ocr_carea' id='block_1_94' title="bbox 530 5018 2116 5100">
    <p class='ocr_par' dir='ltr' id='par_1_94' title="bbox 530 5018 2116 5100">
     <span class='ocr_line' id='line_1_97' title="bbox 530 5018 2116 5100; baseline 0.004 -24"><span class='ocrx_word' id='word_1_723' title='bbox 530 5018 706 5091; x_wconf 86' lang='lat' dir='ltr'><strong>styius</strong></span> <span class='ocrx_word' id='word_1_724' title='bbox 738 5018 795 5074; x_wconf 92' lang='lat' dir='ltr'><strong>in</strong></span> <span class='ocrx_word' id='word_1_725' title='bbox 833 5026 1058 5092; x_wconf 87' lang='lat' dir='ltr'><strong>puncto,</strong></span> <span class='ocrx_word' id='word_1_726' title='bbox 1095 5020 1222 5075; x_wconf 91' lang='lat' dir='ltr'><strong>dum</strong></span> <span class='ocrx_word' id='word_1_727' title='bbox 1250 5023 1491 5092; x_wconf 88' lang='lat' dir='ltr'><strong>ponitur,</strong></span> <span class='ocrx_word' id='word_1_728' title='bbox 1537 5023 1763 5091; x_wconf 89' lang='lat' dir='ltr'><strong>levatur,</strong></span> <span class='ocrx_word' id='word_1_729' title='bbox 1814 5026 1895 5082; x_wconf 91' lang='lat' dir='ltr'><strong>sic</strong></span> <span class='ocrx_word' id='word_1_730' title='bbox 1942 5027 2116 5100; x_wconf 87' lang='lat' dir='ltr'><strong>hypo-</strong></span> 
     </span>
    </p>
   </div>
   <div class='ocr_carea' id='block_1_95' title="bbox 531 5108 1987 5189">
    <p class='ocr_par' dir='ltr' id='par_1_95' title="bbox 531 5108 1987 5189">
     <span class='ocr_line' id='line_1_98' title="bbox 531 5108 1987 5189; baseline 0.005 -23"><span class='ocrx_word' id='word_1_731' title='bbox 531 5110 669 5166; x_wconf 88' lang='lat' dir='ltr'><strong>crita</strong></span> <span class='ocrx_word' id='word_1_732' title='bbox 698 5110 983 5180; x_wconf 71' lang='lat' dir='ltr'><strong>praesentis</strong></span> <span class='ocrx_word' id='word_1_733' title='bbox 1005 5108 1131 5166; x_wconf 69' lang='lat' dir='ltr'><strong>vita:</strong></span> <span class='ocrx_word' id='word_1_734' title='bbox 1156 5110 1371 5169; x_wconf 85' lang='lat' dir='ltr'><strong>laudem</strong></span> <span class='ocrx_word' id='word_1_735' title='bbox 1395 5115 1521 5170; x_wconf 92' lang='lat' dir='ltr'><strong>dum</strong></span> <span class='ocrx_word' id='word_1_736' title='bbox 1550 5117 1744 5189; x_wconf 87' lang='lat' dir='ltr'><strong>tangit,</strong></span> <span class='ocrx_word' id='word_1_737' title='bbox 1767 5118 1987 5174; x_wconf 91' lang='lat' dir='ltr'><strong>amittit.</strong></span> 
     </span>
    </p>
   </div>
   <div class='ocr_carea' id='block_1_96' title="bbox 607 5202 2112 5285">
    <p class='ocr_par' dir='ltr' id='par_1_96' title="bbox 607 5202 2112 5285">
     <span class='ocr_line' id='line_1_99' title="bbox 607 5202 2112 5285; baseline 0.011 -30"><span class='ocrx_word' id='word_1_738' title='bbox 607 5221 627 5255; x_wconf 71' lang='grc' dir='ltr'><strong><em>ι</em></strong></span> <span class='ocrx_word' id='word_1_739' title='bbox 653 5202 736 5259; x_wconf 81' lang='lat' dir='ltr'><strong>Ad</strong></span> <span class='ocrx_word' id='word_1_740' title='bbox 760 5203 935 5259; x_wconf 87' lang='lat' dir='ltr'><strong>instar</strong></span> <span class='ocrx_word' id='word_1_741' title='bbox 954 5204 1159 5275; x_wconf 89' lang='lat' dir='ltr'><strong>puncti,</strong></span> <span class='ocrx_word' id='word_1_742' title='bbox 1180 5224 1201 5259; x_wconf 78' lang='grc' dir='ltr'><strong><em>ι</em></strong></span> <span class='ocrx_word' id='word_1_743' title='bbox 1238 5207 1369 5278; x_wconf 90' lang='lat' dir='ltr'><strong>quia</strong></span> <span class='ocrx_word' id='word_1_744' title='bbox 1389 5207 1577 5265; x_wconf 67' lang='lat' dir='ltr'><strong>laetitia</strong></span> <span class='ocrx_word' id='word_1_745' title='bbox 1604 5213 1921 5282; x_wconf 88' lang='lat' dir='ltr'><strong>pertransit,</strong></span> <span class='ocrx_word' id='word_1_746' title='bbox 1951 5230 2112 5285; x_wconf 70' lang='lat' dir='ltr'><strong>poena</strong></span> 
     </span>
    </p>
   </div>
   <div class='ocr_carea' id='block_1_97' title="bbox 528 5298 2113 5377">
    <p class='ocr_par' dir='ltr' id='par_1_97' title="bbox 528 5298 2113 5377">
     <span class='ocr_line' id='line_1_100' title="bbox 528 5298 2113 5377; baseline 0.009 -30"><span class='ocrx_word' id='word_1_747' title='bbox 528 5304 814 5366; x_wconf 86' lang='lat' dir='ltr'><strong>permanet</strong></span> <span class='ocrx_word' id='word_1_748' title='bbox 840 5312 857 5351; x_wconf 86' lang='lat'><strong>:</strong></span> <span class='ocrx_word' id='word_1_749' title='bbox 884 5298 1114 5368; x_wconf 55' lang='lat' dir='ltr'><strong>amauit</strong></span> <span class='ocrx_word' id='word_1_750' title='bbox 1134 5298 1205 5355; x_wconf 76' lang='lat' dir='ltr'><strong>ad</strong></span> <span class='ocrx_word' id='word_1_751' title='bbox 1230 5309 1589 5367; x_wconf 77' lang='lat' dir='ltr'><strong>momentum,</strong></span> <span class='ocrx_word' id='word_1_752' title='bbox 1617 5301 1858 5374; x_wconf 82' lang='lat' dir='ltr'><strong>disparet</strong></span> <span class='ocrx_word' id='word_1_753' title='bbox 1898 5308 1951 5361; x_wconf 87' lang='lat' dir='ltr'><strong>in</strong></span> <span class='ocrx_word' id='word_1_754' title='bbox 1984 5320 2113 5377; x_wconf 87' lang='lat' dir='ltr'><strong>per-</strong></span> 
     </span>
    </p>
   </div>
   <div class='ocr_carea' id='block_1_98' title="bbox 527 5397 776 5461">
    <p class='ocr_par' dir='ltr' id='par_1_98' title="bbox 527 5397 776 5461">
     <span class='ocr_line' id='line_1_101' title="bbox 527 5397 776 5461; baseline 0.008 -19"><span class='ocrx_word' id='word_1_755' title='bbox 527 5397 776 5461; x_wconf 68' lang='lat' dir='ltr'><strong>petitum.</strong></span> 
     </span>
    </p>
   </div>
   <div class='ocr_carea' id='block_1_99' title="bbox 600 5475 2116 5553">
    <p class='ocr_par' dir='ltr' id='par_1_99' title="bbox 600 5475 2116 5553">
     <span class='ocr_line' id='line_1_102' title="bbox 600 5475 2116 5553; baseline 0.01 -22"><span class='ocrx_word' id='word_1_756' title='bbox 600 5475 770 5535; x_wconf 79' lang='lat' dir='ltr'><strong>Vm.</strong></span> <span class='ocrx_word' id='word_1_757' title='bbox 796 5476 851 5535; x_wconf 82' lang='grc' dir='ltr'><strong>ϐ.</strong></span> <span class='ocrx_word' id='word_1_758' title='bbox 888 5507 959 5521; x_wconf 92' lang='lat'><em>-</em></span> <span class='ocrx_word' id='word_1_759' title='bbox 995 5497 1017 5534; x_wconf 72' lang='grc' dir='ltr'>ι</span> <span class='ocrx_word' id='word_1_760' title='bbox 1063 5478 1125 5537; x_wconf 84' lang='lat' dir='ltr'><strong>8i</strong></span> <span class='ocrx_word' id='word_1_761' title='bbox 1166 5481 1474 5538; x_wconf 84' lang='lat' dir='ltr'><strong>ascenderit</strong></span> <span class='ocrx_word' id='word_1_762' title='bbox 1499 5523 1515 5550; x_wconf 94' lang='lat'><strong>,</strong></span> <span class='ocrx_word' id='word_1_763' title='bbox 1550 5502 1570 5535; x_wconf 73' lang='grc' dir='ltr'><strong><em>ι</em></strong></span> <span class='ocrx_word' id='word_1_764' title='bbox 1605 5485 1661 5540; x_wconf 94' lang='lat' dir='ltr'><strong>id</strong></span> <span class='ocrx_word' id='word_1_765' title='bbox 1688 5494 1793 5553; x_wconf 87' lang='lat' dir='ltr'><strong>est,</strong></span> <span class='ocrx_word' id='word_1_766' title='bbox 1822 5489 1924 5545; x_wconf 87' lang='lat' dir='ltr'><strong>etsi</strong></span> <span class='ocrx_word' id='word_1_767' title='bbox 1952 5491 2116 5547; x_wconf 65' lang='lat' dir='ltr'><strong>coele-</strong></span> 
     </span>
    </p>
   </div>
   <div class='ocr_carea' id='block_1_100' title="bbox 528 5569 2111 5645">
    <p class='ocr_par' dir='ltr' id='par_1_100' title="bbox 528 5569 2111 5645">
     <span class='ocr_line' id='line_1_103' title="bbox 528 5569 2111 5645; baseline 0.009 -20"><span class='ocrx_word' id='word_1_768' title='bbox 528 5577 670 5626; x_wconf 82' lang='lat' dir='ltr'><strong>stem</strong></span> <span class='ocrx_word' id='word_1_769' title='bbox 698 5569 869 5627; x_wconf 77' lang='lat' dir='ltr'><strong>vitam</strong></span> <span class='ocrx_word' id='word_1_770' title='bbox 896 5586 959 5628; x_wconf 81' lang='lat' dir='ltr'><strong>se</strong></span> <span class='ocrx_word' id='word_1_771' title='bbox 992 5588 1159 5645; x_wconf 80' lang='lat' dir='ltr'><strong>agere</strong></span> <span class='ocrx_word' id='word_1_772' title='bbox 1180 5574 1415 5641; x_wconf 88' lang='lat' dir='ltr'><strong>simulat,</strong></span> <span class='ocrx_word' id='word_1_773' title='bbox 1449 5577 1551 5632; x_wconf 90' lang='lat' dir='ltr'><strong>etsi</strong></span> <span class='ocrx_word' id='word_1_774' title='bbox 1583 5577 1913 5636; x_wconf 88' lang='lat' dir='ltr'><strong>intellectum</strong></span> <span class='ocrx_word' id='word_1_775' title='bbox 1955 5598 2111 5640; x_wconf 90' lang='lat' dir='ltr'><strong>suum</strong></span> 
     </span>
    </p>
   </div>
   <div class='ocr_carea' id='block_1_101' title="bbox 529 5661 2111 5746">
    <p class='ocr_par' dir='ltr' id='par_1_101' title="bbox 529 5661 2111 5746">
     <span class='ocr_line' id='line_1_104' title="bbox 529 5661 2111 5746; baseline 0.011 -27"><span class='ocrx_word' id='word_1_776' title='bbox 529 5661 766 5720; x_wconf 82' lang='lat' dir='ltr'><strong>similem</strong></span> <span class='ocrx_word' id='word_1_777' title='bbox 809 5666 951 5721; x_wconf 87' lang='lat' dir='ltr'><strong>veris</strong></span> <span class='ocrx_word' id='word_1_778' title='bbox 993 5667 1442 5735; x_wconf 61' lang='lat' dir='ltr'><strong>praedicatoribus</strong></span> <span class='ocrx_word' id='word_1_779' title='bbox 1486 5680 1743 5741; x_wconf 89' lang='lat' dir='ltr'><strong>ostentat,</strong></span> <span class='ocrx_word' id='word_1_780' title='bbox 1783 5680 1949 5746; x_wconf 73' lang='lat' dir='ltr'><strong>quasi</strong></span> <span class='ocrx_word' id='word_1_781' title='bbox 1974 5689 2111 5735; x_wconf 87' lang='lat' dir='ltr'><strong>ster-</strong></span> 
     </span>
    </p>
   </div>
   <div class='ocr_carea' id='block_1_102' title="bbox 528 5755 2111 5836">
    <p class='ocr_par' dir='ltr' id='par_1_102' title="bbox 528 5755 2111 5836">
     <span class='ocr_line' id='line_1_105' title="bbox 528 5755 2111 5836; baseline 0.012 -27"><span class='ocrx_word' id='word_1_782' title='bbox 528 5755 817 5827; x_wconf 75' lang='lat' dir='ltr'><strong>quilinium</strong></span> <span class='ocrx_word' id='word_1_783' title='bbox 847 5766 1025 5813; x_wconf 86' lang='lat' dir='ltr'><strong>tamen</strong></span> <span class='ocrx_word' id='word_1_784' title='bbox 1068 5760 1124 5814; x_wconf 93' lang='lat' dir='ltr'><strong>in</strong></span> <span class='ocrx_word' id='word_1_785' title='bbox 1146 5761 1251 5817; x_wconf 83' lang='lat' dir='ltr'><strong>line</strong></span> <span class='ocrx_word' id='word_1_786' title='bbox 1287 5762 1546 5832; x_wconf 90' lang='lat' dir='ltr'><strong>perdetur</strong></span> <span class='ocrx_word' id='word_1_787' title='bbox 1569 5805 1584 5830; x_wconf 94' lang='lat'><strong>,</strong></span> <span class='ocrx_word' id='word_1_788' title='bbox 1626 5766 1753 5836; x_wconf 87' lang='lat' dir='ltr'><strong>quia</strong></span> <span class='ocrx_word' id='word_1_789' title='bbox 1781 5784 1938 5826; x_wconf 89' lang='lat' dir='ltr'><strong>mens</strong></span> <span class='ocrx_word' id='word_1_790' title='bbox 1967 5770 2111 5828; x_wconf 91' lang='lat' dir='ltr'><strong>illius</strong></span> 
     </span>
    </p>
   </div>
   <div class='ocr_carea' id='block_1_103' title="bbox 530 5848 1773 5917">
    <p class='ocr_par' dir='ltr' id='par_1_103' title="bbox 530 5848 1773 5917">
     <span class='ocr_line' id='line_1_106' title="bbox 530 5848 1773 5917; baseline 0.012 -16"><span class='ocrx_word' id='word_1_791' title='bbox 530 5861 635 5917; x_wconf 85' lang='lat' dir='ltr'><strong>pro</strong></span> <span class='ocrx_word' id='word_1_792' title='bbox 662 5848 915 5906; x_wconf 86' lang='lat' dir='ltr'><strong>vitiorum</strong></span> <span class='ocrx_word' id='word_1_793' title='bbox 941 5866 1164 5908; x_wconf 87' lang='lat' dir='ltr'><strong>suorum</strong></span> <span class='ocrx_word' id='word_1_794' title='bbox 1192 5855 1389 5912; x_wconf 62' lang='lat' dir='ltr'><strong>fictore</strong></span> <span class='ocrx_word' id='word_1_795' title='bbox 1415 5859 1773 5916; x_wconf 87' lang='lat' dir='ltr'><strong>damnabitur.</strong></span> 
     </span>
    </p>
   </div>
   <div class='ocr_carea' id='block_1_104' title="bbox 2215 4769 3377 4852">
    <p class='ocr_par' dir='ltr' id='par_1_104' title="bbox 2215 4769 3377 4852">
     <span class='ocr_line' id='line_1_107' title="bbox 2215 4769 3377 4852; baseline 0.022 -28"><span class='ocrx_word' id='word_1_796' title='bbox 2215 4769 2363 4842; x_wconf 85' lang='lat' dir='ltr'><strong>justo</strong></span> <span class='ocrx_word' id='word_1_797' title='bbox 2390 4769 2597 4842; x_wconf 86' lang='lat' dir='ltr'><strong>judicio</strong></span> <span class='ocrx_word' id='word_1_798' title='bbox 2625 4777 2693 4834; x_wconf 91' lang='lat' dir='ltr'><strong>de</strong></span> <span class='ocrx_word' id='word_1_799' title='bbox 2725 4780 2843 4852; x_wconf 89' lang='lat' dir='ltr'><strong>ejus</strong></span> <span class='ocrx_word' id='word_1_800' title='bbox 2880 4788 3140 4843; x_wconf 88' lang='lat' dir='ltr'><strong>memoria</strong></span> <span class='ocrx_word' id='word_1_801' title='bbox 3172 4790 3377 4848; x_wconf 88' lang='lat' dir='ltr'><strong>evellit.</strong></span> 
     </span>
    </p>
   </div>
   <div class='ocr_carea' id='block_1_105' title="bbox 2297 4860 3825 4955">
    <p class='ocr_par' dir='ltr' id='par_1_105' title="bbox 2297 4860 3825 4955">
     <span class='ocr_line' id='line_1_108' title="bbox 2297 4860 3825 4955; baseline 0.024 -40"><span class='ocrx_word' id='word_1_802' title='bbox 2297 4881 2316 4913; x_wconf 74' lang='grc' dir='ltr'>ι</span> <span class='ocrx_word' id='word_1_803' title='bbox 2350 4860 2525 4935; x_wconf 86' lang='lat' dir='ltr'><strong>Caput</strong></span> <span class='ocrx_word' id='word_1_804' title='bbox 2551 4867 2819 4938; x_wconf 87' lang='lat' dir='ltr'><strong>aspidum.</strong></span> <span class='ocrx_word' id='word_1_805' title='bbox 2857 4893 2876 4927; x_wconf 74' lang='grc' dir='ltr'><strong><em>ι</em></strong></span> <span class='ocrx_word' id='word_1_806' title='bbox 2923 4873 3111 4949; x_wconf 74' lang='lat' dir='ltr'><strong>(Ibid)</strong></span> <span class='ocrx_word' id='word_1_807' title='bbox 3152 4879 3316 4953; x_wconf 82' lang='lat' dir='ltr'><strong>Aspis</strong></span> <span class='ocrx_word' id='word_1_808' title='bbox 3344 4898 3546 4955; x_wconf 88' lang='lat' dir='ltr'><strong>parvus</strong></span> <span class='ocrx_word' id='word_1_809' title='bbox 3579 4900 3670 4947; x_wconf 85' lang='lat' dir='ltr'><strong>est</strong></span> <span class='ocrx_word' id='word_1_810' title='bbox 3712 4909 3825 4951; x_wconf 71' lang='lat' dir='ltr'><strong>ser-</strong></span> 
     </span>
    </p>
   </div>
   <div class='ocr_carea' id='block_1_106' title="bbox 2218 4961 3796 5046">
    <p class='ocr_par' dir='ltr' id='par_1_106' title="bbox 2218 4961 3796 5046">
     <span class='ocr_line' id='line_1_109' title="bbox 2218 4961 3796 5046; baseline 0.022 -40"><span class='ocrx_word' id='word_1_811' title='bbox 2218 4965 2376 5046; x_wconf 73' lang='lat' dir='ltr'><strong>pens,</strong></span> <span class='ocrx_word' id='word_1_812' title='bbox 2406 4962 2535 5022; x_wconf 87' lang='lat' dir='ltr'><strong>etc.,</strong></span> <span class='ocrx_word' id='word_1_813' title='bbox 2566 4973 2727 5030; x_wconf 79' lang='lat' dir='ltr'><strong>usque</strong></span> <span class='ocrx_word' id='word_1_814' title='bbox 2759 4961 2830 5016; x_wconf 82' lang='lat' dir='ltr'><strong>ad</strong></span> <span class='ocrx_word' id='word_1_815' title='bbox 2855 4964 3003 5022; x_wconf 87' lang='lat' dir='ltr'><strong>velut</strong></span> <span class='ocrx_word' id='word_1_816' title='bbox 3030 4982 3098 5023; x_wconf 76' lang='lat' dir='ltr'><strong>ex</strong></span> <span class='ocrx_word' id='word_1_817' title='bbox 3126 4968 3307 5044; x_wconf 88' lang='lat' dir='ltr'><strong>lingua</strong></span> <span class='ocrx_word' id='word_1_818' title='bbox 3332 4976 3519 5046; x_wconf 88' lang='lat' dir='ltr'><strong>vipera</strong></span> <span class='ocrx_word' id='word_1_819' title='bbox 3557 4983 3796 5040; x_wconf 75' lang='lat' dir='ltr'><strong>occidit.</strong></span> 
     </span>
    </p>
   </div>
   <div class='ocr_carea' id='block_1_107' title="bbox 2292 5040 3821 5141">
    <p class='ocr_par' dir='ltr' id='par_1_107' title="bbox 2292 5040 3821 5141">
     <span class='ocr_line' id='line_1_110' title="bbox 2292 5040 3821 5141; baseline 0.025 -45"><span class='ocrx_word' id='word_1_820' title='bbox 2292 5040 2459 5141; x_wconf 68' lang='lat' dir='ltr'><strong>Vsus.</strong></span> <span class='ocrx_word' id='word_1_821' title='bbox 2491 5046 2578 5103; x_wconf 76' lang='lat' dir='ltr'><strong>l7.</strong></span> <span class='ocrx_word' id='word_1_822' title='bbox 2603 5068 2722 5141; x_wconf 42' lang='grc' dir='ltr'><strong>--ι</strong></span> <span class='ocrx_word' id='word_1_823' title='bbox 2758 5050 2874 5110; x_wconf 85' lang='grc' dir='ltr'><strong>Νοη</strong></span> <span class='ocrx_word' id='word_1_824' title='bbox 2897 5040 3325 5135; x_wconf 29' lang='lat' dir='ltr'><strong>videat‘rivuvlos.</strong></span> <span class='ocrx_word' id='word_1_825' title='bbox 3361 5040 3608 5141; x_wconf 57' lang='grc' dir='ltr'><strong>ἔριδα.)</strong></span> <span class='ocrx_word' id='word_1_826' title='bbox 3638 5072 3821 5132; x_wconf 75' lang='lat' dir='ltr'><strong>nimii</strong></span> 
     </span>
    </p>
   </div>
   <div class='ocr_carea' id='block_1_108' title="bbox 2221 5130 3819 5233">
    <p class='ocr_par' dir='ltr' id='par_1_108' title="bbox 2221 5130 3819 5233">
     <span class='ocr_line' id='line_1_111' title="bbox 2221 5130 3819 5233; baseline 0.023 -48"><span class='ocrx_word' id='word_1_827' title='bbox 2221 5130 2458 5191; x_wconf 80' lang='lat' dir='ltr'><strong>fluminis</strong></span> <span class='ocrx_word' id='word_1_828' title='bbox 2499 5146 2626 5233; x_wconf 82' lang='lat' dir='ltr'><strong>sunt</strong></span> <span class='ocrx_word' id='word_1_829' title='bbox 2660 5139 2797 5196; x_wconf 90' lang='lat' dir='ltr'><strong>dona</strong></span> <span class='ocrx_word' id='word_1_830' title='bbox 2838 5130 3317 5220; x_wconf 29' lang='lat' dir='ltr'><strong>Spiritus‘sancti&#39;,</strong></span> <span class='ocrx_word' id='word_1_831' title='bbox 3351 5130 3491 5221; x_wconf 78' lang='lat' dir='ltr'><strong>etc.,</strong></span> <span class='ocrx_word' id='word_1_832' title='bbox 3534 5130 3704 5233; x_wconf 58' lang='lat' dir='ltr'><strong>usque</strong></span> 
     </span>
    </p>
   </div>
   <div class='ocr_carea' id='block_1_109' title="bbox 2221 5226 3499 5319">
    <p class='ocr_par' dir='ltr' id='par_1_109' title="bbox 2221 5226 3499 5319">
     <span class='ocr_line' id='line_1_112' title="bbox 2221 5226 3499 5319; baseline 0.022 -40"><span class='ocrx_word' id='word_1_833' title='bbox 2221 5228 2537 5297; x_wconf 90' lang='lat' dir='ltr'><strong>mysterium</strong></span> <span class='ocrx_word' id='word_1_834' title='bbox 2568 5226 2954 5294; x_wconf 88' lang='lat' dir='ltr'><strong>incarnationis</strong></span> <span class='ocrx_word' id='word_1_835' title='bbox 2982 5236 3184 5299; x_wconf 87' lang='lat' dir='ltr'><strong>Christi</strong></span> <span class='ocrx_word' id='word_1_836' title='bbox 3210 5245 3499 5319; x_wconf 85' lang='lat' dir='ltr'><strong>significat.</strong></span> 
     </span>
    </p>
   </div>
   <div class='ocr_carea' id='block_1_110' title="bbox 2292 5318 3817 5406">
    <p class='ocr_par' dir='ltr' id='par_1_110' title="bbox 2292 5318 3817 5406">
     <span class='ocr_line' id='line_1_113' title="bbox 2292 5318 3817 5406; baseline 0.021 -31"><span class='ocrx_word' id='word_1_837' title='bbox 2292 5318 2457 5377; x_wconf 77' lang='lat' dir='ltr'><strong>Vens.</strong></span> <span class='ocrx_word' id='word_1_838' title='bbox 2490 5320 2577 5377; x_wconf 84' lang='grc'><strong>18.</strong></span> <span class='ocrx_word' id='word_1_839' title='bbox 2604 5354 2677 5364; x_wconf 94' lang='grc'><strong>-</strong></span> <span class='ocrx_word' id='word_1_840' title='bbox 2705 5343 2726 5377; x_wconf 84' lang='grc'><strong><em>‹</em></strong></span> <span class='ocrx_word' id='word_1_841' title='bbox 2759 5322 2899 5383; x_wconf 86' lang='lat' dir='ltr'><strong>Luet</strong></span> <span class='ocrx_word' id='word_1_842' title='bbox 2927 5345 3046 5400; x_wconf 68' lang='lat' dir='ltr'><strong>qua:</strong></span> <span class='ocrx_word' id='word_1_843' title='bbox 3077 5333 3207 5393; x_wconf 88' lang='lat' dir='ltr'><strong>fecit</strong></span> <span class='ocrx_word' id='word_1_844' title='bbox 3231 5318 3433 5395; x_wconf 89' lang='lat' dir='ltr'><strong>omnia.</strong></span> <span class='ocrx_word' id='word_1_845' title='bbox 3469 5361 3491 5396; x_wconf 74' lang='grc' dir='ltr'><strong><em>ι</em></strong></span> <span class='ocrx_word' id='word_1_846' title='bbox 3526 5342 3817 5406; x_wconf 81' lang='lat' dir='ltr'><strong>Persolvet</strong></span> 
     </span>
    </p>
   </div>
   <div class='ocr_carea' id='block_1_111' title="bbox 2218 5410 3814 5498">
    <p class='ocr_par' dir='ltr' id='par_1_111' title="bbox 2218 5410 3814 5498">
     <span class='ocr_line' id='line_1_114' title="bbox 2218 5410 3814 5498; baseline 0.022 -34"><span class='ocrx_word' id='word_1_847' title='bbox 2218 5410 2363 5466; x_wconf 86' lang='lat' dir='ltr'><strong>enim</strong></span> <span class='ocrx_word' id='word_1_848' title='bbox 2392 5413 2446 5469; x_wconf 93' lang='lat' dir='ltr'><strong>in</strong></span> <span class='ocrx_word' id='word_1_849' title='bbox 2474 5421 2744 5475; x_wconf 90' lang='lat' dir='ltr'><strong>tormento</strong></span> <span class='ocrx_word' id='word_1_850' title='bbox 2768 5432 2831 5475; x_wconf 86' lang='lat' dir='ltr'><strong>ea</strong></span> <span class='ocrx_word' id='word_1_851' title='bbox 2857 5436 2978 5492; x_wconf 64' lang='lat' dir='ltr'><strong>quia</strong></span> <span class='ocrx_word' id='word_1_852' title='bbox 3004 5425 3092 5482; x_wconf 90' lang='lat' dir='ltr'><strong>hic</strong></span> <span class='ocrx_word' id='word_1_853' title='bbox 3117 5427 3303 5487; x_wconf 89' lang='lat' dir='ltr'><strong>illicita</strong></span> <span class='ocrx_word' id='word_1_854' title='bbox 3325 5437 3563 5494; x_wconf 85' lang='lat' dir='ltr'><strong>servavit</strong></span> <span class='ocrx_word' id='word_1_855' title='bbox 3587 5439 3814 5498; x_wconf 74' lang='lat' dir='ltr'><strong>deside-</strong></span> 
     </span>
    </p>
   </div>
   <div class='ocr_carea' id='block_1_112' title="bbox 2216 5502 3811 5588">
    <p class='ocr_par' dir='ltr' id='par_1_112' title="bbox 2216 5502 3811 5588">
     <span class='ocr_line' id='line_1_115' title="bbox 2216 5502 3811 5588; baseline 0.019 -30"><span class='ocrx_word' id='word_1_856' title='bbox 2216 5502 2319 5569; x_wconf 76' lang='lat' dir='ltr'><strong>ria,</strong></span> <span class='ocrx_word' id='word_1_857' title='bbox 2346 5521 2446 5563; x_wconf 90' lang='lat' dir='ltr'><strong>nec</strong></span> <span class='ocrx_word' id='word_1_858' title='bbox 2475 5506 2529 5562; x_wconf 93' lang='lat' dir='ltr'><strong>in</strong></span> <span class='ocrx_word' id='word_1_859' title='bbox 2564 5518 2738 5566; x_wconf 90' lang='lat' dir='ltr'><strong>morte</strong></span> <span class='ocrx_word' id='word_1_860' title='bbox 2764 5527 3134 5586; x_wconf 89' lang='lat' dir='ltr'><strong>consumetur,</strong></span> <span class='ocrx_word' id='word_1_861' title='bbox 3166 5525 3262 5579; x_wconf 89' lang='lat' dir='ltr'><strong>sed</strong></span> <span class='ocrx_word' id='word_1_862' title='bbox 3304 5533 3362 5579; x_wconf 90' lang='lat' dir='ltr'><strong>ut</strong></span> <span class='ocrx_word' id='word_1_863' title='bbox 3396 5526 3517 5583; x_wconf 87' lang='lat' dir='ltr'><strong>sine</strong></span> <span class='ocrx_word' id='word_1_864' title='bbox 3546 5528 3659 5585; x_wconf 81' lang='lat' dir='ltr'><strong>ﬁne</strong></span> <span class='ocrx_word' id='word_1_865' title='bbox 3679 5547 3811 5588; x_wconf 77' lang='lat' dir='ltr'><strong>cru-</strong></span> 
     </span>
    </p>
   </div>
   <div class='ocr_carea' id='block_1_113' title="bbox 2216 5597 3811 5686">
    <p class='ocr_par' dir='ltr' id='par_1_113' title="bbox 2216 5597 3811 5686">
     <span class='ocr_line' id='line_1_116' title="bbox 2216 5597 3811 5686; baseline 0.018 -33"><span class='ocrx_word' id='word_1_866' title='bbox 2216 5597 2413 5663; x_wconf 88' lang='lat' dir='ltr'><strong>cietur,</strong></span> <span class='ocrx_word' id='word_1_867' title='bbox 2441 5600 2625 5657; x_wconf 82' lang='lat' dir='ltr'><strong>vivere</strong></span> <span class='ocrx_word' id='word_1_868' title='bbox 2652 5603 2767 5659; x_wconf 90' lang='lat' dir='ltr'><strong>sine</strong></span> <span class='ocrx_word' id='word_1_869' title='bbox 2787 5605 2895 5662; x_wconf 82' lang='lat' dir='ltr'><strong>ﬁne</strong></span> <span class='ocrx_word' id='word_1_870' title='bbox 2922 5611 3281 5682; x_wconf 83' lang='lat' dir='ltr'><strong>compellitur,</strong></span> <span class='ocrx_word' id='word_1_871' title='bbox 3309 5624 3369 5672; x_wconf 93' lang='lat' dir='ltr'><strong>ut</strong></span> <span class='ocrx_word' id='word_1_872' title='bbox 3396 5616 3553 5686; x_wconf 89' lang='lat' dir='ltr'><strong>cujus</strong></span> <span class='ocrx_word' id='word_1_873' title='bbox 3574 5622 3689 5677; x_wconf 86' lang='lat' dir='ltr'><strong>vita</strong></span> <span class='ocrx_word' id='word_1_874' title='bbox 3718 5626 3811 5681; x_wconf 77' lang='lat' dir='ltr'><strong>hic</strong></span> 
     </span>
    </p>
   </div>
   <div class='ocr_carea' id='block_1_114' title="bbox 2214 5690 3803 5783">
    <p class='ocr_par' dir='ltr' id='par_1_114' title="bbox 2214 5690 3803 5783">
     <span class='ocr_line' id='line_1_117' title="bbox 2214 5690 3803 5783; baseline 0.019 -40"><span class='ocrx_word' id='word_1_875' title='bbox 2214 5697 2429 5744; x_wconf 90' lang='lat' dir='ltr'><strong>mortua</strong></span> <span class='ocrx_word' id='word_1_876' title='bbox 2458 5690 2559 5746; x_wconf 87' lang='lat' dir='ltr'><strong>fuit</strong></span> <span class='ocrx_word' id='word_1_877' title='bbox 2587 5692 2639 5747; x_wconf 91' lang='lat' dir='ltr'><strong>in</strong></span> <span class='ocrx_word' id='word_1_878' title='bbox 2670 5695 2848 5765; x_wconf 85' lang='lat' dir='ltr'><strong>culpa,</strong></span> <span class='ocrx_word' id='word_1_879' title='bbox 2879 5698 2988 5756; x_wconf 86' lang='lat' dir='ltr'><strong>illic</strong></span> <span class='ocrx_word' id='word_1_880' title='bbox 3027 5702 3143 5771; x_wconf 89' lang='lat' dir='ltr'><strong>ejus</strong></span> <span class='ocrx_word' id='word_1_881' title='bbox 3172 5721 3318 5762; x_wconf 90' lang='lat' dir='ltr'><strong>mors</strong></span> <span class='ocrx_word' id='word_1_882' title='bbox 3342 5708 3489 5763; x_wconf 84' lang='lat' dir='ltr'><strong>vivat</strong></span> <span class='ocrx_word' id='word_1_883' title='bbox 3525 5710 3581 5766; x_wconf 90' lang='lat' dir='ltr'><strong>in</strong></span> <span class='ocrx_word' id='word_1_884' title='bbox 3612 5728 3803 5783; x_wconf 78' lang='lat' dir='ltr'><strong>poena.</strong></span> 
     </span>
    </p>
   </div>
   <div class='ocr_carea' id='block_1_115' title="bbox 2213 5776 3807 5861">
    <p class='ocr_par' dir='ltr' id='par_1_115' title="bbox 2213 5776 3807 5861">
     <span class='ocr_line' id='line_1_118' title="bbox 2213 5776 3807 5861; baseline 0.019 -30"><span class='ocrx_word' id='word_1_885' title='bbox 2213 5776 2367 5833; x_wconf 89' lang='lat' dir='ltr'><strong>Dicat</strong></span> <span class='ocrx_word' id='word_1_886' title='bbox 2390 5798 2536 5852; x_wconf 86' lang='lat' dir='ltr'><strong>ergo,</strong></span> <span class='ocrx_word' id='word_1_887' title='bbox 2565 5801 2584 5835; x_wconf 73' lang='grc' dir='ltr'><strong>α</strong></span> <span class='ocrx_word' id='word_1_888' title='bbox 2619 5783 2730 5840; x_wconf 91' lang='lat' dir='ltr'><strong>luet</strong></span> <span class='ocrx_word' id='word_1_889' title='bbox 2750 5802 2870 5856; x_wconf 75' lang='lat' dir='ltr'><strong>quas</strong></span> <span class='ocrx_word' id='word_1_890' title='bbox 2901 5788 3028 5845; x_wconf 88' lang='lat' dir='ltr'><strong>fecit</strong></span> <span class='ocrx_word' id='word_1_891' title='bbox 3047 5795 3249 5861; x_wconf 88' lang='lat' dir='ltr'><strong>omnia,</strong></span> <span class='ocrx_word' id='word_1_892' title='bbox 3280 5816 3298 5848; x_wconf 79' lang='grc' dir='ltr'><strong><em>ι</em></strong></span> <span class='ocrx_word' id='word_1_893' title='bbox 3331 5812 3430 5854; x_wconf 88' lang='lat' dir='ltr'><strong>nec</strong></span> <span class='ocrx_word' id='word_1_894' title='bbox 3461 5776 3645 5857; x_wconf 72' lang='lat' dir='ltr'><strong>tamen</strong></span> <span class='ocrx_word' id='word_1_895' title='bbox 3672 5819 3807 5861; x_wconf 81' lang='lat' dir='ltr'><strong>con-</strong></span> 
     </span>
    </p>
   </div>
   <div class='ocr_carea' id='block_1_116' title="bbox 2213 5876 3803 5961">
    <p class='ocr_par' dir='ltr' id='par_1_116' title="bbox 2213 5876 3803 5961">
     <span class='ocr_line' id='line_1_119' title="bbox 2213 5876 3803 5961; baseline 0.018 -36"><span class='ocrx_word' id='word_1_896' title='bbox 2213 5882 2490 5942; x_wconf 83' lang='lat' dir='ltr'><strong>sumetur,</strong></span> <span class='ocrx_word' id='word_1_897' title='bbox 2521 5876 2645 5945; x_wconf 88' lang='lat' dir='ltr'><strong>quia</strong></span> <span class='ocrx_word' id='word_1_898' title='bbox 2677 5879 2949 5937; x_wconf 86' lang='lat' dir='ltr'><strong>cruciatur</strong></span> <span class='ocrx_word' id='word_1_899' title='bbox 2978 5891 3033 5939; x_wconf 89' lang='lat' dir='ltr'><strong>et</strong></span> <span class='ocrx_word' id='word_1_900' title='bbox 3065 5900 3171 5943; x_wconf 91' lang='lat' dir='ltr'><strong>non</strong></span> <span class='ocrx_word' id='word_1_901' title='bbox 3200 5889 3601 5961; x_wconf 78' lang='lat' dir='ltr'><strong>exstinguitur:</strong></span> <span class='ocrx_word' id='word_1_902' title='bbox 3630 5898 3803 5953; x_wconf 85' lang='lat' dir='ltr'><strong>mori-</strong></span> 
     </span>
    </p>
   </div>
  </div>
