3982 6352
208 414 316 479 815

1275 413 1543 474 GLOSSA
1583 416 1983 476 ORDINARIA.
2025 451 2096 463 —
2131 422 2260 479 LIB.
2300 422 2439 482 JOB.

3375 434 3482 492 8H

201 532 299 588 'tur
328 538 384 588 et
408 529 562 598 vivit,
597 528 778 586 deficit
805 537 862 586 et
889 531 1135 587 subsistit
1163 545 1411 604 semper,
1444 538 1500 587 et
1524 529 1644 586 sine
1685 530 1790 586 ﬁne
1818 538 1873 598 Α
1903 534 1916 600 ζ
1967 532 2132 590 Vens.
2165 535 2258 591 27.
2307 567 2378 578 —
2424 558 2443 590 ι
2479 537 2817 596 Revelabunt
2845 554 2861 596 :
2897 561 2916 595 ι
2952 541 3184 616 (Ιὸἰά.)
3217 546 3346 617 quia
3389 546 3481 604 hic

204 631 310 678 est.

1900 639 2002 681 nec
2054 627 2211 684 bonis
2262 644 2364 685 nec
2404 630 2561 685 malis
2601 633 2878 704 pepercit,
2924 649 3048 690 eum
3099 637 3153 692 in
3199 641 3480 695 tremendo

277 713 444 769 Vens.
496 713 584 769 I9.
626 745 697 755 —
745 734 763 765 ‹
815 715 1082 783 Quoniam
1108 715 1474 789 confringens.
1513 736 1532 770 ›
1567 718 1796 774 Domum
1898 719 2172 787 examine,
2203 720 2471 792 iustorum
2497 723 2608 778 vita
2632 733 2686 779 et
2709 734 3056 796 peccatorum
3084 732 3290 801 pariter
3314 747 3480 788 accu-

201 807 461 879 pauperis
487 805 781 879 confringit
810 816 868 861 et
890 810 1075 873 nudat,
1105 810 1230 879 quia
1257 825 1383 865 eum
1407 825 1568 880 quem
1589 825 1686 883 per
1706 827 1798 882 po-
1897 811 2057 867 sabit.

203 898 432 954 tentiam
465 899 719 966 conterit,
749 898 1054 972 exspoliare
1091 917 1191 972 per
1232 902 1516 958 avaritiam
1542 919 1649 960 non
1673 918 1798 959 eru-

199 989 380 1046 bescit

1968 903 2134 960 Vens.
2159 902 2251 959 28.
2276 935 2346 945 —
2364 923 2384 958 ι
2419 906 2680 979 Apertum
2705 909 2831 964 erit.
2861 928 2881 963 ι
2908 909 3046 967 Cum
3071 927 3232 969 omne
3252 915 3477 984 malum,

1895 995 2039 1066 quod
2075 997 2130 1052 in
2155 999 2488 1056 conscientia
2525 1000 2642 1072 ejus
2669 1003 3016 1072 nascebatur,
3054 1008 3374 1066 adveniente
3391 1011 3481 1083 ju-

277 1084 440 1140 Vens.
469 1082 561 1138 20.
590 1113 662 1124 ——
697 1102 714 1133 ι
753 1082 863 1139 Nec
907 1091 991 1140 est
1020 1085 1249 1140 satiatus
1287 1093 1496 1140 venter.
1539 1105 1558 1139 ›
1591 1085 1795 1142 Venter
1893 1087 2033 1154 dice,
2055 1090 2375 1146 ostenditur.

200 1177 404 1247 quippe
427 1176 595 1247 iniqui
625 1175 856 1230 avaritia
883 1184 966 1232 est
987 1219 1001 1243 ,
1028 1186 1082 1230 et
1105 1177 1160 1232 in
1183 1178 1296 1246 ipsa
1325 1177 1600 1248 colligitur
1635 1178 1794 1248 quid-

200 1269 332 1342 quid
375 1284 630 1341 perverso
677 1268 947 1324 desiderio
985 1269 1228 1342 glutitur.
1266 1269 1463 1339 Liquet
1500 1283 1631 1325 vero
1664 1269 1790 1340 quia

199 1357 429 1414 avaritia
471 1357 791 1413 desideratis
831 1359 996 1413 rebus
1031 1374 1135 1412 non
1167 1359 1548 1429 exstinguitur,
1574 1371 1670 1414 sed
1696 1375 1791 1413 au-

197 1459 391 1522 getur;
442 1465 569 1504 nam
608 1463 759 1504 more
809 1449 948 1521 ignis
991 1465 1113 1504 cum
1157 1449 1300 1521 ligna
1337 1466 1456 1521 quae
1505 1461 1789 1508 consumat

196 1541 476 1612 acceperit
500 1583 514 1608 ,
546 1541 833 1609 excrescit,
871 1551 926 1597 et
953 1544 1095 1598 unde
1121 1543 1333 1599 videtur
1361 1545 1428 1598 ad
1455 1554 1784 1600 momentum

192 1631 416 1690 ﬂamma
463 1636 790 1708 comprimi,
835 1636 960 1692 inde
999 1636 1158 1708 paulo
1199 1643 1323 1706 post
1369 1637 1611 1693 cernitur
1650 1637 1786 1693 dila-

196 1725 324 1779 tari.

276 1834 295 1867 ι
346 1815 414 1870 Et
452 1832 574 1872 cum
619 1818 871 1874 habuerit
908 1819 1054 1890 quod
1093 1821 1466 1892 concupierat.
1505 1840 1525 1874 ι
1565 1821 1782 1892 Majoris

193 1905 492 1963 iracundia:
521 1917 605 1965 est
638 1924 762 1964 cum
802 1910 907 1966 hoc
940 1910 1195 1966 tribuitur
1217 1912 1361 1982 quod
1396 1913 1536 1968 male
1571 1913 1781 1969 deside-
1808 1899 1859 1962 Β

193 2005 392 2066 ratur,
445 1999 569 2069 quia
620 1999 744 2055 inde
789 2002 1074 2072 repentina
1130 2002 1264 2058 ultio
1314 2003 1597 2075 sequitur,
1657 1997 1782 2074 quia

191 2091 301 2148 hoc
356 2109 571 2165 quoque
615 2094 873 2162 obtinuit,
925 2097 1068 2167 quod
1116 2097 1227 2153 Deo
1279 2098 1546 2154 irascente
1589 2112 1784 2154 concu-

190 2184 348 2256 pivit.

269 2271 430 2328 Vens.
483 2275 572 2330 2i.
598 2307 668 2317 —
696 2297 714 2327 ι
754 2277 868 2334 Νοη
910 2281 1170 2336 remansit
1217 2281 1282 2336 de
1323 2281 1546 2337 civitate
1590 2281 1724 2350 ejus.
1759 2301 1776 2333 ι

188 2365 461 2423 Percussa
487 2369 789 2441 hypocrita,
812 2372 878 2427 de
900 2372 1020 2427 cibo
1047 2371 1162 2442 ejus
1193 2373 1328 2428 nihil
1353 2386 1619 2441 remanet,
1653 2374 1779 2444 quia

187 2471 317 2514 cum
345 2459 414 2512 ad
442 2458 705 2532 supplicia
747 2462 981 2530 ducitur,
1018 2479 1047 2517 a
1089 2464 1297 2520 cunctis
1322 2479 1442 2535 quae
1469 2465 1784 2535 possederat

186 2545 488 2605 alienatur.

271 2660 288 2693 ε
321 2641 612 2714 Propterea
666 2643 839 2712 nihil,
881 2655 989 2702 etc.
1025 2667 1043 2700 ι
1079 2647 1216 2716 Quia
1264 2650 1330 2704 de
1373 2649 1476 2704 hac
1515 2648 1781 2704 vita'sub-

186 2740 418 2802 tractus,
445 2736 512 2790 ad
528 2735 768 2809 judicent
799 2741 973 2796 nudus
1000 2742 1169 2797 vadit.

262 2823 430 2882 Vens.
466 2826 555 2883 22.
584 2860 656 2871 —
706 2851 723 2882 ι
753 2831 888 2886 Cum
918 2833 1144 2889 satiatus
1187 2832 1372 2902 fuerit,
1402 2837 1720 2891 arctabitur.
1754 2855 1773 2889 ι

187 2919 412 2994 (6ης.)
461 2923 596 2980 Cum
623 2927 789 2980 multa
820 2930 1157 2998 congesserit
1208 2939 1479 2997 arctatur;
1527 2931 1780 2986 anxiatur

185 3013 337 3068 enim
359 3015 597 3084 qualiter
619 3018 882 3087 acquisita
918 3019 1208 3075 custodiat.

267 3123 284 3156 ι
316 3105 610 3172 Ᾱὲὶειυδιήι,
637 3116 691 3163 et
712 3109 890 3165 omnis
912 3111 1086 3166 dolor.
1121 3131 1139 3162 ι
1171 3109 1310 3167 Hinc
1345 3111 1470 3167 inde
1499 3111 1777 3169 insidiato-

183 3211 281 3253 res
325 3198 542 3266 metuit,
588 3207 718 3268 etc.,
755 3219 917 3276 usque
947 3206 1015 3259 ad
1044 3214 1194 3262 tanto
1237 3205 1447 3263 facilius
1476 3208 1685 3280 rapitur
1710 3211 1778 3266 ad

183 3296 538 3348 tormentum.
565 3291 850 3366 Sequitur:

262 3382 426 3438 Vens.
460 3384 550 3440 25.
573 3418 645 3426 —
667 3408 684 3440 ι
710 3387 928 3445 Utinam
957 3391 1244 3462 impleatur
1264 3405 1452 3450 venter
1477 3379 1617 3468 ejus,
1645 3407 1776 3467 etc.,

181 3474 340 3550 pluat
363 3492 524 3548 super
553 3480 702 3536 illum
730 3482 949 3540 bellum.
980 3505 999 3537 ι
1033 3486 1239 3543 Bellum
1266 3490 1377 3546 Deo
1401 3490 1612 3561 pluere,
1641 3503 1774 3561 etc.,

183 3585 350 3642 usque
372 3571 440 3624 ad
461 3574 762 3642 przevidcre
787 3579 1134 3648 contempsit.

263 3664 427 3718 Vens.
466 3666 555 3721 24.
597 3697 667 3707 —
715 3688 734 3720 ι
782 3667 973 3740 Fugiet
1025 3688 1195 3726 arma.
1244 3694 1262 3727 ι
1315 3673 1504 3750 (Ιὸίά.)
1541 3673 1776 3748 Surripit

183 3769 387 3810 avarus
438 3755 614 3812 aliena
667 3758 998 3830 aliquando,
1055 3773 1198 3831 etc.,
1252 3781 1412 3836 usque
1461 3768 1530 3821 ad
1586 3769 1773 3824 aeterni

177 3836 371 3916 j'udicii
405 3861 462 3901 se
491 3850 936 3916 percussionibus
960 3861 1086 3908 ante
1127 3856 1296 3924 ponit.
1326 3857 1546 3915 Interim
1569 3872 1768 3928 autem,

260 3932 424 3990 Vens.
471 3937 560 3992 25.
605 3969 678 3979 —
726 3960 743 3991 ι
775 3939 1000 3999 Gladius
1041 3944 1285 4014 eductus,
1329 3970 1346 4002 ›
1380 3959 1486 4006 etc.
1531 3951 1770 4024 Iniquus,

183 4026 316 4082 dum
345 4043 514 4097 prava
549 4031 601 4084 in
635 4033 960 4103 cogitatione
989 4040 1355 4108 machinatur,
1385 4044 1539 4114 quasi
1564 4045 1772 4117 gladius

182 4115 244 4171 in
268 4117 460 4189 vagina
483 4128 582 4174 est.
610 4120 685 4176 De
710 4125 900 4194 vagina
926 4129 1204 4198 egreditur
1230 4131 1358 4186 dum
1390 4150 1484 4204 per
1513 4115 1772 4206 iniquita—

181 4214 294 4264 tem
327 4208 481 4265 mala:
515 4215 848 4284 operationis
891 4221 1167 4290 aperitur;
1198 4223 1424 4280 eductus
1467 4234 1647 4282 autem
1674 4243 1772 4298 per

180 4300 567 4372 seductorem,
615 4309 898 4378 egrediens
941 4329 1069 4369 vero
1112 4330 1210 4386 per
1261 4319 1536 4389 propriam
1586 4321 1770 4377 volun-

181 4399 373 4460 talem,

261 4505 278 4537 ι
314 4485 524 4544 Vadent
555 4502 610 4546 et
635 4493 875 4559 venient,
913 4515 933 4547 ι
980 4504 1085 4551 etc.
1115 4495 1331 4570 Maligni
1363 4500 1590 4572 spiritus
1612 4501 1771 4560 bonis

180 4579 454 4635 mentibus
482 4590 623 4647 sunt,
663 4592 768 4639 etc.
795 4625 812 4651 ,
856 4602 1018 4656 usque
1045 4587 1114 4641 ad
1145 4589 1309 4645 elatio
1340 4593 1406 4646 de
1430 4594 1764 4650 continentia

179 4681 501 4742 surrogatur
519 4715 536 4738 ,
557 4684 662 4728 etc.

254 4763 418 4819 Vens.
450 4765 538 4821 26.
560 4799 631 4808 —
664 4787 682 4820 ι
719 4767 919 4826 Omnes
945 4773 1178 4830 tenebrae
1213 4777 1542 4834 abscondita:
1560 4792 1704 4836 sunt.
1737 4801 1756 4836 ι

179 4853 316 4912 Nam
345 4857 436 4928 qui
475 4871 667 4916 cuncta
693 4863 851 4918 simul
886 4864 940 4918 in
973 4864 1168 4922 effectu
1197 4885 1305 4925 non
1339 4871 1540 4941 explet,
1569 4884 1762 4930 cuncta

179 4965 301 5024 qua:
323 4967 553 5012 noceant
592 4957 643 5011 in
668 4967 846 5014 mente
879 4962 1071 5016 tacitus
1099 4972 1262 5019 tenet.

256 5066 277 5100 ‹
311 5048 597 5106 Devorabit
625 5066 776 5117 eum,
817 5074 836 5106 ι
869 5062 972 5110 etc.
1006 5055 1146 5126 Ignis
1172 5059 1429 5128 gehennae.
1463 5060 1555 5130 qui
1584 5064 1762 5120 studio

176 5139 420 5200 humano
455 5160 562 5200 non
601 5148 962 5214 succenditur,
998 5148 1090 5205 sed
1131 5161 1346 5209 creatus
1377 5163 1460 5210 est
1491 5170 1522 5210 a
1555 5155 1667 5212 Deo
1693 5159 1761 5214 ab

177 5233 388 5304 origine
416 5237 620 5292 mundi.

257 5344 276 5377 ι
316 5325 596 5398 Atliigetur
637 5330 872 5386 relictus.
914 5351 932 5385 ι
967 5333 1140 5404 Iniqui
1185 5337 1586 5396 tabernaculum
1633 5357 1761 5399 caro

173 5429 298 5487 est,
324 5422 448 5491 quia
477 5423 645 5493 ipsam
671 5425 822 5481 laetus
848 5427 1145 5494 inhabitat,
1183 5447 1304 5486 cum
1335 5449 1440 5504 qua
1463 5435 1580 5507 ejus
1607 5437 1762 5506 spiri-

176 5516 270 5570 tus
313 5515 661 5570 cruciabitnr.
705 5516 834 5572 Boni
871 5534 978 5573 non
1025 5521 1080 5575 in
1120 5537 1284 5578 carne
1311 5525 1562 5594 gaudium
1604 5544 1758 5584 suum

172 5614 405 5675 ponunt,
435 5607 532 5661 sed
565 5607 620 5661 in
646 5608 804 5664 omlo.
836 5608 1073 5666 Relictus
1097 5628 1127 5666 a
1151 5630 1315 5669 carne
1345 5631 1375 5668 a
1414 5632 1518 5686 qua
1551 5619 1762 5675 abstra-

176 5695 327 5753 hitur
358 5738 372 5761 ,
426 5713 589 5768 quam
638 5700 724 5756 hic
767 5703 1009 5768 amavit,
1061 5719 1161 5759 nec
1203 5706 1509 5777 relinquere
1549 5711 1756 5767 voluit:

178 5795 307 5842 tunc
334 5799 553 5862 propter
584 5801 846 5849 tormenta
880 5793 1182 5866 relinquere
1205 5799 1380 5867 volet,
1407 5801 1500 5856 sed
1526 5819 1631 5860 non
1664 5820 1762 5873 po-

179 5888 231 5933 te
241 5890 329 5932 rtt.

1791 4639 1844 4700 Ι)

1969 1195 1988 1228 ι
2027 1179 2354 1237 Detrahetur
2393 1181 2449 1236 in
2480 1199 2492 1236 :
2534 1181 2572 1254 »ξ
2599 1184 2726 1253 quia
2771 1184 3020 1242 vindictae
3057 1195 3299 1260 tempore
3349 1207 3476 1262 rap-

1890 1274 1979 1326 tus
2027 1272 2096 1325 ad
2147 1273 2426 1343 supplicia,
2475 1275 2544 1330 ab
2574 1276 2763 1331 aeterni
2813 1275 3014 1346 judicis
3061 1280 3212 1337 vultu
3241 1288 3467 1354 separa-

1892 1367 2000 1414 tur.

1959 1452 2122 1507 Vens.
2170 1454 2261 1509 29.
2308 1485 2380 1495 —
2424 1474 2442 1508 ‹
2489 1457 2616 1512 Haec
2655 1467 2739 1514 est
2785 1475 2911 1530 pars
2956 1460 3192 1518 hominis
3235 1463 3404 1534 impii.
3447 1485 3466 1518 ι

1886 1542 2018 1599 Cum
2038 1545 2182 1599 enim
2204 1546 2298 1601 Dei
2322 1547 2533 1616 justitia
2555 1550 2875 1620 supplicium
2903 1567 2935 1605 a
2957 1555 3200 1623 reprobis
3225 1571 3322 1625 pro
3345 1572 3470 1627 per-'-

1885 1637 2060 1692 versis
2092 1639 2306 1694 actibus
2333 1641 2501 1713 exigit
2531 1682 2545 1708 ,
2589 1645 2668 1698 eis
2711 1643 2854 1699 mala
2883 1661 3055 1716 usque
3091 1650 3159 1703 ad
3185 1651 3473 1706 verborum

1887 1730 2300 1788 retributionem
2318 1735 2515 1789 reddit.

2471 1869 2699 1929 CAPUT
2735 1871 2875 1928 XXI.

1961 1993 2128 2049 Vens.
2158 1994 2214 2048 4.
2255 2025 2323 2036 -—
2357 2013 2376 2048 ‹
2410 1995 2662 2068 Nunquid
2708 2011 2916 2056 contra.
2957 2020 2975 2053 ι
3004 2001 3208 2059 Beatus
3254 2001 3377 2070 Job,
3421 2005 3468 2060 si

1884 2085 1996 2142 Deo
2021 2087 2242 2157 placens
2277 2089 2584 2146 hominibus
2625 2092 2969 2162 displiceret,
3018 2111 3208 2153 causas
3239 2099 3471 2154 tristitia:

1884 2177 2061 2232 nullas
2103 2179 2360 2248 haberet;
2409 2181 2503 2236 sed
2550 2183 2675 2253 quia
2720 2199 2778 2240 se
2825 2185 2937 2241 Deo
2994 2187 3332 2260 displicuisse
3373 2207 3472 2262 per

1882 2268 2094 2342 ﬂagella
2111 2273 2665 2342 praesentiacredjdit,
2692 2293 2890 2348 anceps
2916 2277 3093 2336 factus
3112 2280 3178 2335 de
3198 2291 3325 2338 ante
3350 2292 3472 2338 acta

1884 2362 2016 2429 vita,
2040 2363 2154 2434 jam
2174 2365 2412 2420 animum
2434 2367 2499 2422 ad
2521 2367 2794 2422 tristitiam
2823 2372 3037 2426 vocavit
3066 2391 3080 2426 :
3108 2373 3260 2444 quisi
3282 2373 3469 2446 ﬂagel-

1882 2451 1954 2510 lis
1977 2454 2295 2512 absentibus
2321 2467 2510 2513 contra
2541 2459 2814 2516 hominem
2842 2462 2908 2518 de
2944 2463 3068 2520 vitae
3108 2480 3220 2522 suae
3259 2467 3469 2523 meritis

1884 2547 2214 2617 disputaret,
2241 2565 2583 2622 nequaquam
2613 2555 2936 2612 contristare
2960 2557 3252 2615 debuisset.

1961 2656 1980 2689 ‹
2013 2638 2266 2710 Nunquid
2296 2651 2488 2698 contra
2524 2645 2820 2700 hominem.
2852 2667 2872 2701 ι
2905 2647 3069 2716 Quasi
3097 2653 3336 2710 nondum
3371 2653 3467 2725 hy-

1881 2730 2112 2802 pocrita,
2152 2731 2198 2786 si
2227 2748 2347 2787 cum
2380 2734 2688 2791 hominibus
2718 2737 2783 2792 de
2808 2738 2918 2793 vita
2945 2756 3069 2796 mea
3092 2757 3328 2814 agerem,
3358 2761 3466 2801 non

1881 2825 2164 2881 timerem:
2199 2828 2396 2900 quibus
2437 2829 2482 2883 si
2513 2829 2888 2900 displicerem,
2928 2848 3036 2889 non
3063 2848 3344 2904 curarem;
3370 2837 3466 2894 sed

1881 2919 2008 2989 quia
2047 2935 2174 2974 cum
2210 2921 2353 2989 Deo,
2401 2924 2594 2979 merito
2646 2925 2850 2982 tristor.
2887 2947 2904 2978 ι
2942 2926 3050 2984 Vos
3087 2938 3269 2987 autem
3295 2940 3466 2987 atten-

1881 3007 1993 3064 dite
2016 3024 2120 3078 me,
2153 3031 2172 3064 ι
2201 3014 2358 3083 quasi
2387 3015 2577 3082 Deum,
2605 3017 2699 3071 sed
2727 3032 2834 3072 non
2862 3034 2958 3074 vos
2980 3020 3162 3076 timeo.

1955 3100 2122 3158 Vens.
2168 3104 2223 3160 5.
2251 3135 2322 3144 —
2357 3123 2377 3158 ‹
2406 3105 2704 3175 Attendite,
2735 3127 2754 3162 ι
2786 3108 2838 3163 id
2861 3119 2944 3165 est
2968 3112 3308 3171 considerate
3347 3130 3466 3186 quae

1881 3191 2004 3264 egi,
2052 3203 2108 3249 et
2136 3195 2480 3251 admiramini
2520 3198 2573 3251 in
2601 3197 2688 3254 his
2721 3214 2842 3268 qua:
2883 3200 3080 3268 patior.

1966 3311 1986 3345 ι
2029 3292 2099 3347 Ει
2148 3293 2495 3364 superponite
2539 3293 2761 3365 digitum
2815 3293 2897 3348 ori
2927 3302 3108 3350 vestro
3149 3337 3163 3362 ,
3213 3317 3231 3348 ι
3281 3297 3334 3352 id
3383 3308 3464 3352 est

1875 3390 2138 3448 locutioni
2164 3395 2358 3444 vestrae
2383 3387 2727 3442 discretionis
2754 3387 3007 3444 virtutem
3039 3389 3330 3462 adjungite.

1950 3480 2116 3536 Vens.
2147 3479 2200 3535 6.
2248 3498 2372 3530 —-(
2401 3479 2468 3534 Et
2501 3495 2600 3552 ego
2627 3480 2840 3549 quando
2868 3480 3186 3538 recordatus
3227 3481 3399 3539 fuero.
3441 3503 3456 3536 ι

1879 3574 2068 3647 (Ιὸίά.)
2107 3573 2244 3642 Quia
2274 3581 2490 3628 actuum
2533 3588 2753 3627 suorum
2783 3572 2983 3630 oblitus
3023 3589 3128 3630 non
3160 3584 3296 3642 erat,
3329 3585 3459 3641 etc.,

1877 3683 2039 3738 usque
2066 3666 2134 3719 ad
2161 3674 2349 3721 contra
2379 3665 2498 3736 ejus
2523 3664 2668 3720 dicta
2695 3663 2974 3737 subjungit
3007 3683 3020 3720 :

1949 3757 2114 3812 Vens.
2141 3758 2193 3812 7.
2234 3786 2305 3796 —
2343 3776 2362 3808 ι
2395 3757 2573 3824 Quare
2611 3772 2740 3828 ergo
2778 3757 2929 3828 impii
2957 3757 3166 3812 vivunt.
3207 3779 3225 3811 ι
3271 3757 3461 3815 Subie-

1875 3861 2074 3908 vantur
2096 3849 2413 3916 honoribus,
2447 3847 2825 3906 confortantur
2854 3849 3036 3918 rebus,
3083 3853 3209 3923 quia
3240 3867 3334 3910 eos
3368 3868 3462 3924 pa-

1875 3949 2067 4005 tientia
2094 3949 2273 4002 divina
2302 3946 2518 4003 tolerat.

1951 4060 1970 4091 (
2007 4039 2413 4109 Confortatique
2456 4037 2679 4103 divitiis,
2713 4057 2732 4091 ι
2771 4045 2878 4092 etc.
2907 4076 2921 4103 ,
2953 4043 3012 4092 ut
3037 4036 3127 4092 diu
3153 4036 3208 4092 in
3235 4037 3314 4094 eis
3335 4038 3462 4094 sub-

1874 4131 2066 4186 sistere
2095 4129 2512 4201 permittantur;
2550 4129 2644 4182 sed
2679 4127 2802 4198 quia
2832 4136 2958 4184 sunt
2982 4128 3181 4198 quibus
3212 4129 3457 4196 hacha-

1873 4225 2004 4279 bere
2025 4239 2182 4294 pmna
2213 4233 2316 4288 est,
2345 4224 2470 4293 quia
2499 4222 2740 4277 haeredes
2757 4222 2955 4290 quibus
2979 4222 3095 4276 haec
3127 4222 3454 4291 relinquent,

1873 4335 1978 4373 non
2011 4320 2227 4374 habent.
2259 4319 2452 4374 Subdit
2491 4337 2503 4372 :

1945 4410 2108 4465 Vens.
2141 4413 2195 4467 8.
2239 4442 2311 4452 —
2345 4432 2362 4463 ε
2406 4411 2604 4466 Semen
2631 4425 2819 4465 eorum
2861 4420 3160 4480 permanet.
3199 4430 3219 4462 ι
3262 4409 3319 4464 In
3359 4427 3455 4466 au-

1873 4518 2150 4580 gmentum
2198 4503 2472 4561 felicitatis
2505 4519 2628 4559 cum
2675 4502 3002 4574 patrimonio
3046 4503 3246 4559 dantur
3277 4504 3452 4560 hatre-

1874 4601 1987 4656 des.

1948 4709 1967 4743 ‹
2019 4689 2217 4746 Coram
2255 4691 2353 4746 eis.
2402 4709 2421 4742 ι
2456 4689 2534 4744 Ne
2570 4703 2674 4759 qua
2716 4689 3014 4744 necessitas
3046 4687 3238 4743 saltem
3283 4687 3455 4743 oculis

1869 4783 2156 4840 subtrahat
2198 4797 2263 4837 ea
2302 4782 2359 4836 in
2392 4779 2586 4850 quibus
2616 4779 2828 4833 animus
2866 4777 3134 4843 exsultat;
3177 4779 3272 4834 sed
3300 4792 3368 4833 ne
3397 4778 3452 4833 in

1869 4876 1950 4933 eis
1974 4875 2250 4931 sterilibus
2281 4888 2450 4945 genus
2470 4872 2865 4942 exstinguatur,
2894 4869 3042 4925 addit
3069 4887 3082 4924 :

1945 4987 1962 5018 ι
2001 4965 2431 5036 Pr0pinquorum
2470 4964 2624 5018 turba
2662 4972 2718 5018 et
2760 4972 3016 5031 nepotum
3058 4963 3112 5017 in
3157 4967 3471 5061 conspectu‘

1868 5071 2076 5112 eorum.
2110 5075 2128 5108 ι
2163 5055 2304 5110 Ecce
2343 5054 2594 5108 dicuntur
2619 5051 2700 5108 eis
2723 5067 2843 5108 esse
2867 5052 2997 5115 vita,
3027 5052 3284 5113 honores,
3309 5047 3451 5102 divi-

1866 5146 1977 5213 tiae,
2008 5146 2124 5212 filii,
2157 5155 2379 5215 nepotes
2411 5163 2423 5198 :
2458 5144 2552 5200 sed
2593 5143 2639 5199 si
2662 5143 2808 5199 intus
2837 5143 3134 5199 domestica
3163 5155 3296 5195 cura
3320 5153 3448 5194 ure-

1865 5250 1968 5304 ret,
1997 5255 2104 5295 non
2130 5247 2273 5294 esset
2303 5239 2419 5292 laeta
2457 5239 2571 5293 hate
2594 5235 2853 5305 felicitas,
2883 5237 3023 5292 unde
3048 5235 3267 5291 subdit:

1938 5331 2103 5385 Vens.
2134 5331 2186 5385 9.
2231 5361 2299 5370 —
2345 5350 2362 5381 ι
2411 5330 2612 5386 Domus
2637 5345 2825 5388 eorum
2855 5344 3060 5386 securae
3084 5336 3245 5396 sunt,
3275 5337 3332 5386 et
3354 5344 3448 5400 pa-

1866 5435 2001 5480 cata:
2020 5463 2034 5487 ,
2061 5433 2117 5477 et
2145 5439 2249 5477 non
2289 5431 2390 5478 est.
2440 5443 2458 5476 ι
2493 5423 2623 5491 Qua:
2649 5423 2794 5478 enim
2819 5431 2962 5478 esset
2991 5424 3299 5493 supradicta
3326 5462 3341 5488 ,
3370 5420 3450 5477 fe-

1868 5513 2064 5581 licitas,
2097 5514 2140 5568 si
2180 5513 2299 5568 laata
2321 5529 2428 5568 non
2450 5513 2626 5569 esset?
2653 5511 2711 5569 Si
2738 5513 2882 5567 intus
2908 5527 3183 5584 prospera,
3212 5513 3266 5568 in
3303 5511 3452 5584 agris

1869 5623 2102 5678 quoque.

1945 5721 1961 5752 ι
2003 5701 2107 5755 Bos
2135 5713 2320 5756 eorum
2350 5699 2615 5770 concepit.
2651 5718 2670 5750 ι
2720 5697 2959 5754 Dominis
3002 5711 3221 5770 gregum
3267 5695 3445 5766 prima

1865 5803 1948 5849 est
1974 5792 2223 5859 felicitas,
2253 5803 2357 5849 etc.
2385 5835 2398 5860 ,
2430 5809 2589 5864 usque
2621 5791 2690 5846 ad
2719 5793 2861 5846 unde
2903 5792 3200 5848 fecunditas
3230 5788 3446 5850 fanlilite

1867 5889 2115 5946 subditur
2147 5906 2157 5941 :
