3982 6352
32 0 42 42 i

527 346 634 406 815
1018 343 1413 404 WALAFRIDI
1449 339 1694 398 STRABI
1731 337 1940 396 FULD.
1982 335 2150 396 ΜΟΝ.
2186 334 2338 396 ΟΡΡ.
2379 333 2576 414 PARS,
2598 333 2641 392 Ι.
2679 365 2751 378 -
2787 331 3246 392 THEOLOGICA.
3703 332 3806 390 816

597 455 762 514 Vsus.
790 458 876 512 11.
907 487 975 497 —
1001 475 1020 508 ‹
1051 456 1416 528 Egrediuntur
1434 453 1588 524 quasi
1611 467 1821 524 greges.
1857 470 1876 504 ι
1911 451 1980 508 Ut
2005 451 2110 506 sic-
2136 452 2188 514 Α
2289 468 2308 500 ι
2355 449 2421 504 Et
2449 464 2572 504 cum
2607 448 2919 504 reddiderit.
2961 468 2979 500 ι
3030 447 3216 503 Nescit
3253 445 3396 503 enim
3424 444 3634 518 impius
3665 448 3807 504 mala

522 557 585 604 ut
625 547 831 617 majora
869 549 938 603 ad
980 547 1284 602 habendum
1336 561 1592 601 concessa
1639 553 1793 611 sunt,
1835 545 1910 600 ita
1951 543 2107 598 multi

521 641 831 714 germinent
850 640 917 694 ad
946 639 1376 719 custodiendum.

601 751 620 786 ‹
663 733 730 789 Et
765 732 999 788 infantes
1044 749 1230 787 eorum
1275 731 1550 787 exsultant
1577 731 1804 787 lusibus.
1850 749 1868 782 ι
1902 729 2008 785 Sed
2038 743 2107 784 ne

523 829 673 887 illum
695 829 870 885 lusum
899 829 1058 884 vilem
1085 829 1447 891 crederemus,
1481 827 1558 880 ait
1583 844 1597 880 :

543 957 548 960 -
596 925 762 981 Vsus.
796 924 883 980 12.
917 955 988 966 —
1020 943 1039 976 ι
1087 923 1295 978 Tenent
1326 929 1641 994 tympanum
1666 929 1725 977 et
1751 921 2038 976 citharam.
2079 939 2098 972 ι

522 1016 687 1086 Quasi
713 1033 837 1073 cum
867 1017 1068 1072 domini
1107 1017 1404 1073 honoribus
1441 1025 1496 1072 et
1525 1018 1687 1072 rebus
1715 1023 1945 1082 tument,
1973 1015 2103 1070 sub-

516 1109 649 1183 jecti
677 1113 731 1167 in
764 1111 987 1168 ludicris
1011 1112 1223 1166 actibus
1252 1112 1506 1181 gaudent.

594 1205 759 1260 Vsus.
792 1202 876 1258 15.
917 1233 987 1243 --
1021 1221 1039 1253 ι
1076 1202 1288 1257 Ducunt
1315 1202 1368 1256 in
1398 1201 1553 1256 bonis
1587 1199 1704 1255 dies
1731 1215 1877 1256 suos.
1913 1219 1932 1252 ι
1967 1199 2106 1266 Quia

519 1293 698 1348 omnis
721 1292 998 1362 longitudo
1027 1291 1148 1344 vita:
1169 1292 1454 1361 praesentis
1489 1300 1720 1360 punctus
1749 1305 1870 1345 esse
1899 1305 2102 1360 cogno-

521 1385 712 1448 scitur,
737 1398 858 1437 cum
888 1381 996 1436 ﬁne
1035 1381 1376 1435 terminatur.
1407 1379 1676 1448 Quidquid
1698 1379 1842 1433 enim
1873 1381 2107 1434 transire

518 1476 714 1546 potuit,
741 1473 978 1529 subitum
1011 1472 1129 1527 fuit.

595 1586 612 1618 ι
660 1566 725 1620 Ει
754 1565 808 1619 in
845 1574 1049 1635 puncto
1086 1563 1151 1617 ad
1191 1562 1401 1618 inferna
1445 1563 1797 1619 descendunt.
1845 1581 1864 1614 ι
1906 1559 2013 1616 Sed
2046 1561 2108 1615 ﬁ-

518 1659 602 1714 nis
630 1668 712 1713 est
733 1659 1030 1727 pessimus;
1065 1673 1191 1712 cccc
1217 1672 1324 1726 quo
1351 1657 1638 1720 tendebat,
1669 1656 1793 1725 quia
1821 1655 2106 1726 praesentis

520 1753 640 1807 vius
675 1751 1008 1822 prosperitas
1053 1766 1161 1805 non
1209 1758 1293 1805 est
1322 1751 1474 1805 testis
1505 1749 1844 1813 innocentiae,
1878 1748 2002 1818 quia
2045 1756 2101 1803 et

2169 533 2172 536 ”
2209 557 2329 614 quae
2358 541 2506 607 fecit,
2534 542 2637 597 nisi
2667 557 2786 597 cum
2817 539 2995 612 puniri
3045 539 3290 609 cmperit.

2283 636 2444 690 Vsus.
2471 635 2561 690 20.
2597 654 2615 688 ε
2647 635 2916 690 Videbunt
2941 633 3081 689 oculi
3112 633 3248 704 ejus.
3289 653 3305 684 ι
3339 632 3476 700 Quia
3504 631 3583 687 ita
3611 632 3806 702 iniqui-

2209 733 2318 781 tate
2345 727 2622 789 duruerat,
2664 733 2724 778 ut
2750 740 2851 780 nec
2887 725 2942 778 in
2992 723 3123 793 ipsis
3164 731 3432 778 metueret
3477 722 3642 778 feriri
3690 739 3809 794 qua:

2207 818 2447 881 amabat,
2476 816 2765 870 dummodo
2788 829 2906 885 qua:
2930 829 3185 884 perverse
3214 813 3593 882 cogitaverat,
3621 813 3810 882 exple-

2206 914 2292 962 ret
2325 925 2337 960 :
2370 908 2437 961 de
2458 921 2566 976 qua
2594 905 2950 960 obduratione
2979 903 3321 976 subiungitur
3350 921 3363 957 :

2277 997 2439 1053 Vens.
2466 997 2556 1051 21.
2586 1027 2658 1037 —
2691 1015 2708 1048 ι
2751 995 2892 1064 Quid
2935 995 3082 1051 enim
3117 997 3205 1051 ad.
3243 1016 3262 1049 ι
3294 995 3414 1051 Non
3454 996 3604 1067 quod
3635 997 3695 1050 in
3734 996 3814 1051 in-

2206 1088 2363 1144 terno
2385 1105 2494 1146 non
2524 1089 2730 1160 cogitet
2753 1087 2820 1143 de
2844 1089 3111 1161 cognatis,
3135 1097 3266 1155 etc.,
3297 1104 3460 1160 usque
3487 1089 3562 1141 ad
3593 1105 3668 1144 ne
3693 1091 3812 1160 quis

2206 1181 2476 1238 discutere
2502 1189 2816 1252 praesum-at,
2841 1181 3087 1251 sequitur
3117 1199 3129 1234 :

2276 1274 2442 1329 Vsus.
2482 1272 2573 1326 22.
2605 1303 2675 1313 —
2708 1291 2725 1323 ι
2759 1271 3014 1342 Nunquid
3059 1269 3228 1326 Deum
3273 1273 3545 1344 quispiam
3596 1272 3814 1328 docebit

2206 1368 2531 1424 scientiam?
2561 1387 2578 1420 ι
2622 1368 2674 1421 id
2702 1375 2786 1422 est
2815 1367 3100 1422 nobiscum
3135 1366 3211 1421 nil
3241 1367 3440 1438 injuste
3467 1367 3606 1438 agit,
3639 1368 3738 1437 qui
3761 1377 3812 1422 et

2113 1501 2116 1504 -
2207 1463 2544 1518 subtiliorem
2569 1462 2728 1518 nobis
2754 1461 3051 1533 angelicam
3079 1468 3330 1515 naturam
3343 1459 3491 1530 juste
3511 1460 3808 1529 judicavit,

2205 1557 2349 1612 unde
2372 1555 2507 1611 nihil
2540 1563 2708 1610 restat
2730 1554 3008 1624 conqueri.

2276 1648 2442 1704 Vsus.
2472 1648 2647 1702 25.--
2669 1666 2686 1698 ι
2709 1647 2815 1702 Istc
2839 1647 3086 1702 moritur.
3119 1667 3138 1700 ι
3157 1646 3295 1701 Ecce
3315 1645 3469 1715 ponit
3493 1643 3592 1699 illa
3615 1644 3677 1698 in
3701 1646 3810 1715 qui-

2205 1741 2306 1795 bus
2327 1739 2726 1810 Omnipotentis
2752 1748 3023 1796 secretum
3055 1739 3176 1808 quis
3203 1737 3482 1802 discutiat,
3507 1739 3809 1807 quaerendo

518 1845 622 1899 hac
665 1811 746 1898 tisi
792 1811 1054 1912 pereunt,
1099 1851 1153 1897 et
1193 1841 1442 1913 ﬂagellati
1483 1840 1802 1904 liberantur,
1834 1811 1984 1910 quod
2021 1847 2106 1894 est
2135 1811 2180 1871 Β
2209 1847 2308 1887 cur
2333 1833 2450 1886 haec
2472 1832 2546 1886 ita
2575 1845 2696 1886 esse
2733 1831 3038 1901 permittat.
3086 1828 3420 1900 Superﬁcies
3443 1827 3653 1884 litterae
3681 1830 3808 1885 satis

521 1943 711 1990 contra
747 1935 952 1990 amicos
980 1931 1097 1989 Job.

595 2045 760 2100 Vens.
805 2045 892 2100 14.
939 2076 1010 2085 -
1054 2064 1072 2095 ι
1130 2043 1229 2110 Qui
1291 2043 1544 2098 dixerunt
1587 2043 1698 2098 Deo
1750 2059 1762 2095 :
1814 2040 2032 2096 Recede
2075 2056 2106 2095 a

534 2137 711 2194 nobis.
752 2156 771 2189 ι
809 2136 1025 2209 (ΟΜ-κς.)
1050 2136 1244 2192 Dicunt
1271 2137 1411 2191 Deo:
1446 2135 1659 2190 Recede
1681 2149 1711 2188 a
1735 2134 1906 2192 nobis.
1940 2133 2031 2203 qui
2057 2133 2108 2188 ei

519 2228 586 2284 ad
617 2245 675 2284 se
699 2231 940 2301 praebere
969 2228 1175 2283 aditum
1207 2235 1477 2292 recusant,
1519 2240 1750 2294 eumque
1787 2224 1974 2293 pravis
2017 2239 2109 2278 ac-

521 2312 666 2378 tibus
693 2321 1032 2390 impugnant.

526 2429 528 2431 ·
593 2433 613 2467 ι
649 2413 948 2470 Scientiam
973 2412 1183 2466 viarum
1214 2419 1450 2465 tuarum.
1494 2430 1512 2463 ι
1541 2410 1641 2466 Via
1666 2409 1759 2463 Dei
1781 2423 1909 2478 pax,
1932 2407 2109 2461 humi-

519 2506 671 2570 litas,
714 2504 979 2575 patientia
1019 2512 1101 2558 est
1155 2522 1167 2556 :
1213 2518 1333 2573 quae
1373 2503 1464 2572 qui
1490 2501 1823 2570 despiciunt,
1869 2500 2104 2554 dicunt:

521 2596 815 2652 Scientiam
845 2596 1054 2650 viarum
1089 2605 1303 2648 tuarum
1326 2592 1596 2646 nolumus.
2022 2609 2024 2612 ·

591 2709 770 2764 Vens.
822 2708 922 2762 15.
967 2737 1041 2746 —
1089 2724 1109 2756 ‹
1169 2705 1300 2772 Quis
1345 2713 1428 2759 est
1475 2703 1877 2774 Omnipotens?
1927 2721 1945 2754 ι
2001 2711 2104 2758 etc.

526 2818 545 2850 ι
569 2797 715 2853 Dixit
743 2797 888 2852 enim
918 2796 1180 2866 insipiens
1206 2795 1260 2849 in
1288 2795 1450 2850 corde
1474 2810 1572 2849 suo
1603 2812 1615 2847 :
1649 2792 1764 2849 Non
1789 2801 1871 2849 est
1891 2794 2050 2848 Deus.
2083 2812 2102 2845 ι

597 2907 615 2940 ‹
667 2888 736 2942 Et
780 2887 909 2958 quid
939 2887 1094 2942 nobis
1126 2885 1346 2956 prodest
1373 2886 1418 2940 si
1457 2883 1842 2939 oraverimus?
1880 2904 1898 2936 ι
1932 2868 2108 2953 Iniqui

520 2980 614 3052 qui
638 2994 745 3035 non
774 2977 979 3044 Deum,
1026 2977 1122 3032 sed
1171 2976 1442 3031 exteriora
1476 2976 1614 3030 dona
1658 2981 1936 3044 quaerunt,
1984 2988 2107 3028 cum

520 3073 708 3128 eadem
735 3070 1095 3127 servientibus
1132 3070 1319 3124 deesse
1360 3067 1721 3139 conspiciunt,
1764 3067 1866 3136 ipsi
1901 3066 2108 3122 servire

519 3171 894 3222 contemnunt.

590 3277 758 3332 Vsus.
787 3274 874 3330 16.
904 3291 1000 3326 -‹
1031 3273 1418 3330 Verumtamen
1442 3273 1566 3341 quia
1599 3287 1704 3328 non
1732 3279 1876 3326 sunt.
1910 3289 1928 3322 ι
1959 3269 2106 3324 Bona

519 3369 575 3425 in
625 3382 787 3424 manu
824 3365 1028 3432 habet,
1088 3364 1181 3434 qui
1222 3362 1567 3433 despiciendo
1618 3360 1966 3430 temporalia,
2007 3360 2106 3416 sub

518 3462 757 3518 dominio
784 3459 981 3516 mentis
1009 3456 1224 3529 premit.
1255 3455 1326 3510 At
1355 3455 1602 3526 quisquis
1627 3470 1692 3509 ea
1719 3454 1886 3509 nimie
1909 3453 2105 3526 diligit,

515 3541 580 3612 se
604 3555 777 3624 magis
799 3554 904 3609 illis
932 3568 1092 3624 quam
1124 3551 1242 3622 ipsa
1266 3551 1367 3606 sibi
1391 3551 1662 3621 supponit.
2085 3543 2088 3546 ’

596 3666 614 3698 ι
657 3646 960 3702 Consilium
986 3658 1173 3700 eorum
1213 3641 1388 3712 longe.
1435 3661 1452 3694 ι
1489 3640 1784 3696 Consilium
1817 3641 2106 3711 impiorum

517 3747 604 3796 est
635 3747 908 3797 terrenam
950 3734 1177 3806 gloriam
1204 3747 1447 3802 quaerere
1471 3775 1483 3797 ,
1515 3741 1772 3788 reternam
1813 3734 2102 3804 negligere.

521 3831 630 3886 Sed
651 3829 780 3899 quia
804 3829 858 3882 in
890 3827 994 3882 hac
1025 3810 1136 3880 vita
1166 3839 1272 3878 non
1299 3825 1556 3878 continue
1581 3835 1994 3894 prosperantur,
2021 3840 2107 3880 se-

522 3922 710 3994 quitur
741 3933 757 3975 :

597 4035 760 4090 Vt-zns.
786 4035 871 4090 17.
903 4063 978 4076 --
1013 4052 1032 4085 ι
1063 4033 1284 4102 Quoties
1313 4032 1534 4086 lucerna
1567 4032 1858 4104 impiorum
1901 4033 2103 4088 exstin-

521 4137 734 4200 guetur.
773 4147 792 4180 ι
830 4128 984 4198 Saepe
1025 4127 1220 4196 impius
1251 4126 1526 4180 lucernam
1561 4141 1712 4178 suam
1756 4125 1987 4181 ﬁliorum
2025 4125 2106 4178 vi-

521 4230 636 4276 tam
665 4221 928 4286 aestimat;
963 4219 1056 4274 sed
1087 4235 1210 4273 cum
1239 4217 1381 4272 ﬁlius
1415 4217 1505 4286 qui
1535 4217 1699 4271 nimie
1729 4225 1944 4270 amatur
1982 4217 2107 4270 sub-

523 4314 794 4379 trahitur,
826 4313 1047 4368 lucerna
1091 4304 1276 4382 impii,
1325 4325 1444 4380 qua:
1489 4309 1791 4376 videbatur,
1837 4310 2106 4366 exstincta

523 4414 610 4462 est
631 4422 646 4471 ;
671 4407 750 4462 sic
777 4414 862 4462 est
884 4415 941 4462 et
967 4407 1033 4461 de
1057 4405 1250 4477 opibus
1271 4413 1432 4474 atque
1459 4405 1776 4462 honoribus.

605 4498 672 4552 Et
712 4497 1057 4567 superveniet
1100 4497 1179 4551 eis
1217 4497 1512 4551 inundatio.
1563 4517 1582 4550 ›
1619 4497 1900 4554 lnundatio
1924 4499 2106 4570 impiis

527 4588 859 4661 supervenit,
887 4603 1009 4642 cum
1056 4589 1303 4643 dolorum
1331 4586 1524 4643 ﬂuctus
1568 4587 1814 4660 exaliqua
1864 4591 2107 4645 adversi-

531 4689 644 4736 tate
667 4680 964 4750 patiuntur.

601 4793 619 4824 ι
667 4772 736 4826 Et
763 4770 974 4827 dolores
1002 4771 1240 4837 dividet,
1285 4790 1304 4823 ι
1337 4781 1440 4826 etc.
1489 4771 1589 4838 Qui
1621 4780 1852 4827 mternos
1892 4773 2107 4830 dolores

527 4865 693 4934 impio
730 4869 932 4927 servat,
971 4871 1027 4915 et
1056 4861 1142 4916 hic
1170 4859 1458 4930 aliquando
1486 4861 1601 4932 ejus
1628 4871 1863 4917 mentem
1895 4871 2106 4933 tempo-

528 4958 628 5014 rali
654 4957 838 5013 dolore
865 4955 1294 5020 transverberat;
1325 4957 1451 5024 quia
1481 4955 1626 5010 enim
1655 4956 1741 5010 hic
1771 4967 1826 5009 et
1853 4955 1962 5011 illic
1991 4971 2110 5026 per-

527 5051 682 5114 cutit,
713 5048 911 5104 furoris
951 5049 1032 5103 sui
1069 5063 1233 5116 super
1270 5047 1496 5117 impium
1533 5047 1748 5103 dolores
1777 5048 2005 5113 dividit,
2049 5055 2108 5102 ut

530 5144 730 5213 duplici
755 5143 1077 5199 contritione
1104 5151 1437 5198 conteratur.

601 5235 767 5296 Vsus.
799 5238 883 5292 18.
908 5267 975 5278 -—
1005 5257 1022 5288 ε
1057 5237 1231 5290 Erunt
1260 5235 1402 5290 sicut
1428 5233 1615 5302 paleae.
1655 5253 1672 5284 ι
1722 5233 1858 5301 Quia
1889 5235 1982 5290 ira:
2011 5235 2107 5291 Dei

533 5329 658 5384 ﬂatu
691 5328 868 5384 subito
903 5330 1148 5383 levantur
1194 5337 1357 5396 atque
1389 5333 1738 5396 asportantur
1781 5329 1848 5383 ad
1885 5329 2064 5399 ignem
2092 5347 2105 5384 :

609 5438 628 5470 ‹
682 5417 752 5473 Et
799 5418 938 5473 sicut
970 5417 1152 5472 favilla
1183 5431 1368 5486 quam,
1423 5434 1442 5467 ι
1489 5417 1616 5487 quia
1662 5433 1758 5473 eos
1792 5418 1860 5473 ad
1905 5428 2109 5475 aeterna

535 5507 793 5579 supplicia
823 5508 976 5562 turbo
1001 5507 1218 5576 rapiens
1252 5513 1516 5575 asportat.

607 5597 773 5653 Vsus.
807 5598 892 5652 19.
942 5628 1011 5637 -
1057 5616 1075 5647 ι
1112 5598 1252 5653 Deus
1290 5597 1528 5652 servabit
1562 5597 1686 5655 ﬁliis
1730 5599 1890 5655 illius.
1924 5619 1942 5652 ι
1976 5599 2112 5667 Quia

538 5686 630 5756 qui
656 5688 893 5756 parentis
913 5687 1253 5760 iniquitatem
1277 5690 1540 5757 imitatur,
1571 5690 1732 5748 etiam
1761 5691 1880 5761 ejus
1916 5691 2111 5748 delicto

541 5777 944 5849 constringitur.

2208 1931 2356 1995 patet
2389 1939 2484 1994 per
2513 1937 2590 1978 se.
2628 1921 2782 1988 Quod
2811 1929 2990 1976 autem
3015 1921 3146 1976 dicit
3177 1939 3189 1973 :

2282 2012 2443 2068 Vsus.
2472 2013 2561 2067 24.
2591 2043 2660 2052 -
2703 2031 2721 2064 ‹
2759 2013 2979 2067 Viscera
3031 2012 3148 2082 ejus
3199 2011 3360 2080 plena
3394 2017 3524 2065 sunt
3571 2011 3752 2080 adipe.
3785 2029 3801 2062 ι

2209 2105 2388 2174 Adeps
2408 2105 2606 2174 quippe
2636 2120 2704 2158 ex
2738 2102 3032 2157 abundanti
3061 2104 3183 2158 cibo
3211 2111 3324 2169 est,
3356 2113 3488 2166 etc.,
3529 2120 3706 2171 usque
3747 2104 3808 2157 ad

2167 2210 2338 2251 -ecce
2390 2195 2539 2250 dives
2593 2194 2830 2249 inaniter
2879 2194 3096 2265 gaudet,
3146 2209 3354 2265 pauper
3393 2195 3620 2250 inanius
3677 2193 3807 2250 allii-

2209 2297 2374 2358 gitur.

2282 2380 2443 2434 Vsus.
2487 2379 2576 2433 26.
2623 2409 2692 2418 —
2739 2396 2756 2429 ι
2792 2378 2857 2433 Et
2884 2386 3063 2433 tamen
3101 2377 3260 2432 simul
3309 2378 3362 2432 in
3399 2377 3637 2448 pulvere
3685 2379 3805 2432 dor-

2211 2472 2398 2526 mient.
2432 2490 2450 2522 »
2488 2470 2676 2542 (Ιὸἱά.)
2708 2473 2836 2538 Qum
2860 2485 2986 2524 cura
3014 2471 3080 2525 de
3101 2470 3348 2524 dissimili
3379 2470 3511 2535 vita,
3545 2486 3808 2542 prospera

2210 2568 2294 2622 vel
2323 2568 2568 2633 adversa,
2621 2583 2742 2621 cum
2770 2566 2963 2623 similis
2993 2565 3116 2621 ﬁnis
3161 2566 3217 2620 in
3260 2565 3526 2635 pulvere?
3575 2565 3676 2620 Illa
3708 2567 3810 2621 vita

2212 2662 2498 2733 cogitanda
2526 2703 2540 2726 ,
2595 2661 2688 2717 ubi
2740 2677 2862 2717 cum
2914 2658 3314 2716 resurrectione
3365 2660 3433 2714 ad
3487 2657 3812 2714 dissimilem

2211 2762 2372 2818 ﬁnem
2394 2762 2726 2832 pervenitur,
2756 2761 2848 2817 ubi
2873 2760 3006 2816 felix
3029 2761 3095 2814 ad
3119 2774 3327 2830 ptenas,
3359 2757 3598 2815 afﬂictus
3621 2761 3814 2814 transit

2211 2855 2280 2910 ad
2316 2855 2582 2924 requiem.

2289 2965 2307 2997 ι
2342 2945 2407 3000 Et
2438 2955 2613 3000 tamen
2641 2945 2802 3001 simul
2829 2946 2883 3000 in
2911 2946 3156 3016 pulvere.
3193 2966 3213 2998 ι
3257 2945 3316 3002 Id
3355 2953 3461 3010 est,
3491 2945 3548 2999 in
3574 2944 3812 3001 terrenis

2212 3037 2496 3094 desideriis
2519 3039 2706 3096 oculos
2728 3041 2928 3096 mentis
2958 3029 3209 3096 claudent
3234 3059 3248 3093 :

2289 3149 2307 3181 ι
2345 3131 2412 3185 Et
2432 3147 2664 3196 vermes,
2701 3151 2720 3183 ι
2759 3132 2852 3202 qui
2874 3132 2939 3187 de
2974 3149 3159 3199 carne,
3203 3133 3254 3188 id
3280 3141 3365 3188 est
3389 3133 3650 3188 carnales
3670 3149 3812 3190 cura

2209 3231 2480 3292 premunt,
2537 3223 2680 3293 quod
2723 3238 2830 3277 non
2867 3222 2921 3277 in
2953 3221 3069 3286 Job,
3124 3223 3212 3294 qui
3246 3239 3347 3280 nec
3376 3225 3442 3278 de
3474 3225 3687 3279 habitis
3735 3236 3812 3279 tu—

2209 3312 2368 3375 muit,
2410 3327 2508 3366 nec
2531 3313 2596 3367 de
2619 3313 2834 3368 amissis
2857 3315 3050 3369 anxius
3071 3312 3193 3369 fuit.
3231 3313 3338 3369 Sed
3363 3315 3437 3368 illi
3465 3315 3575 3370 hoc
3598 3323 3816 3386 putant,

2207 3419 2375 3475 quare
2403 3406 2679 3475 subjungit
2709 3423 2721 3459 :

2215 3511 2217 3514 '
2278 3497 2442 3552 Vsus.
2470 3497 2562 3552 27.
2592 3527 2662 3537 —
2695 3516 2714 3548 ι
2749 3496 2908 3553 Certe
2955 3499 3080 3554 novi
3117 3500 3476 3568 cogitationes
3498 3509 3748 3556 vestras.
3793 3521 3812 3553 ι

2205 3588 2377 3657 Quem
2411 3589 2556 3646 enim
2594 3606 2912 3661 percussum
2936 3592 3212 3657 viderunt,
3244 3602 3376 3657 etc.,
3409 3610 3578 3664 usque
3609 3596 3687 3648 ad
3718 3609 3820 3650 nec

2204 3680 2448 3754 perfecte
2470 3683 2536 3736 ad
2565 3690 2770 3737 aeterna
2804 3689 3106 3745 transeunt,
3137 3683 3281 3736 unde
3311 3681 3461 3736 addit
3489 3702 3502 3736 :

2277 3772 2442 3827 Vsus.
2474 3773 2564 3827 29.
2606 3803 2678 3812 —
2731 3791 2751 3824 ι
2785 3771 3149 3844 Interrogate.
3176 3767 3471 3844 quemlibet
3525 3776 3596 3829 de
3649 3777 3763 3830 via.
3795 3794 3818 3828 ι

2206 3861 2396 3918 Viator
2423 3863 2620 3916 dicitur
2671 3862 2760 3930 qni
2801 3870 3122 3931 praesentem
3152 3863 3340 3927 vitam,
3373 3863 3520 3916 viam
3553 3864 3670 3918 sibi
3703 3879 3821 3919 esse

2207 3961 2263 4006 et
2286 3969 2392 4007 non
2420 3952 2653 4022 patriam
2684 3952 2934 4017 attendit,
2966 3954 3054 4022 qui
3081 3957 3134 4007 in
3158 3952 3444 4008 dilectione
3474 3963 3818 4021 praetereun-

2209 4044 2278 4098 tis
2309 4043 2489 4097 szeculi
2519 4059 2614 4098 cor
2646 4043 2812 4114 ﬁgere
2838 4044 3086 4114 despicit,
3127 4046 3220 4099 sed
3251 4055 3451 4100 teterna
3484 4047 3655 4113 petit.

2279 4132 2442 4188 Vens.
2475 4133 2563 4188 51.
2596 4164 2664 4173 -
2701 4155 2719 4186 ς
2756 4135 2887 4201 Quis
2915 4145 3103 4206 arguet
3138 4149 3322 4189 coram
3349 4150 3414 4190 eo
3462 4137 3586 4190 vias
3616 4135 3765 4205 ejus.
3797 4157 3816 4190 ι

2208 4225 2342 4280 Cum
2375 4226 2440 4280 de
2465 4225 2706 4280 omnium
2738 4226 3003 4282 malorum
3051 4241 3278 4296 corpore
3311 4227 3656 4295 loqueretur,
3688 4239 3820 4293 etc.,

2209 4333 2373 4387 usque
2417 4317 2486 4370 ad
2509 4332 2606 4372 nec
2633 4317 2798 4384 Elias,
2831 4333 2934 4373 nec
2956 4319 3142 4372 Enoch
3172 4320 3283 4373 suis
3306 4319 3540 4384 viribus,
3563 4324 3672 4375 sed
3703 4323 3819 4376 Dei.

2286 4408 2446 4463 Vsus.
2467 4407 2559 4462 52.
2587 4428 2693 4461 -ι
2713 4409 2832 4478 lpse
2851 4409 2917 4463 ad
2949 4409 3216 4480 sepulcra.
3240 4427 3258 4460 ι
3290 4407 3404 4464 Hoc
3431 4408 3486 4462 in
3514 4409 3660 4474 vita,
3683 4421 3822 4476 etc.,

2209 4515 2372 4570 usque
2413 4499 2481 4552 ad
2524 4499 2650 4569 quia
2692 4499 2747 4554 in
2794 4514 3086 4570 pravorum
3115 4507 3324 4554 tantum
3366 4498 3636 4554 cordibus
3680 4500 3824 4556 reci-

2209 4592 2410 4664 pietur.

2288 4703 2308 4735 σ
2343 4685 2407 4738 Et
2433 4685 2486 4738 in
2511 4685 2780 4755 congerie.
2819 4705 2836 4738 ι
2869 4687 3006 4753 Quia
3035 4687 3090 4741 in
3115 4685 3534 4756 congregatione
3573 4701 3820 4755 peccas-

2208 4778 2346 4832 tium
2377 4779 2588 4832 astutiae
2623 4794 2731 4832 suae
2779 4779 3002 4834 insidias
3045 4779 3256 4842 exerit;
3309 4778 3570 4848 quoniam
3626 4790 3818 4834 aute

2211 4870 2366 4926 multi
2398 4879 2524 4925 sunt
2547 4870 2694 4934 mali,
2733 4881 2879 4925 recte
2903 4870 3184 4940 congeries
3205 4870 3581 4923 nominantur.

2286 4962 2450 5018 Vsus.
2485 4961 2573 5016 55.
2605 4993 2676 5002 --
2717 4980 2736 5012 r
2771 4962 2952 5016 Dulcis
2998 4961 3115 5016 fuit.
3156 4979 3174 5011 ι
3216 4959 3472 5029 Cocytus,
3505 4959 3702 5016 luctus
3739 4961 3822 5014 in-

2215 5054 2546 5108 ﬁrmantium
2579 5053 2795 5116 dicitur,
2820 5061 2948 5118 etc.,
2979 5068 3140 5123 usque
3159 5052 3227 5104 ad
3253 5051 3530 5120 signantes
3558 5055 3718 5121 quod
3747 5052 3818 5107 ibi

2215 5146 2288 5200 sit
2311 5146 2488 5201 luctus
2514 5145 2748 5215 iniqutts.

2293 5255 2310 5287 ε
2347 5236 2413 5290 Et
2448 5244 2568 5306 post
2593 5251 2650 5291 se
2675 5251 2912 5290 omnem.
2947 5255 2967 5287 ι
3010 5233 3197 5307 (Ibid.)
3245 5235 3416 5290 Homo
3441 5238 3694 5291 humana
3733 5252 3820 5291 sa-

2216 5327 2372 5398 piens
2403 5327 2491 5381 hic
2520 5326 2872 5396 intelligitur;
2907 5333 3028 5396 post
3052 5341 3109 5380 se
3134 5341 3349 5380 omnem
3376 5327 3660 5382 hominem
3697 5339 3816 5381 tra-

2218 5419 2322 5485 hit,
2350 5418 2475 5488 quia
2499 5425 2745 5483 cunctos,
2790 5431 2928 5489 quos
2953 5417 3200 5473 carnales
3228 5417 3526 5479 invenerit,
3561 5417 3672 5474 sub
3701 5433 3820 5473 sua:

2219 5509 2439 5564 ditionis
2462 5509 2648 5578 jugum
2679 5509 2821 5578 rapit
2845 5525 2858 5560 :
2908 5509 3000 5580 qui
3041 5517 3094 5563 et
3123 5523 3264 5563 nunc
3287 5508 3606 5578 priusquam
3631 5523 3786 5578 app:

2219 5609 2353 5662 reat,
2414 5599 2831 5655 innumerabiles
2879 5599 3062 5665 trahit,
3110 5599 3214 5655 etsi
3251 5613 3359 5654 non
3399 5611 3626 5663 omnes,
3679 5597 3816 5668 quia

2222 5692 2376 5748 multi
2404 5709 2434 5746 a
2459 5693 2780 5748 carnalitate
2810 5693 3176 5748 retrahuntur.

2296 5785 2461 5839 Vens.
2494 5785 2580 5839 54.
2609 5815 2679 5826 --
2711 5804 2729 5837 ι
2768 5783 3047 5849 Quomodo
3066 5784 3229 5854 igitur
3251 5782 3808 5852 consolamini,eu:.n
