3982 6352
199 419 301 474 817

1267 414 1531 472 GLOSSA
1570 412 1972 473 0RDINARIA.
2012 443 2084 456 -—-
2122 415 2250 472 LIB.
2290 412 2430 470 JOB.

3348 417 3452 473 818
3539 427 3541 429 ’

202 533 470 603 Quoniam
517 531 561 587 si
613 529 828 602 iniquus
881 531 934 586 in
967 532 1069 586 hac
1121 529 1233 585 vita
1277 531 1607 602 permittitur
1654 545 1777 600 pro-
1803 533 1856 591 Α
1907 535 1930 567 ³
1953 529 2114 586 Vens.
2143 529 2229 585 l9.
2257 558 2326 570 --
2360 547 2379 580 ι
2406 523 2676 584 Videbunt
2709 525 2861 598 justi,
2892 548 2911 584 t
2946 530 3252 605 iniquorum
3281 520 3452 587 inter-

204 626 430 696 sperari,
468 623 607 692 quod
653 622 720 677 de
749 622 1083 677 Antichristo
1110 631 1386 677 ostensum
1415 631 1519 687 est,
1563 634 1783 676 necesse

204 725 289 772 est
310 723 370 770 ut
387 714 590 770 electus
620 713 811 768 debeat
837 713 934 767 sub
959 711 1154 783 ﬂagelli
1186 714 1336 768 l'reno
1365 713 1606 768 retineri.

282 830 298 862 ι
339 807 471 863 Cum
511 806 790 875 responsio
815 815 1016 871 vestra,
1047 826 1064 857 ι
1108 815 1213 860 etc.
1245 806 1380 860 Eum
1424 806 1564 860 enim
1595 819 1786 862 conso-

205 902 308 957 lari
337 917 442 956 non
475 907 743 969 poterant,
784 898 838 952 in
881 913 989 968 quo
1035 897 1150 953 suis
1186 897 1527 954 sermonibus
1572 896 1784 951 veritati

211 993 566 1050 contraihant.
616 989 749 1043 Nam
783 1005 904 1044 cum
935 991 1080 1045 hunc
1135 991 1468 1061 hypocritam
1521 989 1782 1052 dicerent,

209 1083 463 1153 quoniam
517 1080 828 1134 mentiendo
873 1079 1084 1149 culpam
1133 1079 1546 1150 perpetrabant,
1603 1075 1785 1129 alllicti

207 1175 334 1248 justi
362 1188 572 1246 pmnam
617 1173 925 1243 augebant;
983 1173 1108 1242 quia
1152 1172 1459 1242 diligentem
1505 1168 1785 1223 veritatem

211 1275 426 1336 torquet
451 1265 605 1335 culpa
645 1264 832 1318 alienae
858 1263 1097 1318 fallacim.

794 1398 1018 1454 CAPUT
1057 1396 1218 1452 XXII.

283 1535 426 1590 Vens
462 1533 513 1599 1,
536 1532 590 1587 2.
631 1563 703 1573 -
731 1553 750 1584 ε
784 1531 1152 1602 Respondeas,
1181 1541 1282 1587 etc.
1318 1529 1568 1600 Nunquid
1591 1529 1722 1584 Deo.
1759 1546 1779 1580 ι

214 1626 428 1698 (Gneo.,
459 1626 514 1678 in
549 1625 694 1690 Job.,
724 1624 760 1678 l.
799 1623 932 1696 xv1.)
969 1623 1070 1689 Qui
1119 1632 1306 1677 contra
1337 1622 1578 1676 veritatis
1624 1620 1783 1674 verba

213 1717 488 1780 deficiunt,
529 1718 690 1771 etiam
732 1727 856 1770 nota
883 1717 1163 1784 replicant,
1194 1730 1262 1768 ne
1289 1714 1514 1768 tacendo
1535 1712 1662 1767 victi
1709 1712 1786 1764 vi-

215 1809 479 1874 deantur;
527 1809 665 1862 unde
693 1807 911 1877 Eliphaz
951 1807 1093 1860 beati
1138 1805 1240 1861 Job
1264 1802 1602 1861 sermonibus
1643 1817 1788 1874 pres-

214 1913 330 1961 sus,
363 1913 427 1951 ea
455 1896 584 1952 dicit
609 1911 727 1965 qua-
751 1896 926 1951 nullus
951 1896 1158 1966 ignorat
1183 1912 1196 1960 ;
1227 1895 1304 1948 ait
1328 1895 1502 1948 enim:

293 2010 310 2041 ε
351 1989 620 2059 Nunquid.
649 1991 757 2043 Deo
787 1988 1130 2058 comparari?
1164 2009 1179 2038 ι
1208 1987 1263 2040 ln
1291 1985 1692 2055 comparatione
1710 1992 1792 2038 et-

215 2081 358 2134 enim
388 2081 476 2135 Dei
509 2081 753 2146 scientia,
801 2088 932 2145 etc.,
962 2095 1122 2150 usque
1157 2079 1224 2132 ad
1246 2077 1398 2148 quasi
1423 2075 1796 2166 descendendo

216 2176 510 2246 subiungit.

291 2267 455 2322 Vsus.
497 2267 550 2321 5.
600 2297 670 2308 ——
714 2286 732 2318 (
767 2265 906 2333 Quid
954 2268 1170 2337 prodest
1199 2265 1223 2319 ?
1249 2285 1268 2319 ι
1319 2265 1377 2320 In
1424 2264 1571 2320 omni
1601 2264 1797 2334 quippe

217 2358 361 2430 quod
387 2360 523 2414 bene
547 2359 773 2428 agimus,
799 2374 930 2424 etc.,
963 2375 1124 2429 usque
1149 2358 1216 2412 ad
1244 2357 1418 2414 adhuc
1441 2354 1798 2428 adjungitEli—

216 2454 358 2522 phaz
384 2452 526 2522 quod
550 2451 727 2506 nullus
753 2451 984 2522 ignorat.
1391 2506 1403 2516 ,

293 2543 456 2600 Vens.
484 2543 540 2598 4.
571 2574 642 2584 —
673 2561 692 2594 ι
727 2540 979 2614 Nunquid
1033 2542 1224 2598 timens
1248 2549 1434 2613 arguet
1461 2541 1552 2596 te?
1593 2560 1610 2592 ι
1666 2540 1797 2608 Quis

219 2637 326 2691 hoc
350 2635 432 2690 vel
472 2633 739 2705 desipiens
766 2634 987 2700 sentiat,
1017 2633 1156 2704 quod
1199 2633 1341 2688 Deus
1366 2649 1432 2690 ex
1461 2632 1653 2687 timore
1698 2647 1797 2688 nos

218 2732 440 2796 arguat,
491 2733 546 2779 et
569 2739 634 2779 ex
666 2733 809 2779 metu
841 2733 1028 2780 contra
1073 2723 1451 2792 nosjudicium
1487 2739 1640 2779 suum
1669 2738 1796 2792 pro-

217 2817 432 2885 ponat?
465 2834 483 2866 ‹
519 2813 770 2885 Nunquid
793 2816 888 2871 tibi
914 2816 1145 2887 arguet?
1174 2836 1190 2867 ι
1224 2814 1326 2882 Qui
1368 2817 1533 2871 verba
1556 2831 1651 2870 sua
1682 2829 1796 2869 me-

221 2907 314 2961 tiri
341 2906 618 2971 nesciunt-,
652 2909 718 2961 ad
738 2908 909 2962 otiosa
933 2907 1072 2962 dicta
1102 2906 1429 2962 dilabuntur.

296 2995 459 3054 Vsus.
490 2998 544 3052 5.
571 3027 642 3037 -
672 3017 689 3048 ‹
723 2998 788 3052 Et
819 3013 923 3053 non
971 3009 1186 3069 propter
1215 2998 1474 3053 malitiam
1517 3010 1658 3054 tuam
1685 2999 1802 3069 plu-

220 3090 440 3146 rimam.
481 3108 498 3140 ι
527 3089 572 3144 Α
594 3088 770 3144 verbis
797 3090 1005 3156 otiosis,
1033 3080 1164 3156 etc.,
1195 3107 1354 3157 usque
1375 3091 1443 3144 ad
1475 3090 1570 3145 sed
1591 3105 1802 3159 semper

218 3181 292 3237 ad
321 3181 590 3238 deteriora
617 3179 923 3234 descendat.
953 3178 1086 3234 Nam
1117 3181 1377 3251 sequitur.

297 3275 463 3330 Vens.
501 3273 554 3328 6.
587 3304 655 3313 —
686 3291 705 3323 ε
739 3271 1015 3328 Abstulisti
1047 3274 1191 3328 enim
1235 3274 1445 3343 pignus.
1486 3292 1504 3326 ι
1562 3272 1685 3328 Haec
1737 3273 1805 3328 ad

215 3368 461 3422 litteram
511 3371 697 3434 aperta
725 3372 868 3428 sunt,
914 3371 1046 3430 etc.,
1084 3381 1244 3434 usque
1280 3364 1348 3419 ad
1383 3362 1464 3419 vel
1489 3363 1625 3420 dona
1650 3363 1808 3433 spiri-

221 3458 396 3512 tualia
421 3456 684 3527 perdunt,
713 3455 805 3525 qui
829 3456 896 3510 ad
917 3463 971 3511 te
994 3455 1235 3511 veniunt.

306 3550 467 3605 Vsus.
491 3549 544 3604 9.
573 3578 641 3589 —
657 3566 676 3600 ι
696 3546 916 3603 Viduas.
941 3567 958 3599 ι
989 3547 1184 3602 Dicunt
1198 3547 1437 3602 hatretici
1454 3545 1657 3617 plebes,
1673 3553 1806 3614 etc.,

223 3659 392 3713 usque
414 3641 481 3695 ad
503 3655 600 3710 pro
625 3639 862 3711 peccatis
883 3640 1068 3696 dicunt
1095 3639 1320 3695 retribui
1346 3638 1440 3694 et?
1486 3638 1554 3693 Et
1577 3638 1680 3694 hoc
1701 3644 1806 3705 est,

231 3754 252 3787 ι
288 3733 583 3803 Propterea
611 3730 974 3787 circumdatus
1004 3745 1063 3785 es
1093 3729 1320 3799 laqueis.
1353 3749 1370 3780 ι

303 3824 467 3880 Vens.
497 3825 579 3879 11.
603 3855 673 3865 -
698 3843 716 3876 ι
753 3823 818 3878 Ει
844 3824 1071 3894 putabas
1109 3833 1178 3877 te.
1202 3843 1220 3874 ι
1250 3821 1414 3889 Quasi
1437 3820 1654 3885 diceret,
1679 3827 1808 3888 etc.,

227 3935 396 3988 usque
425 3915 492 3970 ad
533 3917 673 3970 sicut
697 3916 836 3969 unda
862 3929 1023 3984 super
1049 3915 1265 3968 undam.
1806 3969 1811 3976 η

307 4008 468 4064 Vens.
499 4007 588 4062 12.
611 4036 684 4046 -
715 4025 733 4058 ί
759 4006 841 4059 An
865 4021 969 4061 non
998 4004 1199 4074 cogitas
1220 3989 1359 4073 qubd
1384 4002 1545 4058 Deus.
1577 4022 1596 4054 ι
1626 4001 1808 4070 Quasi,

229 4118 303 4156 an
345 4100 645 4164 ideo,,etc.,
699 4112 859 4168 usque
900 4095 968 4149 ad
997 4095 1122 4166 quia
1158 4094 1319 4150 stulto
1341 4092 1544 4163 judicio
1577 4093 1719 4149 solos
1757 4106 1815 4148 se

230 4195 507 4262 sapientes
545 4198 755 4260 putant.

309 4287 472 4339 Vens.
506 4283 592 4339 15.
619 4315 688 4328 -
719 4303 735 4335 ι
771 4281 1022 4352 Nunquid
1053 4279 1346 4337 semitam?
1376 4301 1395 4334 ι
1431 4280 1584 4337 Sicut
1623 4280 1816 4334 semita

235 4379 618 4448 Redemptoris
671 4377 969 4440 humilitas,
1023 4375 1098 4430 ita
1143 4377 1336 4431 semita
1385 4373 1702 4430 saeculorum
1729 4389 1819 4429 su-

234 4470 443 4540 perbia.
477 4467 805 4523 Smculorum
854 4467 1036 4537 itaque
1067 4467 1316 4522 semitam
1357 4466 1459 4520 viri
1504 4465 1672 4534 iniqui
1712 4464 1821 4519 cal-

236 4568 388 4622 cant,
413 4558 507 4628 qui
535 4573 631 4628 per
654 4556 814 4627 hujus
835 4557 960 4612 vita:
981 4557 1247 4613 desideria
1277 4556 1331 4610 in
1355 4556 1588 4611 elatione
1615 4571 1824 4624 peram-

239 4653 447 4710 bulant.

315 4743 478 4797 Vsus.
504 4741 588 4796 l6.
619 4771 688 4782 —-—
717 4759 735 4792 ι
763 4741 865 4809 Qui
885 4741 1080 4798 sublati
1103 4750 1226 4795 sunt
1251 4748 1376 4795 ante
1407 4751 1613 4810 tempus
1636 4754 1812 4804 suum,

243 4835 346 4890 nisi
375 4834 516 4904 quod
559 4847 765 4889 omnes.
803 4853 821 4885 ι
863 4831 966 4900 Qui
993 4839 1311 4901 prmsentem
1359 4830 1523 4884 vitam
1568 4829 1815 4899 diligunt,

244 4935 376 4991 etc.,
420 4942 580 4997 usque
617 4927 686 4980 ad
711 4933 766 4981 et
797 4932 1036 4980 mutatur
1060 4923 1350 4988 sententia,
1382 4923 1476 4979 sed
1509 4936 1616 4977 non
1644 4922 1822 4977 consi-

247 5018 376 5072 lium
404 5027 681 5072 mternum.

323 5129 341 5159 ι
375 5109 440 5162 Ει
467 5108 656 5162 ﬂuvius
684 5108 946 5164 subvertit
967 5107 1374 5161 fundamentum
1409 5118 1612 5160 eorum.
1653 5124 1672 5156 ι
1713 5103 1820 5160 Ini-

247 5199 338 5269 qui
371 5200 495 5254 dum
518 5198 799 5268 prmsentia
825 5214 945 5253 esse
981 5198 1198 5268 fugitiva
1223 5213 1329 5252 non
1359 5197 1658 5258 intuentur,
1688 5203 1815 5260 etc.,

249 5305 408 5358 usque
428 5289 494 5340 ad
516 5289 639 5358 quia
667 5303 857 5343 cursus
881 5287 1252 5342 mutabilitatis
1278 5294 1477 5342 statum
1510 5286 1563 5340 in
1590 5285 1668 5341 cis
1689 5285 1817 5340 sub-

252 5381 359 5433 ruit
381 5395 648 5448 perversae
681 5380 1087 5436 constructioni.

324 5472 486 5526 Vsus.
535 5475 617 5527 18.
666 5505 733 5513 —
783 5493 800 5523 ι
831 5475 964 5528 Cum
1012 5475 1099 5528 ille
1149 5473 1442 5544 implesset.
1487 5494 1505 5525 ι
1563 5473 1822 5528 Malorum

254 5564 440 5619 domos
481 5566 739 5620 Dominus
791 5567 1008 5636 implet,
1065 5569 1191 5636 quia
1242 5567 1404 5621 etiam
1455 5566 1678 5636 ingratis
1727 5581 1823 5620 sua

253 5655 391 5711 dona
423 5675 527 5715 non
553 5659 798 5729 denegat.

336 5765 352 5796 ι
387 5747 624 5814 Quorum
657 5748 920 5802 sententia
947 5748 1150 5818 procul.
1191 5768 1208 5799 t
1239 5747 1348 5800 iloc
1380 5748 1540 5801 etiam
1562 5745 1829 5813 Job,etc.,

256 5853 421 5910 usque
468 5841 535 5893 ad
574 5849 720 5910 optat
745 5855 861 5895 esse
893 5838 1150 5894 malorum
1178 5836 1472 5893 dissimilis.

1885 622 2040 678 itum.

1961 735 1978 766 ‹
2015 714 2081 768 Ει
2109 713 2448 768 laetabuntur.
2481 733 2500 766 ι
2532 711 2665 769 Cum
2702 713 2946 770 districto
2995 714 3163 784 judici
3210 714 3456 786 perfecta

1878 805 1988 876 jam
2011 805 2299 860 securitate
2325 803 2654 860 inhaeserint.
2687 802 2841 859 Nunc
2869 803 3012 858 enim
3041 803 3300 874 reprobos
3325 820 3455 874 pro-

1885 895 2122 965 spiciunt
2151 903 2205 949 et
2233 903 2469 966 gemunt.

1955 989 2119 1044 Vnus.
2141 991 2232 1045 20.
2256 1019 2325 1030 —
2363 1008 2384 1040 ‹
2415 988 2601 1044 Nonne
2625 989 2856 1045 succisa.
2900 1008 2918 1041 ι
2964 987 3064 1045 Hic
3089 989 3262 1061 iniqui
3289 994 3460 1050 erecti

1887 1093 2029 1149 sunt,
2062 1093 2200 1148 etc.,
2243 1099 2401 1154 usque
2437 1081 2505 1135 ad
2543 1081 2629 1137 vel
2659 1097 2690 1136 a
2735 1091 3024 1152 conspectu
3056 1079 3254 1151 judicis
3279 1084 3345 1139 ad
3369 1097 3463 1156 ge-

1887 1175 2120 1230 hennam
2150 1175 2558 1244 pertrahuntur.
3299 1183 3302 1186 ’

1963 1288 1980 1318 ι
2015 1268 2081 1321 Ει
2120 1267 2372 1337 reliquias
2418 1282 2605 1321 eorum
2641 1267 2934 1322 devoravit.
2974 1286 2992 1319 ι
3041 1265 3176 1334 Quia
3198 1273 3254 1322 et
3281 1265 3328 1321 si
3372 1263 3464 1319 hic

1885 1372 2102 1413 carnem
2135 1357 2458 1426 relinquant,
2488 1356 2539 1409 in
2569 1357 2960 1412 resurrectione
2983 1355 3264 1426 recipient,
3299 1361 3362 1408 ut
3406 1350 3466 1406 in

1887 1461 2048 1502 carne
2088 1447 2313 1500 ardeant
2337 1446 2390 1500 in
2415 1462 2517 1516 qua
2539 1455 2914 1515 peccaverunt.

1959 1538 2233 1610 Vsus..2l.
2261 1569 2331 1578 ——
2359 1558 2377 1590 ι
2411 1537 2706 1606 Acquiesce
2741 1539 2921 1608 igitur.
2961 1557 2976 1586 ι
3009 1535 3174 1605 Culpa
3202 1534 3469 1606 superbia:

1885 1639 1987 1694 est,
2042 1631 2234 1685 docere
2285 1630 2576 1693 meliorem,
2625 1631 2769 1700 quod
2810 1645 2950 1700 saepe
2987 1629 3227 1685 haeretici
3265 1628 3470 1684 faciunt

1883 1723 2190 1778 catholicis.

1957 1815 2122 1869 Vens.
2164 1815 2254 1869 25.
2278 1844 2346 1854 —
2382 1834 2401 1865 ‹
2436 1813 2490 1868 Si
2519 1829 2769 1870 reversus
2795 1814 2976 1870 fuerit.
3009 1834 3028 1868 ι
3082 1812 3218 1882 Quia
3246 1830 3275 1868 a
3310 1814 3472 1884 justi-

1818 1885 1866 1946 Β
1894 1905 1981 1959 tia“:
2006 1904 2362 1960 aediﬁcatione
2389 1905 2694 1961 destructus
2725 1921 2803 1961 es.

1968 2015 1986 2046 ‹
2015 1996 2080 2049 Et
2104 1995 2257 2066 longe
2285 1995 2470 2050 iacies.
2508 2015 2525 2046 ι
2552 1995 2761 2067 Corpus
2787 1997 2981 2051 animm
3007 1995 3273 2068 accipitur
3296 1995 3475 2051 taber-

1893 2089 2144 2144 naculum
2189 2096 2244 2142 et
2292 2103 2442 2143 mens
2470 2089 2874 2158 cogitationum.
2926 2089 2994 2143 Et
3019 2096 3104 2144 est
3129 2104 3361 2145 sensus:
3410 2085 3470 2144 Si

1895 2181 1960 2236 ad
1981 2181 2151 2236 Deum
2178 2188 2300 2250 post
2319 2189 2498 2236 errata
2529 2183 2840 2249 revertaris,
2885 2182 2940 2236 in
2975 2181 3302 2254 cogitatione
3334 2189 3390 2237 et
3415 2179 3474 2238 in

1895 2288 2055 2344 opere
2081 2273 2444 2327 mundaberis.

1963 2363 2127 2418 Vens.
2161 2363 2250 2416 24.
2278 2393 2350 2403 --
2383 2382 2401 2414 ε
2435 2363 2591 2418 Dabit
2615 2379 2712 2435 pro
2742 2371 2906 2418 terra.
2947 2383 2966 2417 ι
3023 2363 3126 2420 Per
3152 2371 3354 2420 terram
3393 2362 3477 2419 in-

1896 2458 2122 2512 ﬁrmitas
2142 2457 2392 2522 actionis,
2424 2473 2522 2528 per
2552 2458 2754 2514 silicem
2799 2457 3052 2514 fortitudo
3089 2459 3351 2530 signatur,
3378 2472 3478 2529 per

1899 2557 2164 2604 torrentes
2213 2563 2405 2604 aureos
2445 2547 2692 2604 doctrina
2723 2549 2925 2605 intimae
2972 2548 3257 2605 claritatis.
3308 2547 3390 2603 Ad
3417 2561 3478 2603 se

1897 2654 2024 2710 ergo
2053 2639 2327 2694 conversis
2350 2653 2448 2709 pro
2473 2647 2616 2695 terra
2637 2639 2724 2693 dat
2757 2657 2776 2690 ι
2814 2639 3018 2694 silicem
3054 2659 3073 2694 ›
3119 2639 3325 2696 robusti
3351 2651 3483 2710 ope-

1899 2730 1991 2794 ris,
2023 2738 2076 2784 et
2107 2749 2126 2781 ‹
2154 2744 2252 2799 pro
2285 2728 2434 2784 silice
2457 2736 2731 2784 torrentes
2757 2743 3006 2785 aureos.»

1975 2840 1992 2871 ι
2022 2820 2145 2876 Pro.
2176 2839 2196 2871 ›
2237 2819 2373 2888 Quia
2401 2835 2496 2890 pro
2521 2819 2738 2876 robusto
2762 2835 2926 2890 opere
2955 2818 3257 2876 doctrinam
3281 2816 3468 2875 multi-

1898 2913 2062 2984 plicat
2087 2913 2246 2969 clarae
2273 2912 2692 2983 praedicationis.

1972 3027 2181 3098 (Bene)
2220 3025 2334 3082 Hoc
2357 3027 2505 3091 dicit,
2550 3027 2690 3096 quod
2720 3027 2764 3082 si
2818 3027 3108 3098 prapitiato
3153 3026 3256 3083 sibi
3300 3028 3486 3084 Domi-

1903 3134 1995 3184 no,
2017 3129 2145 3184 etc.,
2191 3133 2352 3188 usque
2378 3118 2447 3171 ad
2477 3127 2597 3172 sunt
2627 3128 2909 3188 argentum
2941 3119 3064 3186 igne
3091 3119 3479 3174 examinatum.

1831 3249 1879 3313 ρ
1978 3230 2142 3286 Vsus.
2189 3230 2279 3285 25.
2329 3261 2400 3270 -—
2449 3250 2467 3281 ε
2515 3231 2735 3300 Eritque
2795 3229 3148 3300 Omnipotens
3206 3239 3416 3286 contra.
3460 3253 3478 3283 ›

1909 3325 2096 3400 (Ιὺὶά.)
2138 3324 2292 3393 Saepe
2317 3341 2437 3378 cum
2464 3325 2634 3379 sacris
2661 3323 2889 3394 eloquiis
2933 3323 3280 3388 intendimus,
3330 3323 3489 3378 mali-

1909 3433 2134 3489 gnorum
2159 3416 2442 3486 spirituum
2465 3416 2688 3470 insidias
2707 3417 2944 3486 graviter
2966 3414 3274 3472 toleramus.
3307 3417 3376 3472 Et
3401 3399 3501 3471 est

1909 3521 2137 3562 sensus:
2169 3507 2294 3560 dum
2323 3505 2583 3576 malignos
2617 3506 2836 3576 spiritus
2871 3523 2901 3561 a
2938 3515 2990 3562 te
3019 3506 3294 3578 repulerit,
3321 3506 3502 3570 divini

1910 3597 1964 3652 in
1999 3605 2048 3652 te
2074 3596 2274 3667 eloquii
2299 3596 2558 3652 talentum
2584 3596 2819 3652 lucidum
2844 3606 3140 3654 excrescet.

1981 3709 2144 3766 Vens.
2175 3711 2264 3766 26.
2294 3741 2364 3752 —-
2393 3731 2412 3763 ‹
2449 3708 2600 3766 Tunc
2649 3727 2830 3782 super.
2865 3730 2884 3762 ι
2933 3709 3108 3781 Super
3139 3708 3494 3782 Omnipoten-

1913 3810 2019 3857 tem
2049 3802 2254 3858 deliciis
2281 3801 2498 3857 amuere
2526 3811 2610 3858 est
2651 3801 2705 3857 in
2735 3818 2919 3858 amore
2960 3802 3102 3859 illius
3127 3801 3303 3873 epulis
3323 3817 3497 3860 sacra

1916 3892 2208 3962 Scriptura:
2235 3892 2442 3947 satiari.

1990 4001 2009 4033 ‹
2044 3982 2111 4037 Et
2129 3982 2364 4038 elevabis
2391 3983 2458 4038 ad
2487 3982 2675 4039 Deum.
2707 4003 2727 4036 ι
2769 3984 2850 4041 Ad
2875 3985 3045 4041 Deum
3071 3984 3252 4042 levare
3277 3985 3492 4054 faciem,
3535 3987 3538 3990 ’

1916 4085 2000 4132 est
2025 4060 2132 4131 cor.
2161 4077 2225 4130 ad
2247 4076 2495 4131 sublimia
2525 4078 2892 4150 investiganda
2921 4079 3186 4136 attollere.

1988 4167 2151 4222 Vsus.
2177 4166 2267 4222 27.
2304 4199 2373 4209 -—
2413 4187 2432 4220 σ
2468 4169 2533 4223 Et
2553 4177 2678 4225 vota
2705 4180 2793 4225 tua
2827 4172 3036 4226 reddes.
3073 4191 3092 4222 ι
3127 4171 3230 4238 Qui
3255 4179 3378 4225 vota
3399 4186 3499 4227 vo-

1918 4262 2017 4327 vit,
2061 4263 2153 4318 sed
2184 4277 2281 4332 pro
2310 4261 2622 4317 inﬁrmitate
2651 4263 2860 4318 solvere
2883 4278 2988 4318 non
3017 4261 3179 4327 valet,
3205 4262 3254 4316 ei
3283 4265 3500 4331 expec-

1920 4355 2028 4409 cati
2076 4368 2232 4423 poena
2261 4353 2364 4408 hoc
2389 4353 2588 4423 agitur,
2619 4361 2676 4406 ut
2711 4352 2910 4408 volenti
2937 4353 3137 4408 bonum
3186 4367 3344 4422 posse
3368 4355 3498 4408 sub-

1926 4445 2172 4498 trahatur
2198 4461 2210 4496 :
2251 4458 2372 4497 cum
2392 4458 2522 4496 vero
2551 4457 2631 4505 ea,
2666 4457 2786 4510 quae
2813 4441 3057 4506 obsistit,
3088 4440 3241 4510 culpa
3273 4443 3505 4512 detergi-

1926 4542 2013 4586 tur
2036 4574 2050 4596 ,
2085 4533 2140 4585 tit
2163 4532 2406 4601 protinus
2444 4539 2501 4584 ut
2524 4538 2705 4584 votum
2735 4529 3063 4598 possibilitas
3092 4539 3368 4600 sequatur.

1837 4629 1890 4689 D
1989 4623 2147 4677 Vsus.
2177 4620 2266 4674 28.
2302 4650 2372 4659 —
2402 4638 2419 4669 ι
2453 4620 2740 4673 Decerues.
2774 4637 2792 4667 ι
2837 4617 2942 4674 Res
2980 4619 3288 4675 decernitur
3316 4629 3369 4676 et
3410 4636 3504 4677 ve-

1917 4713 1996 4767 nit
2023 4752 2036 4775 ,
2083 4725 2205 4765 cum
2237 4709 2426 4773 virtus,
2466 4724 2584 4778 qua:
2634 4723 2700 4761 ex
2744 4707 3010 4764 desiderio
3051 4711 3350 4780 appetitur,
3394 4711 3503 4767 lar-

1917 4802 2098 4872 giente
2121 4799 2348 4854 Domino
2369 4799 2530 4852 etiam
2557 4811 2654 4867 per
2681 4795 2934 4853 etiectum
2957 4808 3325 4870 prosperatur.

1998 4911 2017 4944 ι
2051 4892 2118 4947 Ει
2144 4892 2344 4947 veniet.
2377 4910 2395 4942 ›
2422 4888 2624 4944 Eadem
2646 4889 2973 4960 promittunt
2998 4891 3239 4947 haeretici
3264 4890 3502 4958 amictis,

1923 4987 1968 5042 si
1996 5001 2089 5042 eos
2115 4992 2434 5055 sequantur.

1999 5095 2018 5128 ι
2049 5077 2115 5131 Ει
2138 5076 2192 5131 in
2216 5075 2336 5130 viis.
2359 5095 2379 5127 ι
2414 5075 2472 5129 in
2499 5073 2879 5143 viisjustorum
2899 5073 3082 5130 lumen
3107 5071 3390 5142 splendere
3414 5079 3504 5129 est

1921 5184 2019 5241 per
2047 5168 2185 5224 mira
2210 5182 2372 5239 opera
2399 5166 2656 5222 virtutum
2691 5165 2844 5238 signa
2883 5181 2995 5222 sua:
3016 5162 3281 5220 claritatis
3324 5177 3490 5234 asper.

1927 5279 2074 5336 gere.

2000 5374 2163 5431 Vsus.
2193 5373 2282 5429 29.
2310 5404 2380 5414 -—-
2413 5393 2432 5426 ‹
2465 5373 2568 5441 Qui
2612 5372 2759 5431 enim
2781 5369 3114 5428 humiliatus.
3152 5389 3174 5424 ι
3227 5369 3365 5440 Quia
3409 5367 3505 5440 qui

1931 5483 1988 5522 se
2009 5466 2640 5532 humiliat,exaltabitur.

2008 5579 2025 5610 ε
2055 5558 2120 5612 Ει
2140 5559 2253 5628 qui.
2292 5579 2310 5610 ι
2348 5557 2614 5624 Quantum
2636 5571 2733 5627 per
2754 5556 3119 5612 membrorum
3144 5553 3505 5609 ministerium

1937 5652 2260 5724 deprehendi
2282 5660 2477 5722 potest,
2506 5651 2680 5720 prima
2704 5648 2944 5705 ostensio
2963 5645 3227 5718 superbiae
3256 5645 3310 5699 in
3337 5642 3507 5700 oculis
3533 5701 3538 5706 ε

1939 5761 2056 5801 esse
2090 5743 2243 5798 solet.

2016 5837 2178 5892 Vsus.
2202 5835 2290 5891 30.
2317 5866 2384 5876 —
2413 5855 2430 5887 ι
2464 5833 2767 5889 Salvabitur
2795 5832 3070 5888 innocens.
3095 5848 3115 5885 ι
3143 5828 3278 5898 Quia
3297 5827 3509 5899 quando
