3982 6352
511 336 614 391 819
1007 332 1400 389 WALAFRIDI
1438 328 1684 387 STRABI
1721 329 1924 388 FULD.
1976 328 2140 386 MON.
2183 329 2334 385 OPP.
2379 327 2556 383 PARS
2594 325 2634 382 I.
2677 358 2746 369 —
2786 327 3242 386 THEOLOGICA.

509 445 597 500 hic
631 445 876 514 pervenit
916 447 1088 516 gratia
1137 455 1197 499 ut
1233 446 1491 501 innocens
1527 444 1640 507 ﬁat,
1689 459 1809 499 cum
1858 443 1924 498 ad
1951 441 2094 513 judi-
2121 445 2170 508 Α
2272 441 2433 495 Vsus.
2467 441 2552 494 12.
2583 471 2651 479 —
2685 459 2702 488 ε
2739 440 2878 496 Etin
2909 441 3034 495 sinu
3060 456 3180 495 meo
3202 440 3483 496 abscondi.
3522 456 3546 490 ι
3599 437 3664 493 In
3693 438 3818 494 sinu

505 536 650 592 cium
681 536 914 602 ducitur,
949 549 1017 592 ex
1043 536 1238 591 merito
1264 541 1660 589 remuneratur.

1071 670 1297 728 CAPUT
1337 669 1525 726 XXIII.

579 809 744 866 Vens.
779 811 831 864 1.
854 839 926 852 -
957 828 978 861 ι
1011 809 1366 880 Respondeas
1400 816 1581 864 autem
1616 805 1719 864 Job
1739 808 1914 864 dixit:
1945 807 2102 866 Nunc

509 901 798 971 quoquein
825 901 1202 956 amaritudine.
1232 920 1250 952 ι
1287 899 1506 972 (6ης.)
1539 899 1690 955 Mens
1710 897 1844 969 justi
1870 899 1926 954 in
1951 913 2102 954 ama-

509 993 743 1050 ritudine
766 1002 850 1049 est
881 1007 1118 1064 semper,
1165 999 1294 1055 etc.,
1351 1009 1513 1064 usque
1561 992 1630 1046 ad
1656 991 1750 1062 qui
1792 1005 1889 1062 per
1913 989 2102 1046 dulces

506 1099 788 1141 sermones
817 1085 1077 1142 seducere
1104 1093 1372 1154 quaerunt.

579 1183 743 1237 Vsus.
774 1183 828 1236 2.
853 1213 924 1223 -
959 1201 978 1233 ι
1009 1182 1076 1235 Et
1110 1197 1302 1237 manus
1331 1181 1504 1252 plaga:
1549 1195 1703 1234 meae.
1740 1200 1759 1232 ι
1796 1178 1982 1233 Manus
2005 1194 2100 1232 au—

507 1283 615 1331 tem
659 1275 830 1346 plaga:
855 1283 939 1331 est
989 1274 1252 1330 fortitudo
1299 1273 1685 1342 percussionis,
1737 1272 1828 1326 sed
1869 1271 2100 1341 quia'ex

507 1367 948 1432 adversitatibus,
966 1365 1100 1435 justi
1123 1367 1244 1437 plus
1270 1365 1464 1420 sitiunt
1494 1365 1686 1420 faciem
1719 1363 1977 1429 auctoris,
2010 1379 2099 1418 se-

506 1458 691 1528 quitur
722 1476 732 1510 :

573 1551 738 1607 Vens.
775 1554 827 1606 5.
875 1583 946 1594 -
990 1573 1010 1603 ‹
1041 1551 1172 1619 Quis
1211 1551 1344 1606 mihi
1384 1551 1606 1605 tribuat.
1663 1569 1681 1600 ι
1730 1547 1920 1613 Electi,
1975 1561 2099 1602 cum

505 1651 694 1696 contra
741 1650 926 1697 votum
963 1642 1216 1712 quaelibet
1247 1641 1332 1712 agi
1378 1640 1747 1710 conspiciunt,
1794 1640 1861 1693 ad
1888 1638 2100 1692 occulta

504 1733 598 1786 Dei
628 1733 831 1802 judicia
856 1744 1165 1800 recurrunt,
1198 1743 1258 1788 ut
1289 1735 1343 1789 in
1383 1735 1462 1789 eis
1500 1733 1719 1787 videant
1745 1731 1870 1802 quia
1898 1731 2099 1786 inordi-

2202 534 2380 589 cordis
2403 535 2564 587 verba
2607 533 2719 587 oris
2748 533 2866 602 ejus
2906 532 3304 599 abscondimus,
3339 531 3621 603 quoniam
3664 546 3820 587 man-

2201 625 2325 679 data
2354 623 2470 693 ejus
2493 639 2602 680 non
2631 623 2959 687 transitorie,
3015 623 3107 679 sed
3146 623 3416 695 implenda
3447 638 3630 693 opere
3669 622 3822 678 audi-

2201 733 2344 794 mus,
2375 723 2428 771 et
2449 717 2493 771 si
2518 717 2680 771 verba
2704 717 2758 771 in
2782 731 2946 785 opere
2991 717 3276 785 prodeunt,
3305 715 3483 769 latent
3512 723 3716 769 tamen
3764 714 3820 769 in

2200 810 2382 866 corde.
2430 808 2487 863 Si
2531 809 2678 863 intus
2706 825 2813 863 non
2858 808 3100 863 elevatur
3147 809 3400 873 animus,
3455 807 3556 862 sed
3602 807 3656 861 si
3699 805 3820 861 laus

2199 911 2353 956 extra
2391 899 2672 972 quzeritur,
2722 909 2853 955 tunc
2884 915 3064 956 sermo
3087 899 3183 956 Dei
3209 900 3266 954 in
3295 899 3416 954 sinu
3448 914 3564 954 non
3624 898 3818 954 occul-

2199 1002 2368 1049 tatur.

2271 1085 2436 1140 Vens.
2469 1087 2555 1141 15.
2584 1115 2654 1124 -
2688 1101 2707 1134 ‹
2743 1082 2860 1154 Ipse
2886 1084 3034 1140 enim
3054 1082 3204 1140 solus
3224 1091 3329 1138 est.
3365 1102 3385 1135 ι
3409 1080 3819 1152 Principaliter

2200 1185 2256 1231 et
2284 1178 2710 1233 immutabiliter.
2736 1175 2896 1232 Solus
2926 1178 3070 1232 enim
3111 1191 3210 1247 per
3234 1191 3293 1231 se
3337 1184 3441 1241 est,
3467 1175 3566 1245 qui
3627 1175 3816 1229 omnia

2201 1269 2333 1338 agit,
2358 1270 2411 1323 in
2435 1270 2630 1339 quibus
2650 1279 2733 1324 est
2765 1270 2878 1339 ipse
2903 1269 3196 1334 timendus,
3229 1283 3337 1324 non
3385 1283 3512 1338 quae
3537 1268 3814 1338 patimur.

2201 1365 2277 1418 De
2301 1363 2454 1432 cujus
2483 1364 2923 1419 immutabilitate
2950 1364 3132 1419 subdit
3169 1381 3184 1418 :

2278 1476 2296 1507 ε
2340 1457 2407 1511 Ει
2429 1472 2587 1511 nemo
2615 1467 2880 1513 avertere.
2915 1476 2933 1508 ι
2958 1457 3094 1524 Quia
3124 1455 3296 1512 semel
3321 1454 3430 1510 ﬁxa
3451 1451 3684 1524 judicia
3701 1469 3818 1507 mn-

2203 1547 2306 1603 tari
2348 1563 2687 1617 nequaquam
2723 1555 2970 1618 possunt.

2278 1659 2295 1692 ι
2331 1641 2397 1695 Ει
2423 1642 2605 1694 anima
2633 1642 2770 1711 ejus.
2807 1662 2824 1694 ι
2861 1642 2937 1696 Ea
2965 1641 3080 1712 ipsa
3127 1641 3210 1696 vis
3250 1656 3354 1712 qua
3387 1646 3598 1695 cuncta
3635 1638 3820 1710 dispo-

2201 1733 2302 1798 nit,
2333 1734 2510 1787 anima
2539 1733 2679 1789 illius
2703 1734 3024 1805 appellatur.

504 1834 632 1880 nate
658 1826 803 1880 intus
825 1843 930 1880 non
954 1826 1280 1896 disponitur,
1326 1825 1471 1894 quod
1496 1824 1802 1879 inordinate
1825 1823 1956 1879 foris
1977 1839 2100 1878 cur—
2126 1821 2173 1882 B
2273 1825 2438 1880 Vsus.
2467 1825 2552 1880 14.
2579 1857 2649 1865 ——
2679 1845 2696 1878 ι
2732 1826 2865 1882 Cum
2894 1825 3210 1895 expleverit.
3249 1845 3266 1877 ι
3298 1825 3496 1895 Expiet
3523 1824 3584 1878 in
3607 1840 3710 1880 me
3731 1841 3815 1880 vo-

511 1931 632 1971 rere
659 1917 891 1971 videtur.
924 1917 990 1971 Et
1015 1918 1117 1972 hoc
1141 1925 1244 1981 est,
1273 1918 1415 1986 quod
1438 1916 1621 1971 subdit
1647 1930 1662 1968 :

585 2025 603 2055 ε
638 2005 910 2060 Inveniam
954 2007 1124 2060 illiilli.
1165 2027 1183 2060 ›
1246 2006 1318 2061 Ut
1358 2015 1477 2061 est:
1519 2006 1662 2075 quod
1707 2005 1866 2061 modo
1918 2004 2098 2060 differt

509 2096 668 2161 Deus,
702 2108 761 2151 ut
792 2097 909 2166 plus
938 2098 1290 2152 desideretur.

582 2205 599 2236 ε
637 2187 705 2241 Ει
739 2188 947 2242 veniam
971 2204 1143 2258 usque
1169 2188 1236 2242 ad
1264 2187 1456 2242 solium
1499 2185 1637 2253 ejus.
1675 2205 1694 2240 ι
1732 2184 1937 2241 Solium
1967 2192 2097 2240 sunt

503 2280 702 2350 angeli,
735 2291 865 2345 etc.,
909 2299 1068 2352 usque
1090 2283 1159 2334 ad
1201 2283 1329 2337 dum
1360 2282 1585 2337 meliora
1615 2283 1901 2352 disponere
1927 2283 2094 2336 Deum

505 2373 709 2434 vident,
741 2374 885 2428 unde
925 2390 938 2426 :

581 2483 598 2514 ι
631 2463 834 2518 Ponam
863 2479 1049 2519 coram
1097 2464 1208 2520 Deo
1223 2463 1508 2534 judicium.
1549 2484 1568 2516 ι
1599 2464 1794 2520 Coram
1819 2465 1929 2521 Deo
1948 2463 2095 2534 judi-

505 2555 648 2610 cium
676 2569 899 2624 ponere,
931 2563 1060 2622 etc.,
1100 2573 1264 2626 usque
1303 2557 1370 2610 ad
1405 2556 1652 2612 occultus
1683 2573 1827 2612 nunc
1871 2565 1926 2611 et
1957 2556 2095 2611 taci-

507 2655 594 2704 tus
621 2648 781 2719 iudex
812 2664 974 2718 quam
1020 2649 1282 2705 terribilis
1327 2659 1452 2719 post
1488 2659 1789 2721 appareat,
1840 2650 2094 2706 conside-

505 2752 648 2793 rare.

578 2827 743 2884 Vens.
782 2829 837 2883 4.
883 2859 954 2869 —
1007 2848 1027 2882 ‹
1068 2830 1142 2886 Os
1193 2846 1373 2885 meum
1418 2830 1654 2900 replebo.
1702 2849 1722 2883 ι
1779 2831 1915 2896 Quia
1967 2831 2093 2884 dum

504 2933 735 2974 examen
772 2918 973 2988 judicis
1020 2930 1207 2976 contra
1257 2935 1316 2975 se
1357 2921 1772 2990 contemplatur,
1807 2937 1990 2977 amare
2038 2937 2098 2978 se

503 3012 836 3084 paenitentiae
865 3013 1167 3069 invectione
1194 3015 1556 3083 persequitur.

574 3105 737 3161 Vsus.
771 3105 825 3161 5.
854 3137 925 3146 —
951 3105 1022 3162 Ut
1047 3106 1212 3161 sciam
1236 3107 1399 3162 verba
1432 3123 1572 3177 qum,
1607 3127 1625 3160 ι
1659 3115 1765 3163 etc.
1797 3106 1931 3162 Cum
1950 3107 2095 3163 enim

2197 1915 2459 1972 luntatem
2489 1934 2664 1984 suam,
2693 1919 2818 1989 quia
2850 1917 3036 1973 multis
3067 1933 3152 1972 me
3179 1917 3644 1988 percussionibus
3671 1916 3812 1972 afﬂi-

2197 2009 2291 2079 git.
2328 2008 2431 2063 Sed
2461 2031 2477 2060 (
2515 2009 2681 2063 multa
2715 2010 2910 2064 similia
2933 2018 3132 2080 przesto
3163 2018 3289 2065 sunt
3319 2011 3392 2075 ei,
3432 2030 3450 2061 ι
3479 2011 3622 2080 quia
3663 2011 3714 2065 si
3737 2010 3813 2064 fe-

2197 2102 2306 2156 rire
2337 2103 2558 2172 cogitat,
2588 2102 2765 2156 adhuc
2793 2102 3091 2167 invenitur,
3121 2103 3210 2156 ubi
3252 2102 3407 2174 plaga
3448 2111 3703 2158 crescat.

2269 2191 2434 2246 Vens.
2463 2192 2546 2246 15.
2576 2223 2647 2232 -
2675 2214 2691 2243 ‹
2741 2193 2806 2247 Et
2833 2193 3033 2248 ideirco
3065 2209 3097 2246 a
3153 2192 3309 2248 facie.
3345 2211 3362 2244 ι
3425 2191 3810 2248 Rectitudinis

2195 2299 2396 2355 pavore
2418 2285 2747 2348 concutitur,
2781 2300 2902 2338 cum
2932 2300 2990 2337 se
3019 2283 3297 2339 reddentis
3319 2284 3635 2338 rationibus
3679 2298 3808 2338 oon-

2197 2377 2356 2445 spicit
2396 2391 2499 2429 non
2525 2390 2644 2429 esse
2671 2376 2948 2440 idoneum,
2974 2376 3020 2430 si
3048 2373 3618 2444 districtejudicetur.

2269 2467 2432 2521 Vsus.
2467 2467 2552 2521 16.
2577 2496 2651 2506 --
2674 2484 2692 2516 ι
2729 2467 2868 2520 Deus
2899 2466 3144 2522 mollivit.
3179 2486 3195 2517 ι
3226 2465 3498 2521 Virtutem
3528 2481 3671 2539 ergo
3699 2479 3812 2522 sua

2196 2555 2531 2611 fortitudinis
2558 2571 2661 2610 non
2689 2555 2816 2621 sibi,
2847 2556 2939 2609 sed
2968 2555 3176 2610 auctori
3223 2554 3429 2608 tribuit.

2274 2670 2291 2700 ‹
2331 2649 2689 2705 Conturbavit
2715 2664 2822 2706 me.
2864 2669 2882 2700 ι
2919 2647 3206 2718 Nunquam
3232 2663 3426 2704 secura
3469 2657 3605 2704 sunt
3635 2649 3816 2705 corda

2190 2741 2482 2812 justorum,
2528 2744 2623 2797 sed
2678 2741 2893 2796 turbata
2947 2741 3142 2796 timore
3165 2741 3386 2812 judicis,
3436 2757 3563 2812 quae
3616 2753 3814 2797 tamen

2197 2835 2546 2890 consolantur
2568 2834 2724 2888 donis
2744 2850 2864 2904 qua:
2885 2841 3231 2902 acceperunt,
3255 2835 3430 2888 unde:
3461 2852 3479 2884 ‹
3509 2833 3636 2889 Non
3656 2835 3812 2890 enim

2196 2925 2353 2995 perii.
2398 2945 2415 2975 ι
2455 2924 2688 2994 Flagella
2707 2923 2977 2993 justorum
3005 2924 3085 2978 vel
3119 2924 3389 2994 praeterita
3418 2936 3692 2996 purgant,
3721 2926 3814 2981 vel

2198 3015 2378 3070 futura
2404 3025 2626 3085 peccata
2656 3025 2925 3082 avertunt,
2958 3017 3101 3085 quod
3122 3031 3230 3070 non
3264 3016 3316 3070 in
3340 3013 3464 3082 Job,
3498 3017 3600 3071 sed
3631 3018 3812 3072 virtus

2200 3117 2450 3180 augetur.

500 3198 686 3269 culpas
737 3199 1047 3268 paenitendo
1077 3199 1452 3269 persequimur
1475 3241 1488 3265 ,
1544 3200 1672 3270 quid
1712 3199 1868 3254 nobis
1897 3200 1962 3256 de
2007 3201 2089 3255 eis
2114 3187 2163 3258 α
2265 3201 2426 3255 Vens.
2454 3201 2538 3255 17.
2562 3230 2633 3241 -
2663 3221 2681 3251 ι
2717 3199 2834 3255 Νοη
2856 3200 3020 3256 enim.
3053 3221 3070 3254 ι
3098 3199 3189 3256 Ille
3218 3201 3272 3256 in
3297 3200 3512 3274 ﬂagello
3532 3203 3760 3272 positus
3780 3218 3814 3260 ι

497 3289 661 3362 judcx
693 3288 745 3342 in
771 3303 868 3342 suo
897 3289 1148 3342 examine
1175 3287 1355 3343 dicere
1388 3290 1558 3358 possit
1593 3289 1912 3350 invenimus,
1943 3290 2090 3358 quod

498 3381 695 3446 nescit,
725 3379 854 3450 quia
882 3379 1023 3434 mala
1050 3395 1145 3433 sua
1173 3380 1412 3451 negligit.

568 3470 732 3526 Vens.
775 3471 827 3525 6.
851 3502 921 3511 —
956 3489 974 3521 ι
1005 3470 1140 3525 ΝοΙο
1177 3471 1339 3524 multa
1377 3471 1690 3527 fortitudine
1725 3475 2031 3529 contendat.
2067 3494 2085 3526 ι

502 3563 636 3633 Quis
664 3565 808 3618 enim
851 3564 904 3617 in
935 3562 1184 3618 examine
1227 3563 1453 3618 inveniri
1495 3562 1672 3632 justus
1700 3565 1894 3630 valeat,
1922 3563 1967 3619 si
2008 3579 2094 3619 se-

502 3660 738 3714 cundum
763 3674 872 3714 sua:
900 3657 1230 3714 fortitudinis
1254 3658 1591 3728 majestatem
1621 3661 1784 3714 vitam
1813 3661 2090 3716 hominum

505 3751 761 3808 discutiat
803 3750 988 3807 Deus:
1033 3751 1327 3822 quamlibet
1373 3753 1516 3807 enim
1542 3751 1721 3820 justus
1759 3753 1803 3807 si
1846 3753 2092 3807 districte

499 3840 794 3912 iudicatur,
840 3841 981 3898 mole
1025 3843 1413 3912 magnitudinis
1453 3844 1748 3913 premitur,
1791 3844 1933 3898 unde
1964 3844 2093 3898 sub—

502 3932 581 3988 dit
610 3949 622 3984 :

577 4041 597 4073 (
624 4020 736 4077 Nec
753 4022 1156 4093 magnitudinis.
1192 4042 1209 4074 ι
1245 4023 1410 4090 Quasi
1436 4024 1680 4079 diceret:
1715 4024 1772 4079 Si
1797 4025 2092 4080 secundum

493 4113 874 4171 fortitudinem
916 4129 1067 4169 suam
1125 4129 1334 4170 mecum
1382 4116 1771 4181 contenderet,
1820 4115 1961 4170 mole
1996 4131 2092 4171 sua

500 4219 588 4262 me
611 4213 900 4275 premeret.
942 4205 1009 4260 Et
1038 4213 1183 4271 uota,
1222 4207 1345 4275 quia
1377 4205 1504 4260 dum
1535 4206 1904 4262 fortitudinem
1935 4197 2090 4274 vitat,

501 4298 876 4355 inﬁmitatem
905 4298 1296 4354 incarnationis
1329 4307 1499 4369 optat,
1528 4299 1671 4354 unde
1692 4299 1874 4355 subdit
1899 4317 1912 4353 :

571 4390 736 4445 Vens.
767 4389 822 4442 7.
857 4420 926 4430 -—
956 4409 973 4441 ι
1008 4390 1282 4461 Proponat
1305 4391 1637 4461 mquitatem.
1668 4410 1684 4440 ι
1716 4390 1978 4446 Mediator
1996 4389 2095 4445 Dei

500 4491 556 4538 et
577 4483 876 4546 hominum,
926 4492 1054 4547 etc.,
1081 4499 1244 4553 usque
1285 4482 1356 4536 ad
1398 4482 1752 4539 absolutionis
1793 4498 1925 4539 meae
1947 4481 2092 4550 judi-

501 4579 643 4634 cium
671 4579 843 4635 victor
870 4579 1171 4634 excludam.

572 4673 736 4728 Vens.
769 4672 822 4728 8.
842 4703 909 4712 —
935 4692 951 4722 ι
986 4671 1042 4726 Si
1070 4673 1135 4727 ad
1170 4671 1456 4727 orientem.
1484 4691 1501 4722 ›
1521 4669 1708 4742 (Ibid.)
1731 4669 1809 4725 Ac
1832 4670 1876 4725 si
1905 4669 2084 4724 dicat:

499 4763 696 4822 Filium
723 4765 1225 4828 incarnatum,etc.,
1243 4781 1404 4834 usque
1426 4763 1493 4816 ad
1521 4761 1628 4817 Sed
1657 4777 1755 4817 nec
1781 4762 1833 4816 in
1863 4761 1950 4817 bis
1974 4777 2090 4816 om-

498 4859 660 4915 nibus
684 4857 839 4927 plene
868 4871 925 4910 se
952 4855 1130 4909 anima
1161 4855 1454 4926 cognoscit,
1482 4854 1623 4908 unde
1657 4871 1668 4905 :

575 4948 741 5003 Vsus.
777 4947 862 5001 10.
900 4978 967 4987 -
999 4965 1017 4997 ι
1049 4946 1165 5016 Ipse
1185 4962 1314 5001 vero
1340 4947 1443 5003 scit
1463 4946 1628 5000 viam.
1661 4963 1679 4996 ι
1712 4942 1769 5000 Id
1804 4953 1889 4999 est
1909 4943 2091 4998 videre

499 5058 608 5099 non
644 5040 797 5095 valeo
818 5038 1090 5092 videntem
1115 5051 1221 5091 me.

580 5153 597 5183 ι
632 5133 699 5187 Et
721 5130 988 5202 probavit.
1024 5149 1040 5179 ι
1073 5127 1188 5182 Non
1216 5127 1387 5182 elatus
1423 5134 1701 5198 comparat
1732 5141 1790 5182 se
1815 5141 1969 5191 auro,
1995 5125 2089 5180 sed

504 5242 600 5283 sua
645 5223 920 5280 humiliter
946 5221 1274 5284 considerat,
1310 5219 1453 5289 quod
1492 5219 1619 5273 licet
1641 5219 1976 5288 omnijusto.
2023 5219 2088 5273 Et

501 5321 607 5378 hoc
637 5326 756 5372 est:
793 5337 810 5368 ε
843 5317 911 5371 Εῑ
933 5315 1101 5386 proba
1141 5329 1230 5368 me
1281 5313 1436 5382 quasi
1469 5328 1682 5367 aurum.
1720 5333 1738 5364 ι
1793 5312 2088 5368 Exustione

498 5411 648 5470 enim
677 5407 1058 5472 tribulationis,
1102 5415 1156 5463 et
1189 5403 1581 5460 subtrahuntur
1606 5403 1758 5470 vitia,
1808 5414 1864 5459 et
1891 5421 2090 5476 augen-

499 5512 592 5562 tur
617 5504 834 5558 merita.-

574 5594 738 5650 Vsus.
789 5594 875 5648 11.
905 5623 973 5632 -
1005 5612 1021 5644 ι
1059 5590 1297 5664 Vestigia
1342 5589 1460 5662 ejus
1501 5598 1718 5645 secutus
1763 5597 1864 5646 est.
1905 5610 1922 5642 ι
1959 5590 2088 5646 Bea-

501 5697 591 5744 tus
615 5687 714 5742 Joh
739 5689 790 5742 in
814 5686 994 5741 futura
1021 5686 1354 5754 operatione,
1387 5693 1514 5750 etc.,
1558 5700 1719 5754 usque
1747 5684 1815 5739 ad
1842 5685 1993 5755 quasi
2019 5685 2084 5740 ad

504 5777 806 5848 exemplum
835 5776 936 5832 sibi
966 5776 1299 5846 propositum
1321 5775 1568 5831 recurrit.

2195 3295 2367 3350 salute
2396 3295 2642 3364 corporis
2684 3303 2906 3364 propter
2938 3294 3281 3349 imminentes
3321 3295 3582 3350 tenebras
3635 3298 3808 3367 perit,

2194 3385 2285 3455 qui
2314 3402 2411 3454 pro
2443 3385 2731 3439 transactis
2754 3384 3074 3454 percutitur,
3109 3395 3165 3440 ut
3201 3402 3233 3441 a
3285 3388 3486 3443 futuris
3514 3387 3810 3459 suppliciis

2194 3477 2579 3533 abscondatur.

2767 3591 2996 3648 CAPUT
3050 3589 3241 3647 XXIV.

2267 3751 2434 3806 Vens.
2466 3751 2519 3807 1.
2551 3780 2618 3790 -
2653 3766 2672 3799 ‹
2709 3747 2810 3815 Qui
2842 3757 3044 3802 autem.
3075 3768 3093 3800 ι
3136 3746 3274 3814 Quia
3321 3747 3422 3803 etsi
3447 3747 3563 3819 jam
3597 3764 3706 3819 per
3743 3749 3806 3804 ﬁ-

2194 3844 2317 3898 dem
2351 3844 2517 3898 Deum
2549 3840 2819 3904 novimus,
2857 3839 3088 3908 qualiter
3120 3847 3300 3895 tamen
3326 3839 3394 3894 sit
3418 3840 3539 3910 ejus
3575 3842 3806 3896 mtemi—

2194 3944 2278 3990 tas
2304 3935 2419 3989 sine
2445 3933 2719 4004 praeterito
2746 3930 2830 3985 vel
2877 3930 3080 3996 futuro,
3114 3947 3220 3986 non
3270 3931 3540 3986 videmus.
3591 3931 3804 3988 Beatus

2192 4025 2293 4082 Job
2321 4042 2388 4081 ne
2416 4025 2537 4097 plus
2559 4025 2731 4094 sapiat
2760 4039 2922 4093 quam
2952 4031 3166 4093 oportet
3195 4039 3408 4094 sapere,
3441 4024 3559 4079 dies
3611 4025 3803 4080 Domi-

2194 4119 2248 4174 ni
2279 4134 2384 4173 non
2414 4131 2574 4188 posse
2609 4115 2993 4185 comprehendi
3025 4115 3344 4180 testificaris,
3384 4115 3451 4170 ad
3495 4117 3800 4172 haeretico-

2193 4226 2312 4266 rum
2359 4227 2484 4266 mox
2529 4209 2836 4278 superbiam
2869 4217 3172 4279 respectum
3221 4209 3417 4262 mentis
3462 4209 3796 4264 convertit:

2194 4302 2284 4374 qui
2317 4301 2424 4356 alta
2453 4314 2643 4370 sapere
2669 4306 2947 4368 appetunt,
2977 4299 3043 4354 de
3078 4299 3274 4370 quibus
3301 4299 3552 4369 sequitur
3592 4319 3606 4354 :

2267 4391 2430 4448 Vens.
2465 4391 2520 4445 2.
2556 4421 2626 4430 —-
2661 4409 2677 4440 ε
2712 4388 2816 4442 Alii
2841 4390 3118 4444 terminos.
3152 4410 3168 4440 ι
3200 4390 3367 4457 Quos,
3425 4390 3666 4446 aliorum
3697 4409 3798 4446 no—

2197 4485 2366 4550 mine,
2388 4491 2517 4548 etc.,
2545 4498 2702 4553 usque
2725 4481 2794 4534 ad
2817 4488 2872 4534 et
2898 4480 3158 4538 doctrinis
3185 4482 3459 4553 pestiferis
3486 4484 3560 4538 ad
3583 4484 3800 4539 interii-

2114 4559 2168 4620 Ῐ)
2192 4577 2441 4634 ciendum
2487 4576 2752 4631 nutriunt.

2263 4669 2426 4725 Vsus.
2451 4669 2502 4724 5.
2525 4701 2596 4709 -
2631 4690 2648 4722 ‹
2690 4672 2914 4727 Asinum
2938 4671 3281 4742 pupillorum.
3323 4689 3341 4721 ι
3369 4669 3610 4740 Pupillos
3634 4671 3792 4736 dicit,

2192 4763 2417 4828 electos,
2440 4771 2568 4829 etc.,
2598 4781 2758 4834 usque
2787 4766 2856 4819 ad
2886 4782 2916 4821 a
2953 4765 3258 4821 ministerio
3295 4764 3568 4820 bonorum
3603 4766 3793 4837 repel-

2191 4854 2330 4910 Iunt.

2272 4968 2288 4998 ε
2319 4946 2386 5002 Ει
2421 4947 2780 5004 abstulerunt.
2819 4968 2838 5000 ι
2869 4949 3041 5004 Vidua
3065 4947 3266 5003 dicitur
3309 4946 3594 5012 Ecclesia,
3651 4955 3790 5012 etc.,

2191 5057 2357 5112 usque
2406 5041 2476 5094 ad
2516 5050 2576 5095 ut
2616 5056 2805 5096 eorum
2843 5041 3009 5096 etiam
3049 5055 3308 5111 sequaces
3347 5040 3606 5105 trahant,
3644 5043 3792 5096 unde

2190 5131 2372 5188 subdit
2405 5149 2416 5184 :
2883 5125 2894 5135 ’

2261 5223 2428 5278 Vens.
2489 5223 2543 5278 4.
2573 5255 2642 5265 -
2685 5242 2704 5276 ‹
2761 5223 3156 5280 Subverterunt
3214 5239 3534 5295 paupenim.
3575 5244 3594 5277 ι
3640 5223 3795 5281 Non-

2190 5329 2465 5381 nunquam
2491 5314 2544 5370 hi
2571 5315 2662 5382 qui
2691 5317 2959 5372 mansueti
3015 5325 3176 5386 atque
3219 5316 3452 5372 humiles
3503 5316 3789 5380 videntur,

2189 5407 2234 5462 si
2261 5422 2480 5462 servare
2500 5409 2880 5464 discretionem
2917 5409 3187 5474 nesciunt,
3235 5407 3499 5479 exemplis
3546 5408 3790 5465 aliorum

2187 5499 2406 5555 cadunt.

2262 5592 2423 5647 Vsus.
2457 5592 2508 5646 5.
2547 5623 2618 5632 —
2654 5609 2672 5642 ι
2704 5591 2807 5646 Alii
2838 5592 2991 5662 quasi
3034 5591 3241 5662 onagri.
3275 5609 3293 5641 ι
3330 5587 3470 5645 Sunt
3492 5591 3640 5646 enim
3671 5589 3789 5647 bar-

2190 5682 2343 5738 retici
2372 5683 2462 5752 qui
2488 5683 2697 5753 populis
2725 5683 3010 5737 admisceri
3039 5681 3334 5753 refugiunt,
3367 5683 3459 5736 sed
3501 5697 3786 5738 secessum

2188 5777 2312 5830 vitae
2342 5777 2652 5832 secretioris
2683 5785 2895 5846 petum,
2926 5785 2984 5832 et
3009 5791 3076 5832 eo
3097 5775 3328 5846 amplius
3347 5783 3500 5847 peste
3519 5792 3634 5832 sua:
3662 5791 3787 5848 peh
