3982 6352
183 380 287 439 821

1240 383 1505 442 GLOSSA
1544 386 1943 447 ORDINARIA.
1983 421 2052 431 ——
2085 389 2213 447 LIB.
2252 387 2394 449 ΙΟΒ.

3343 397 3449 455 822

182 491 456 551 suasionis
475 491 740 559 inﬁciunt,
771 508 877 565 quo
902 495 1054 565 quasi
1078 510 1140 552 ex
1170 496 1295 552 vitae
1342 498 1558 554 meritis
1605 514 1756 556 reve-
1782 505 1831 566 Α
1860 503 2140 572 primcndo
2166 506 2447 571 interimit,
2476 513 2533 561 et
2575 504 2630 561 in
2677 493 3005 565 advers'itate
3050 518 3107 567 et
3148 510 3451 581 dejectione

181 585 454 643 rentiores
501 585 769 642 videntur.
838 587 1065 660 Onagris
1105 596 1283 645 autem
1332 600 1718 663 comparantur
1742 632 1760 661 ,

179 679 275 750 qui
304 677 359 734 in
383 676 496 733 suis
521 676 887 748 voluptatibus
918 679 1127 738 dimissi
1164 696 1196 739 a
1225 682 1444 740 vinculo
1498 683 1624 742 fidei
1676 699 1765 740 ra-

180 769 351 829 tionis
371 775 498 825 sunt
520 767 703 825 alieni.

259 879 278 912 ι
306 858 689 932 Egredientur.
718 879 738 914 ι
755 859 873 917 Non
894 861 1039 921 enim
1064 861 1181 931 Dei,
1204 863 1302 923 sed
1313 880 1451 937 opus
1471 881 1631 923 suum
1644 879 1775 937 per»

181 961 381 1023 agunt,
430 952 558 1007 dum
605 967 712 1008 non
740 960 889 1009 recta
919 953 1194 1025 dogmata,
1222 957 1318 1013 sed
1361 957 1579 1029 propria
1622 957 1768 1015 desis-

182 1041 333 1098 deria
357 1050 675 1113 sequuntur.
1510 1086 1513 1093 .

257 1156 276 1189 (
300 1134 703 1208 Vigilantesque
725 1138 794 1193 ad
815 1139 1074 1208 praedam.
1113 1159 1133 1193 ι
1158 1138 1240 1195 Ad
1258 1140 1494 1211 praedam
1514 1140 1765 1211 vigilant,

180 1229 279 1299 qui
302 1228 469 1284 verba
490 1228 759 1300 justorum
794 1230 865 1286 ad
884 1230 1163 1302 proprium
1182 1245 1402 1289 sensum
1426 1246 1641 1302 semper
1678 1246 1768 1287 ra-

179 1335 313 1394 pere
341 1329 630 1389 conantur,
655 1329 717 1377 ut
736 1335 836 1393 per
856 1323 959 1380 hoc
981 1323 1254 1394 perversis
1292 1322 1420 1380 ﬁliis
1454 1338 1655 1395 panem
1677 1337 1768 1380 er-

182 1412 322 1469 roris
346 1420 560 1484 parent.

256 1506 423 1561 Vens.
447 1505 501 1561 6.
530 1536 601 1547 —
632 1524 653 1559 t
683 1507 889 1578 Agrum
917 1523 1025 1564 non
1062 1524 1239 1565 suum.
1271 1529 1291 1562 ι
1330 1508 1459 1582 Agri
1481 1507 1565 1567 vel
1593 1510 1767 1567 vinem

181 1599 402 1656 nomine
424 1599 667 1657 Ecclesia
690 1601 953 1671 signatur,
981 1617 1148 1673 quam
1185 1604 1428 1672 perversi
1448 1604 1769 1673 praedicato-

182 1710 273 1751 res
302 1695 604 1760 demetunt,
626 1702 682 1751 et
705 1703 981 1752 auctorem
1012 1692 1127 1763 ejus
1148 1694 1201 1750 in
1233 1695 1496 1751 membris
1521 1695 1635 1751 suis
1670 1709 1768 1765 op-

178 1784 466 1857 primendo
494 1785 830 1843 vindemiant
858 1803 871 1840 :
896 1786 989 1857 qui
1017 1784 1290 1841 Creatoris
1318 1785 1547 1857 gratiam
1575 1799 1763 1857 perse-

1864 594 2073 664 positus
2092 594 2233 668 (quae
2262 611 2360 668 per
2378 604 2590 657 noctem
2619 598 2950 672 designatur)
2980 616 3079 671 per
3104 603 3291 675 iniqua
3318 620 3450 664 con-

1866 688 1985 744 silia
2005 688 2239 747 latenter
2271 691 2415 747 laedit
2462 694 2524 748 ut
2560 689 2667 748 fur.

1936 779 2106 836 Vens.
2138 782 2225 838 15.
2261 812 2333 823 —
2361 800 2381 835 t
2411 781 2612 841 Oculus
2640 783 2895 841 adulteri.
2931 804 2950 838 ι
2985 784 3100 841 Hoc
3125 785 3192 842 de
3233 786 3452 845 haereti-

1865 870 1945 929 cis
1974 873 2175 929 dicitur
2214 874 2571 933 :Sicutenim
2598 878 2646 933 is
2672 877 2763 947 qui
2788 876 3111 936 adulterium
3155 877 3286 936 facit
3335 898 3454 939 car-

1866 980 1992 1021 nem
2044 966 2233 1024 alienae
2257 967 2501 1040 conjugis
2529 968 2631 1025 sibi
2660 969 2845 1027 illicite
2868 969 3146 1044 conjungit
3179 990 3192 1027 :
3221 972 3297 1028 ita
3342 972 3453 1028 ha:-

1866 1057 2031 1125 ritici,
2057 1074 2179 1115 cum
2231 1059 2442 1117 ﬁdelem
2468 1062 2704 1119 animam
2748 1064 2801 1119 in
2850 1080 2948 1120 suo
2975 1080 3162 1122 errore
3210 1066 3448 1137 rapiunt,

1865 1149 2024 1221 quasi
2056 1149 2285 1206 alienam
2317 1149 2598 1222 coniugem
2629 1152 2842 1209 tollunt.

1945 1258 1964 1290 ι
1996 1239 2064 1295 Et
2089 1241 2295 1311 operiet
2323 1241 2526 1297 vultum
2554 1259 2731 1301 suum.
2772 1264 2790 1296 ι
2822 1244 3013 1302 Vultus
3057 1248 3281 1303 humani
3328 1262 3453 1303 cor—

1868 1330 1953 1386 dis
1970 1340 2054 1387 est
2080 1332 2374 1388 similitudo
2395 1333 2513 1398 Dei,
2538 1350 2697 1404 quem
2723 1350 3014 1406 perversus
3047 1339 3240 1408 operit,
3273 1347 3333 1394 ut
3358 1353 3452 1394 co-

1868 1421 2379 1493 gnosciadistricto
2398 1423 2580 1493 judice
2612 1435 2850 1497 nequeat
2900 1443 3022 1485 cum
3079 1429 3243 1484 Vitam
3292 1444 3447 1486 suam

1868 1512 2029 1567 malis
2068 1514 2278 1571 actibus
2334 1515 2638 1583 confundit,
2691 1518 2835 1574 unde
2880 1519 3058 1576 dicet:
3112 1539 3131 1573 t
3165 1519 3452 1592 Nunquam

1868 1618 1993 1658 ῐιονι
2020 1619 2134 1659 VOS.
2174 1624 2192 1657 ι

1940 1694 2104 1750 Vens.
2140 1693 2220 1750 16.
2252 1726 2324 1736 -—
2347 1715 2367 1748 ι
2398 1697 2657 1754 Perfodit.
2696 1720 2714 1752 ι
2740 1700 3033 1757 Domorum
3052 1704 3293 1770 nomine,
3318 1713 3450 1774 etc.,

1870 1800 2031 1854 usque
2059 1783 2129 1837 ad
2157 1798 2408 1854 perversa
2438 1787 2582 1858 loqui
2626 1790 2847 1846 minime
2878 1791 3148 1846 audebant

180 1872 432 1957 quentes,
459 1876 584 1933 dum
612 1879 873 1949 quosdam
897 1856 965 1933 de
989 1878 1105 1943 illa,
1137 1878 1230 1948 qui
1256 1856 1395 1933 recti
1426 1856 1770 1946 videbantur,
1798 1856 1848 1917 Β
1950 1893 1969 1926 ι
1999 1872 2151 1930 Sicut
2178 1875 2254 1929 in.
2292 1895 2311 1929 ι
2351 1876 2484 1943 Quia
2512 1856 2638 1934 cum
2654 1880 2831 1950 justos
2850 1881 3227 1953 conspicerent
3253 1882 3306 1937 in
3326 1898 3454 1952 pro-

181 1968 423 2041 rapiunt,
461 1967 593 2040 quid
635 1967 780 2025 aliud
801 1983 965 2040 quam
990 1968 1171 2040 spicas
1208 1966 1294 2024 vel
1331 1969 1520 2024 botros
1565 1967 1773 2023 anima-

180 2078 305 2117 rum
332 2060 524 2117 tollunt
543 2060 575 2115 2

254 2154 420 2212 Vens.
450 2154 505 2208 7.
529 2183 602 2195 —
631 2172 650 2206 ε
680 2150 865 2209 Nudos
920 2152 1200 2209 dimittunt
1245 2150 1513 2213 homines.
1552 2169 1571 2205 ι
1619 2149 1774 2205 Sicut

176 2244 504 2299 vestimenta
562 2257 782 2315 corpus,
826 2242 906 2298 sic
957 2242 1100 2299 bona
1142 2256 1306 2313 Opera
1341 2249 1631 2313 protegunt
1655 2239 1774 2297 ani-

177 2352 349 2393 mam.
382 2335 635 2393 Hmretici
662 2335 846 2407 itaque
873 2351 995 2393 cum
1042 2322 1403 2407 quorumdam
1430 2334 1570 2391 bona
1607 2348 1773 2409 opera

180 2428 491 2495 destruunt,
514 2426 839 2483 vestimenta
872 2426 1087 2482 tollunt.

261 2538 283 2572 ι
316 2519 520 2588 Quibus
544 2534 673 2575 non.
705 2538 725 2572 ι
767 2516 1176 2589 Operimentum
1226 2516 1295 2573 ad
1333 2514 1600 2586 justitiam
1648 2529 1773 2587 per-

178 2613 338 2681 tinet,
372 2621 502 2682 etc.,
560 2628 723 2686 usque
761 2611 830 2671 ad
888 2610 1006 2669 sine
1041 2620 1192 2669 veste
1226 2610 1358 2668 boni
1409 2610 1592 2683 operis
1648 2623 1770 2666 mo-

176 2705 413 2762 riantnr.

259 2816 279 2852 ι
306 2798 452 2868 Quos
472 2800 677 2856 imbres
693 2796 955 2857 montium
978 2796 1179 2870 rigant.
1209 2815 1230 2850 ι
1245 2796 1305 2855 id
1316 2803 1399 2855 est
1422 2794 1622 2855 ﬂuenta
1632 2809 1771 2866 prae-

178 2892 487 2948 dicatorum
513 2891 740 2947 satiant.

258 3002 277 3034 ί
300 2982 367 3037 Et
388 2998 496 3038 non
526 2981 808 3037 habentes.
831 2999 852 3032 ι
870 2978 1101 3050 Lapides
1120 2979 1251 3034 dicit
1264 2976 1609 3045 fortesviros,
1632 2984 1766 3047 etc.,

173 3093 344 3147 usque
365 3076 435 3129 ad
464 3075 670 3147 lapides
709 3072 1129 3143 amplexantur?

251 3168 418 3224 Vens.
453 3167 542 3222 1t).
566 3196 636 3206 —
687 3184 706 3217 ‹
738 3163 908 3221 Nudis
933 3173 988 3220 et
1026 3161 1397 3221 incedentibus
1434 3161 1641 3230 absque
1673 3173 1767 3215 ve-

1874 1969 2155 2039 speritate,
2184 1969 2439 2038 quoniam
2466 1970 2610 2040 loqui
2647 1988 2756 2028 non
2798 1982 3071 2044 poterant,
3099 1975 3165 2031 ad
3215 1973 3452 2047 maligna

1873 2068 2064 2116 contra
2091 2074 2185 2116 eos
2207 2060 2429 2116 consilia
2452 2063 2741 2119 vacabunt.

1949 2149 2109 2207 Vens.
2127 2150 2214 2206 17.
2230 2181 2302 2192 —
2318 2169 2337 2203 (
2359 2150 2415 2207 Si
2431 2153 2628 2210 subito.
2642 2173 2661 2209 ι
2679 2155 2812 2211 Cum
2831 2157 2974 2212 enim
2978 2156 3159 2228 justos
3180 2157 3245 2212 ad
3260 2171 3453 2228 regen-

1873 2244 1955 2300 dae
1982 2243 2266 2316 potestatis
2277 2242 2512 2300 viderint
2540 2245 2751 2302 culmen
2784 2260 3091 2323 erumpere,
3122 2248 3449 2318 perturban-

1874 2345 1979 2392 tur.
2002 2336 2069 2392 lli
2083 2338 2317 2408 gaudent
2335 2338 2401 2395 de
2419 2335 2718 2408 dejectione
2732 2339 3019 2405 bonorum,
3035 2339 3128 2393 sed
3157 2356 3176 2390 ι
3205 2336 3249 2394 si
3273 2339 3453 2397 subito

1871 2431 2183 2502 apparuerit
2203 2445 2418 2497 aurora,
2456 2451 2477 2485 ι
2507 2432 2560 2487 id
2596 2439 2702 2499 est,
2742 2433 2789 2488 si
2827 2432 2896 2487 ad
2944 2433 3184 2505 regimen
3232 2433 3454 2491 veniunt

1869 2518 2019 2592 boni,
2050 2538 2069 2571 ‹
2107 2522 2443 2578 arbitrantur
2461 2521 2708 2577 umbram
2736 2521 2948 2587 mortis,
2982 2542 3001 2576 ι
3026 2522 3152 2593 quia
3176 2537 3296 2593 quae
3327 2537 3449 2594 per-

1871 2631 2026 2672 verse
2054 2623 2280 2687 egerunt
2297 2614 2500 2687 puniri,
2524 2616 2732 2682 timent,
2756 2615 2953 2689 corrigi
2981 2615 3191 2681 nolunt,
3213 2615 3309 2672 sed
3331 2615 3453 2671 laxe

1870 2710 1951 2766 ire
1972 2709 2176 2783 eligunt
2195 2717 2251 2765 et
2279 2708 2334 2765 in
2362 2708 2518 2780 culpa
2541 2710 2794 2782 gaudere,
2825 2709 2968 2767 unde
2995 2708 3125 2766 dicit

1947 2818 1966 2852 ι
2001 2799 2069 2854 Et
2095 2800 2173 2855 sic
2200 2799 2277 2855 in.
2314 2819 2335 2853 ι
2368 2797 2503 2867 Quia
2534 2799 2607 2854 ita
2636 2800 2874 2871 gaudent
2914 2798 2970 2854 in
3016 2807 3175 2856 nocte
3217 2798 3449 2869 peccati,

1870 2908 1935 2949 ac
1956 2893 2000 2948 si
2029 2908 2123 2949 eos
2145 2892 2236 2947 lux
2252 2889 2478 2960 justitite
2502 2890 2930 2959 circumfundat;
2981 2891 3086 2959 vel,
3113 2890 3167 2946 in
3196 2888 3455 2962 praesenti

1868 2983 2110 3039 ctecitate
2139 2982 2212 3038 ita
2250 2981 2358 3037 laeti
2386 2992 2530 3047 sunt,
2561 2996 2625 3037 ac
2651 2981 2693 3036 si
2727 2980 2840 3051 jam
2861 2990 3077 3037 :eternae
3104 2982 3295 3054 patriae
3331 2982 3453 3039 luce

1867 3072 2235 3145 perfruantur.

1941 3164 2107 3220 Vens.
2140 3163 2226 3220 18.
2269 3193 2339 3203 —
2391 3180 2409 3214 ι
2438 3160 2596 3218 Levis
2642 3171 2726 3218 est
2767 3176 2930 3233 super
2970 3162 3162 3219 faciem
3211 3180 3386 3236 aquae.
3424 3186 3445 3218 ι

174 3261 330 3317 stitu.
369 3279 387 3312 ι
420 3259 526 3327 Qui
553 3273 655 3314 nec
675 3259 817 3313 bona
842 3271 942 3313 nec
965 3255 1108 3312 mala
1130 3264 1405 3326 Operatur,
1437 3261 1569 3320 etc.,
1600 3269 1765 3324 usque
1790 3236 1845 3313 Ο
1865 3257 2035 3330 Aquae
2081 3256 2397 3327 superﬁcies
2442 3257 2548 3312 huc
2574 3263 2736 3326 atque
2786 3255 2935 3322 illuc,
3003 3264 3132 3323 etc.,
3172 3274 3334 3328 usque
3380 3257 3450 3311 ad

175 3352 252 3408 ad
278 3351 434 3424 quasi
461 3351 749 3408 aristarum
784 3349 968 3423 paleas
1011 3348 1397 3415 subtrahimns,
1442 3355 1503 3405 ut
1526 3345 1765 3405 medulla

175 3444 407 3519 spiritus
442 3443 588 3501 reﬁci
596 3459 769 3501 amur.

254 3535 420 3591 Vens.
447 3537 535 3592 11.
556 3566 628 3577 —
653 3553 673 3587 ‹
700 3533 804 3602 Qui
829 3532 1052 3591 calcatis
1087 3531 1463 3591 torcularibus.
1492 3550 1511 3584 ι
1544 3529 1762 3604 (8ης.)

175 3628 289 3703 Qui
314 3628 612 3685 Ecclesiam
634 3633 1054 3700 persequuntur,
1075 3633 1207 3691 etc.,
1230 3639 1392 3696 usque
1413 3622 1481 3677 ad
1506 3623 1559 3677 in
1576 3636 1764 3679 eorum

178 3723 397 3781 actibus
426 3721 583 3793 quasi
612 3721 666 3777 in
696 3720 924 3779 meridie
974 3718 1280 3789 quiescunt.
1321 3737 1340 3771 ι

254 3812 422 3869 Vens.
451 3812 538 3868 12.
566 3843 636 3853 -
662 3828 681 3863 t
712 3810 790 3867 De
838 3808 1150 3869 civitatibus
1190 3806 1435 3863 fecerunt
1478 3805 1531 3860 vi
1581 3818 1763 3876 geme-

180 3920 266 3961 re.
303 3924 322 3958 ι
348 3903 485 3973 Quia
512 3903 760 3960 civitates
804 3916 834 3956 a
880 3900 1291 3958 conviventibus
1340 3897 1575 3971 populis,
1633 3905 1765 3964 etc.,

175 4012 346 4067 usque
369 3994 438 4049 ad
481 4009 575 4051 eos
601 3994 695 4067 qui
718 4008 819 4065 per
848 3993 994 4048 viam
1024 3990 1121 4053 Dei
1150 4005 1259 4055 non
1285 3989 1451 4057 ﬂante,
1473 3990 1570 4057 sed
1597 3988 1769 4047 virili-

178 4096 270 4145 ter
290 4095 536 4143 currunt.

254 4176 419 4234 Vens.
449 4177 533 4233 15.
559 4209 631 4220 -
661 4195 681 4229 ι
710 4176 777 4231 Et
805 4176 983 4233 anima
1005 4175 1409 4233 vulneratorum
1436 4170 1712 4231 clamavit.
1742 4189 1762 4224 ›

178 4269 511 4328 anneratur
561 4269 738 4325 anima
780 4267 1078 4338 iustorum,
1133 4282 1258 4323 cum
1322 4264 1456 4322 ﬁdes
1520 4264 1767 4321 infirmo-

179 4379 305 4420 rum
352 4363 630 4431 turbatur;
674 4361 871 4418 clamat
933 4369 1137 4429 autem,
1164 4362 1289 4417 dum
1309 4359 1485 4415 alieno
1514 4357 1663 4430 lapsu
1692 4366 1772 4417 ta-

177 4456 375 4513 bescit.
1718 4526 1721 4533 ,

260 4566 281 4599 ‹
316 4546 424 4617 ipsi
453 4544 672 4604 fuerunt
710 4546 941 4605 rebelles
972 4545 1185 4602 lumini.
1224 4564 1243 4600 ι
1293 4543 1511 4601 Lumini
1538 4543 1770 4600 rebelles

178 4648 332 4707 sunt,
362 4640 454 4713 qui
481 4657 576 4697 sua
603 4642 868 4699 desideria
896 4641 1171 4713 sequendo
1215 4639 1418 4695 bonum
1462 4637 1767 4711 despiciunt

178 4735 329 4805 quod
359 4742 643 4790 noverunt.

260 4843 281 4877 ι
310 4820 632 4881 Nescierunt
650 4826 766 4880 vias
799 4824 937 4897 ejus.
971 4842 991 4878 ι
1023 4823 1126 4892 Qui
1170 4822 1314 4878 enim
1342 4821 1495 4893 prius
1542 4819 1764 4877 sciendo

175 4914 414 4973 rebelles
442 4923 590 4982 sunt,
617 4916 960 4987 postmodum
1002 4920 1297 4980 caecantur,
1322 4922 1383 4967 ut
1425 4912 1688 4968 nesciant.

261 5031 280 5064 α
308 5009 421 5067 Nec
461 5009 666 5067 reversi
697 5016 840 5066 sunt.
884 5029 904 5062 ι
935 5008 1228 5080 Angustior
1264 5013 1347 5062 est
1377 5002 1569 5062 semita
1600 5019 1764 5075 quam

174 5102 293 5159 via.
323 5102 427 5171 Qui
455 5110 632 5159 autem
674 5100 1047 5158 manifestiora
1090 5112 1250 5171 agere
1294 5104 1652 5154 contemnunt
1694 5095 1763 5151 ad

178 5195 469 5253 subtiliora
508 5194 847 5271 intelligenda
880 5209 986 5249 non
1013 5191 1336 5265 perveniunt
1364 5208 1379 5257 ;
1426 5188 1764 5262 exspectavit

177 5296 365 5346 autem
394 5288 559 5356 Deus,
588 5296 648 5344 ut
678 5304 776 5361 per
801 5288 918 5360 ejus
941 5287 1159 5344 semitas
1181 5290 1466 5358 pergerent
1491 5300 1507 5350 ;
1540 5281 1634 5339 sed
1658 5281 1764 5338 uti-

175 5396 314 5439 nam
338 5394 435 5451 per
464 5395 557 5437 eas
577 5379 662 5436 vel
688 5379 885 5435 reverti
918 5379 1236 5445 voluissent,
1287 5384 1348 5432 ut
1396 5377 1521 5432 vitae
1568 5375 1765 5433 itinera

172 5472 309 5545 quae
332 5479 598 5527 noverunt
631 5485 730 5542 per
752 5468 1141 5537 innocentiam,
1172 5466 1363 5523 saltem
1390 5471 1635 5522 tenerent
1667 5478 1765 5536 per

172 5561 587 5638 pmnitentiam.

254 5656 422 5711 Vens.
452 5651 541 5709 14.
568 5683 641 5694 -
670 5671 690 5705 ι
730 5650 887 5708 Mane
914 5651 1092 5724 primo
1112 5648 1391 5720 consurgit
1418 5646 1707 5703 homicida.
1738 5665 1757 5701 I

175 5749 321 5819 Quia
354 5762 644 5819 perversos
672 5746 901 5818 quisque
922 5745 976 5799 in
1008 5741 1365 5815 prosperitate
1384 5739 1669 5809 praesentis
1687 5738 1768 5793 vi-

174 5846 255 5898 ta
284 5826 430 5912 (qua:
450 5853 547 5913 per
574 5853 735 5896 mane
754 5833 1089 5912 designatur)
1128 5831 1410 5889 humilium
1459 5831 1626 5887 vitam
1674 5835 1769 5887 dc-

1863 3348 2008 3405 unde
2028 3348 2223 3404 crebro
2248 3346 2514 3403 sententia
2553 3345 2623 3401 ad
2646 3360 2769 3401 eum
2808 3345 2950 3401 redit
2990 3346 3083 3415 qui
3126 3354 3208 3402 est
3258 3354 3450 3403 auctor

1863 3438 2015 3497 mali.

1942 3553 1959 3584 ι
1994 3529 2271 3586 Maledicta
2291 3527 2361 3584 sit
2383 3542 2530 3599 pars.
2560 3546 2579 3580 ι
2609 3525 2795 3600 (Ibid)
2817 3524 3073 3600 Quisquis
3096 3526 3150 3583 in
3176 3527 3286 3585 vita
3307 3544 3445 3601 prae-

1866 3623 2006 3679 senti
2030 3629 2175 3677 recta
2205 3619 2335 3692 agit,
2365 3629 2498 3687 etc.,
2524 3636 2688 3691 usque
2716 3620 2785 3675 ad
2809 3620 2864 3677 in
2892 3628 3045 3681 reatu
3070 3629 3247 3681 tamen
3279 3622 3447 3681 male-

1792 3726 1803 3741 κ
1866 3711 2119 3769 dictionis
2143 3719 2359 3769 aeternae
2398 3717 2632 3766 tenetur.

1942 3822 1961 3855 ι
1990 3801 2100 3858 Nec
2121 3801 2358 3859 ambulet
2388 3816 2486 3871 per
2508 3801 2652 3855 viam
2674 3799 2976 3859 vinearum.
3012 3820 3031 3861 ι
3061 3799 3154 3857 llle
3182 3816 3281 3873 per
3299 3800 3446 3857 viam

1865 3895 2149 3951 vinearum
2179 3891 2437 3958 ambulat,
2474 3891 2567 3963 qui
2603 3890 2921 3947 universalis
2950 3890 3208 3948 Ecclesia:
3245 3890 3444 3962 praedi-

1866 3996 2105 4045 catorem
2131 3999 2386 4057 pensans,
2410 3999 2587 4055 neque
2624 3998 2654 4039 a
2694 3983 2842 4053 ﬁdei,
2885 3999 3061 4056 neque
3105 3999 3136 4040 a
3178 3984 3445 4045 bonorum

1867 4086 2085 4134 actuum
2107 4075 2427 4133 rectitudine
2450 4075 2703 4131 declinat.
2914 4076 2919 4085 ’

1939 4169 2105 4225 Vens.
2140 4168 2227 4224 19.
2251 4198 2322 4209 -
2347 4186 2368 4220 ι
2400 4166 2484 4223 Ad
2509 4166 2733 4223 nimium
2761 4165 2999 4224 calorem
3026 4166 3274 4223 transiet.
3296 4185 3317 4219 ι
3344 4164 3452 4222 lni-

1868 4259 2046 4331 quitas
2078 4257 2265 4333 frigori
2286 4256 2652 4330 comparatur,
2680 4265 2813 4327 etc.,
2850 4272 3013 4330 usque
3050 4256 3121 4313 ad
3156 4263 3217 4311 ut
3260 4255 3448 4313 credat

1870 4360 2019 4408 recta
2048 4350 2471 4422 praedicantibus
2505 4350 2654 4406 addit
2685 4368 2698 4404 :

1941 4445 2106 4501 Vens.
2137 4444 2227 4499 20.
2255 4473 2327 4483 --
2360 4461 2379 4494 σ
2410 4442 2478 4496 Et
2502 4455 2674 4511 usque
2709 4440 2779 4497 ad
2806 4438 3010 4499 inferos
3046 4449 3332 4511 peccatum
3384 4438 3451 4496 il-

1872 4535 1997 4592 lius.
2034 4554 2055 4589 ι
2092 4533 2378 4590 Peccatum
2408 4547 2581 4603 usque
2606 4531 2674 4588 ad
2717 4528 2923 4587 inferos
2962 4529 3268 4600 deducitur,
3301 4531 3447 4603 quod

1794 4601 1852 4664 θ
1871 4635 1998 4685 ante
2022 4626 2185 4681 tinem
2207 4625 2332 4680 vitae
2359 4639 2466 4679 non
2492 4601 2844 4679 emendatur.

1942 4715 2110 4772 Vens.
2135 4712 2226 4769 21.
2252 4744 2324 4755 -
2360 4730 2380 4765 ‹
2412 4711 2650 4768 Dulcedo
2677 4710 2843 4767 illius.
2882 4729 2902 4765 ι
2928 4709 3067 4781 Quia
3094 4718 3299 4767 naturae
3327 4725 3450 4767 ver—

1868 4807 2038 4863 mium
2066 4814 2174 4874 est,
2199 4812 2329 4873 etc.,
2360 4820 2520 4876 usque
2541 4803 2611 4859 ad
2663 4804 2819 4860 tabes
2856 4811 2913 4859 et
2958 4800 3121 4875 fetor.
3143 4801 3448 4874 putredinis

1870 4907 2102 4954 amatur.

1945 5008 1965 5043 ‹
1994 4988 2114 5045 Non
2135 4988 2205 5044 sit
2232 4987 2287 5043 in
2313 4985 2708 5043 recordatione.
2746 5004 2766 5039 ι
2794 4984 2938 5041 Deus
2964 4998 3252 5057 pravorum
3275 4983 3447 5039 vitam

1870 5081 2111 5138 intuetur
2138 5087 2196 5136 et
2209 5078 2547 5136 obliviscitur
2563 5119 2580 5145 ,
2603 5077 2730 5149 quia
2754 5076 2899 5149 quod
2921 5091 3019 5148 per
3052 5073 3443 5132 districtionem

1870 5175 2151 5232 sententiae
2172 5171 2405 5244 judicat,
2439 5177 2702 5242 quantum
2722 5176 2807 5225 est
2831 5168 2899 5224 ad
2933 5164 3249 5223 memoriam
3275 5163 3439 5221 mise-

1870 5268 2120 5326 ricordiae
2158 5266 2386 5337 ignorat.
3463 5318 3467 5322 ι

1942 5360 2107 5417 Vens.
2138 5359 2227 5415 22.
2256 5389 2328 5400 -
2357 5376 2377 5410 ι
2412 5356 2569 5414 Pavit
2601 5355 2747 5412 enim
2785 5351 3047 5411 sterilem.
3084 5368 3105 5403 ι
3148 5347 3265 5405 Hoc
3326 5347 3447 5405 loco

1872 5452 2074 5513 sterilis
2098 5466 2227 5509 caro
2246 5450 2553 5507 nominatur
2578 5466 2591 5502 :
2623 5463 2743 5518 quae
2764 5447 2888 5502 dum
2915 5442 3031 5500 sola
3048 5439 3337 5515 praesentia
3351 5453 3449 5510 ap-

1868 5547 2027 5620 petit,
2052 5546 2225 5602 bonas
2252 5543 2474 5618 gignere
2493 5540 2848 5612 cogitationes
2884 5533 3090 5592 nescit:

1944 5657 1966 5691 ι
1998 5637 2068 5694 Et
2097 5637 2291 5692 viduae.
2329 5654 2349 5688 ι
2378 5633 2552 5691 Vidua
2581 5631 2763 5687 anima
2790 5626 3005 5693 dicitur,
3034 5633 3168 5692 etc.,
3190 5637 3352 5693 usque
3376 5619 3448 5676 ad

1869 5732 2143 5791 deservire
2184 5729 2501 5787 contemnit.

1941 5826 2104 5884 Vens.
2154 5823 2246 5881 2'5.
2277 5850 2350 5865 -—
2381 5840 2401 5875 ι
2435 5817 2680 5878 Detraxit
2724 5816 2911 5874 fortes.
2961 5834 2980 5866 ι
3040 5813 3099 5869 in
3134 5807 3454 5874 fortitudine
