3982 6352
515 428 620 482 8'25

515 634 768 687 astutiam
798 639 1046 702 potentes
1077 629 1236 698 hujus
1271 627 1454 683 mundi
1479 629 1640 698 rapit.

593 746 610 777 ι
648 727 712 779 Et
758 741 880 779 cum
903 723 1132 778 steterit.
1166 743 1183 773 ι
1218 722 1339 776 Stat
1373 722 1424 775 in
1456 723 1559 776 hoc
1591 720 1789 776 mundo
1807 735 2095 791 perversus

514 820 861 891 prmdicator,
892 832 1172 887 quousque
1202 825 1420 870 terreno
1449 815 1581 868 vivit
1605 815 1660 869 in
1705 829 1946 884 corpore,
2001 814 2096 868 sed

519 912 641 966 vitae
660 927 768 966 suae
790 911 1013 966 credere
1033 910 1233 974 renuit,
1258 909 1383 977 quia
1399 908 1464 963 de
1487 908 1596 962 Deo
1618 923 1745 962 vera
1767 920 2097 978 cognoscere

519 1004 838 1057 contemnit.

596 1114 613 1144 ι
646 1096 797 1151 Oculi
828 1105 1006 1149 autem
1035 1093 1200 1162 ejus.»
1233 1093 1423 1164 (Gneo.
1453 1093 1508 1147 in
1528 1091 1670 1156 Jab.,
1711 1091 1746 1145 l.
1784 1087 1942 1160 xvu.)
1971 1087 2100 1142 Vias

519 1202 645 1242 suas
667 1194 918 1256 peccator
945 1185 1198 1248 intuetur,
1228 1186 1352 1254 quia
1393 1185 1505 1239 sola
1533 1183 1789 1255 cogitare,
1820 1182 1933 1237 sola
1979 1196 2101 1235 cer-

519 1293 649 1332 nere
697 1279 888 1331 nititur
923 1318 936 1343 ,
989 1292 1108 1346 quae
1151 1277 1252 1331 sibi
1289 1276 1354 1330 ad
1405 1277 1746 1331 commodum
1804 1271 2102 1343 temporale

520 1367 898 1438 suifragentur.

589 1461 752 1515 Vsus.
785 1459 878 1514 24.
900 1489 970 1500 ——
1000 1479 1018 1513 t
1045 1460 1251 1516 Elevati
1283 1469 1410 1515 sunt
1451 1459 1519 1524 ad
1559 1457 1848 1514 modicum.
1887 1475 1904 1507 ι
1963 1454 2100 1508 Sub-

519 1551 710 1606 sistere
735 1553 874 1606 enim
911 1562 1204 1623 nequeunt,
1229 1553 1319 1622 qui
1350 1552 1419 1608 ab
1456 1559 1655 1607 aeterna
1711 1550 1982 1605 soliditate
2025 1549 2102 1602 di-

518 1643 794 1698 viduntur.

597 1752 616 1784 α
646 1735 710 1787 Ει
737 1735 1162 1789 humiliabuntur
1191 1736 1330 1790 sicut
1357 1734 1558 1788 omnia.
1593 1753 1612 1785 ›
1641 1732 1832 1788 Omnia
1862 1729 2103 1800 profecto

521 1832 756 1878 terrena.
789 1825 856 1878 Et
881 1835 962 1880 est
990 1842 1222 1880 sensus:
1273 1827 1432 1880 Stare
1473 1824 1621 1878 nullo
1671 1823 1832 1878 modo
1878 1830 2102 1894 queunt,

522 1914 645 1982 quia
677 1915 790 1984 ipsa
830 1931 1042 1984 quoque
1070 1915 1280 1986 fugiunt
1317 1917 1513 1985 quibus
1559 1915 1862 1969 innituntur
1896 1931 1907 1966 :
1942 1913 2098 1966 dum-
2129 1901 2178 1960 Β

521 2021 627 2074 que
656 2007 966 2076 temporalia
990 2007 1240 2077 diligunt,
1273 2023 1395 2062 cum
1421 2007 1506 2062 his
1527 2013 1583 2061 et
1606 2005 1863 2074 temporis
1898 2003 2102 2058 volubi-

521 2096 673 2152 litate
699 2105 1039 2166 percurrunt.

599 2203 618 2236 ε
655 2186 722 2239 Et
747 2187 884 2240 sicut
913 2175 1254 2242 summitates
1283 2187 1578 2257 spicarum,
1615 2206 1632 2239 ι
1665 2195 1772 2242 etc.
1819 2185 2103 2260 Spicarum

521 2276 860 2331 summitates
888 2277 1067 2331 aristze
1102 2286 1246 2342 sunt,
1274 2286 1402 2342 etc.,
1446 2293 1607 2347 usque
1645 2276 1713 2330 ad
1751 2275 1956 2329 tritura:
1977 2275 2106 2329 ulti-

520 2381 623 2419 mae
643 2365 960 2421 fortitudine
993 2365 1278 2438 frangitur,
1311 2377 1365 2422 et
1406 2383 1574 2438 grana
1605 2375 1885 2437 apparent.

591 2455 754 2512 Vsus.
781 2457 872 2512 25.
897 2488 968 2499 ——
1005 2477 1023 2508 ‹
1053 2459 1203 2525 Quod
1231 2459 1276 2514 si
1307 2475 1414 2514 non
1438 2469 1522 2515 est
1547 2463 1642 2523 ita,
1684 2477 1702 2510 ι
1754 2467 1862 2513 etc.
1915 2456 2103 2529 (Ibid.)

521 2549 724 2606 Sensus
749 2560 830 2606 est
856 2569 868 2602 :
897 2552 971 2606 lta
996 2561 1119 2606 sunt
1143 2561 1334 2607 cuncta
1363 2562 1422 2608 ut
1447 2552 1668 2622 protuli,
1698 2560 1830 2616 etc.,
1853 2566 2013 2620 usque
2034 2548 2102 2602 ad

518 2657 626 2696 non
656 2649 739 2696 est
765 2643 984 2711 dignum
1016 2651 1194 2697 tamen
1225 2653 1338 2695 uta
1385 2643 1567 2712 pravis
1587 2641 1884 2711 judicetur.

595 2750 615 2782 ε
650 2731 779 2799 Quis
805 2747 891 2787 me
911 2741 1089 2801 potest
1118 2748 1346 2804 arguere
1377 2747 1498 2787 esse
1533 2733 1840 2786 mentitum.
1881 2749 1900 2782 ι
1937 2728 2104 2794 Quasi

520 2823 723 2878 diceret
748 2841 761 2877 :
789 2823 918 2891 Quae
939 2824 1151 2894 loquor,
1182 2839 1385 2893 ponere
1414 2831 1539 2878 ante
1555 2822 1795 2892 judicem
1823 2836 1931 2876 non
1960 2821 2106 2876 vale-

519 2915 610 2978 tis,
649 2916 772 2984 quia
821 2916 936 2986 ejus
971 2917 1126 2971 vobis
1171 2915 1364 2971 faciem
1413 2923 1701 2986 peccantes
1751 2913 2100 2970 absconditis.

517 3004 696 3060 Verba
727 3005 938 3062 fallacia
967 3017 1091 3062 ante
1114 3007 1281 3062 Deum
1312 3007 1483 3078 ponit,
1508 3007 1602 3077 qui
1630 3021 1693 3061 ea
1725 3003 1866 3076 apud
1893 3019 1951 3060 se
1978 3019 2109 3060 con-

521 3101 709 3161 spectu
726 3091 969 3148 veritatis
991 3094 1282 3161 examinat,
1307 3094 1420 3164 qui,
1444 3092 1784 3150 considerato
1807 3091 1998 3147 intimo
2015 3089 2105 3161 ju-

519 3183 661 3251 dice,
691 3185 960 3240 exteriora
986 3192 1198 3256 pensat.

1091 3315 1320 3374 CAPUT
1358 3314 1525 3371 XXV.

588 3439 752 3511 νέης.
798 3455 942 3509 1.-
997 3473 1018 3506 ‹
1049 3455 1402 3526 Respondens
1441 3461 1644 3521 autem,
1678 3472 1697 3506 i
1743 3462 1852 3510 etc.
1908 3452 2100 3525 (lbid.)

518 3547 654 3614 Quia
688 3546 790 3603 Job
813 3548 983 3603 multa
1011 3548 1168 3614 dixit,
1195 3557 1324 3613 etc.,
1356 3565 1517 3620 usque
1543 3548 1611 3602 ad
1635 3563 1756 3618 qua:
1794 3547 1915 3618 jure
1959 3547 2103 3618 ejus-

519 3640 642 3694 dem
671 3641 924 3708 potentiaa
946 3641 1164 3710 quando
1191 3649 1396 3707 careat,
1422 3641 1640 3697 nescit?

589 3728 831 3784 Vens.2.
859 3760 930 3770 —-
963 3749 981 3781 ι
1017 3729 1116 3796 Qui
1141 3729 1272 3785 facit
1296 3731 1661 3786 concordiam.
1699 3750 1719 3783 ι
1768 3731 1829 3786 ln
1878 3743 2104 3785 concor—

520 3821 660 3874 diam
693 3829 1086 3890 componuntur
1115 3837 1344 3888 summa,
1379 3829 1506 3886 etc.,
1535 3838 1696 3892 usque
1725 3821 1793 3876 ad
1827 3823 1969 3891 quod
2007 3820 2103 3875 ob-

520 3912 693 3965 tinere
723 3927 829 3965 non
857 3913 1038 3967 valent
1069 3930 1343 3983 nunquam
1369 3913 1577 3968 volunt.

592 4005 758 4059 Vsus.
795 4003 850 4059 '5.
873 4037 944 4045 —
975 4025 993 4058 ‹
1027 4005 1278 4075 Nunquid
1305 4015 1408 4062 est.
1450 4027 1468 4059 ι
1499 4007 1556 4062 In
1586 4009 1892 4079 cognitione
1910 4010 2103 4063 huma-

519 4111 589 4151 na
638 4096 976 4167 superiorum
1035 4113 1292 4153 numerus
1346 4099 1628 4169 spirituum
1678 4116 1784 4154 non
1827 4109 1928 4167 est,
1977 4101 2103 4171 quia

519 4198 720 4259 quanta
742 4189 812 4244 sit
838 4189 944 4244 illic
990 4190 1296 4260 frequentia
1337 4191 1622 4247 invisibilis
1669 4195 1962 4261 exercitus,
2009 4211 2105 4250 ne-

520 4281 622 4337 scit
649 4299 662 4334 :
697 4281 788 4350 qui
811 4280 1010 4336 milites
1034 4281 1306 4347 dicuntur,
1337 4283 1462 4352 quia
1485 4283 1770 4341 decertant
1796 4295 1984 4342 contra
2007 4283 2104 4343 ae-°

519 4387 642 4427 reas
662 4380 980 4441 potestates,
1012 4390 1120 4430 non
1145 4373 1352 4440 labore,
1378 4379 1470 4432 sed
1497 4379 1744 4446 imperio.

597 4482 615 4514 ε
651 4463 716 4517 Et
741 4481 922 4537 super.
959 4486 977 4518 ι
1010 4468 1144 4535 Quia
1178 4469 1405 4524 militum
1437 4473 1747 4526 eorumdem
1773 4473 1886 4529 sive
1906 4473 2104 4532 electo-

521 4570 643 4608 rum
668 4556 842 4612 virtus
871 4575 973 4614 non
1003 4561 1236 4629 propriis
1281 4561 1504 4626 viribus,
1548 4563 1642 4617 sed
1685 4579 1934 4634 supernae
1987 4583 2104 4638 gra-

1005 421 1404 479 WALAFRIDI
1443 419 1693 476 STRABI
1731 416 1945 477 FULD.
1989 415 2154 474 MON.
2196 417 2348 476 OPP.
2388 417 2569 476 PARS
2603 417 2647 474 l.
2689 448 2758 458 --
2792 415 3246 476 THEOLOGICA.

515 559 625 597 suae
645 540 928 612 pravitatis
956 539 1124 595 fortes
1151 537 1405 600 detrahit,
1454 551 1577 592 cum
1629 551 1727 606 per
1755 536 1837 590 sui
1891 534 2093 590 erroris
2121 545 2168 604 Α

3703 417 3822 478 8ἓᾶ

2765 573 2991 629 CAPUT
3023 573 3211 628 XXVI.

2268 667 2434 723 Vsus.
2480 669 2532 721 l.
2572 697 2644 709 —
2694 685 2713 717 ι
2758 668 3112 738 Respondeas
3143 676 3324 721 autem
3360 665 3483 722 Job.
3519 687 3540 719 ›
3603 666 3822 723 Finitis

2198 756 2498 811 amicorum
2526 757 2739 820 verbis,
2771 755 2883 825 jam
2910 757 2966 812 in
2991 757 3250 812 extremis
3295 755 3424 822 Job,
3465 765 3676 812 contra
3721 772 3824 814 eos

2201 848 2408 902 acutius
2433 848 2625 916 surgit,
2650 857 2709 903 ut
2738 865 2854 904 mos
2877 857 2960 904 est
2987 848 3197 919 peritis,
3223 847 3278 903 in
3307 848 3678 904 conclusione
3705 848 3828 904 for-

2199 937 2334 992 tiora
2364 954 2600 994 servare.

2275 1030 2462 1100 (Ibid.)
2497 1049 2514 1081 ‹
2541 1029 2708 1098 Cujus
2737 1030 2986 1099 adjutor?
3007 1030 3260 1101 Nunquid
3293 1033 3608 1090 imbecillis.
3647 1053 3670 1087 ι
3717 1035 3828 1090 Ad—

2195 1124 2388 1195 juvare
2418 1127 2738 1182 imbecillem
2768 1129 3052 1182 charitatis
3082 1137 3194 1194 cst;
3233 1129 3492 1200 adjuvare
3521 1138 3821 1200 potentem

2203 1217 2371 1281 velle,
2402 1217 2652 1274 elationis
2689 1228 2790 1273 est.
2823 1220 2889 1273 Et
2912 1228 2992 1275 est
3025 1236 3216 1277 sensus
3251 1240 3264 1275 :
3299 1222 3425 1277 dum
3454 1236 3582 1276 eum
3619 1221 3826 1292 iuvare

2206 1307 2468 1373 intendis,
2512 1311 2610 1364 sub
2650 1307 2802 1376 cujus
2843 1312 3210 1380 magnitudine
3251 1313 3563 1371 succumbis
3609 1331 3626 1366 :
3673 1313 3824 1383 quod

2207 1400 2473 1469 impendis
2511 1401 2763 1456 solatium
2794 1403 2860 1458 de
2889 1403 3254 1458 ostentatione
3293 1411 3408 1469 est,
3448 1419 3562 1458 non
3587 1404 3669 1459 de
3709 1404 3824 1474 pie-

2207 1501 2339 1547 tate.

2279 1605 2441 1660 Vsus.
2467 1607 2519 1661 5.
2551 1637 2622 1645 -
2655 1625 2673 1657 ‹
2701 1606 2800 1662 Cui
2828 1607 3040 1662 dedisti.
3075 1627 3093 1658 ι
3127 1607 3317 1679 (Ιὺὶά.)
3342 1608 3658 1664 Consilium
3692 1609 3826 1664 dare

2209 1697 2375 1753 stulto
2423 1699 2705 1754 charitatis
2753 1707 2873 1765 est,
2921 1701 3207 1757 consilium
3247 1703 3378 1757 dare
3425 1703 3532 1772 ipsi
3573 1702 3822 1772 sapienti

2210 1789 2579 1856 perversitatis
2608 1799 2709 1854 est,
2744 1792 2885 1846 unde
2924 1793 3167 1862 sequitur
3206 1809 3221 1847 :

2287 1897 2304 1930 ε
2339 1881 2406 1935 Ει
2431 1881 2790 1950 prudentiam,
2823 1902 2841 1934 ›
2873 1891 2978 1937 etc.
3003 1882 3194 1938 Omnis
3222 1883 3313 1953 qui
3338 1885 3636 1954 prudentia
3664 1895 3820 1940 recta

2204 1983 2310 2038 est,
2342 1973 2571 2044 plurima
2604 1991 2710 2030 non
2756 1985 2839 2031 est
2868 1993 2881 2030 :
2919 1977 3045 2047 quia
3079 1993 3186 2032 non
3215 1978 3334 2048 plus
3372 1980 3586 2050 appetit
3617 1995 3820 2051 sapere

2206 2079 2368 2133 quam
2395 2073 2610 2134 oportet
2639 2080 2852 2135 sapere.
3741 2059 3746 2062 ’

2282 2178 2301 2210 ‹
2337 2158 2652 2214 Plurimam.
2692 2180 2712 2212 »
2749 2161 2903 2217 Ultra
2942 2162 3184 2229 modum,
3213 2172 3275 2217 ut
3301 2163 3391 2233 qui
3417 2178 3533 2233 prae
3565 2162 3700 2218 aliis
3736 2165 3818 2218 ri-

2207 2251 2321 2306 deri
2371 2261 2629 2322 appetunt
2674 2254 2946 2309 doctiores
2975 2295 2989 2320 ,
3035 2253 3177 2309 unde
3225 2255 3286 2308 fit
3333 2263 3394 2308 ut
3453 2255 3814 2310 immoderali

2206 2342 2368 2396 etiam
2393 2341 2540 2397 fatua
2563 2343 2876 2414 loquantur,
2899 2344 3040 2399 unde
3066 2359 3324 2400 excessus
3347 2345 3661 2415 prudentiae
3689 2347 3820 2400 sub-

2209 2434 2352 2489 ditur
2389 2452 2401 2485 :

2279 2525 2426 2581 Vsus
2446 2526 2502 2580 4.
2531 2558 2602 2568 -—
2638 2547 2656 2578 ‹
2686 2528 2856 2596 Quem
2883 2529 3098 2584 docere.
3132 2549 3148 2581 ι
3191 2528 3536 2599 Spiramento
3575 2531 3820 2586 vivimus

2208 2615 2326 2672 sine
2352 2631 2460 2686 quo
2496 2634 2603 2674 non
2643 2620 2913 2690 sapimus,
2949 2620 3043 2676 sed
3077 2635 3176 2690 per
3199 2621 3362 2690 quod.
3401 2619 3502 2687 Qui
3547 2637 3686 2693 ergo
3728 2624 3820 2677 dat

2209 2712 2374 2766 vitam
2392 2755 2406 2777 ,
2443 2714 2534 2767 dat
2557 2721 2613 2768 et
2642 2713 2986 2782 sapientiam.

2287 2824 2306 2856 ‹
2340 2805 2767 2874 Spiramentum.
2797 2803 2981 2877 (Auc.)
3014 2822 3033 2856 ι
3068 2801 3221 2860 Sicut
3249 2819 3356 2859 non
3383 2818 3684 2874 possumus
3709 2821 3814 2860 non

2213 2901 2280 2954 de
2326 2909 2515 2954 nostra
2557 2905 2772 2966 natura,
2806 2906 2934 2964 etc.,
2977 2913 3140 2968 usque
3180 2898 3248 2951 ad
3279 2897 3407 2968 quia
3441 2912 3556 2952 non
3599 2908 3820 2953 creatus

2214 3001 2480 3049 creatum.

2291 3103 2310 3136 ‹
2344 3082 2534 3140 Nonne
2562 3099 2686 3140 eum
2712 3083 2823 3153 qui.
2861 3102 2879 3136 ι
2923 3081 3111 3156 (Ιὸἱά.)
3151 3081 3378 3138 Baldath
3407 3084 3534 3152 quia
3568 3081 3675 3139 Job
3715 3083 3815 3139 ﬂa—

2214 3175 2500 3248 gellatum,
2530 3183 2660 3244 etc.,
2689 3190 2855 3248 usque
2881 3173 2950 3229 ad
2979 3189 3076 3244 per
3105 3174 3402 3230 sententias
3425 3176 3695 3245 expandit
3735 3177 3814 3231 di-

2135 3268 2185 3334 C
2217 3283 2346 3324 cens
2376 3285 2391 3322 :

2288 3379 2307 3412 ι
2351 3360 2491 3416 Ecce
2523 3359 2768 3432 gigantes
2809 3369 3034 3432 gemunt
3081 3361 3183 3416 sub
3222 3361 3408 3432 aquis.
3445 3380 3464 3413 ι
3512 3359 3817 3432 Postquam

2208 3450 2470 3520 repressit
2504 3460 2769 3506 tumorem
2806 3451 3106 3522 sapientius,
3136 3459 3268 3517 etc.,
3301 3467 3465 3522 usque
3493 3452 3566 3505 ad
3611 3468 3730 3523 quo
3763 3455 3816 3508 in

2209 3541 2379 3596 altum
2411 3557 2469 3596 se
2499 3541 2679 3613 erigit.

2280 3631 2446 3688 Vsus.
2465 3634 2605 3688 5.—
2630 3653 2648 3686 ι
2668 3634 2735 3688 Ει
2755 3635 2845 3703 qui
2868 3635 3116 3690 habitant
3137 3651 3280 3692 cum.
3305 3655 3323 3688 ι
3351 3635 3568 3693 Pariter
3589 3651 3822 3710 gemunt

2207 3729 2264 3784 hi
2293 3728 2387 3797 qui
2427 3727 2626 3784 talibus
2664 3729 2960 3795 sociantur,
2984 3729 3108 3798 quia
3141 3730 3242 3800 ipsi
3273 3731 3437 3785 etiam
3475 3732 3694 3788 laboris
3728 3750 3821 3791 eo-

2207 3837 2328 3875 rum
2360 3820 2776 3890 participatione
2803 3821 3206 3890 deprimuntur;
3237 3831 3291 3875 et
3321 3824 3448 3892 quia
3481 3825 3818 3883 desiderata:

2208 3909 2554 3966 celsitudines
2584 3911 2700 3966 sine
2727 3911 2966 3981 peccatis
3002 3921 3275 3982 nequeunt
3311 3914 3727 3983 administrari,
3761 3925 3820 3972 et

2207 4001 2408 4057 malum
2437 4003 2578 4071 quod
2612 4002 2791 4072 agitur
2813 4003 3009 4057 divinae
3035 4003 3130 4058 ira:
3155 4019 3261 4058 non
3285 4005 3672 4060 absconditur.

2277 4095 2445 4148 Vens.
2497 4094 2550 4149 6.
2595 4125 2663 4136 ——
2703 4114 2722 4146 ε
2764 4094 2952 4151 Nudus
2995 4105 3080 4152 est
3135 4097 3394 4155 infernus.
3445 4119 3461 4151 ι
3511 4101 3724 4157 Inferni
3763 4111 3821 4160 et

2207 4186 2528 4256 perditionis
2572 4189 2789 4244 nomine
2830 4188 3100 4245 diabolum
3135 4199 3191 4246 et
3223 4192 3401 4249 omnis
3437 4193 3822 4251 damnationis

2207 4276 2322 4346 ejus
2350 4278 2526 4334 socios
2553 4279 2817 4351 designat.

2277 4389 2444 4448 Vens.
2474 4392 2526 4447 7.
2554 4421 2624 4433 —
2656 4413 2674 4444 ι
2705 4392 2805 4461 Qui
2831 4395 3092 4450 extendit.
3124 4416 3142 4449 ι
3176 4395 3365 4468 (Μήτι.)
3389 4397 3696 4468 Aquilonis
3717 4417 3820 4458 no—

2205 4486 2351 4541 mine
2373 4485 2618 4544 diabolus
2641 4489 2960 4558 appellatur,
2987 4491 3078 4560 qui
3103 4501 3161 4544 ut
3180 4491 3424 4561 corporis
3447 4491 3660 4564 frigore
3683 4512 3818 4565 gen-

2205 4577 2340 4632 tium
2382 4579 2546 4633 corda
2581 4580 3007 4651 constringeret,
3048 4581 3180 4636 dixit
3213 4601 3225 4636 :
3267 4582 3478 4638 Sedebo
3517 4585 3574 4640 in
3618 4597 3816 4643 monte

520 4647 610 4700 tiaa
632 4645 899 4703 infusione
924 4651 1207 4705 roboratur
1231 4667 1244 4704 :
1273 4669 1393 4722 qua:
1423 4655 1467 4708 si
1497 4654 1549 4708 in
1577 4656 1738 4710 corde
1768 4665 1956 4711 nostro
1994 4673 2102 4713 non
2127 4663 2182 4724 1)
2209 4669 2518 4724 testamenti
2567 4670 2621 4724 in
2662 4645 2854 4726 latere.
2873 4671 3158 4740 aquilonis.
3205 4670 3306 4738 Qui
3355 4689 3522 4744 super
3570 4691 3814 4733 vacuum

519 4747 786 4808 surgeret,
829 4740 1069 4810 profecto
1093 4759 1246 4802 mens
1268 4753 1454 4800 nostra
1481 4747 1534 4800 in
1572 4749 1809 4804 tenebris
1830 4758 2095 4817 maneret,

517 4831 661 4885 unde
682 4830 861 4886 subdit
890 4849 904 4885 :

589 4923 751 4978 Vens.
773 4923 828 4979 4.
864 4955 935 4965 -
959 4943 980 4976 ‹
1007 4924 1253 4997 Nunquid
1287 4931 1596 5000 justificari.
1629 4953 1647 4985 ι
1683 4932 1818 5000 Quia
1852 4949 1950 5004 per
1979 4951 2096 4990 mu-

519 5015 708 5069 lierem
731 5016 902 5086 culpae
930 5018 1195 5074 subditam
1224 5023 1465 5078 nascitur
1491 5025 1671 5093 homo,
1717 5033 1899 5080 reatus
1931 5026 2092 5094 primi

519 5103 807 5161 inﬁrmitas
837 5108 889 5162 in
919 5108 1068 5176 prole
1103 5122 1449 5184 propagatur.

592 5195 751 5250 Vsus.
781 5198 834 5252 5.
863 5230 934 5239 —
968 5217 986 5250 ι
1022 5199 1160 5257 Ecce
1195 5204 1361 5257 enim.
1402 5225 1420 5256 ι
1455 5204 1559 5259 Per
1608 5205 1789 5260 lunam
1831 5206 2091 5272 Ecclesia,

518 5302 618 5358 per
640 5289 820 5343 stellas
847 5292 1176 5362 singulorum
1209 5296 1347 5350 bene
1389 5297 1683 5351 viventium
1713 5299 1907 5354 anima:
1957 5301 2097 5355 desi-

520 5386 906 5452 gnantut‘:qui
957 5387 1145 5455 culpas
1170 5389 1418 5456 subigere
1474 5385 1711 5456 perfecte
1763 5390 2092 5448 desiderant.

523 5470 628 5524 Sed
651 5487 930 5543 quousque
955 5478 1301 5546 corruptione
1352 5480 1529 5532 carnis
1566 5482 1958 5550 astringuntur,
1981 5484 2097 5550 ejus

519 5562 747 5617 vinculis
779 5565 1030 5634 ligantur,
1066 5589 1083 5616 ε
1127 5578 1326 5636 qua.qu
1353 5570 1521 5638 magis
1551 5571 1710 5624 homo
1765 5576 2026 5642 ptttt'e'ioi
2072 5597 2088 5627 ι

591 5657 750 5712 VEBS.
781 5661 832 5714 6.
863 5693 932 5702 ——
967 5682 984 5712 ι
1020 5663 1084 5716 Et
1109 5665 1270 5729 liliUs,
1296 5687 1312 5718 ›
1347 5683 1409 5720 ac
1431 5667 1472 5720 si
1501 5669 1662 5733 dicat,
1692 5679 1818 5734 etc.,
1845 5691 2002 5742 usque
2028 5674 2095 5726 ad

521 5748 657 5802 sicut
678 5766 742 5804 ex
771 5753 990 5808 homine
1018 5754 1159 5812 Illius
1179 5758 1434 5823 hominis,
1457 5759 1531 5814 ita
1563 5776 1629 5816 ex
1672 5764 1953 5832 putredine
1997 5782 2091 5820 na-

519 5834 685 5890 scitur
729 5843 945 5897 vermis.

2204 4763 2534 4828 extenditur,
2566 4763 2692 4834 quia
2721 4763 2810 4819 illa
2838 4765 2999 4820 corda
3027 4765 3268 4834 possidet
3293 4781 3412 4837 qua:
3441 4767 3617 4824 divini
3649 4786 3812 4828 amo-

2201 4858 2278 4913 ris
2307 4859 2479 4929 gratia
2504 4873 2609 4914 non
2637 4860 3000 4930 possidentur.

2279 4969 2296 5000 i
2329 4950 2394 5004 Et
2422 4952 2677 5020 appendit
2700 4961 2919 5008 terram.
2952 4975 2971 5008 ι
3014 4955 3208 5028 (Ιὸἰᾱ.)
3234 4957 3412 5013 Terre
3444 4960 3674 5014 nomine
3710 4961 3810 5017 Ec-

2200 5041 2361 5096 clesia
2385 5041 2717 5113 designatur,
2736 5053 2867 5111 etc.,
2887 5063 3048 5118 usque
3067 5049 3137 5102 ad
3177 5067 3198 5100 ι
3229 5048 3431 5106 Omnes
3443 5061 3640 5122 gentes
3657 5054 3808 5108 velut

2197 5131 2423 5185 nihilum
2454 5141 2507 5186 et
2538 5131 2698 5187 inane
2727 5143 2987 5204 reputatae
3017 5145 3164 5192 sunt.
3198 5157 3216 5191 ο

2271 5222 2438 5276 Vsus.
2474 5223 2527 5276 8.
2561 5254 2630 5262 -—
2670 5241 2687 5272 ‹
2718 5223 2818 5291 Qui
2851 5225 3002 5297 ligat.
3040 5246 3058 5279 ι
3103 5227 3293 5299 (Ιὸὶά.)
3328 5229 3485 5285 Initia
3519 5233 3804 5289 nascentis

2201 5312 2456 5368 Ecclesiae
2478 5323 2662 5369 narrat
2685 5316 2888 5378 dicens.
2909 5328 3038 5384 etc.,
3055 5336 3217 5390 usque
3239 5322 3307 5374 ad
3338 5322 3402 5376 de
3425 5323 3802 5381 immensitate

2201 5405 2316 5475 ejus
2347 5405 2621 5463 auditores
2648 5411 3038 5479 opprimerent.

2271 5497 2434 5552 Vsus.
2464 5498 2517 5553 9.
2542 5530 2614 5539 —
2639 5519 2658 5551 ε
2689 5501 2790 5568 Qui
2821 5509 2967 5558 tenet
2993 5504 3221 5558 vultum.
3246 5525 3263 5557 ι
3292 5504 3352 5560 In
3378 5505 3528 5560 vultu
3548 5508 3802 5578 cognitio

2199 5591 2618 5645 denmnstratur.
2662 5592 2792 5647 Solii
2825 5611 2952 5664 ergo
2990 5597 3106 5666 ejus
3140 5596 3316 5651 vultus
3337 5605 3573 5662 tenetur,
3599 5599 3732 5668 quia
3761 5614 3795 5653 ι

2205 5683 2360 5736 nobis
2397 5685 2447 5735 in
2483 5685 2583 5739 hac
2615 5685 2721 5738 vita
2757 5689 2900 5755 regni
2933 5686 3046 5752 ejus
3080 5689 3246 5758 gloria
3281 5705 3386 5742 non
3415 5691 3791 5759 cognoscitur.

2206 5773 2380 5844 Super
2405 5777 2548 5845 quod
2577 5777 2807 5845 expandi
2841 5778 3034 5832 nebula
3071 5777 3299 5845 dicitur',
3323 5781 3450 5850 quia
3488 5780 3633 5836 sicut
3663 5791 3793 5850 est,

2204 5861 2292 5916 illa
2321 5865 2555 5923 caelestis
2584 5868 2753 5939 gloria
2783 5883 2892 5924 non
2920 5869 3148 5928 videtur.
