3982 6352
272 435 388 494 825

1343 432 1611 490 GLOSSA
1644 431 2041 491 ORDINARIA.
2074 463 2146 475 -—-
2180 433 2310 490 LIB.
2349 432 2490 489 JOB.

3431 435 3538 493 8‘26

356 568 377 600 σ
412 546 631 604 Vultum
673 545 811 603 solii.
846 566 865 597 ›
909 544 1113 602 Solium
1153 551 1240 601 est
1282 545 1540 617 maiestas
1576 547 1725 617 ejus,
1773 547 1857 603 vel
1882 550 1935 612 Α
2034 545 2195 602 Vens.
2242 548 2294 603 6.
2341 576 2412 589 --
2456 565 2475 597 ι
2515 540 2966 601 Justiﬂcationem
3004 559 3202 602 meam.
3248 567 3269 602 ι
3323 548 3537 626 (Ιὺὶά.)

273 640 486 712 angeli,
515 640 606 710 qui
642 640 804 694 modo
831 654 938 694 non
968 639 1125 710 plene
1162 646 1390 709 possunt
1425 640 1742 711 congnosci;
1772 640 1858 696 vel

274 749 378 788 nos
395 731 519 801 ipsi,
541 745 770 800 quorum
798 730 989 794 vultus,
1016 730 1069 784 id
1093 738 1176 785 est
1197 730 1444 796 scientia,
1460 731 1711 802 progredi
1736 746 1859 800 pro-

174 808 185 815 ,
275 824 496 878 hibetur
519 821 586 876 ad
610 820 802 876 altiora
830 839 844 875 :
870 835 1032 890 super
1053 836 1190 890 quos
1216 819 1433 886 nebula,
1464 820 1519 875 in
1545 822 1740 891 quibus
1766 837 1859 878 oc-

274 911 421 966 cnlt'a
451 912 624 968 exerit
648 911 872 982 judicia,
905 910 1047 967 unde
1077 912 1260 967 subdit
1285 930 1299 965 :

348 1001 512 1056 Vens.
569 1002 656 1055 10.
701 1030 773 1041 -
826 1020 845 1054 ‹
880 1000 1191 1056 Terminum
1226 1001 1581 1057 circumdedit
1614 1002 1787 1072 aquis.
1832 1022 1850 1057 ι

270 1091 413 1158 Quia
476 1092 699 1147 humani
760 1094 974 1164 generis
1037 1094 1318 1149 scientiam
1386 1094 1731 1162 moderatur,
1799 1104 1859 1151 ut

274 1201 557 1257 quousque
627 1187 1028 1243 vicissitudines
1098 1187 1478 1243 alternantium
1555 1197 1855 1259 temporum

274 1287 581 1345 transeunt,
600 1279 838 1349 perfecte
864 1280 932 1335 ad
960 1280 1325 1352 cognitionem
1357 1281 1622 1338 claritatis
1650 1282 1857 1338 intima:

274 1385 383 1425 non
419 1370 753 1441 pertingant.

344 1460 512 1516 Vens.
537 1461 623 1515 ll.
644 1490 717 1501 -—
740 1480 759 1512 ι
778 1459 1071 1517 Columnae.
1095 1481 1114 1515 ο
1135 1460 1328 1532 (Cass.
1373 1460 1539 1535 Msc.)
1563 1462 1857 1520 Columnas

274 1552 397 1608 cali
426 1560 645 1607 sanctos
671 1551 906 1623 angelos,
929 1551 1013 1606 vel
1037 1567 1279 1608 summos
1305 1552 1561 1609 Ecclesiae
1586 1554 1852 1624 praedica-

270 1652 424 1700 tores
452 1644 709 1716 appellat.

342 1736 507 1794 Vsus.
556 1738 642 1792 12.
680 1769 751 1779 -
791 1757 810 1790 ι
845 1738 905 1794 In
950 1736 1281 1793 fortitudine.
1314 1756 1333 1790 ι
1378 1736 1566 1809 (Ιιυὶά.)
1597 1738 1737 1805 Quia
1765 1739 1851 1793 in-

269 1840 495 1888 carnato
522 1830 750 1887 Domino
778 1832 1137 1888 discordantia
1168 1831 1223 1885 in
1251 1829 1491 1885 Ecclesia
1529 1832 1694 1887 corda
1722 1846 1852 1887 con-

271 1926 507 1980 corditer
542 1925 788 1980 credunt.

346 2035 366 2069 ι
401 2016 466 2071 Et
492 2017 773 2086 prudentia
800 2016 934 2087 ejus.
965 2036 984 2069 ι
1021 2016 1329 2085 Prudentia,
1358 2035 1465 2075 non
1493 2017 1693 2073 virtute
1722 2031 1850 2086 per-

267 2121 460 2162 cussus
486 2114 571 2161 est
600 2106 853 2177 antiquus
884 2107 1080 2173 hostis,
1109 2108 1234 2178 quia
1274 2109 1403 2163 dum
1438 2108 1695 2163 audacter
1720 2105 1852 2161 olim

266 2196 564 2261 Christum,
589 2198 642 2252 in
665 2212 773 2267 quo
799 2198 900 2253 sibi
925 2197 1058 2253 nihil
1079 2199 1441 2269 competebat,
1465 2197 1711 2268 appetiit,
1728 2196 1852 2267 jure

268 2287 574 2353 hominem,
604 2302 765 2359 quem
803 2295 857 2343 et
890 2289 1039 2360 juste
1076 2288 1323 2354 tenebat,
1357 2289 1557 2344 amisit.
1600 2287 1709 2344 Sed
1742 2286 1851 2342 Do-

270 2379 414 2433 mino
452 2379 660 2444 occiso,
692 2393 814 2450 quae
840 2378 1216 2449 praedicatoris
1247 2378 1416 2451 gloria
1463 2380 1534 2435 sit
1560 2385 1847 2443 secutura,

267 2470 513 2539 sequitur
542 2490 556 2525 :

337 2560 501 2616 Vens.
534 2547 621 2617 I3.
647 2592 718 2603 —
747 2580 767 2614 ‹
800 2561 1035 2633 Spiritus
1055 2561 1171 2632 ejus
1196 2563 1411 2618 ornavit
1432 2562 1621 2619 caelos.
1655 2579 1676 2614 ι
1709 2559 1849 2628 Quia

266 2654 646 2721 praedicatores
680 2656 786 2712 nisi
818 2657 1083 2728 promissa
1115 2654 1384 2712 Paracleti
1419 2657 1558 2711 dona
1596 2654 1847 2725 suscipe-

267 2751 406 2809 rent,
437 2745 582 2802 nullo
611 2745 939 2803 fortitudinis
968 2747 1162 2803 decore
1189 2746 1531 2803 demissent.

338 2853 357 2885 ι
392 2834 458 2890 Et
484 2836 869 2893 obstetricante
902 2854 1066 2894 manu
1102 2837 1237 2907 ejus.
1271 2859 1290 2893 ι
1327 2839 1599 2908 Antiquus
1631 2837 1842 2903 hostis,

265 2927 356 2996 qui
386 2929 591 2984 homini
613 2945 709 2986 ore
736 2930 942 2986 colubri
972 2931 1185 2986 locutus
1210 2940 1313 2993 est,
1344 2932 1436 3002 qui
1467 2939 1745 2986 tortuosus
1765 2931 1847 2985 di-

266 3016 425 3083 citur,
456 3018 584 3087 quia
622 3018 678 3074 in
720 3020 969 3075 veritatis
1012 3020 1337 3076 rectitudine
1378 3036 1485 3075 non
1530 3021 1710 3086 stetit;
1752 3021 1842 3075 hic

262 3108 651 3166 obstetricante
688 3124 851 3165 manu
890 3110 1102 3167 Domini
1138 3108 1342 3179 eiectus
1370 3119 1453 3166 est
1481 3111 1551 3166 ab
1577 3110 1840 3167 Ecclesia.

263 3200 319 3255 ln
347 3199 536 3269 paucis
564 3206 745 3255 autem
781 3199 1064 3257 sententiis
1088 3200 1253 3272 primi
1281 3200 1544 3257 adventus
1574 3198 1844 3257 Dominici

1958 639 2203 712 Caeptam
2233 637 2677 710 justiﬁeationem
2707 638 3003 703 desereret,
3036 637 3083 692 si
3114 638 3167 692 in
3197 641 3537 708 peccantium

1959 732 2171 786 laudem
2199 731 2509 786 declinaret.
2539 728 2684 785 Bene
2706 728 2774 785 ab
2800 728 2990 783 alienis
3013 729 3246 795 absistit,
3272 731 3361 799 qui
3384 732 3538 802 prius

1958 838 2019 879 se
2038 838 2069 876 a
2088 822 2323 893 propriis
2350 821 2622 877 custodit:
2649 821 2828 890 quasi,
2860 820 2979 875 ideo
3006 819 3073 874 de
3101 804 3434 889 eis'peccare
3462 822 3531 876 ti-

1957 928 2100 978 meo,
2132 916 2258 983 quia
2286 928 2393 968 non
2421 911 2765 983 reprehendit
2792 926 2879 968 me
2903 928 3000 968 cor
3024 910 3224 968 meum.

2035 1026 2054 1058 ι
2088 1005 2272 1075 Neque
2293 1005 2437 1060 enim
2481 1004 2826 1074 reprehendit
2862 1019 2947 1059 me
2977 1018 3072 1059 cor
3097 1020 3296 1059 meum.
3328 1024 3348 1056 ›
3389 1004 3468 1060 Ac
3487 1004 3534 1059 si

1959 1097 2122 1163 dicat,
2140 1106 2270 1162 etc.,
2296 1112 2459 1167 usque
2473 1096 2542 1150 ad
2559 1095 2774 1151 fortiter
2790 1105 2967 1151 tamen
2984 1098 3295 1166 cogitationi
3312 1097 3531 1152 restitit.

2030 1187 2193 1243 Vens.
2219 1188 2274 1243 7.
2300 1217 2373 1228 —
2401 1206 2419 1238 ‹
2451 1186 2604 1242 Sicut
2630 1187 2827 1257 impius
2862 1187 3111 1242 inimicus
3139 1203 3309 1243 meus.
3342 1186 3532 1255 (Ibid.)

1956 1280 2186 1350 Impius,
2225 1277 2459 1334 inﬁdelis
2506 1278 2723 1344 dicitur,
2767 1287 2900 1344 etc.,
2943 1295 3105 1350 usque
3150 1279 3219 1333 ad
3267 1278 3359 1348 qui
3400 1276 3533 1333 mihi

1956 1384 2121 1440 opere
2159 1385 2265 1424 non
2303 1369 2614 1424 concordat.

2027 1461 2188 1516 Vens.
2217 1462 2272 1517 8.
2294 1490 2365 1502 -—-
2390 1480 2409 1512 ι
2436 1460 2566 1528 Quae
2593 1468 2679 1515 est
2703 1459 2847 1515 enim
2871 1475 2997 1531 spes
3024 1462 3347 1532 hypocrisis.
3378 1482 3397 1515 ι
3427 1461 3534 1534 ΗΥ-

1953 1559 2192 1620 poema,
2243 1550 2335 1620 qui
2383 1549 2575 1605 Latine
2617 1550 2813 1605 dicitur
2862 1551 3162 1618 simulator,
3209 1561 3292 1609 est
3337 1568 3533 1611 avarus

1953 1650 2159 1710 raptor,
2192 1641 2283 1712 qui
2307 1643 2433 1695 dum
2460 1642 2642 1711 inique
2662 1656 2829 1713 agens
2851 1643 3123 1698 desiderat
3147 1645 3213 1699 de
3243 1645 3532 1700 sanctitate

1953 1732 2224 1798 venerari,
2261 1734 2471 1788 laudem
2504 1734 2626 1788 vita:
2659 1735 2797 1803 rapit
2828 1735 3033 1789 alienae.

2026 1824 2190 1880 Vsus.
2221 1826 2275 1882 9.
2303 1856 2374 1866 —-
2407 1844 2427 1876 ‹
2457 1824 2704 1895 Nunquid
2727 1825 2869 1879 Deus
2894 1825 3108 1880 audiet?
3136 1845 3155 1878 ι
3189 1825 3325 1892 Quia
3362 1826 3416 1880 in
3443 1824 3533 1893 ju—

1882 1907 1932 1969 B
1962 1916 2103 1971 dicio
2149 1917 2444 1971 remedium
2487 1916 2541 1970 in
2581 1916 2820 1971 clamore
2861 1932 2966 1971 non
3002 1918 3227 1983 invenit,
3259 1917 3350 1986 qui
3389 1932 3531 1972 nunc

1952 2014 2164 2075 tempus
2183 2020 2479 2076 congruum
2501 2005 2754 2062 clamoris
2777 2006 2970 2077 perdit.
2993 2006 3070 2063 De
3091 2004 3247 2077 cujus
3263 2006 3532 2077 pravitate

1951 2094 2328 2166 subiungitur:

2022 2187 2188 2242 Vens.
2216 2188 2304 2241 10.
2332 2217 2404 2226 -
2440 2206 2458 2239 ε
2493 2186 2601 2242 Aut
2640 2188 2841 2259 poterit
2882 2189 2939 2244 in
2977 2186 3354 2259 Omnipotente
3387 2188 3532 2245 dele-

1950 2279 2109 2336 ctari.
2142 2297 2164 2332 ι
2199 2278 2301 2346 Qui
2350 2281 2688 2335 terrenarum
2733 2295 2916 2335 rerum
2959 2297 3142 2336 amore
3178 2281 3431 2347 vincitur,
3473 2282 3528 2336 in

1949 2372 2063 2426 Deo
2092 2370 2400 2427 nullatenus
2425 2370 2725 2427 delectatur
2751 2390 2766 2427 :

2028 2482 2048 2516 ι
2076 2464 2145 2519 Ει
2165 2464 2418 2520 invocare
2443 2465 2610 2521 Deum
2640 2465 2696 2520 in
2722 2466 2893 2521 omni.
2927 2486 2947 2519 ι
2979 2465 3210 2521 Tantum
3236 2465 3404 2522 Deum
3440 2467 3533 2538 hy-

1950 2559 2157 2629 pocrita
2188 2565 2317 2612 tunc
2350 2557 2594 2624 invocat,
2627 2572 2754 2614 cum
2786 2558 2930 2614 hunc
2970 2556 3529 2615 terrenarum‘rerum

1952 2647 2230 2703 tribulatio
2258 2648 2549 2719 angustiat.

2022 2741 2186 2796 Vens.
2232 2741 2316 2794 11.
2359 2769 2433 2783 -
2475 2758 2498 2792 ι
2529 2739 2744 2797 Docebo
2776 2755 2873 2796 vos
2908 2756 3006 2812 per
3037 2755 3250 2798 manus.
3282 2759 3301 2793 ι
3340 2740 3530 2797 Manus

1949 2829 2046 2887 Dei
2071 2838 2295 2886 vocatur
2322 2830 2525 2897 Filius,
2561 2840 2692 2898 etc.,
2731 2848 2892 2902 usque
2918 2831 2986 2885 ad
3015 2840 3297 2903 peccatum
3325 2840 3410 2886 est
3426 2830 3527 2886 illi.

2021 2922 2184 2977 Vens.
2214 2923 2300 2976 14.
2321 2952 2395 2962 -
2420 2942 2441 2975 ι
2470 2920 2530 2977 Si
2554 2923 2890 2993 multiplicati
2915 2923 3134 2979 fuerint.
3164 2943 3184 2975 ι
3213 2922 3400 2996 (Ιὺὶά.)
3424 2924 3529 2991 Qui

1950 3014 2332 3070 haereticorum
2361 3023 2689 3085 generantur
2707 3014 3111 3084 praedicatione,
3140 3014 3354 3071 venturi
3379 3012 3527 3084 judi-

1949 3102 2023 3159 cii
2048 3103 2315 3159 sententia
2346 3102 2634 3159 feriuntur.
3484 3146 3504 3168 .

2023 3213 2043 3247 ε
2076 3194 2145 3249 Et
2184 3201 2427 3265 nepotes.
2462 3213 2482 3247 ι
2522 3192 2756 3266 Nepotes
2787 3194 3169 3253 haereticon
3204 3203 3365 3263 sunt,
3392 3204 3525 3263 etc.,

265 3293 510 3349 ordinem
540 3291 745 3360 retulit,
776 3291 871 3350 sed
898 3293 1192 3351 secundum
1221 3293 1405 3350 subdit
1430 3292 1587 3349 valde
1614 3305 1736 3349 esse
1764 3291 1839 3347 ti-
1867 3272 1913 3337 C
1942 3302 2108 3359 usque
2148 3285 2223 3339 ad
2251 3285 2540 3343 nonnullos
2575 3286 2634 3343 in
2671 3286 2877 3343 malitia
2903 3287 3209 3359 pertinaces
3248 3287 3525 3359 relinquit.

265 3384 537 3442 mendum.

330 3476 494 3535 Vens.
527 3477 613 3533 14.
636 3507 709 3520 -
732 3496 754 3530 σ
776 3476 845 3534 Et
862 3491 990 3535 ecce
1013 3478 1132 3535 haec
1152 3493 1221 3535 ex
1245 3486 1400 3550 parte
1422 3477 1565 3534 dicta
1586 3484 1713 3533 sunt
1732 3477 1842 3531 via-

262 3586 399 3629 rum.
428 3590 448 3623 ι
488 3571 676 3643 (Ιὺὶά.)
714 3570 935 3628 Viarum
961 3572 1209 3639 nomine,
1238 3580 1370 3638 etc.,
1399 3586 1563 3642 usque
1597 3570 1665 3625 ad
1694 3570 1841 3626 velut

266 3665 438 3721 tenuis
464 3673 615 3735 gutta
644 3664 863 3735 superni
887 3663 1112 3735 liquoris
1140 3664 1209 3719 ad
1236 3680 1335 3721 nos
1362 3671 1597 3720 emanat.

335 3778 354 3809 ‹
388 3756 599 3811 Etcum
624 3755 715 3811 vix
742 3770 984 3825 parvam.
1009 3776 1029 3809 ι
1058 3755 1138 3811 Ac
1156 3756 1201 3812 si
1226 3754 1407 3812 dicat:
1437 3754 1495 3811 Si
1519 3753 1838 3810 humilitatis

265 3850 404 3904 illius
440 3848 755 3904 admiranda
792 3847 883 3903 vix
925 3846 1179 3913 ferimus,
1210 3847 1507 3904 terribilem
1547 3845 1839 3902 adventum

267 3942 562 4013 majestatis
586 3942 705 4013 ejus
729 3955 835 4012 qua
861 3940 1059 3994 virtute
1086 3937 1485 3995 tolerabimus?

808 4050 1037 4109 CAPUT
1078 4048 1286 4106 XXVII.

333 4127 497 4183 Vens.
523 4127 574 4181 1.
595 4155 668 4168 -
692 4142 712 4176 ι
729 4122 949 4180 Addidit
969 4137 1203 4193 quoque,
1224 4141 1244 4174 ι
1269 4129 1376 4176 etc.
1401 4118 1592 4191 (Cane.
1612 4116 1670 4171 in
1688 4116 1837 4183 Job.,

264 4220 299 4274 l.
340 4219 520 4289 xvnt.)
561 4218 801 4275 Ecclesia
841 4216 1049 4271 duobus
1085 4214 1261 4271 modis
1301 4213 1507 4284 patitur
1543 4226 1730 4266 amara
1771 4209 1841 4266 ab

265 4311 509 4367 hostibus
528 4326 541 4364 :
558 4308 643 4365 vel
659 4306 956 4373 verbis,ubi
980 4315 1268 4364 exercetur
1286 4305 1404 4376 ejus
1428 4304 1725 4375 sapientia;
1755 4300 1840 4358 vel

264 4399 478 4473 gladiis,
507 4399 597 4454 ubi
625 4396 886 4470 probatur
906 4396 1186 4468 patientia.
1217 4394 1373 4453 Nunc
1400 4394 1466 4450 de
1492 4409 1555 4450 ea
1584 4406 1841 4465 persecu-

264 4495 411 4550 tione
437 4493 515 4549 ait
538 4491 629 4547 ubi
656 4491 941 4547 lacessitur
968 4490 1118 4545 falsis
1150 4486 1564 4546 assertionibus.

332 4583 498 4639 Vens.
524 4582 580 4637 2.
605 4611 677 4623 -—
705 4600 725 4634 ι
776 4581 923 4639 Vivit
953 4581 1112 4636 Deus.
1161 4599 1182 4633 ι
1208 4579 1344 4635 Sunt
1365 4578 1457 4648 qui
1484 4577 1711 4632 adversa
1737 4589 1839 4644 pa-

269 4681 482 4746 tientes,
505 4679 675 4735 Deum
697 4691 820 4734 esse
840 4690 946 4731 non
972 4675 1234 4731 credunt:
1258 4672 1507 4728 nonnulli
1527 4671 1693 4726 Deum
1715 4682 1839 4725 esse

261 4770 563 4836 aestimant,
594 4767 690 4824 sed
722 4770 821 4822 res
846 4767 1110 4821 humanas
1138 4763 1359 4818 minime
1393 4775 1607 4817 curare.
1640 4758 1751 4814 Iste
1781 4758 1839 4815 in

264 4869 394 4934 typo
436 4859 691 4916 Ecclesiae
721 4856 931 4928 positus
972 4855 1028 4910 in
1067 4852 1376 4918 alllietione,
1405 4858 1467 4905 ut
1507 4849 1675 4905 Deum
1715 4861 1838 4903 esse

269 4952 553 5019 fateretur,
579 4952 687 5006 ait:
723 4968 741 5003 ε
769 4947 914 5005 Vivit
945 4947 1106 5002 Deus.
1146 4964 1165 4996 ι
1199 4943 1267 4999 llt
1293 4957 1422 4999 vero
1448 4955 1539 4998 res
1567 4941 1838 4996 humanas

268 5058 462 5100 curare
485 5057 610 5099 eum
634 5039 960 5112 perhiberet,
1000 5035 1221 5093 subdit:
1257 5053 1277 5087 ι
1306 5033 1414 5102 Qui
1442 5030 1664 5088 abstulit
1693 5029 1838 5101 judi-

265 5138 411 5193 cium
436 5151 644 5201 meum,
677 5154 698 5188 ι
734 5141 840 5189 etc.

339 5229 505 5285 Vrsas.
531 5228 587 5283 4.
615 5255 688 5269 —-
718 5243 739 5279 ι
768 5225 881 5280 Non
914 5223 1202 5295 loquentur
1232 5220 1369 5276 labia
1412 5233 1553 5275 mea.
1594 5236 1613 5269 ι
1649 5213 1840 5288 (Ibid)

270 5323 422 5391 Quod
446 5322 598 5392 prius
625 5320 984 5391 iniquitatem,
1013 5326 1142 5384 etc.,
1171 5332 1332 5387 usque
1365 5313 1434 5369 ad
1463 5311 1709 5369 meditari
1731 5318 1844 5365 stu—

268 5415 434 5469 diosa:
460 5412 764 5485 pravitatis.

340 5506 502 5561 Vsus.
544 5505 598 5560 5.
628 5536 694 5545 —
729 5521 749 5555 ι
781 5504 934 5559 Absit
962 5518 989 5556 a
1018 5517 1124 5557 me.
1160 5520 1181 5553 ι
1216 5499 1353 5566 Quia
1379 5498 1510 5553 dicit
1538 5495 1794 5553 Salomon
1825 5507 1842 5548 :

272 5614 295 5650 ε
324 5596 432 5664 Qui
465 5596 728 5667 justiﬁcat
763 5594 983 5664 impium
1005 5632 1020 5657 ,
1050 5601 1105 5647 et
1130 5591 1221 5661 qui
1252 5576 1575 5645 condemnat
1606 5585 1842 5655 justum,

266 5696 499 5756 uterque
535 5683 911 5741 abominabilis
936 5692 1020 5737 est
1056 5691 1181 5736 ante
1209 5679 1397 5734 Deum.
1432 5698 1448 5727 ι
1484 5678 1548 5732 Et
1581 5679 1681 5731 hoc
1709 5683 1795 5729 est
1827 5692 1841 5728 :

276 5797 298 5831 ι
322 5778 475 5833 Absit
514 5792 545 5831 a
583 5791 687 5830 me.
727 5794 747 5828 ι
787 5774 867 5827 Ab
914 5771 1220 5826 innocentia
1262 5770 1407 5826 enim
1452 5769 1757 5835 recederet,
1800 5766 1847 5822 si

268 5871 412 5929 bona
436 5869 504 5931 de
530 5868 637 5927 illis
664 5866 820 5925 malis
846 5863 1161 5922 aestimaret.

1944 3377 2209 3449 Sequitur
2233 3396 2248 3433 :

2015 3473 2183 3530 Vens.
2216 3469 2306 3526 15.
2334 3501 2405 3512 -
2437 3490 2458 3523 ι
2490 3469 2595 3538 Qui
2633 3470 2828 3542 reliqui
2865 3469 3083 3527 fuerint.
3115 3489 3135 3525 ι
3164 3469 3246 3527 Ex
3277 3485 3347 3526 eo
3372 3469 3528 3525 vide-

1942 3568 2071 3623 licet
2097 3565 2479 3625 haereticorum
2500 3565 2700 3636 populo
2722 3565 2963 3621 derelicti
2992 3564 3321 3637 sepelientur
3343 3564 3399 3619 in
3438 3563 3525 3617 in-

1942 3660 2131 3724 teritu,
2183 3658 2309 3727 quia
2350 3658 2478 3713 dum
2516 3657 2584 3712 ad
2622 3658 2798 3713 lucem
2838 3658 3084 3715 veritatis
3121 3673 3229 3714 non
3266 3657 3520 3721 redeunt,

1942 3750 2302 3821 lntelligentla
2334 3758 2546 3804 terrena
2579 3749 2971 3819 deprimuntur.

2018 3859 2038 3894 ι
2066 3841 2135 3896 Et
2158 3841 2338 3897 viduae
2365 3840 2508 3895 illius
2528 3854 2633 3895 non
2661 3840 2965 3910 plorabunt.
2988 3859 3009 3892 ι
3034 3838 3240 3896 Viduas
3264 3838 3396 3896 dicit
3418 3837 3528 3908 ple-

1941 3933 2039 3990 bes
2068 3933 2348 4004 subjeetas
2381 3940 2557 3987 morte
2590 3930 3147 3987 hmretici'destitutas
3179 3947 3194 3984 :
3234 3944 3356 4000 quae
3390 3927 3520 3983 dum

1938 4021 2265 4093 praedicator
2287 4020 2489 4076 erroris
2520 4020 2587 4075 ad
2622 4027 2823 4075 aeterna
2849 4018 3110 4091 supplicia
3132 4019 3358 4090 rapitur,
3384 4031 3526 4087 sape

1941 4114 2011 4169 ad
2037 4112 2369 4184 cognitionis
2394 4126 2538 4168 vera:
2567 4111 2796 4184 gratiam
2824 4118 3191 4165 revertuntur.

2010 4204 2177 4260 Vsus.
2211 4203 2302 4259 l6.
2338 4232 2411 4244 -
2445 4220 2464 4254 ι
2494 4201 2553 4258 Si
2580 4202 3018 4266 comportaverit.
3051 4220 3071 4253 ι
3104 4197 3295 4270 (Ιὺὶά.)
3317 4196 3525 4267 Argen-

1942 4307 2055 4352 tum
2076 4336 2093 4362 ,
2122 4296 2178 4351 id
2212 4304 2300 4350 est
2337 4294 2611 4365 eloquium
2654 4292 3058 4353 haereticorum,
3085 4299 3217 4354 etc.,
3259 4304 3420 4359 usque
3452 4286 3523 4341 ad

1940 4403 2110 4446 sacra:
2140 4386 2440 4457 Scriptura:
2467 4392 2764 4441 contexunt
2792 4381 3121 4438 testimonia.

2006 4478 2176 4534 Vens.
2206 4477 2275 4531 17
2302 4506 2374 4518 -
2398 4493 2418 4526 ι
2444 4473 2779 4544 Prmparabit
2799 4473 3036 4542 quidem.
3068 4490 3089 4524 ι
3114 4470 3249 4539 Quia
3271 4470 3356 4525 vir
3376 4475 3524 4525 recta

1941 4571 2049 4628 ﬁde
2075 4571 2292 4642 plenus,
2317 4568 2620 4637 Scripturae
2640 4606 2656 4632 ,
2682 4579 2803 4636 quae
2835 4564 3122 4620 haereticus
3147 4562 3330 4628 alert,
3367 4563 3521 4619 testi-

1942 4662 2124 4720 monia
2149 4660 2381 4731 colligit,
2396 4670 2453 4715 et
2472 4659 2678 4715 erroris
2699 4656 3055 4727 pertinaciam
3075 4656 3202 4711 inde
3224 4654 3521 4722 convincit,

1941 4763 2003 4812 ut
2039 4753 2209 4810 David
2242 4751 2453 4807 Goliam
2481 4749 2660 4824 gladio
2687 4763 2787 4804 suo
2811 4747 3029 4803 occidit.

2018 4864 2039 4899 ι
2068 4846 2138 4901 ΕΙ.
2166 4855 2449 4914 argentum
2495 4843 2755 4899 innocens
2798 4840 3021 4896 dividet.
3068 4858 3089 4892 ι
3120 4839 3387 4895 lnnoeens
3430 4850 3526 4892 ar-

1941 4947 2165 5011 gentum
2211 4934 2483 5002 dividere,
2524 4942 2657 5001 etc.,
2701 4948 2863 5004 usque
2903 4931 2972 4986 ad
3010 4931 3138 5002 quia
3174 4929 3254 4986 illi
3295 4927 3525 4983 miscent

1940 5029 2078 5086 falsa
2110 5029 2277 5084 veris.

2018 5120 2182 5176 Vens.
2219 5120 2308 5175 18.
2351 5149 2423 5159 —
2464 5135 2485 5169 ι
2524 5114 2832 5172 Εάἰῧοεινίι
2869 5114 3009 5169 sicut
3045 5112 3189 5167 tinea
3229 5111 3466 5166 domum.
3497 5128 3518 5162 ι

1950 5211 2139 5285 (Ιὺίά.)
2163 5210 2331 5265 Tiuea
2359 5210 2577 5264 domum
2605 5207 2708 5263 sibi
2735 5202 3128 5274 corrumpendo
3148 5199 3381 5257 adiﬁeat
3404 5215 3420 5255 :
3446 5199 3527 5255 sie

1947 5310 2006 5359 et
2038 5302 2325 5357 haereticus
2354 5299 2531 5354 locum
2560 5297 2799 5369 perﬁdiae
2836 5309 2947 5351 sua:
2992 5292 3205 5349 nonnisi
3236 5291 3293 5346 in
3324 5289 3524 5346 menti-

1951 5393 2073 5458 bus,
2103 5407 2239 5461 quas
2266 5391 2589 5460 corrumpit,
2622 5389 2768 5443 facit.

2026 5504 2047 5536 ε
2069 5485 2163 5564 ,Ει
2200 5485 2341 5539 sicut
2377 5493 2579 5539 custos.
2611 5503 2631 5534 ι
2676 5477 3057 5536 Umbraeulum
3088 5475 3358 5542 custodis,
3392 5480 3523 5538 etc.,

1881 5580 1892 5593 '
1950 5595 2113 5650 usque
2141 5577 2211 5630 ad
2239 5591 2421 5631 sermo
2450 5575 2693 5644 erigitur.
2725 5586 2845 5627 eum
2875 5569 3137 5625 subditur.

2023 5669 2188 5724 Vsus.
2222 5667 2301 5721 l9.
2333 5695 2404 5706 ——
2435 5686 2452 5716 ι
2490 5666 2649 5720 Dives
2674 5679 2795 5717 eum
2823 5661 3116 5715 dormierit.
3151 5680 3166 5705 ι
3202 5655 3409 5711 Dormit
3441 5653 3524 5710 di-

1952 5777 2046 5817 ves
2082 5769 2137 5815 et
2174 5759 2362 5813 oculos
2390 5758 2594 5827 aperit,
2623 5755 2748 5824 quia
2788 5770 2905 5807 cum
2938 5769 3101 5807 carne
3136 5749 3380 5814 moritur,
3412 5746 3529 5819 ejus

1954 5855 2137 5912 anima
2155 5852 2340 5907 videre
2365 5852 2601 5923 cogitur,
2623 5848 2764 5920 quod
2789 5846 3075 5919 providere
3096 5840 3434 5913 contempsit.
