3982 6352
439 315 541 372 827

937 308 1333 365 WALAFRIDI
1375 306 1622 363 STRABI
1662 307 1868 364 FULD.
1910 301 2078 359 MON.
2118 303 2266 360 OPP.
2309 304 2490 360 PARS
2525 305 2565 361 I.
2607 335 2675 346 —-
2718 303 3175 360 THEOLOGICA.

3621 305 3734 360 8‘28

509 421 672 479 Vens.
703 421 793 477 ΞΟ.
828 452 896 464 ν-
933 439 951 472 α
985 421 1364 491 Appreheudet
1398 435 1542 475 eum.
1582 438 1602 472 ι
1637 419 1844 490 Agente
1873 434 2024 472 nam-
2050 419 2099 478 Α
2130 416 2404 488 Sapphiri,
2441 419 2636 474 coloris
2665 421 2796 474 aerii
2835 429 2977 474 sunt.
3013 419 3078 472 Et
3103 419 3204 472 hoc
3228 417 3376 485 dicit,
3406 420 3538 488 quia
3585 435 3734 472 nun-

436 528 544 586 que
573 513 785 584 inopia,
817 511 960 583 apud
1000 512 1202 568 inferos
1238 526 1409 580 usque
1441 513 1510 566 ad
1545 511 1768 566 minima
1794 511 2023 582 petenda

437 605 590 662 dives
622 603 821 660 ardens
859 603 1168 674 compulsus
1196 611 1311 670 est,
1342 603 1434 674 qui
1463 602 1554 659 hic
1582 613 1774 676 agente
1813 605 2025 660 tenacia

439 713 610 769 usque
635 696 702 754 ad
734 697 959 752 minima
985 697 1230 768 neganda
1265 696 1531 767 pervenit.

514 807 534 840 ‹
578 787 749 845 Nocte
787 788 1057 859 opprimet
1111 805 1255 844 eum.
1299 808 1317 842 ι
1373 787 1596 844 Noctem
1649 789 2025 846 absconditum

439 889 654 951 tempus
700 881 966 952 repentini
1008 880 1184 935 exitus
1229 879 1482 950 appellat,
1539 881 1874 950 tempestatis
1924 895 2026 935 no-

441 973 588 1029 mine
613 972 802 1043 judicii
833 971 1102 1027 turbinem
1131 969 1398 1042 designat.

513 1066 676 1123 Vens.
712 1065 804 1120 2t.
824 1096 895 1106 —
937 1085 954 1116 ι
986 1065 1160 1120 Tollet
1184 1080 1308 1120 eum
1330 1072 1541 1121 ventus.
1573 1083 1595 1120 ι
1626 1062 1832 1119 Ventus
1858 1076 2027 1118 urens

441 1158 711 1231 malignus
740 1159 962 1228 spiritus
989 1166 1236 1224 vocatur,
1267 1159 1358 1226 qui
1387 1174 1510 1213 eum
1539 1172 1700 1227 quem
1737 1171 1878 1210 nunc
1913 1171 2030 1210 suc-

443 1249 688 1308 cenderit
713 1250 835 1320 igne
865 1263 1133 1317 perversae
1159 1248 1629 1318 concupiscentiae,
1659 1249 1768 1318 agit
1792 1255 2032 1318 postmo-

444 1343 572 1397 dum
603 1343 670 1397 ad
695 1339 937 1394 ﬂammas
965 1341 1244 1410 gehennae.

521 1450 540 1483 ι
572 1432 641 1487 Ει
660 1432 807 1487 velut
831 1431 990 1486 turbo
1018 1433 1208 1501 rapiet.
1239 1451 1256 1483 ι
1289 1431 1464 1489 Locus
1492 1447 1869 1503 perversorum
1898 1439 2032 1486 tem-

443 1525 646 1596 poralis
677 1524 801 1578 vita:
831 1523 1137 1578 delectatio.

520 1615 681 1673 Vens.
711 1616 803 1672 22.
828 1647 898 1660 -φ
926 1635 944 1666 ‹
973 1615 1040 1670 Et
1068 1616 1246 1670 mittet
1268 1629 1430 1686 super
1455 1631 1598 1671 eum.
1630 1635 1648 1668 ι
1681 1613 2031 1670 Peccatorem

2126 523 2289 576 quam
2315 509 2381 562 de
2403 507 2585 564 Iudaea
2620 511 2811 564 animae
2843 518 3075 574 sanctae,
3099 524 3218 578 qua:
3243 509 3520 565 cmlestem
3551 511 3733 564 vitam

2129 602 2410 664 ducerent,
2445 601 2732 656 defuerunt
2761 619 2773 655 :

2205 715 2221 745 ι
2255 693 2319 747 Ει
2342 693 2510 765 gleba:
2537 693 2697 748 illius.
2733 713 2750 743 ι
2777 692 2974 748 Glebas
2998 692 3130 748 dicit
3154 692 3505 748 collectiones
3533 693 3739 764 singu—

2127 786 2304 841 lorum
2333 786 2604 851 ordinum,
2637 793 2766 851 etc.,
2807 801 2969 855 usque
2993 790 3059 839 ad
3099 783 3205 840 Sed
3234 801 3332 841 cur
3360 787 3508 842 bona
3530 787 3738 856 perdi-

2131 881 2230 944 dit,
2263 879 2508 948 sequitur
2536 896 2548 930 :

2206 973 2364 1028 Vens.
2397 973 2451 1028 7.
2477 1004 2551 1014 —-—
2584 991 2602 1023 ‹
2641 973 2900 1027 Semitam
2938 971 3224 1043 ignoravit.
3255 991 3274 1024 ι
3311 972 3420 1027 Hoc
3451 971 3583 1028 loco
3615 972 3742 1026 avis

2129 1070 2348 1126 nomine
2394 1068 2483 1124 ille
2533 1067 2812 1139 signatur,
2851 1075 2992 1132 etc.,
3044 1083 3209 1137 usque
3256 1066 3323 1119 ad
3372 1065 3742 1120 considerare

2130 1161 2323 1218 noluit.

2207 1272 2226 1303 ‹
2265 1250 2375 1306 Nec
2427 1251 2656 1306 intuitus
2705 1258 2790 1306 est
2835 1248 3044 1306 oculus.
3087 1269 3104 1300 ι
3147 1249 3484 1318 Redemptor
3538 1255 3742 1302 noster

2133 1342 2382 1404 vulturis,
2415 1352 2544 1405 etc.,
2570 1357 2731 1410 usque
2760 1340 2828 1393 ad
2861 1340 2925 1393 de
2961 1339 3156 1408 quibus
3187 1339 3472 1393 subditur:

2207 1433 2371 1487 Vens.
2401 1431 2453 1486 8.
2483 1462 2556 1472 —
2589 1451 2608 1481 ε
2645 1431 2761 1485 Νοη
2805 1431 3151 1486 calcaverunt
3199 1445 3318 1484 eam
3366 1429 3462 1483 ﬁlii
3513 1429 3742 1484 instito—

2134 1541 2271 1580 rum.
2314 1544 2332 1575 ι
2367 1523 2650 1578 lnstitores
2691 1531 2818 1578 sunt
2849 1523 2939 1591 qui
2988 1521 3271 1590 spirituale
3313 1521 3596 1590 negotium
3649 1536 3745 1590 ge-

2133 1624 2282 1680 runt,
2313 1623 2444 1680 etc.,
2476 1631 2638 1686 usque
2687 1614 2756 1668 ad
2803 1614 3112 1670 institorum
3157 1613 3338 1677 ﬁlios,
3381 1621 3646 1681 pastores
3691 1621 3750 1666 et

446 1707 587 1763 Deus
635 1709 849 1778 quoties
900 1707 1144 1763 feriendo
1189 1709 1446 1779 corrigit,
1499 1709 1565 1762 ad
1615 1709 1718 1764 hoc
1763 1707 2031 1779 ﬂagellum
2065 1775 2100 1779 Α
2137 1709 2408 1764 doctores.

447 1775 669 1864 emittit,
703 1806 762 1853 ut
796 1808 1003 1867 parcat.
1037 1797 1171 1853 Cum
1211 1775 1484 1867 vero‘ejus
1509 1800 1676 1854 vitam
1715 1799 1767 1854 in
1804 1775 2028 1870 peccato
2060 1775 2110 1836 Β

445 1898 852 1960 permanentem
893 1889 1134 1948 feriendo
1162 1873 1463 1957 concludit,
1502 1891 1768 1964 ﬂagellum
1798 1892 2029 1958 emittit,

447 1983 542 2039 sed
573 1998 916 2054 nequaquam
947 1985 1138 2053 parcit.

530 2093 547 2125 ι
577 2074 654 2129 De
695 2091 856 2130 manu
894 2075 1030 2143 ejus.
1076 2097 1092 2128 ι
1126 2075 1260 2144 Quia
1293 2093 1484 2133 manus
1510 2079 1753 2148 Operatio
1782 2079 2035 2149 intelligi-

449 2173 559 2230 tur,
581 2165 649 2220 de
669 2181 828 2221 manu
853 2168 1095 2236 percussi
1125 2167 1280 2238 fugit,
1307 2169 1398 2238 qui
1426 2169 1553 2224 dum
1579 2171 1729 2240 pravi
1753 2171 2035 2227 interitum

448 2257 733 2326 conspicit,
757 2257 870 2314 vias
896 2259 1178 2328 pravitatis
1205 2260 1481 2330 relinquit,
1508 2263 1650 2317 unde
1675 2265 1923 2332 sequitur
1948 2283 1960 2317 :

521 2346 683 2402 Vens.
716 2349 808 2404 25.
837 2379 907 2389 —
937 2368 954 2400 ‹
985 2348 1226 2419 Stringet
1253 2367 1416 2422 super
1435 2367 1581 2407 eum.
1607 2374 1626 2405 ι
1659 2353 1849 2410 Manus
1874 2356 2040 2411 strin-

450 2454 603 2511 gere,
630 2449 714 2496 est
749 2441 872 2498 vitae
908 2458 1070 2513 opera
1119 2445 1172 2498 in
1219 2445 1543 2503 rectitudine
1581 2449 1934 2517 conﬁrmare,
1980 2451 2038 2506 in

449 2529 622 2586 aliena
658 2546 818 2602 ptena
842 2535 1222 2605 eonspiciendo
1245 2538 1374 2606 quid
1404 2539 1611 2595 timeat.

984 2669 1210 2726 CAPUT
1249 2671 1485 2728 XXVIII.

522 2796 686 2854 Vens.
727 2799 781 2854 i.
821 2830 892 2840 —
930 2820 948 2853 ι
983 2801 1154 2857 liabet
1196 2811 1479 2874 argentum
1515 2821 1775 2862 venarum
1818 2821 2039 2862 suarum

452 2889 734 2960 principia.
765 2909 783 2942 ι
815 2889 1032 2962 mneo.)
1055 2892 1346 2962 Postquam
1384 2897 1684 2964 potentium
1705 2911 1896 2966 poenas
1937 2913 2033 2953 su-

451 2981 759 3051 perborum,
784 2990 918 3048 etc.,
935 2999 1095 3054 usque
1117 2984 1186 3038 ad
1206 2993 1266 3040 ut
1290 2987 1435 3042 nulla
1467 3003 1745 3046 sacrorum
1775 2988 2038 3044 librorum

453 3073 779 3154 apctoritate
817 3075 1131 3130 solidentur.

2214 1819 2232 1850 ι
2272 1799 2382 1854 Nec
2409 1797 2758 1868 pertransivit
2779 1812 3006 1868 peream
3034 1796 3222 1851 leaena.
3258 1815 3278 1848 ι
3315 1795 3512 1850 chena
3535 1795 3748 1852 dicitur

2137 1892 2404 1955 Ecclesia,
2433 1891 2558 1960 quia
2606 1890 2745 1944 male
2774 1891 3011 1944 viventes
3058 1888 3112 1942 in
3150 1887 3300 1942 vitiis
3323 1903 3420 1942 ore
3466 1889 3750 1958 praedica-

2137 1984 2300 2040 tionis
2326 1991 2527 2038 sanctae
2549 1983 2827 2048 interﬁcit,
2853 1981 2996 2036 unde
3021 1981 3184 2036 Petro
3206 1981 3404 2036 dicitur
3429 1999 3442 2033 :
3473 1980 3667 2034 Macra
3699 1989 3749 2033 et

2138 2075 2419 2131 manduca.
2456 2074 2698 2130 Ecclesia
2741 2075 2921 2142 itaque
2958 2088 3056 2142 per
3085 2071 3330 2128 Iudaeam
3361 2071 3606 2132 thusiit,
3647 2069 3751 2124 sed

2139 2183 2246 2222 non
2273 2168 2632 2238 pertransiit:
2659 2167 2783 2236 quia
2808 2181 2873 2220 ex
2905 2165 3222 2236 illapaucos
3243 2163 3311 2218 ad
3341 2162 3500 2218 ﬁdem
3532 2162 3750 2231 rapuit,

2139 2259 2234 2314 sed
2285 2266 2464 2313 tamen
2513 2256 2782 2312 inﬁdelem
2827 2254 3084 2326 p0pulum
3129 2270 3160 2307 a
3209 2253 3438 2324 perﬁdia
3485 2252 3752 2306 funditus

2141 2366 2246 2407 non
2277 2349 2560 2406 exstinxit.
2590 2346 2695 2404 Sed
2724 2363 2754 2402 a
2786 2345 2984 2402 Judacis
3010 2344 3247 2415 repulsa,
3268 2344 3399 2413 quid
3427 2343 3593 2398 fecit?

2213 2443 2373 2498 Vens.
2407 2441 2460 2496 9.
2491 2471 2561 2480 —
2588 2457 2606 2490 ‹
2643 2438 2724 2493 Ad
2757 2439 2965 2494 silicem
2987 2438 3229 2492 extendit
3257 2451 3475 2490 manum
3507 2449 3700 2491 suam.
3725 2456 3746 2488 ι

2143 2533 2279 2601 Quia
2307 2532 2376 2586 ad
2405 2531 2665 2586 duritiam
2687 2530 2928 2601 gentium
2951 2528 3232 2584 brachium
3258 2543 3368 2583 sua:
3393 2527 3753 2598 praedicatio-

2143 2623 2229 2679 nis
2260 2622 2424 2676 misit.

2221 2732 2238 2762 ‹
2270 2711 2548 2767 Subvertit
2571 2726 2602 2766 a
2629 2711 2901 2767 radicibus
2931 2717 3159 2766 montes.
3195 2730 3214 2761 ι
3245 2707 3500 2775 Radices,
3533 2707 3754 2779 cogita—

2147 2805 2320 2860 tiones
2345 2804 2550 2859 intima:
2572 2803 2926 2875 superborum
2964 2821 2976 2856 :
3010 2809 3221 2858 montes
3249 2817 3281 2855 a
3309 2801 3590 2856 radicibus
3613 2811 3752 2856 sunt

2144 2900 2341 2964 eversi,
2373 2900 2498 2970 quia
2530 2900 2712 2955 saeculi
2741 2905 3036 2969 potestates
3065 2897 3132 2952 ad
3153 2896 3441 2953 colendum
3470 2896 3645 2953 Deum
3671 2897 3750 2951 ab

2149 2993 2344 3050 intima
2372 2994 2698 3063 cogitatione
2721 2993 3055 3048 ceciderunt.

2217 3088 2382 3143 Vens.
2415 3088 2591 3142 iO.--.
2621 3107 2638 3138 ‹
2676 3077 2734 3142 In
2760 3087 2928 3157 petris
2952 3085 3100 3140 rivos
3121 3084 3344 3149 excidit,
3377 3104 3396 3139 ι
3416 3092 3523 3140 etc.
3544 3082 3749 3156 (Ιιήά.)

531 3184 549 3217 ι
589 3165 658 3220 Et
701 3181 834 3222 auro
876 3167 1024 3222 locus
1070 3176 1171 3224 est.
1212 3189 1232 3223 ι
1280 3169 1396 3227 Hoc
1443 3171 1561 3228 loco
1603 3172 1860 3240 haeritici,
1905 3183 2036 3240 etc.,
2069 3138 2114 3203 Ο
2147 3179 2202 3235 id
2233 3188 2315 3234 est
2345 3180 2400 3234 in
2438 3181 2590 3235 duris
2623 3138 2865 3248 gentirum
2894 3177 3148 3233 cordibus
3177 3175 3371 3233 ﬂuvios
3395 3138 3752 3246 praedicatio;-

453 3274 616 3330 usque
641 3259 710 3314 ad
733 3260 885 3330 prius
913 3261 1001 3316 hic
1029 3264 1226 3318 arserit
1249 3265 1303 3320 in
1330 3265 1542 3322 oﬂicina
1569 3269 1871 3324 cbaritatis.

527 3350 687 3405 Vens.
726 3349 780 3404 2.
816 3382 886 3392 —
927 3371 946 3403 ε
974 3351 1201 3408 Ferrum
1241 3356 1306 3409 de
1354 3365 1496 3410 terra
1537 3357 1758 3414 tollitur.
1793 3379 1813 3412 ι
1855 3358 2043 3416 Solent

453 3439 694 3496 limretici
723 3441 790 3496 de
812 3441 1020 3512 justitia
1053 3443 1308 3512 gloriari,
1339 3454 1397 3502 et
1435 3448 1731 3506 catholicos
1745 3448 1909 3505 fuisse
1933 3451 2039 3505 ini-

453 3548 590 3602 quos
617 3534 993 3590 criminantur.
1025 3536 1225 3594 Contra
1255 3555 1391 3609 quos
1415 3557 1514 3611 per
1542 3541 1800 3598 humilem
1829 3542 2041 3600 confes-

453 3625 660 3681 sionem
691 3628 928 3684 dicitur:
965 3649 984 3682 ι
1023 3629 1248 3686 Ferrum
1287 3634 1354 3688 de
1393 3643 1534 3690 terra
1577 3637 1800 3692 tollitur.
1839 3657 1858 3691 ι
1903 3638 2041 3705 Quia

454 3714 707 3772 fortiores
719 3718 840 3782 viri,
859 3735 888 3773 a
903 3728 1136 3787 terrena,
1155 3739 1316 3793 quam
1339 3727 1488 3794 prius
1511 3737 1813 3796 tenuerunt,
1828 3732 2042 3788 actione

455 3816 795 3875 separantur,
817 3817 874 3864 et
897 3824 1323 3884 propugnatores
1349 3815 1607 3875 Ecclesiae
1634 3821 1788 3876 ﬁunt.

530 3920 549 3952 ι
583 3903 652 3956 Et
689 3903 826 3974 lapis
863 3907 1090 3966 solutus.
1129 3929 1148 3962 ι
1191 3909 1327 3976 Quia
1352 3927 1449 3967 cor
1473 3914 1690 3982 durum,
1717 3925 1848 3982 etc.,
1879 3934 2042 3988 usque

456 3993 524 4050 ad
551 4002 605 4048 et
631 4009 728 4063 per
751 3998 1191 4066 praedicationem
1217 4018 1446 4060 sonorus
1473 4007 1584 4060 ﬁat.

529 4085 692 4140 Vens.
725 4086 777 4140 5.
807 4115 876 4134 -.-
909 4106 928 4140 ι
953 4087 1186 4160 Tempus
1219 4093 1400 4162 posuit
1432 4097 1692 4153 tenebris.
1718 4119 1738 4152 ι
1769 4099 1945 4171 Iniqui
1968 4101 2044 4156 vi-

457 4171 653 4229 delicet
686 4175 926 4244 modum,
953 4194 1062 4249 quo
1091 4180 1261 4251 iniqui
1291 4198 1412 4239 esse
1442 4186 1722 4242 desistant.

517 4285 549 4364 ,ε
584 4264 653 4320 Et
685 4267 1080 4328 universorum.
1117 4293 1136 4326 ι
1173 4275 1308 4341 Quia
1337 4277 1579 4333 intuetur
1612 4279 1904 4338 electorum
1935 4293 2043 4339 ter-

459 4363 693 4422 minum,
731 4364 858 4424 etc.,
899 4376 1064 4433 usque
1102 4363 1172 4419 ad
1211 4366 1354 4434 quod
1389 4369 1665 4425 obdurata:
1703 4372 1942 4442 perﬁdia:
1981 4391 2042 4431 se

459 4448 696 4504 tenebris
723 4461 974 4508 caecaret.

534 4557 554 4590 ε
589 4537 843 4610 Lapidem
871 4558 1090 4615 quoque
1117 4547 1386 4619 caliginis.
1419 4571 1438 4604 ι
1473 4553 1705 4624 Populus
1729 4557 2038 4616 Judaaorum

457 4631 683 4702 perﬁdia
711 4633 908 4703 durus,
939 4647 1070 4706 etc.,
1111 4658 1272 4713 usque
1306 4644 1376 4697 ad
1413 4645 1530 4716 ejus
1564 4647 1618 4702 in
1653 4662 1712 4704 se
1748 4651 2038 4724 imaginem

457 4727 746 4796 expressit.

530 4817 693 4876 Vens.
721 4821 777 4877 4.
813 4851 887 4864 -
909 4841 930 4874 ι
963 4823 1174 4882 Dividet
1215 4835 1428 4886 torrens
1465 4847 1496 4886 a
1534 4834 1750 4904 populo.
1791 4855 1810 4888 ι
1844 4835 2033 4908 (Ιὺἱά.)

460 4913 740 4972 Torrentis
786 4925 967 4973 autem
1013 4921 1260 4987 nomine,
1312 4932 1454 4991 etc.,
1493 4943 1653 4997 usque
1699 4928 1768 4981 ad
1817 4929 2034 4986 nomine

459 5007 716 5064 torrentis
754 5016 934 5078 potest
983 5010 1225 5082 irrigatio
1269 5024 1471 5072 sancta)
1509 5016 1907 5088 praedicationis
1949 5020 2028 5074 in-

460 5099 643 5172 telligi.

2147 3273 2232 3328 nis
2259 3273 2487 3343 aperuit.

2221 3383 2239 3415 ι
2275 3364 2341 3417 Et
2382 3377 2542 3418 omne
2590 3363 2886 3432 pretiosum
2937 3363 3072 3417 vidit
3115 3360 3306 3417 oculus
3346 3360 3485 3429 ejus.
3531 3378 3550 3410 ι
3593 3359 3748 3415 Vidit

2144 3454 2289 3509 Deus
2327 3454 2622 3523 pretiosum
2643 3494 2658 3519 ,
2685 3469 2809 3509 cum
2846 3454 3140 3510 humanam
3187 3453 3424 3510 animam
3453 3452 3525 3506 de
3553 3466 3618 3506 se
3643 3452 3746 3504 ab-

2137 3544 2337 3616 jectam
2368 3545 2645 3616 sapientiae
2674 3547 2860 3618 gratia:
2889 3563 3000 3602 suae
3030 3546 3390 3602 illustratione
3418 3546 3682 3614 respexit.

2214 3637 2380 3692 Vens.
2411 3639 2496 3692 ii.
2521 3669 2590 3678 —
2621 3658 2638 3688 ι
2672 3637 2946 3694 Profunda
2985 3653 3219 3708 quoque.
3269 3658 3290 3689 ι
3328 3636 3602 3692 Profunda
3643 3637 3745 3691 llu-

2142 3728 2354 3783 viorum
2400 3737 2678 3783 scrutatur
2709 3728 2986 3794 Dominus,
3017 3739 3148 3794 etc.,
3178 3745 3340 3800 usque
3370 3729 3439 3782 ad
3479 3738 3533 3782 et
3586 3729 3743 3785 nullo

2145 3822 2340 3878 merito
2374 3830 2560 3877 nostro
2591 3823 2855 3892 sapientia
2885 3824 2978 3878 Dei
3006 3823 3156 3880 venit
3187 3825 3255 3879 ad
3285 3839 3402 3879 nos.

2214 3911 2380 3966 Vens.
2415 3913 2500 3967 i5.
2529 3945 2599 3954 —
2636 3933 2653 3965 ‹
2689 3914 2800 3970 Nec
2831 3915 3104 3970 invenitur
3135 3916 3188 3970 in
3217 3925 3381 3970 terra.
3421 3935 3440 3968 I
3477 3915 3736 3980 Terram,

2143 4004 2434 4068 humanam
2463 4005 2700 4058 animam
2730 4006 2884 4062 dicit.
2913 4006 3038 4062 Haec
3065 4006 3333 4077 sapientia
3358 4007 3411 4061 in
3434 4013 3581 4062 terra
3609 4023 3742 4062 sua-

2142 4095 2282 4152 viter
2309 4095 2600 4152 viventium
2643 4098 2868 4154 inveniri
2913 4115 3018 4154 non
3068 4109 3278 4170 potest,
3310 4101 3437 4170 quia
3486 4102 3741 4171 quisquis

2144 4189 2319 4244 adhuc
2359 4188 2516 4258 hujus
2557 4191 2680 4245 vitm
2717 4192 3080 4262 voluptatibus
3115 4192 3376 4260 pascitur,
3416 4192 3483 4247 ab
3514 4203 3740 4248 aeternae

2143 4282 2422 4350 sapientiae
2452 4282 2724 4338 intellectu
2753 4293 3054 4354 separatur.

2214 4373 2379 4432 Vens.
2413 4375 2497 4429 M.
2536 4394 2555 4427 ι
2590 4376 2832 4447 Abyssus
2869 4377 3018 4432 dicit.
3061 4396 3079 4429 ι
3114 4376 3358 4448 Abyssus
3386 4377 3522 4433 dicit
3563 4381 3738 4434 corda

2063 4505 2114 4564 ι)
2142 4469 2444 4533 hominum,
2476 4478 2607 4535 etc.,
2655 4486 2816 4540 usque
2864 4470 2932 4524 ad
2983 4485 3102 4539 quae
3151 4470 3318 4526 stulta
3365 4471 3506 4541 apud
3559 4472 3738 4527 Deum

2147 4562 2295 4628 dicit,
2329 4562 2528 4632 iniquis
2557 4563 2830 4633 operibus.

2223 4676 2241 4709 ε
2271 4656 2418 4711 Mare
2439 4656 2677 4726 loquitur
2700 4675 2713 4712 :
2739 4672 2868 4719 non,
2899 4676 2917 4710 ι
2945 4656 3308 4726 inquietorum
3335 4663 3566 4718 mentes,
3595 4665 3733 4720 etc.,

2145 4765 2307 4821 usque
2327 4749 2396 4802 ad
2425 4749 2518 4804 sed
2547 4765 2645 4818 per
2675 4749 3016 4820 semetipsam
3045 4748 3275 4803 veniret.
3307 4747 3564 4817 Sequitur
3595 4766 3612 4801 :

2215 4841 2383 4897 Vens.
2411 4840 2498 4895 15.
2523 4871 2598 4885 -
2635 4860 2654 4891 ‹
2697 4839 2812 4895 Νοη
2861 4839 3075 4894 dabitur
3116 4853 3307 4892 aurum
3346 4836 3592 4892 obrizum
3625 4851 3738 4906 pm

2143 4948 2226 4990 ea.
2275 4953 2292 4986 ι
2336 4933 2540 4987 Aurum
2579 4932 2821 4987 obrizum
2869 4931 3042 4987 sancti
3087 4930 3263 5002 angeli
3309 4937 3730 5000 nuncupantur,

2143 5035 2268 5090 etc.,
2294 5043 2456 5096 usque
2475 5027 2544 5080 ad
2571 5026 2662 5081 sed
2693 5040 2798 5080 non
2821 5023 2937 5080 sine
2960 5025 3210 5095 contagio
3237 5024 3425 5094 culpae.

2219 5136 2237 5167 ε
2258 5116 2367 5171 Nec
2386 5116 2720 5186 appendetur
2737 5125 3015 5186 argentum
3032 5116 3084 5170 in
3099 5116 3523 5171 commutatione
3543 5116 3686 5186 ejus.
3700 5134 3724 5166 ι

532 5211 554 5244 ι
586 5191 690 5249 Eos
711 5209 847 5264 quos
877 5196 1098 5264 oblitus,
1125 5218 1144 5252 ι
1173 5199 1226 5254 id
1249 5209 1332 5256 est
1361 5200 1594 5268 Iudaeos,
1622 5211 1752 5268 etc.,
1779 5221 1941 5275 usque
1965 5205 2035 5260 ad
2142 5204 2276 5273 Quia
2318 5207 2426 5260 vita
2460 5205 2728 5274 justorum
2768 5205 3174 5276 praedicandum
3195 5245 3209 5270 ,
3239 5206 3324 5260 vel
3368 5204 3580 5275 eloquia
3625 5205 3728 5259 Dei

457 5283 584 5354 quia
613 5286 791 5342 verbis
818 5289 944 5346 vitae
972 5292 1038 5346 ad
1064 5307 1160 5348 cor
1185 5293 1328 5348 viam
1354 5296 1595 5364 praebere
1618 5296 1924 5350 noluerunt.

530 5375 694 5431 Vens.
725 5377 775 5433 5.
809 5411 880 5420 —
913 5400 933 5433 ι
967 5382 1136 5438 Terra
1163 5384 1230 5440 de
1255 5401 1358 5456 qua
1395 5386 1688 5440 oriebatur.
1722 5404 1740 5436 ι
1774 5386 1910 5453 Quia
1939 5387 2035 5443 Ju-

2141 5301 2514 5364 scribentium,
2539 5299 2873 5369 quantalibet
2897 5299 3206 5356 sanctitatis
3226 5299 3346 5354 luce
3371 5297 3595 5369 polleat,
3627 5297 3728 5352 ad-

2141 5399 2357 5446 ventum
2388 5392 2540 5446 nobis
2567 5406 2813 5460 superna:
2833 5391 3111 5462 sapientiae
3147 5407 3244 5462 per
3282 5385 3436 5448 s'uam
3480 5403 3727 5460 prasen-

432 5466 575 5541 _dtea
611 5478 666 5524 et
702 5472 854 5540 prius
878 5473 1066 5530 habuit
1099 5475 1272 5548 legem
1322 5493 1441 5546 qum
1490 5478 1768 5544 reﬁceret,
1817 5489 1871 5535 et
1903 5490 2039 5550 ,post
2143 5483 2270 5537 tiam
2293 5499 2398 5538 non
2432 5484 2816 5538 communicat.

458 5558 590 5614 visis
629 5561 903 5620 miraculis
938 5565 1346 5637 Redemptoris,
1374 5569 1633 5624 invidiam
1662 5585 1781 5640 quae
1809 5588 2036 5628 concre-

462 5661 546 5703 ma
553 5657 654 5703 ret.

2210 5574 2375 5630 Vens.
2409 5576 2496 5630 16.
2524 5606 2594 5615 -
2627 5595 2645 5627 ι
2681 5575 2796 5630 Νοη
2828 5571 3141 5633 conferetur
3175 5579 3358 5632 tinctis
3386 5578 3548 5633 Indiae
3577 5579 3725 5631 colo-

2141 5667 2307 5722 ribus.
2343 5687 2360 5719 ι
2405 5667 2510 5722 Per
2555 5666 2762 5722 Indiam
2815 5669 2904 5724 hic
2952 5671 3184 5726 mundus
3233 5670 3536 5739 accipitur,
3587 5676 3720 5734 etc.,

530 5743 692 5802 Vens.
713 5744 767 5804 6.
795 5767 896 5802 -‹
926 5747 1106 5806 Locus
1126 5737 1367 5823 sapphiri
1392 5751 1598 5824 lapides
1625 5754 1762 5825 ejus.
1795 5776 1813 5811 ι
1845 5757 2035 5834 (Ιὺίά.)
2141 5775 2300 5830 usque
2335 5759 2406 5813 ad
2435 5766 2490 5815 et
2517 5759 2684 5815 vestis
2707 5758 2825 5814 sine
2854 5759 3113 5816 tinctura.
