3982 6352
250 335 355 392 8‘29

249 543 656 600 similitudinem
679 549 844 604 tenet,
873 542 1159 612 sapphirus
1181 557 1393 596 aeream
1425 544 1659 613 speciem
1692 561 1703 594 :
1734 558 1831 612 per

250 635 631 692 sardonichum
659 649 784 704 ergo
811 635 1077 699 homines,
1112 635 1193 689 vel
1215 646 1397 706 patres
1411 635 1622 692 Veteris
1644 639 1830 692 Testa-

249 727 416 782 menti
461 734 670 780 terrena
717 726 958 793 quaedam
1016 735 1314 791 sectantes;
1369 743 1464 797 per
1518 728 1827 797 sapphirum

249 819 380 875 Novi
404 817 733 873 Testamenti
760 818 1156 887 praedicatores,
1185 819 1422 874 etelestia
1453 820 1563 875 sola
1585 835 1827 889 quaeren-

248 923 354 970 tes.
384 911 466 965 vel
501 909 672 980 angeli
701 909 1059 978 accipiuntur.

317 1002 482 1058 Vens.
518 1003 604 1056 17.
637 1032 708 1042 -
737 1020 756 1053 ‹
793 1001 907 1057 Νοη
953 1004 1320 1072 εᾱωᾳυθὺίῐιη·
1346 1005 1394 1059 ei
1427 1019 1619 1058 aurum
1661 1003 1766 1057 vel.
1799 1022 1818 1056 ι

246 1093 462 1164 (Gnec.)
491 1093 782 1164 Postquam
830 1093 1034 1148 dictum
1085 1104 1207 1160 est,
1244 1101 1374 1160 etc.,
1405 1111 1564 1165 usque
1602 1095 1670 1148 ad
1696 1093 1822 1164 quia

243 1195 491 1242 creatura
524 1193 671 1239 sunt.

322 1301 340 1331 ι
369 1280 476 1335 Nec
503 1279 976 1334 commutabuntur
995 1295 1091 1349 pro
1118 1295 1182 1334 ea
1206 1295 1355 1334 vasa.
1384 1300 1402 1331 ι
1421 1281 1704 1335 Excelsum
1729 1296 1824 1337 vas

243 1375 381 1438 auri,
399 1382 527 1436 etc.,
546 1389 708 1442 usque
723 1373 791 1425 ad
807 1373 897 1426 sed
923 1373 1203 1425 Dominum
1225 1374 1608 1442 prophetarum
1627 1373 1819 1426 credit.

313 1463 476 1516 Vens.
509 1461 594 1515 18.
623 1492 692 1502 -
711 1480 732 1512 ι
755 1460 862 1514 Nec
887 1464 1451 1516 commemorabuntur
1467 1464 1518 1517 in
1541 1479 1824 1533 compara-

245 1557 405 1610 tione.
433 1575 450 1606 I
469 1554 607 1620 Quid
620 1554 763 1608 enim
778 1563 901 1607 sunt
921 1553 1166 1608 homines
1183 1555 1292 1608 Deo
1308 1557 1640 1625 comparati?
1656 1555 1817 1608 Nihil.

317 1665 336 1697 ‹
372 1645 627 1700 Trahitur
652 1653 826 1699 autem
849 1644 1131 1714 sapientia.
1170 1664 1188 1697 ›
1225 1645 1359 1710 Quia
1385 1661 1506 1700 cum
1531 1646 1600 1700 sit
1630 1645 1820 1700 invisi-

237 1738 384 1802 bilis,
415 1745 544 1801 etc.,
577 1753 738 1807 usque
763 1735 831 1790 ad
866 1754 884 1786 ι
920 1736 985 1790 Et
1010 1737 1187 1792 nescis
1217 1737 1358 1791 unde
1387 1737 1569 1791 veniat
1593 1745 1684 1791 aut
1713 1751 1820 1806 quo

241 1831 418 1883 vadat.
463 1848 482 1881 ι

309 1919 473 1974 Vens.
517 1919 602 1973 19.
631 1949 702 1960 -
743 1938 763 1970 ι
806 1918 922 1972 Non
970 1918 1343 1988 adaequabitur
1389 1919 1438 1975 ei
1489 1919 1752 1989 topazius.
1788 1939 1808 1972 ›

239 2010 343 2063 Pro
371 2025 436 2063 eo
475 2010 615 2077 quod
652 2010 799 2064 omni
826 2009 1006 2064 colore
1039 2009 1362 2079 resplendet,
1391 2019 1521 2076 etc.,
1551 2027 1713 2081 usque
1747 2011 1815 2065 ad

237 2102 380 2172 quod
407 2102 641 2156 ostendit
666 2102 791 2155 dum
816 2102 1000 2156 subdit
1023 2119 1035 2154 :

314 2214 331 2243 α
356 2192 462 2247 Nec
479 2193 722 2246 tinctura:
746 2193 1131 2248 mundissimae.
1154 2213 1172 2245 ι
1191 2192 1553 2248 Mundissimte
1569 2193 1818 2249 tinctum

238 2294 362 2340 sunt
387 2286 476 2354 qui
508 2284 780 2338 humiliter
824 2284 1134 2338 custodiunt
1161 2285 1630 2354 supervenientem
1667 2287 1720 2339 in
1757 2299 1818 2341 se

235 2377 493 2430 virtutum
524 2376 773 2445 gratiam.
805 2375 981 2430 Tincti
1012 2376 1155 2430 enim
1178 2392 1285 2432 non
1315 2385 1517 2444 essent,
1546 2377 1590 2432 si
1620 2377 1820 2432 sancti-

239 2474 402 2520 tatem
430 2465 748 2545 naturaliter
777 2466 1114 2520 habuissent.

306 2554 468 2610 Vens.
496 2556 585 2609 20.
623 2585 693 2595 -
719 2574 737 2604 ε
769 2555 920 2610 Unde
945 2570 1074 2626 ergo
1103 2557 1370 2627 sapientia
1403 2557 1588 2613 venit?
1625 2576 1643 2608 ι
1675 2557 1815 2625 Quia

235 2649 303 2702 ab
331 2647 583 2702 invisibili
617 2657 772 2717 patre
801 2648 1060 2714 nascitur,
1091 2657 1220 2714 etc.,
1251 2665 1414 2720 usque
1450 2649 1518 2703 ad
1550 2667 1570 2700 ¢
1604 2657 1659 2704 et
1695 2649 1818 2718 quis

233 2745 315 2792 est
337 2737 486 2792 locus
512 2737 913 2809 intelligentiae?
941 2760 959 2791 ι

305 2828 470 2883 Vens.
500 2830 589 2884 21.
619 2860 692 2870 -
723 2848 742 2880 ί
787 2831 1115 2885 Ahscondita
1164 2840 1266 2886 est.
1325 2850 1344 2882 ι
1395 2830 1532 2897 Quia
1579 2831 1819 2900 quandiu

230 2919 324 2976 hic
352 2920 570 2984 vivitur,
597 2920 764 2974 videri
789 2919 930 2974 Deus
955 2937 1050 2990 per
1073 2937 1182 2975 suae
1207 2929 1418 2976 natura:
1447 2923 1682 2990 speciem
1710 2938 1818 2976 non

229 3020 409 3081 potest
425 3029 438 3073 ;
455 3027 552 3080 per
567 3011 827 3079 imagines
849 3026 976 3064 vero
991 3012 1138 3065 visus
1155 3021 1238 3066 est
1251 3011 1402 3073 Mosi,
1421 3010 1588 3065 Jacob
1604 3022 1658 3066 et
1675 3013 1817 3068 aliis.

306 3121 325 3152 ι
358 3099 618 3154 Volucres
661 3114 875 3168 quoque
927 3100 1050 3154 caeli
1103 3100 1252 3154 latet.
1291 3120 1308 3149 ι
1348 3099 1554 3170 (Gneo.
1606 3102 1659 3154 in
1691 3100 1816 3154 Job.

225 3194 268 3248 l.
292 3193 436 3263 xix.)
458 3193 594 3259 Quia
616 3192 667 3246 in
689 3193 793 3247 hac
819 3207 983 3246 carne
1004 3193 1334 3262 corruptibili
1353 3194 1657 3258 constituti,
1680 3201 1812 3260 etc.,
1837 3161 1890 3245 ,Ο

231 3301 395 3355 usque
425 3285 492 3338 ad
529 3284 581 3337 in
609 3299 794 3338 eorum
841 3284 1000 3339 dictis
1043 3293 1205 3354 atque
1243 3285 1706 3340 consolationibus
1748 3287 1818 3342 ab

229 3377 393 3446 hujus
419 3375 541 3430 vita:
567 3374 883 3445 fatigatione
909 3376 1201 3446 respirant.

309 3465 470 3518 Vens.
501 3463 595 3518 22.
619 3493 689 3504 --
724 3481 742 3514 ι
781 3463 1019 3520 Perditio
1049 3475 1104 3519 et
1145 3479 1293 3520 mors
1342 3465 1614 3531 dixerunt,
1658 3484 1676 3517 ι
1707 3474 1813 3520 etc.

229 3555 422 3627 (ιὺὶιί.)
461 3555 596 3622 Quia
633 3557 815 3612 videre
857 3558 1056 3623 Deum,
1103 3559 1205 3612 hoc
1257 3566 1341 3612 est
1385 3559 1529 3628 quod
1572 3559 1810 3614 habere:

229 3646 353 3702 ideo
381 3646 546 3715 iniqui
579 3648 719 3704 hanc
745 3647 1065 3716 sapientiam
1095 3663 1202 3703 non
1226 3648 1431 3714 vident,
1462 3649 1588 3718 quia
1612 3650 1817 3719 repulsi

229 3755 330 3812 per
353 3741 657 3810 superbiam
677 3757 1016 3812 nequaquam
1043 3744 1243 3798 habere
1260 3752 1571 3813 potuerunt.
1591 3743 1818 3798 Famam

227 3819 410 3886 autem
447 3831 563 3901 ejus
607 3833 855 3900 audisse,
887 3841 972 3888 est
1004 3835 1118 3904 ejus
1155 3834 1454 3903 potentiam
1503 3847 1567 3888 ex
1614 3836 1817 3890 virtute

229 3923 570 3992 cognovisse.

305 4009 468 4068 Vens.
497 4013 587 4067 25.
615 4043 688 4054 -—-
713 4033 731 4066 ε
769 4015 910 4070 Deus
933 4015 1183 4086 intelligit
1211 4016 1373 4070 viam.
1415 4036 1434 4068 ›
1464 4017 1540 4071 Ac
1563 4017 1610 4072 si
1648 4017 1812 4086 dicat,

231 4115 360 4171 etc.,
403 4125 568 4178 usque
595 4108 663 4164 ad
693 4108 745 4163 in
778 4110 990 4164 cunctis
1031 4109 1213 4164 mundi
1243 4109 1489 4180 partibus
1517 4109 1814 4165 electorum

227 4197 410 4256 fuerat
437 4200 600 4254 corda
633 4200 920 4268 repletura.
955 4198 1242 4268 Sequitur:

301 4290 463 4346 Vens.
494 4291 582 4345 24.
616 4322 684 4330 -
711 4310 728 4342 ι
766 4290 883 4361 Ipse
916 4292 1059 4346 enim
1091 4292 1274 4346 mundi
1322 4291 1454 4346 lines
1491 4291 1750 4346 intuetur.
1789 4308 1807 4342 ι

225 4380 521 4451 Bespicere
547 4384 638 4438 Dei
666 4393 748 4438 est
777 4384 986 4452 perdita
1008 4385 1074 4438 ad
1101 4385 1328 4455 gratiam
1360 4385 1679 4442 reformare.

303 4474 466 4530 Vens.
623 4507 692 4516 —
726 4496 743 4528 ε
776 4476 876 4542 Qui
923 4476 1050 4531 fecit
1076 4479 1252 4532 ventis
1284 4479 1512 4547 pondus.
1547 4497 1564 4529 ι
1597 4477 1811 4532 Veloci-
1836 4513 1891 4574 Β

231 4575 343 4621 tate
364 4575 418 4621 et
446 4567 772 4622 sublimitate
801 4575 1082 4622 ventorum
1103 4608 1117 4632 ,
1146 4576 1278 4634 etc.,
1305 4586 1465 4634 usque
1492 4570 1558 4622 ad
1583 4568 1806 4638 gloriam

227 4658 488 4728 permista
520 4659 832 4714 infirmitate
861 4669 1180 4728 temperare.

307 4767 326 4800 ι
370 4749 439 4804 Et
479 4765 646 4820 aquas
686 4750 971 4820 appendit,
1013 4770 1031 4801 ι
1076 4758 1180 4805 etc.
1230 4748 1420 4820 (Ibid.)
1460 4750 1640 4818 Aquas
1680 4751 1810 4806 dicit

229 4849 442 4895 mentes
467 4839 670 4910 Spiritu
695 4850 882 4894 sancto
899 4882 913 4904 ,
940 4849 1070 4905 etc.,
1100 4856 1258 4910 usque
1283 4841 1352 4894 ad
1394 4841 1486 4895 sed
1524 4841 1805 4896 mulierem

227 4930 385 5003 fugit,
417 4933 609 4988 timore
637 4933 938 5004 perculsus.

303 5025 462 5080 Vens.
500 5025 591 5080 26.
621 5056 692 5065 —-
721 5044 740 5077 ι
786 5025 1010 5093 Quando
1048 5027 1277 5096 ponebat
1319 5027 1516 5097 pluviis
1556 5027 1747 5097 legem.
1787 5047 1805 5080 ›

227 5115 437 5181 Pluvia,
471 5117 880 5186 praedicandum
913 5119 1076 5182 dicta,
1108 5129 1242 5185 etc.,
1274 5137 1435 5188 usque
1465 5121 1534 5174 ad
1565 5136 1684 5192 quae
1711 5122 1814 5178 hoc

229 5207 372 5274 quod
404 5209 604 5273 sonuit,
633 5225 798 5277 opere
828 5218 1131 5264 conservat.

311 5300 469 5354 Vens.
491 5301 580 5354 27.
605 5332 673 5341 —
703 5320 721 5352 ι
757 5302 907 5358 Tunc
951 5303 1087 5357 vidit
1130 5303 1275 5357 illam
1297 5345 1311 5367 ,
1359 5312 1412 5360 et
1458 5307 1753 5361 enarravit.
1787 5326 1806 5358 ι

227 5388 381 5446 Hanc
405 5392 736 5450 incarnatam
762 5395 1084 5464 sapientiam
1106 5395 1260 5461 vidit,
1291 5396 1342 5449 id
1363 5405 1445 5451 est
1467 5397 1634 5451 videri
1661 5397 1808 5464 fecit,

224 5491 286 5537 et
321 5484 590 5549 enarrari,
623 5500 653 5538 a
683 5486 1129 5554 praedicatoribus
1156 5486 1469 5554 prmparari,
1503 5494 1557 5539 et
1585 5488 1808 5543 investi-

230 5574 348 5645 gari
370 5575 438 5629 ab
455 5576 789 5631 auditoribus
811 5575 958 5630 fecit.
991 5576 1102 5630 Sibi
1131 5576 1327 5645 quippe
1350 5575 1494 5628 illam
1521 5587 1808 5646 przeparat,

229 5666 478 5736 quisquis
509 5667 656 5722 illam
685 5669 821 5724 bene
849 5668 1073 5724 vivendo
1101 5669 1153 5721 in
1184 5667 1270 5722 die
1292 5667 1478 5737 judicii
1522 5668 1808 5737 propitiam

228 5755 433 5817 habere
457 5759 685 5816 curavit.

1303 335 1567 390 GLOSSA
1607 336 1999 392 OBDINARIA.
2042 368 2108 376 —
2149 337 2275 392 LIB.
2315 339 2448 395 JOB.

328 470 346 501 α
369 448 478 504 Nec
491 448 654 518 lapidi
673 447 1011 503 sardonicho.
1039 467 1054 497 ι
1085 447 1447 504 Sardonichus
1471 458 1627 504 terrae
1648 451 1822 504 rubrm
1851 454 1896 512 Α

1840 1807 1890 1867 Β

3399 352 3504 407 830

2000 471 2017 501 ‹
2059 452 2198 506 Vidit
2230 453 2403 519 illam,
2440 474 2460 506 ι
2495 462 2597 508 etc.
2631 455 2809 522 Vidit,
2839 455 2965 525 quia
3007 460 3213 528 species
3244 471 3346 531 est,
3367 473 3497 532 etc.,

1929 559 2087 612 usque
2115 545 2183 598 ad
2208 546 2350 614 quod
2386 545 2452 601 de
2488 545 2574 599 illa
2601 546 2761 602 homo
2784 558 3137 618 cognosceret
3164 554 3217 607 in
3247 569 3329 621 se,
3358 557 3501 614 unde

1928 639 2177 693 subditur
2214 659 2244 694 :-

1995 729 2160 783 Vens.
2189 729 2280 785 28.
2308 760 2379 770 —
2411 749 2430 781 ‹
2466 731 2533 785 Et
2565 732 2699 786 dixit
2732 733 2958 801 homini,
3013 755 3031 786 ι
3075 743 3180 808 etc.
3223 736 3358 803 Quia
3403 755 3500 795 na-

1928 829 2102 874 turam
2137 821 2414 891 sapientia:
2443 832 2725 892 penetrare
2765 840 2869 878 non
2917 840 3201 894 possumus
3252 829 3380 897 quid
3427 829 3498 884 sit

1926 915 1978 968 in
2027 931 2084 969 se
2114 933 2126 968 :
2153 931 2217 969 ex
2262 917 2716 971 condescensione
2741 915 2835 972 Dei
2862 918 3163 973 audivimus
3188 919 3315 988 quid
3343 921 3413 975 sit
3442 921 3494 976 in

1925 1006 2096 1060 nobis.
2137 1005 2375 1076 Namque
2405 1009 2543 1062 hanc
2586 1007 2786 1062 habere
2829 1017 3036 1063 certum
3083 1019 3184 1075 est,
3229 1025 3388 1082 quem
3417 1012 3491 1066 ti-

1922 1111 2070 1150 mere
2098 1097 2265 1152 Deum
2291 1099 2552 1154 incertum
2587 1114 2691 1153 non
2722 1107 2822 1154 est.

1999 1204 2017 1236 ι
2048 1187 2190 1242 Ecce
2231 1189 2392 1242 timor
2431 1189 2641 1243 Domini
2675 1191 2808 1260 ipsa,
2848 1210 2866 1242 ›
2897 1200 3025 1257 etc.,
3073 1195 3222 1262 quasi
3251 1195 3456 1250 diceret
3487 1233 3490 1236 ~

1924 1277 1980 1333 Si
2031 1280 2195 1334 Deum
2241 1282 2430 1346 times,
2468 1290 2683 1337 constat
2730 1283 2854 1353 quia
2892 1285 3152 1354 sapientia
3193 1285 3382 1356 plenus
3434 1302 3490 1342 e9

1923 1384 2041 1437 quae
2067 1371 2204 1439 apud
2239 1372 2507 1426 hominem
2537 1373 2698 1427 timor
2719 1373 2928 1428 Domini
2959 1386 3199 1430 vocatur.
3235 1376 3339 1432 Sed
3368 1378 3488 1447 quia

1924 1459 2010 1514 ille
2037 1476 2160 1515 vere
2180 1463 2288 1515 vim
2311 1462 2477 1516 divini
2505 1464 2714 1518 timoris
2739 1465 3005 1535 intelligit,
3030 1466 3120 1536 qui
3151 1483 3208 1522 se
3230 1467 3298 1522 ab
3322 1468 3498 1522 omni-

1922 1550 2024 1604 bus
2049 1552 2229 1620 pravis
2257 1554 2507 1621 Operibus
2532 1557 2796 1621 custodit,
2825 1557 3007 1612 subdit
3031 1577 3042 1611 :
3083 1576 3101 1610 t
3139 1559 3204 1613 Et
3245 1560 3496 1615 recedere

1922 1657 1953 1696 a
1979 1643 2123 1698 malo
2156 1645 2535 1716 intelligentia.
2567 1667 2586 1699 ι

2489 1774 2714 1832 CAPUT
2754 1777 2945 1832 XXIX.

1990 1909 2155 1964 Vens.
2189 1910 2240 1964 1.
2269 1941 2341 1952 -
2370 1930 2389 1961 ι
2420 1912 2643 1967 Addidit
2683 1928 2896 1983 quoque
2943 1912 3077 1979 Job,
3121 1932 3140 1966 ι
3170 1921 3276 1969 etc.
3303 1911 3492 1984 (Ibid.)

1919 2003 1975 2058 ln
2008 2005 2109 2060 hoc
2133 2006 2322 2060 ultimo
2351 2023 2618 2071 sermone,
2653 2017 2782 2072 etc.,
2812 2025 2974 2077 usque
2995 2009 3064 2061 ad
3086 2017 3147 2062 ut
3172 2009 3287 2063 haec
3309 2017 3494 2061 nostra

1920 2097 2115 2150 misera
2145 2107 2384 2168 tempora
2411 2114 2530 2152 cum
2558 2100 2788 2169 suspirio
2810 2099 3097 2164 desideret,
3121 2101 3263 2153 unde
3291 2098 3419 2152 dicit
3443 2117 3455 2152 :

1992 2185 2156 2241 Vens.
2188 2188 2241 2240 2.
2267 2217 2339 2227 —
2374 2207 2392 2238 ‹
2426 2187 2557 2253 Quis
2597 2189 2727 2243 mihi
2782 2190 3016 2253 tribuat,
3061 2197 3120 2242 ut
3163 2189 3294 2254 sim,
3336 2208 3354 2240 ι
3386 2197 3490 2243 etc.

1921 2278 2170 2332 Statutus
2215 2279 2422 2333 dierum
2471 2295 2727 2334 numerus
2773 2295 2986 2334 menses
3033 2288 3312 2344 vocantur,
3361 2288 3490 2345 etc.,

1920 2383 2084 2438 usque
2113 2369 2180 2421 ad
2206 2370 2423 2438 quando
2447 2369 2552 2423 erit;
2579 2383 2733 2425 error
2760 2378 2983 2439 apertus
3009 2369 3098 2438 qui
3127 2369 3286 2424 modo
3316 2369 3495 2424 occul-

1926 2470 2010 2514 1118
2035 2470 2136 2514 CSl.
2443 2531 2446 2534 .

1999 2573 2016 2604 ι
2055 2554 2265 2609 Menses
2316 2555 2595 2624 pristinos.
2653 2573 2672 2606 ι
2726 2549 2882 2618 Dies,’
2913 2569 3035 2608 cum
3060 2551 3404 2626 colliguntur,
3439 2551 3494 2605 in

1922 2646 2199 2700 mensibus
2241 2646 2663 2711 subtrahuntur;
2689 2646 2812 2716 quia
2855 2645 3095 2700 Ecclesia
3115 2686 3128 2710 ,
3157 2645 3283 2699 dum
3313 2644 3498 2699 lucen-

1923 2745 2004 2793 tes
2033 2739 2239 2792 animas
2267 2739 2488 2808 colligit,
2527 2739 2581 2792 in
2615 2739 2818 2792 intimis
2860 2737 3158 2793 abscondit.
3189 2737 3307 2802 Vel,
3339 2751 3494 2791 men-

1921 2831 2016 2896 sis,
2045 2847 2143 2901 pro
2171 2831 2501 2900 perfectione
2529 2831 2778 2901 ponitur,
2811 2846 2929 2900 qua:
2966 2830 3070 2886 erit
3093 2830 3174 2884 eis
3203 2829 3257 2884 in
3283 2829 3491 2898 requie,

1921 2924 2116 2992 quibus
2151 2941 2293 2980 nunc
2321 2934 2404 2979 est
2435 2926 2488 2978 in
2516 2924 2848 2994 operatione,
2900 2923 3052 2993 cujus
3090 2937 3232 2977 nunc
3275 2919 3496 2976 remini-

1924 3013 2096 3066 scitur
2129 3015 2390 3069 Ecclesia.

2001 3124 2018 3155 ‹
2051 3104 2356 3160 Secundum
2403 3106 2537 3171 dies,
2574 3125 2593 3157 i
2623 3113 2726 3160 etc.
2757 3105 2892 3172 Quia
2921 3119 2978 3160 se
3008 3113 3135 3160 tunc
3163 3105 3215 3158 in
3243 3103 3498 3159 deiicien-

1925 3193 2068 3248 tibus
2093 3211 2158 3248 ex
2183 3195 2555 3264 persecutione
2582 3195 2870 3250 asstimabit
2896 3196 3108 3261 cadere,
3127 3211 3248 3265 qum
3275 3211 3333 3250 se
3354 3184 3496 3250 nunc

1923 3282 1976 3337 in
2007 3284 2124 3339 istis
2153 3286 2372 3355 respicit
2400 3285 2679 3340 custodiri.

1995 3375 2157 3430 Vens.
2187 3377 2242 3430 5.
2267 3407 2337 3416 —
2365 3395 2384 3428 ι
2421 3376 2646 3442 Quando
2689 3376 3000 3446 Splendebat
3044 3376 3262 3432 lucerna
3282 3417 3296 3442 ,
3335 3395 3353 3430 ι
3385 3385 3494 3432 etc.

1921 3466 2164 3523 Lucerna
2193 3469 2372 3524 lumen
2397 3483 2565 3522 sacrae
2596 3468 2889 3538 Scriptura:
2917 3479 3160 3522 vocatur.
3194 3468 3346 3523 Nunc
3365 3483 3496 3539 ergo

1919 3557 2142 3614 lucerna
2185 3575 2348 3630 super
2389 3568 2550 3629 caput
2591 3559 2845 3614 Ecclesiae
2873 3559 3137 3630 splendet,
3179 3559 3304 3628 quia
3340 3573 3496 3615 sacra

1919 3655 2131 3725 eloquia
2158 3656 2407 3710 tenebras
2433 3663 2634 3709 nostrae
2654 3653 2849 3707 mentis
2879 3652 3163 3706 irradiant.

1996 3766 2015 3798 ι
2049 3748 2116 3801 Et
2158 3749 2223 3800 ad
2270 3747 2449 3801 lumen
2490 3744 2627 3813 ejus,
2659 3753 2820 3800 nete.
2855 3743 3043 3815 (Ibid.)
3089 3743 3352 3809 Ecclesia,
3392 3743 3494 3798 etsi

1919 3839 2110 3894 alienae
2133 3838 2476 3909 cogitationis
2509 3836 2720 3892 occulta
2747 3851 2853 3891 non
2889 3845 3156 3907 penetrat,
3185 3835 3313 3905 quia
3337 3833 3495 3906 quasi

1917 3928 2112 3984 faciem
2157 3930 2250 3986 Dei
2297 3945 2402 3983 non
2458 3928 2735 3999 cognoscit
2779 3927 2833 3980 in
2886 3934 3062 3992 nocte,
3111 3927 3265 3996 ponit
3312 3934 3494 3981 tamen

1915 4037 2136 4092 gressus
2161 4021 2286 4077 boni
2324 4021 2504 4091 operis
2549 4018 2759 4075 directo
2807 4018 3010 4073 lumine
3055 4031 3306 4088 supernas
3347 4015 3496 4072 locu-

1919 4113 2098 4166 tionis.

1986 4203 2152 4257 Vens.
2179 4202 2232 4256 4.
2265 4233 2335 4244 -
2359 4222 2378 4253 ε
2421 4201 2572 4257 Sicut
2615 4199 2694 4256 fui
2732 4201 2787 4254 in
2827 4199 3016 4255 diebus
3041 4194 3432 4253 adolescentia}.
3468 4212 3487 4247 ι

1913 4296 2108 4352 Adulta
2131 4305 2249 4350 erat
2274 4293 2539 4358 Ecclesia,
2568 4301 2699 4356 etc.,
2729 4307 2892 4360 usque
2917 4290 2986 4343 ad
3019 4303 3145 4343 cum
3169 4301 3266 4356 per
3289 4285 3490 4356 pradi-

1914 4389 2184 4443 cationem
2215 4388 2352 4441 ﬁlios
2379 4401 2570 4456 parere
2593 4400 2699 4438 non
2729 4383 2892 4437 valet.

1992 4497 2010 4529 ι
2045 4478 2271 4545 Quando
2296 4485 2504 4531 secreto
2532 4476 2673 4528 Deus
2695 4481 2814 4528 erat
2839 4473 2894 4525 i'n
2921 4470 3288 4527 tabernaculo.
3327 4489 3348 4524 ι
3382 4470 3488 4525 Ta-

1918 4569 2266 4628 bernaculum
2299 4567 2706 4631 habitationem,
2754 4574 2882 4629 etc.,
2921 4580 3083 4633 usque
3113 4563 3183 4616 ad
3211 4582 3230 4615 ι
3265 4562 3492 4630 Quando

1920 4671 2038 4719 erat
2061 4663 2400 4732 omnipotens
2437 4675 2666 4715 mecum.
2691 4677 2710 4709 ι
2744 4655 3038 4726 Sequitur:

1993 4774 2011 4805 ι
2051 4754 2117 4808 Ει
2159 4754 2213 4806 in
2255 4752 2518 4815 circuitu,
2555 4770 2574 4802 ι
2605 4758 2710 4804 etc.
2743 4747 2902 4803 Pueri
2945 4754 3226 4813 vocantur,
3263 4747 3354 4817 qui
3381 4762 3492 4802 cte-

1916 4844 2143 4900 lestibus
2171 4842 2445 4897 mandatis
2474 4841 2803 4905 inserviunt,
2833 4839 2924 4908 qui
2952 4853 3095 4894 nunc
3121 4837 3176 4892 in
3204 4837 3492 4893 circumitu

1913 4935 2031 5004 ejus
2055 4943 2202 5000 sunt,
2231 4933 2358 5003 quia
2391 4933 2446 4986 in
2469 4930 2681 4987 cunctis
2708 4930 2820 4985 fere
2839 4929 3092 5000 gentibus
3121 4927 3485 4998 reperiuntur.

1990 5027 2153 5082 Vens.
2182 5026 2235 5080 6.
2259 5055 2330 5065 —
2357 5042 2376 5076 ε
2413 5022 2638 5090 Quando
2663 5022 2908 5077 lavabam
2931 5021 3095 5089 pedes
3124 5032 3293 5073 meos.
3325 5037 3352 5104 ν»
3384 5017 3490 5071 Pe-

1913 5120 2010 5176 des
2035 5119 2292 5174 Ecclesia'.
2323 5126 2448 5172 sunt
2480 5114 2794 5169 inferiorum
2822 5126 3044 5183 operum
3075 5108 3333 5172 ministri,
3357 5115 3486 5173 etc.,

1914 5227 2076 5280 usque
2099 5209 2166 5262 ad
2196 5208 2361 5279 pedes
2389 5213 2516 5261 sunt
2537 5203 2630 5274 qui
2659 5203 2926 5259 exteriora
2951 5199 3270 5254 ministrant.

1992 5320 2011 5352 ε
2044 5301 2110 5354 Et
2137 5308 2287 5369 petra
2311 5297 2567 5352 fundebat
2594 5295 2746 5361 mihi,
2781 5313 2800 5347 ›
2827 5301 2931 5348 etc.
2958 5288 3144 5360 (Ibid.)
3175 5287 3311 5355 Quia
3340 5292 3393 5344 in
3423 5302 3490 5342 ea

1917 5391 2116 5447 Christi
2141 5391 2555 5460 praedicamenta
2588 5387 2788 5442 intimae
2812 5381 3082 5438 unctionis
3107 5389 3381 5435 emanant.
3413 5379 3491 5434 De

1919 5483 2022 5536 hac
2044 5490 2197 5553 petra
2243 5481 2344 5535 rivi
2393 5480 2496 5534 olei
2542 5479 2791 5533 exierunt
2839 5470 3288 5542 evangelistarum
3334 5469 3486 5536 libri;

1916 5574 2000 5626 vel
2033 5574 2178 5628 rivos
2202 5573 2305 5627 olei
2337 5573 2474 5626 dona
2508 5569 2741 5640 Spiritus
2772 5565 2920 5620 dicit.

1991 5663 2155 5718 Vens.
2201 5666 2250 5717 7.
2285 5695 2354 5702 —
2387 5684 2401 5712 ι
2450 5659 2674 5727 Quando
2727 5655 3117 5726 procedebam,
3167 5673 3186 5706 ι
3237 5661 3342 5707 etc.
3385 5649 3490 5709 Pet‘

1916 5768 2124 5831 portam
2150 5755 2404 5820 civitatis,
2425 5763 2554 5815 etc.,
2576 5766 2735 5823 usque
2764 5749 2830 5802 ad
2853 5746 2995 5819 quod
3021 5754 3076 5803 et
3108 5743 3209 5802 Job
3233 5742 3360 5800 fecit
