3982 6352
518 426 616 486 851

1005 420 1401 481 WALAFRIDI
1438 418 1687 478 STRABI
1724 417 1930 476 FULD.
1972 412 2136 472 MON.
2173 412 2323 471 OPP.
2363 411 2542 470 PARS
2581 412 2622 468 l.
2664 441 2734 452 -—
2768 408 3232 469 TllEOLOGlCA.

3700 407 3817 463 852

594 556 616 592 ι
645 535 715 595 Et
758 536 816 594 in
854 536 1034 608 platea
1072 537 1368 607 parabant,
1406 554 1424 587 ι
1455 543 1564 591 etc.
1616 532 1754 600 Quia
1796 533 1851 587 in
1884 544 2094 604 magna:
2121 523 2399 590 Aelectos
2445 524 2585 581 mala
2608 565 2624 593 ,
2654 534 2794 592 etc.,
2836 542 2998 597 usque
3046 525 3117 581 ad
3163 533 3291 581 sunt
3336 531 3525 580 tamen
3581 521 3817 580 minora

519 632 859 688 auctoritatis
886 630 1170 685 latitudine
1199 630 1281 684 sui
1312 628 1605 700 magisterii
1627 624 1847 682 exhibet
1871 625 2096 680 liberta-

520 730 649 779 tem.
675 722 777 790 Qui
803 722 951 777 enim
976 730 1124 777 recta
1149 734 1268 789 quae
1300 719 1465 773 sentit
1492 716 1707 787 publica
1738 729 1868 770 voce
1898 714 2094 785 praedi-

518 826 639 881 cat,
682 814 837 885 quasi
889 814 944 868 in
987 813 1164 883 platea
1191 825 1354 882 super
1399 808 1712 865 cathedram
1756 806 1930 872 sedet,
1966 820 2093 861 cum

518 907 667 962 nulla
717 908 782 962 de
831 922 926 961 sua
980 905 1364 975 praedicatione
1410 902 1639 967 metuit,
1668 899 1847 956 nullus
1873 914 2094 971 pressus

521 999 817 1053 terroribus
845 1013 905 1053 se
935 998 1034 1052 sub
1055 995 1269 1051 silentio
1291 994 1599 1050 abscondit.

590 1086 753 1143 Vens.
786 1090 924 1143 8.-
944 1105 963 1139 r
994 1087 1260 1141 Videbant
1284 1100 1371 1140 me
1396 1086 1643 1156 juvenes,
1676 1103 1695 1135 ι
1724 1092 1831 1139 etc.
1861 1080 2094 1138 Iuvenes

520 1178 669 1243 dicit,
695 1179 821 1249 quia
846 1178 992 1235 nulla
1016 1178 1225 1233 consilii
1255 1178 1519 1249 gravitate
1547 1175 1844 1231 fulciuntur
1873 1194 1885 1205 -
1911 1189 2090 1240 senes,

518 1284 729 1324 morum
752 1271 1137 1342 grandaivitate
1169 1279 1429 1324 maturos.
1452 1269 1521 1323 Et
1539 1277 1623 1324 est
1651 1281 1877 1324 sensus:
1911 1266 2095 1322 Eccle-

518 1360 613 1417 sia:
639 1362 879 1432 vigorem
907 1370 962 1416 et
984 1361 1365 1416 rectitudinem
1393 1361 1667 1416 immaturi
1700 1359 2013 1425 formidant,
2041 1367 2096 1413 et

517 1452 785 1522 grandaevi
814 1451 1137 1523 gloriﬁcant.

588 1541 752 1599 Vens.
781 1545 835 1600 9.
863 1575 937 1586 —
966 1563 985 1596 ι
1022 1545 1303 1614 Principes
1340 1546 1634 1600 cessabunt
1673 1544 1840 1614 loqui.
1884 1565 1903 1597 ι
1938 1544 2096 1598 Prin-

516 1634 662 1703 cipes
701 1634 787 1690 vel
833 1634 998 1690 duces
1025 1635 1156 1690 dicit
1186 1635 1453 1690 haareticae
1492 1636 1776 1705 pravitatis
1823 1640 2093 1691 auctores:

519 1727 585 1782 Et
625 1736 711 1784 est
753 1743 945 1784 sensus
977 1748 991 1783 :
1023 1727 1156 1785 Cum
1200 1730 1498 1799 praedicare
1539 1729 1670 1784 mihi
1705 1729 1915 1799 publica
1963 1744 2097 1785 voce

518 1820 688 1884 licuit,
719 1820 896 1875 omnis
926 1835 1043 1884 me,
1074 1822 1165 1890 qui
1215 1821 1433 1876 veritati
1476 1835 1583 1875 non
1637 1820 1739 1874 fuit
1785 1821 2089 1890 subjectus,

2195 633 2296 690 pro
2322 617 2620 688 majoribus
2647 617 3018 690 relinquenda.

2266 708 2428 764 Vens.
2466 709 2556 763 17.
2580 740 2652 750 -
2682 728 2701 761 ι
2730 709 3090 766 Conterebam
3124 708 3332 775 molas,
3361 728 3381 762 ›
3406 718 3519 764 etc.
3565 706 3811 776 Iniquus

2195 799 2393 855 dicitur
2428 799 2711 866 diabolus;
2740 816 2840 870 per
2874 800 3083 867 molas,
3116 799 3343 856 occultae
3373 798 3498 869 ejus
3528 797 3807 863 insidias;

2194 906 2293 961 per
2326 892 2515 946 dentes
2548 901 2749 961 apertae
2772 892 2942 962 culpae
2979 893 3386 948 demonstratur
3425 889 3805 963 perpetratio.

2192 985 2352 1041 Prius
2396 1001 2525 1057 ergo
2573 1002 2795 1044 necesse
2844 997 2929 1044 est
2975 989 3190 1045 occulta
3238 988 3605 1045 consiliorum
3658 985 3809 1040 illius

2195 1077 2634 1132 machinamenta
2662 1079 2922 1149 prodere,
2956 1089 3032 1135 ut’
3044 1079 3313 1136 auditoris
3341 1079 3520 1136 nostri
3550 1079 3808 1136 animam

2194 1168 2248 1222 in
2280 1176 2465 1238 aperto
2496 1169 2643 1239 lapsu
2672 1171 2949 1227 valeamus
2979 1187 3258 1227 revocare.

2268 1261 2431 1315 Vens.
2474 1261 2560 1317 18.
2586 1293 2658 1302 -
2687 1282 2706 1315 ι
2744 1263 3106 1335 Dicebamque
3148 1282 3161 1317 :
3207 1264 3265 1319 ln
3300 1264 3491 1320 nidulo
3522 1279 3661 1319 meo
3692 1277 3808 1320 mor

2196 1355 2327 1410 riar.
2360 1375 2378 1409 ι
2422 1355 2528 1411 Per
2566 1355 2677 1410 nidi
2712 1368 2910 1411 nomen
2951 1355 3300 1425 exprimitur,
3329 1365 3437 1410 etc.
3460 1395 3479 1419 ,
3520 1372 3699 1424 usque
3735 1360 3801 1408 ιι

2195 1463 2295 1503 nec
2343 1458 2406 1503 ut
2447 1448 2668 1518 quidam
2714 1448 2769 1503 in
2801 1448 2956 1503 initio
2990 1446 3109 1517 plus
3148 1447 3295 1520 agit,
3330 1447 3389 1502 in
3433 1462 3804 1503 consumma-

2196 1539 2342 1594 tione
2374 1539 2575 1594 minus.

2222 1696 2223 1703 γ
2266 1628 2429 1684 Vens.
2469 1629 2557 1686 19.
2587 1658 2660 1669 -
2693 1649 2711 1681 ι
2746 1629 2957 1697 Radix,
2990 1649 3010 1683 ι
3052 1636 3160 1686 etc.
3202 1629 3432 1701 (Ibid.)
3469 1628 3667 1684 Radix
3704 1629 3785 1685 Ec

2196 1720 2375 1776 clesia:
2398 1721 2711 1777 incarnatus
2729 1719 3001 1787 Christus,
3024 1739 3186 1794 usque
3207 1721 3276 1776 ad
3303 1722 3574 1791 cogitatio
3598 1720 3805 1778 mentis

2196 1813 2437 1884 aperitur

518 1870 1042 1982 negabas;
1064 1870 1165 1966 bii
1188 1870 1586 1982 angina;
1630 1870 1753 1968 {ibi}.
1785 1870 2095 1982 abigas:
2125 1886 2170 1946 Β
2230 1870 2295 1960 ’ς
2323 1907 2390 1962 Ει
2419 1923 2509 1963 ros
2538 1907 2910 1973 morabitur,»
2938 1914 3046 1963 etc.
3080 1904 3318 1961 subaudi
3346 1904 3637 1968 dicebam,
3672 1870 3801 1970 οἱα,

520 2000 649 2055 relis
677 2017 783 2056 non
814 2004 1025 2060 ratione
1045 2005 1195 2060 vocis
1218 2020 1276 2061 se
1303 2004 1548 2076 reprimi,
1572 2005 1666 2061 sed
1688 2005 1906 2061 virtutis
1928 2021 2096 2062 manu

520 2092 846 2163 signiﬁcant.

589 2181 751 2239 Vens.
785 2184 872 2239 10.
898 2215 970 2227 -
1002 2206 1021 2239 ‹
1056 2184 1255 2243 Vocem
1286 2202 1440 2242 suam
1485 2187 1813 2243 cohibebant
1850 2188 2037 2245 duces.
2068 2208 2089 2243 ι

518 2270 785 2329 Nimirum
830 2275 907 2342 hi,
943 2277 1034 2346 qui
1075 2286 1197 2346 post
1239 2293 1298 2333 se
1337 2287 1586 2333 errantes
1626 2278 1851 2349 populos
1879 2280 2096 2335 trahere

518 2372 803 2431 conantur,
828 2374 960 2434 etc.,
985 2383 1146 2439 usque
1174 2367 1244 2423 ad
1273 2368 1399 2423 dum
1424 2384 1677 2439 perversa
1704 2370 2000 2435 insinuant,
2027 2369 2096 2425 ad

520 2457 852 2529 impietatem
884 2462 1176 2518 nutriendo
1199 2463 1545 2520 conﬁrmant.

589 2551 752 2607 Vens.
800 2552 887 2607 11.
918 2572 1035 2605 -‹
1068 2552 1231 2609 Auris
1279 2555 1526 2611 audiens.
1571 2575 1591 2609 ι
1636 2556 1714 2613 lbi
1765 2558 1930 2625 dixit,
1967 2558 2097 2628 quid

515 2643 763 2699 exhibuit
799 2660 895 2715 per
921 2646 1247 2715 doctrinam,
1272 2658 1403 2715 etc.,
1426 2666 1592 2721 usque
1613 2650 1682 2705 ad
1712 2651 1804 2723 qui
1832 2652 2097 2723 exemplis

516 2735 641 2790 vitae
662 2735 809 2793 illius
841 2739 980 2795 bene
1003 2739 1233 2796 vivendo
1261 2742 1574 2811 respondet.

589 2823 755 2883 Vens.
780 2829 867 2885 l2.
894 2861 967 2871 —
999 2849 1018 2882 ε
1055 2831 1133 2887 Εο
1159 2833 1301 2903 quod
1340 2832 1658 2890 liberassem
1684 2850 1973 2906 pauperem
2002 2851 2098 2892 vo-

516 2918 855 2977 ciferantem.
898 2942 917 2976 ι
954 2923 1194 2980 Ecclesia
1219 2940 1515 2997 pauperem
1541 2926 1929 2985 vociferantem
1956 2927 2095 2985 libe-

517 3017 634 3077 rat,
678 3027 801 3067 cum
846 3015 1121 3084 peccatori
1168 3017 1382 3072 veniam
1423 3017 1772 3088 deprecanti,
1818 3033 1913 3077 eas
1959 3034 2097 3092 quas

516 3104 789 3179 commisit
810 3104 1016 3176 culpas,
1053 3105 1278 3163 relaxat.

593 3212 613 3245 ι
646 3190 715 3249 Et
741 3194 1003 3266 pupillum
1041 3197 1131 3253 cui
1174 3212 1281 3253 non
1321 3207 1470 3256 esset
1510 3197 1741 3269 adjutor.
1778 3220 1798 3255 ι
1827 3199 2094 3272 Popilium

515 3284 731 3351 liberat,
758 3286 885 3341 dum
915 3289 1305 3360 unusquisque,
1331 3299 1464 3357 etc.,
1490 3308 1653 3363 usque
1680 3293 1750 3347 ad
1776 3292 1903 3349 Haec
1929 3294 2093 3350 etiam

514 3372 759 3429 Ecclesia
787 3382 845 3430 et
868 3376 1225 3449 corporaliter
1245 3379 1468 3435 exhibet
1494 3388 1552 3436 et
1578 3382 1949 3452 spiritualiter.

588 3465 752 3521 Vens.
789 3465 953 3525 15.-
971 3486 991 3520 ι
1020 3468 1332 3525 Benedictio
1357 3471 1607 3541 perituri.
1635 3491 1655 3525 ο
1675 3471 1897 3546 (Gnec.)
1917 3474 2094 3531 Bene-

515 3555 682 3613 dictio
738 3559 966 3629 perituri
1022 3574 1186 3632 super
1226 3577 1349 3619 eam
1394 3564 1576 3631 venit,
1626 3580 1749 3622 cum
1793 3568 2098 3638 peccatoris

515 3649 794 3707 interitum
846 3654 1139 3723 praevenit,
1190 3663 1249 3713 et
1296 3656 1500 3715 sanctis
1547 3659 2013 3718 exhortationibus
2062 3677 2096 3717 a

517 3740 690 3811 culpae
714 3742 870 3800 fovea
898 3747 1128 3803 reducit.

597 3834 709 3889 (Et
736 3850 833 3892 cor
860 3837 1036 3894 viduae
1062 3839 1374 3897 consolatus
1399 3857 1541 3898 sum.
1570 3863 1590 3896 ι
1622 3842 1873 3918 Magnam
1899 3862 2095 3905 conso-

518 3926 775 3987 lationem
813 3944 909 3984 cor
940 3930 1116 3986 viduae
1151 3933 1410 4003 suscipit,
1447 3938 1664 4005 quando
1698 3938 1876 3996 ﬁdelis
1906 3940 2093 3996 anima

520 4018 578 4073 in
624 4018 806 4074 verbis
852 4018 1109 4078 Ecclesia:
1145 4024 1213 4079 de
1249 4023 1487 4081 adventu
1524 4026 1696 4095 illius,
1737 4030 1972 4102 aliquid,
2008 4033 2096 4089 cui

519 4108 874 4180 spiritualiter
908 4118 994 4166 est
1021 4110 1309 4182 conjuncta
1331 4155 1346 4177 ,
1369 4119 1668 4188 cognoscit.

592 4200 755 4258 Vens.
789 4202 877 4257 11.
902 4234 975 4244 -
1007 4224 1024 4257 ι
1055 4203 1273 4261 Iustitia
1302 4208 1523 4266 indutus
1549 4225 1689 4266 sum.
1723 4231 1743 4265 ι
1774 4211 1865 4269 llle
1885 4214 2098 4286 justitia

519 4293 659 4348 sicut
692 4294 1014 4351 vestimento
1058 4295 1330 4365 induitur,
1372 4306 1512 4366 etc.,
1564 4317 1727 4373 usque
1769 4303 1840 4358 ad
1890 4306 1984 4374 qui
2031 4306 2099 4363 de

520 4383 707 4455 culpa,
737 4399 900 4455 quam
934 4397 1186 4457 superat,
1216 4387 1474 4444 elevatur.

595 4495 614 4528 ι
643 4476 709 4530 Et
736 4476 1041 4534 diademate
1069 4476 1278 4547 judicio
1303 4496 1444 4536 meo.
1485 4500 1503 4533 ι
1533 4480 1809 4538 Justorum
1831 4483 2097 4553 judicium

2197 2017 2359 2071 usque
2398 2001 2468 2055 ad
2506 2009 2567 2055 ut
2603 2000 2751 2071 digni
2788 1999 2991 2067 simus,
3020 1999 3115 2071 qui
3141 2000 3209 2055 de
3247 1996 3610 2054 inferioribus
3644 1996 3799 2052 calﬁ-

2196 2106 2434 2237 “ab;
2482 2180 2576 2237 ΞΟ.
2631 2197 2652 2233 ‹
2688 2179 2874 2238 Gloria
2916 2195 3038 2237 mea
3086 2194 3304 2250 semper
3352 2179 3741 2235 innovabitnr.
3774 2197 3793 2233 ι

2192 2273 2340 2331 Idem
2365 2275 2521 2347 quasi
2546 2275 2803 2331 amissam
2824 2274 3051 2347 gloriam
3076 2274 3357 2344 deplorat,
3380 2275 3513 2345 quia
3538 2289 3640 2330 eos
3666 2288 3798 2344 quos

2194 2367 2311 2438 ipse
2340 2382 2493 2423 novae
2520 2367 2652 2423 vitie
2679 2368 2917 2424 militare
2943 2367 3192 2435 credidit,
3224 2367 3457 2424 vetustis

2166 2484 2173 2489 -
2196 2459 2406 2514 servire
2434 2461 2736 2532 cognoscit.

2272 2568 2291 2602 ι
2319 2550 2388 2606 Ει
2414 2565 2576 2608 arcus
2605 2565 2779 2608 meus.
2812 2572 2832 2605 ι
2867 2553 3150 2625 Scriptura
3177 2559 3264 2608 est
3288 2566 3454 2608 arcus
3472 2592 3490 2618 ,
3520 2559 3638 2609 etc.
3667 2593 3686 2619 ,
3719 2568 3796 2606 u-

2194 2666 2296 2721 que
2325 2649 2396 2703 ad
2424 2650 2571 2720 quod
2599 2649 2764 2705 etiam
2794 2664 2940 2706 nunc
2970 2657 3073 2705 est.

2266 2738 2430 2796 Vens.
2460 2739 2552 2795 2L
2578 2770 2643 2782 —
2681 2759 2700 2792 ι
2727 2738 2833 2808 Qui
2862 2756 2950 2796 me
2979 2739 3293 2796 audiebant.
3327 2758 3348 2794 ›
3377 2738 3795 2796 Prateritoru

2197 2839 2503 2904 temporum
2534 2833 2929 2899 reminiscitur,
2961 2832 3018 2888 in
3046 2833 3244 2903 quibus
3268 2847 3433 2889 omne
3455 2830 3609 2903 quod
3624 2833 3707 2887 ab
3733 2847 3793 2888 ea

2195 2925 2411 2987 dicitur,
2447 2940 2570 2980 cum
2598 2933 2746 2980 metu
2774 2940 2806 2979 a
2832 2923 3084 2981 ﬁdelibus
3113 2924 3331 2981 auditur
3357 2931 3413 2981 et
3444 2923 3795 2981 adversario-

2194 3032 2315 3073 rum
2339 3017 2670 3088 proterviam
2696 3016 2960 3088 deplorat.

2271 3127 2291 3161 ι
2318 3108 2385 3164 Et
2413 3107 2609 3163 intenti
2642 3107 2916 3163 tacebant.
2943 3127 2962 3159 ι
2991 3103 3073 3163 Ad
3099 3106 3390 3163 consilium
3415 3105 3536 3177 ejus
3569 3115 3757 3163 tacent
3774 3147 3790 3172 ,

2199 3199 2294 3271 qui
2320 3199 2490 3256 verba
2524 3198 2643 3270 ejus
2667 3213 2776 3255 non
2805 3199 3008 3255 audent
3034 3198 3384 3271 impugnare,
3415 3198 3516 3254 sed
3540 3199 3791 3256 credere.

2270 3288 2434 3345 Vens.
2472 3287 2564 3343 22.
2591 3318 2663 3329 —
2694 3306 2714 3340 α
2752 3286 2950 3344 Verbis
2985 3288 3123 3344 meis
3155 3289 3376 3345 addere.
3412 3308 3431 3341 ι
3466 3287 3649 3345 Dictis
3678 3289 3797 3360 ejus

2195 3379 2440 3437 haeretici
2473 3379 2675 3450 aliquid
2710 3380 2907 3436 addere
2939 3388 3304 3451 praesumunt,
3348 3394 3475 3436 cum
3521 3382 3795 3452 praedica-

2194 3479 2504 3529 mentorum
2540 3472 2922 3530 rectitudinem
2951 3472 3110 3543 quasi
3138 3472 3429 3528 emendare
3460 3472 3789 3527 moliuntur.

2275 3582 2296 3617 ι
2324 3563 2396 3620 Et
2419 3578 2586 3634 super
2613 3563 2736 3629 illos
2772 3563 3037 3620 stillabat.
3068 3582 3088 3617 ι
3114 3562 3172 3619 In
3209 3564 3316 3620 hac
3346 3564 3655 3621 stillatione
3684 3564 3796 3621 elo-

2194 3657 2309 3728 quii
2347 3671 2603 3714 mensura
2639 3655 3042 3728 praedicationis
3081 3656 3239 3729 juxta
3286 3656 3655 3728 capacitatem
3701 3672 3797 3712 au-

2196 3746 2459 3803 dientium
2494 3747 2780 3818 accipitur.

2267 3835 2432 3895 Vens.
2458 3838 2551 3895 25.
2580 3869 2653 3881 —
2686 3857 2706 3892 ι
2734 3840 3136 3912 Exspectabam
3168 3855 3256 3897 me
3282 3839 3428 3897 sicut
3461 3840 3731 3912 pluviam.
3769 3858 3789 3892 ι

2196 3929 2374 3987 Verba
2418 3932 2820 4002 praedicationis
2862 3940 3065 3990 sancta
3094 3932 3237 3990 sicut
3261 3932 3503 4005 pluviam
3551 3933 3793 3990 sustine-

2197 4038 2351 4090 mus,
2383 4038 2507 4080 cum
2544 4038 2671 4079 vera
2706 4023 3015 4080 humilitate
3049 4024 3356 4081 ariditatem
3390 4023 3579 4080 cordis
3614 4022 3791 4079 nostri

2198 4115 2560 4187 agnoscimus,
2587 4124 2648 4171 ut
2666 4126 2797 4186 potu
2824 4124 3028 4173 sancta:
3048 4116 3453 4189 praedicationis
3473 4117 3791 4188 irrigemnr.

2274 4221 2295 4255 ‹
2324 4202 2392 4258 Et
2417 4218 2481 4259 os
2509 4220 2665 4260 suum
2695 4201 3015 4274 aperiebant
3040 4206 3199 4277 quasi
3227 4206 3295 4261 ad
3325 4206 3577 4262 imbrem.
3610 4228 3630 4257 ι
3656 4206 3793 4275 Quia

2198 4296 2326 4352 dum
2354 4295 2410 4351 in
2436 4305 2678 4352 extrema
2708 4305 2861 4368 parte
2889 4298 3071 4355 saeculi
3103 4299 3267 4355 verba
3294 4307 3500 4356 sancta:
3528 4301 3795 4371 praedica-

2198 4387 2365 4444 tionis
2392 4388 2738 4467 _accipimus,
2785 4390 2940 4460 quasi
2984 4391 3055 4448 ad
3102 4392 3331 4449 imbrem
3380 4393 3691 4449 serotinum
3734 4409 3794 4450 os

2200 4481 2384 4538 cordis
2408 4482 2702 4553 aperimus.

520 4570 763 4673 diadema
791 4571 1013 4673 dicitur,
1042 4574 1165 4642 quia
1200 4589 1296 4644 per
1324 4575 1428 4629 hoc
1457 4591 1563 4673 non
1598 4576 1651 4631 in
1689 4578 1923 4673 terrenis
1951 4587 2009 4634 et
2039 4579 2095 4635 in
2121 4613 2177 4673 Β
2220 4662 2234 4673 ι
2271 4570 2435 4673 Vens.
2464 4572 2650 4673 Siz—
2673 4590 2693 4624 ι
2722 4571 2781 4673 ξί
2809 4575 3024 4673 quando
3050 4575 3297 4673 ridebant
3320 4578 3388 4633 ad
3405 4592 3511 4673 eos
3536 4594 3794 4673 nancte-

520 4658 781 4738 inlirmis,
813 4661 908 4715 sed
938 4677 1150 4717 sursum
1184 4665 1512 4719 remunerati
1540 4668 1952 4738 concupiscunt.

508 4732 525 4747 ’
597 4767 615 4798 ι
648 4748 872 4804 lndutus
905 4766 1025 4806 sum
1060 4751 1311 4821 judicio:
1354 4774 1372 4808 ι
1423 4759 1567 4826 quod
1613 4732 1962 4828 comparatur
2008 4774 2102 4815 co-

519 4855 668 4895 reme
694 4856 814 4911 quae
843 4857 1005 4913 supra
1036 4845 1275 4914 ponitur,
1309 4849 1437 4918 quia
1468 4850 1525 4904 in
1554 4849 1693 4906 ctelo
1720 4852 1917 4920 quierit
1944 4867 2099 4907 coro-

522 4933 674 4999 nari,
712 4949 820 4989 non
856 4935 910 4990 in
948 4944 1110 4992 terra.
1150 4939 1296 4995 Bona
1332 4957 1429 4996 sua
1463 4942 1665 5013 aperit,
1700 4955 1761 4999 ut
1794 4946 1954 5000 amici
1992 4961 2099 5001 non

523 5026 867 5098 increpantes
899 5029 1196 5100 erigantur,
1228 5034 1321 5089 sed
1350 5043 1590 5091 tacentes
1617 5035 1916 5092 imitentur.
1947 5037 2101 5094 Valet

522 5118 683 5172 etiam
733 5120 991 5175 memoria
1026 5120 1267 5191 priorum
1317 5134 1506 5180 contra
1537 5126 1969 5198 desperationem
2000 5144 2100 5199 pro

524 5211 1002 5280 increpationibus.

595 5306 759 5362 Vens.
787 5306 872 5362 15.
894 5340 964 5350 -
984 5329 1002 5361 i
1022 5308 1222 5365 Oculus
1244 5309 1319 5364 fui
1343 5326 1485 5367 caeco
1512 5321 1567 5367 et
1590 5328 1686 5383 pes
1709 5314 1918 5379 claudo,
1943 5333 1962 5366 ι
1990 5326 2095 5371 etc.

524 5400 722 5456 Beatus
776 5403 919 5456 enim
970 5401 1070 5457 Job
1119 5413 1173 5457 et
1224 5403 1297 5457 illi
1345 5420 1440 5475 per
1487 5407 1833 5476 semetipsum
1880 5423 2099 5463 manum

524 5494 858 5566 przebuerat,
905 5503 1045 5558 etc.,
1092 5512 1252 5567 usque
1296 5495 1365 5549 ad
1411 5496 1501 5565 qui
1550 5496 1653 5551 sibi
1700 5512 1964 5567 nequam,
2013 5500 2101 5554 cui

524 5587 697 5641 bonus
720 5588 744 5642 ?

598 5678 760 5732 Vens.
795 5678 880 5732 16.
908 5709 977 5718 -
1009 5699 1026 5729 ‹
1056 5679 1217 5735 Pater
1252 5695 1399 5734 cram
1436 5694 1751 5750 pauperum.
1784 5697 1802 5729 ι
1836 5678 2108 5749 Paupcrcs

524 5772 665 5825 enim
709 5772 897 5839 spiritu
930 5788 994 5825 cx
1025 5773 1140 5840 ejus
1168 5773 1547 5841 primlicalimm
1580 5778 1925 5839 generantur.

603 5881 625 5920 ι
650 5863 718 5919 Et
744 5877 962 5921 causam
993 5882 1152 5936 quam
1186 5865 1509 5920 nesciebam.
1542 5884 1559 5915 ›
1586 5863 1824 5919 Ecclesia
1855 5877 1977 5919 cum
2004 5877 2103 5935 per

2202 4662 2423 4717 debant.
2446 4680 2465 4713 ι
2491 4660 2695 4733 (Gneo.
2722 4662 2778 4717 in
2798 4661 2947 4730 100.,
2970 4663 3064 4719 lib.
3092 4665 3224 4738 xx.)
3251 4666 3366 4723 Hoc
3389 4666 3523 4723 dicit
3546 4668 3791 4726 Ecclesia

2202 4769 2269 4810 ex
2302 4770 2435 4811 voce
2469 4757 2693 4827 capitis,
2730 4765 2838 4814 etc.
2861 4798 2877 4823 ,
2911 4774 3074 4830 usque
3105 4759 3177 4813 ad
3226 4759 3590 4817 immoderata
3637 4777 3770 4819 sevo

2202 4847 2337 4903 ritas
2362 4848 2609 4905 odiosum
2634 4850 2844 4907 reddat.

2279 4960 2299 4992 ι
2329 4941 2396 4997 Et
2428 4941 2517 4997 lux
2552 4942 2734 4999 vultus
2766 4944 2873 4999 mei
2910 4958 3018 5001 non
3055 4943 3302 5001 cadebat.
3335 4964 3355 4998 ›
3393 4944 3411 5015 (
3442 4945 3586 5001 Ibid.
3617 4947 3637 5017 )
3676 4947 3788 5003 Lux

2206 5032 2388 5089 vultus
2431 5034 2574 5089 beati
2621 5033 2755 5101 Job,
2807 5043 2952 5101 etc.,
3001 5052 3165 5107 usque
3216 5037 3287 5092 ad
3333 5036 3577 5094 Ecclesia
3626 5042 3788 5095 etiam

2206 5124 2352 5181 clara
2389 5126 2647 5196 mysteria
2681 5127 2914 5183 terrenis
2944 5142 3051 5181 non
3084 5128 3362 5197 pradicet.

2281 5214 2440 5271 Vens.
2479 5216 2569 5270 25.
2601 5248 2673 5257 —
2704 5237 2723 5269 ι
2754 5216 2813 5272 Si
2850 5217 3141 5273 voluissem
3174 5218 3285 5284 ire,
3321 5236 3339 5269 ›
3368 5226 3475 5274 etc.
3527 5217 3787 5276 Dominus

2206 5317 2261 5364 et
2306 5324 2428 5364 cum
2471 5309 2614 5374 vult,
2663 5310 2842 5374 venit,
2889 5318 2945 5366 et
2987 5325 3111 5366 cum
3152 5310 3329 5375 venit,
3359 5310 3571 5381 primus
3596 5311 3776 5369 sedet.

2206 5402 2334 5473 quia
2368 5411 2424 5457 et
2451 5403 2715 5458 adventus
2743 5402 2861 5471 ejus
2885 5403 2938 5458 in
2969 5402 3132 5459 corde
3161 5410 3349 5458 nostro
3376 5402 3646 5474 gratuitas
3666 5411 3781 5469 est,

2206 5507 2263 5554 et
2313 5497 2581 5569 appetitus
2633 5496 2751 5564 ejus
2802 5497 3054 5551 desiderii
3112 5497 3165 5551 in
3220 5495 3548 5568 cogitatione
3602 5496 3781 5549 nostri

2205 5593 2428 5663 iequalis
2453 5592 2665 5647 caeteris
2694 5591 2981 5646 desideriis
3008 5606 3115 5646 non
3147 5599 3250 5645 est.

2283 5702 2303 5735 ι
2335 5681 2578 5751 Cumque
2618 5682 2861 5743 sederem
2883 5721 2898 5747 ,
2928 5681 3114 5750 quasi,
3146 5699 3164 5731 ι
3192 5688 3296 5735 etc.
3329 5679 3397 5734 Et
3430 5678 3613 5734 littera
3654 5679 3776 5733 redi-

2205 5773 2331 5829 ﬁcat
2349 5814 2363 5837 ,
2389 5782 2496 5827 etc.
2516 5813 2529 5835 ,
2558 5788 2718 5843 usque
2738 5771 2808 5824 ad
2830 5770 3130 5834 consolari,
3154 5770 3517 5826 ministerium
3542 5768 3771 5840 pietatis.

2284 5883 2302 5917 ‹
2337 5863 2679 5921 Mmrcntium
2728 5862 3053 5919 consolator.
3088 5882 3106 5916 ι
3143 5859 3369 5934 (Ιὸἱά.)
3422 5859 3525 5929 Qui
3572 5859 3771 5915 audivit
