3982 6352
221 373 338 435 855

1297 369 1565 429 GLOSSA
1601 368 1996 430 ORDlNARlA.
2034 406 2106 419 —
2135 375 2277 436 LIB.
2304 378 2444 439 JOB.

3367 386 3475 449 83‘

222 484 296 540 de
328 481 541 554 iustitia
581 482 691 555 Dei
717 492 781 539 ut
818 485 1041 551 timeat,
1072 484 1285 551 audiat,
1320 494 1377 540 et
1405 486 1470 541 de
1498 485 1800 540 misericor—
1826 492 1877 552 Α
1906 487 2037 545 tutis
2065 492 2352 550 mundana:
2379 509 2593 553 cessare
2643 512 2751 554 non
2787 478 2987 567 libeat,
3016 500 3179 557 etiam
3207 501 3253 558 si
3284 500 3464 561 liceat.

222 574 345 640 dia,
375 585 436 629 ut
465 572 733 640 conﬁdat,
759 584 819 630 nt
842 575 914 630 sit
939 574 1100 630 simul
1122 584 1298 631 metus
1326 583 1381 629 et
1411 590 1554 646 spes.
1584 575 1641 629 in
1673 589 1800 630 arca

222 682 352 721 cum
383 664 578 721 tabulis
604 666 753 737 virga
784 666 943 721 simul
969 675 1082 733 est,
1105 675 1160 722 et
1190 682 1416 732 manna,
1447 668 1501 722 id
1527 676 1642 734 est,
1675 681 1799 721 cum

222 758 452 813 scientia
481 771 649 814 saeue
679 758 969 829 Scriptum
1008 760 1064 814 in
1101 768 1318 831 pectore
1358 761 1613 829 rectoris,
1646 761 1796 835 virga

219 848 579 905 districtionis
596 889 612 916 ,
640 857 695 905 et
721 865 919 905 manna
948 849 1264 908 dulcedinis.

802 1001 1030 1060 CAPUT
1059 1002 1226 1060 XXX.

300 1108 470 1166 Vsus.
503 1110 557 1166 i.
583 1141 650 1152 —
683 1128 705 1164 ι
731 1110 884 1168 Nunc
911 1122 1088 1170 autem
1118 1129 1204 1170 me
1239 1113 1499 1184 juniores.
1530 1134 1551 1169 ι
1575 1113 1793 1190 (Guss.)

215 1203 473 1261 Iuniores
516 1209 757 1274 tempore
798 1204 1096 1262 Eeclesiam
1136 1207 1397 1274 irrident,
1428 1223 1550 1263 cum
1598 1207 1654 1262 lii
1700 1209 1794 1279 qui

216 1296 288 1353 ab
316 1312 381 1353 ea
414 1296 619 1367 egressi
649 1305 808 1367 sunt,
840 1298 1099 1355 doctrinae
1125 1299 1243 1370 ejus
1271 1300 1437 1355 verba
1467 1300 1790 1372 despiciunt.

295 1402 315 1436 ι
341 1383 580 1452 Quorum
608 1395 788 1456 patres
813 1401 919 1442 non
948 1386 1232 1460 dignabar,
1267 1407 1288 1442 ι
1320 1398 1425 1445 etc.
1456 1388 1625 1460 igitur
1660 1404 1793 1463 grex

216 1475 502 1544 Ecclesia,
529 1485 636 1532 etc.
659 1517 675 1544 ,
706 1494 868 1549 usque
895 1478 966 1533 ad
992 1493 1191 1549 eosque
1232 1480 1373 1535 inter
1414 1495 1573 1537 veros
1609 1491 1794 1553 patres

214 1580 509 1622 numerare
537 1568 853 1623 contemnit.

288 1657 455 1714 Vsus.
490 1660 630 1714 2.-
647 1678 667 1711 ι
697 1658 940 1728 Quocum
966 1661 1142 1717 virtus
1168 1676 1427 1718 manuum
1452 1671 1590 1719 erat.
1620 1683 1640 1718 ι
1667 1665 1791 1722 Vir-

214 1758 307 1805 tus
334 1764 589 1806 manunm
615 1758 698 1806 est
723 1751 1068 1824 magnitudo,
1098 1760 1230 1820 etc.,
1261 1769 1424 1825 usque
1449 1754 1519 1809 ad
1560 1755 1625 1812 de
1657 1770 1789 1826 pro-

213 1839 364 1895 ximo
392 1855 523 1897 vero
550 1840 773 1898 meliora
803 1856 965 1913 quam
994 1842 1061 1898 de
1090 1858 1151 1899 se
1180 1843 1298 1913 ipso
1326 1845 1544 1902 sentire.

284 1927 450 1985 Vsus.
481 1928 535 1984 ὅ.
555 1960 627 1971 -
650 1949 670 1983 ι
698 1930 969 2003 Egestate.
998 1950 1017 1983 ι
1042 1931 1415 1990 immoderatis
1439 1949 1675 2006 namque
1700 1934 1786 1991 iu-

211 2021 363 2078 sibus
390 2022 750 2094 cognitionem
778 2039 1027 2096 supernae
1055 2027 1296 2083 scientiae
1322 2042 1434 2099 quo
1458 2027 1581 2101 plus
1624 2044 1789 2101 appe-

214 2122 333 2169 tunt
351 2153 367 2180 ,
394 2113 517 2186 plus
542 2114 821 2171 amittunt.

287 2222 307 2256 ι
338 2202 409 2259 Et
444 2203 587 2261 fame
613 2205 843 2262 steriles.
872 2226 893 2261 ι
920 2206 1058 2276 Quia
1092 2207 1403 2265 desiderant
1435 2210 1610 2278 scire,
1644 2210 1788 2270 unde

211 2294 359 2352 docti
411 2305 467 2352 et
518 2295 771 2368 loquaces
821 2298 961 2365 sint,
1014 2315 1123 2356 non
1172 2301 1412 2358 moribus
1459 2305 1782 2375 compositi;

210 2385 351 2441 unde
394 2387 485 2442 vix
525 2388 796 2445 exteriora
839 2390 1094 2462 capiunt,
1138 2393 1233 2464 qui
1270 2401 1480 2450 secreta
1509 2404 1701 2465 putant
1727 2412 1788 2456 se

209 2485 543 2547 penetrasse.

286 2586 306 2619 ι
340 2568 441 2637 Qui
472 2571 736 2627 rodebant
762 2572 818 2628 in
847 2573 1162 2642 solitudine,
1198 2592 1220 2627 ι
1255 2584 1362 2632 etc.
1403 2576 1655 2634 Haeretici
1692 2580 1785 2650 qui

168 2712 175 2717 .
208 2659 277 2716 ab
324 2660 642 2721 universalis
663 2705 679 2731 ,
721 2672 853 2732 etc.,
901 2681 1064 2736 usque
1102 2666 1172 2720 ad
1214 2665 1482 2722 Lambunt
1521 2683 1652 2724 vero
1690 2669 1783 2742 qui

205 2754 573 2813 blandimento
602 2756 799 2830 lingua:
828 2756 1041 2814 tollunt.

282 2867 302 2901 α
336 2848 658 2921 Squaientes
697 2851 1022 2907 calamitate.
1058 2870 1078 2906 ι
1103 2850 1423 2909 Calamitate
1460 2861 1517 2909 et
1558 2854 1782 2910 miseria

204 2938 437 3008 squalidi
463 2941 842 3010 perhibentur,
874 2942 1001 3011 quia
1039 2949 1095 2996 et
1128 2958 1338 2997 morum
1378 2951 1505 2999 sunt
1542 2944 1783 3013 pernicie

200 3039 257 3086 et
286 3047 541 3088 sensuum
571 3033 838 3102 pravitate
868 3032 1123 3102 despecti.
1165 3032 1455 3089 Caiamitas
1497 3043 1584 3090 est
1624 3035 1781 3105 quasi

200 3121 464 3193 :egritudo
492 3139 506 3177 :
539 3122 755 3178 miseria
787 3133 871 3179 est
900 3123 1042 3178 illius
1080 3124 1439 3196 negligentia,
1472 3124 1612 3181 unde
1651 3141 1778 3196 gra-

202 3213 321 3269 vior
348 3212 429 3267 ﬁt.
461 3212 648 3269 Nullus
677 3213 984 3284 squaleret,
1025 3214 1072 3270 si
1114 3215 1172 3270 in
1208 3216 1323 3271 suis
1364 3218 1776 3274 necessitatibus
1802 3224 1849 3287 (ζ

203 3303 480 3375 miseriam
512 3302 800 3375 voluptatis
827 3320 933 3360 non
961 3306 1202 3361 adderet.

274 3394 437 3449 Vsus.
464 3393 518 3448 4.
544 3424 614 3434 -
643 3412 661 3446 ι
690 3394 759 3449 Ει
782 3396 1104 3452 mandebant
1128 3396 1356 3464 herbas,
1384 3416 1403 3449 ι
1435 3405 1539 3457 etc.
1569 3398 1777 3458 Herbas

204 3487 494 3556 mandere,
545 3496 676 3556 etc.,
723 3506 885 3561 usque
923 3490 992 3544 ad
1038 3490 1132 3546 sed
1175 3490 1527 3549 intentionem
1570 3504 1774 3551 rectam

203 3582 256 3637 in
282 3582 484 3637 eisdem
513 3582 765 3654 operibus
792 3598 897 3638 non
930 3592 1126 3640 tenere.

272 3672 495 3747 (Ibid.)
540 3673 679 3742 Quid
722 3675 867 3730 enim
914 3690 1013 3747 per
1060 3675 1291 3741 herbas,
1339 3684 1442 3731 etc.
1469 3716 1485 3742 ,
1518 3694 1677 3749 usque
1705 3679 1775 3734 ad

199 3763 454 3836 quoniam
505 3763 605 3820 soli
650 3764 893 3820 avaritiae
937 3764 1283 3832 deserviunt,
1325 3765 1508 3821 radice
1536 3764 1774 3838 juniperi

200 3854 495 3925 replentur,
525 3863 580 3910 et
606 3854 710 3911 hoc
737 3864 839 3911 est.

277 3962 296 3996 ι
324 3945 392 4000 Et
415 3945 570 4001 radix
587 3945 983 4017 juniperorum.
1016 3967 1035 4000 ι
1061 3945 1304 4018 Juniperi
1328 3963 1426 4019 pro
1452 3947 1593 4005 loliis
1619 3950 1772 4021 quasi

200 4033 384 4105 spinas
409 4036 642 4103 habent,
664 4045 796 4103 etc.,
826 4053 990 4107 usque
1015 4037 1083 4090 ad
1112 4038 1203 4107 qui
1231 4038 1547 4110 plerumque
1574 4040 1688 4095 sola
1718 4041 1773 4096 in

202 4125 384 4180 verbis
412 4126 528 4182 suis
551 4127 821 4182 exteriora
846 4127 996 4183 lucra
1024 4135 1318 4183 sectantur.

272 4212 432 4271 Vsus.
468 4216 520 4272 5.
546 4247 618 4258 —
645 4236 664 4268 ι
700 4216 801 4285 Qui
829 4219 895 4274 de
916 4218 1251 4275 convallibus
1279 4221 1381 4275 ista
1413 4222 1706 4291 rapientes.
1745 4242 1765 4276 ι

199 4303 277 4360 De
298 4305 629 4363 convallibus
654 4307 742 4362 illa
769 4308 1016 4380 rapiunt,
1040 4318 1171 4376 etc.,
1195 4326 1357 4382 usque
1379 4311 1447 4366 ad
1467 4312 1773 4370 carnalibus

199 4410 319 4466 quae
340 4398 484 4455 intus
506 4408 780 4471 premunt.
1558 4457 1573 4470 ,

271 4486 436 4543 Vsus.
465 4486 518 4543 6.
549 4519 619 4530 —
643 4509 663 4542 ι
690 4488 748 4545 in
798 4491 1029 4548 desertis
1076 4492 1326 4550 habitant
1376 4498 1714 4554 torrentium.
1744 4515 1766 4552 ι

1972 579 2134 637 Vsus.
2168 586 2219 638 8.
2251 615 2321 624 —
2349 604 2369 637 ι
2398 586 2520 643 Filii
2549 589 2835 646 stultorum
2863 600 2919 647 et
2946 592 3278 663 ignobilium.
3310 612 3330 647 ι
3363 595 3468 653 Eo—

1900 683 2019 723 rum
2069 670 2162 726 tilii
2209 674 2303 743 qui
2348 673 2596 745 fuerunt,
2643 687 2748 733 etc.
2772 720 2786 744 ,
2819 697 2981 752 usque
3025 682 3093 735 ad
3123 683 3279 754 quia
3317 691 3465 743 terra

1898 757 2196 816 viventium
2225 771 2471 822 extorres
2495 766 2622 823 iacti
2649 776 2793 824 sunt.

1970 851 2132 908 Vsus.
2185 852 2238 909 9.
2269 884 2342 895 —
2373 874 2392 907 ι
2429 855 2583 913 Nunc
2630 859 2685 914 in
2729 874 2916 916 eorum
2964 863 3265 931 canticum,
3300 883 3321 918 ι
3352 873 3459 923 etc.

1898 940 2151 1000 Ecclesia:
2180 953 2393 1019 tempus
2420 950 2761 1023 exprimitur,
2787 968 2895 1025 quo
2921 955 3133 1027 publice
3161 974 3194 1014 a
3221 960 3467 1031 reprobis

1896 1031 2172 1091 irridetur.

1973 1146 1993 1180 ι
2022 1129 2089 1185 Et
2125 1129 2303 1189 factus
2329 1148 2448 1189 sum
2476 1134 2558 1191 eis
2584 1138 2948 1209 proverbium.
2978 1160 2998 1194 ι
3026 1141 3216 1200 Pravis
3240 1158 3464 1214 prover-

1893 1218 2043 1277 bium
2069 1221 2347 1293 etlicietur,
2379 1226 2508 1297 quia
2534 1243 2657 1284 cum
2686 1230 2857 1287 bonos
2896 1232 3036 1289 mori
3064 1248 3163 1305 per
3191 1241 3456 1292 tormenta

1894 1319 2266 1389 conspiciunt,
2314 1323 2383 1377 ab
2407 1323 2487 1379 eis
2516 1324 2919 1385 similitudinem
2946 1330 3341 1389 maledictionis
3370 1350 3462 1391 su-

1894 1418 2078 1480 munt,
2104 1413 2344 1472 dicentes
2370 1433 2385 1470 :
2416 1414 2508 1472 Sic
2535 1419 2718 1475 veniat
2743 1421 2838 1476 tibi
2866 1421 3009 1478 sicut
3037 1423 3114 1479 illi
3144 1426 3430 1483 trucidato.

1963 1504 2128 1561 Vsus.
2164 1508 2250 1562 10.
2276 1538 2349 1549 —
2377 1530 2395 1562 ι
2427 1509 2821 1569 Abominantur
2848 1531 2966 1583 me,
2992 1526 3047 1573 et
3071 1517 3228 1591 longe
3254 1518 3465 1593 fugiunt

1892 1606 1924 1647 a
1950 1609 2056 1650 me.
2077 1614 2098 1648 ι
2123 1594 2305 1669 Longe
2328 1599 2396 1654 ab
2420 1600 2660 1658 Ecclesia
2683 1603 2894 1675 fugiunt
2916 1606 3121 1678 iniqui,
3142 1619 3273 1675 etc.,
3300 1626 3464 1683 usque

1875 1685 1961 1740 .ad
1989 1687 2092 1742 scit
2121 1688 2261 1743 mala
2291 1704 2387 1745 sua
2393 1691 2621 1762 justitiae
2643 1693 2841 1764 judicia
2868 1697 3126 1756 tribuere.
3159 1700 3417 1772 Sequitur
3441 1715 3460 1759 :

1961 1776 2125 1835 Vsus.
2177 1780 2264 1836 li.
2291 1812 2364 1822 —
2411 1801 2430 1834 ο
2465 1782 2783 1841 Pbaretram
2818 1789 2962 1844 enim
2993 1805 3148 1846 suam
3169 1794 3397 1863 aperuit.
3434 1812 3457 1848 ι

1815 1872 1863 1933 Β
1889 1869 1993 1926 Per
2037 1872 2345 1941 pharetram
2389 1877 2659 1932 occultum
2698 1878 2794 1935 Bci
2824 1879 3089 1948 judicium
3124 1883 3458 1957 designatur.

1888 1960 2021 2017 Cum
2044 1978 2172 2035 ergo
2197 1965 2456 2023 Dominus
2482 1980 2699 2039 peccata
2727 1971 2901 2037 videt,
2931 1982 3056 2039 etc.,
3075 1982 3248 2047 ’usque
3274 1976 3343 2031 ad
3367 1978 3463 2036 sed

1887 2049 1943 2105 in
1972 2056 2313 2125 correptione
2340 2056 2511 2114 virtus
2536 2060 2748 2116 consilii
2776 2065 3034 2134 aperitur.

1964 2161 1983 2193 ι
2016 2142 2085 2197 Ει
2112 2142 2325 2201 frenum
2354 2150 2532 2218 posuit
2559 2150 2615 2205 in
2643 2166 2706 2207 os
2732 2168 2839 2208 me.
2874 2172 2895 2206 ι
2927 2153 3113 2211 Sancti
3140 2157 3337 2228 quippe
3365 2160 3461 2214 do-

1886 2240 2101 2300 ctores,
2152 2236 2283 2304 dum
2325 2239 2490 2295 corda
2540 2242 2909 2298 resistentium
2963 2244 3151 2302 relicta
3201 2234 3462 2306 divinitus

1884 2323 2103 2393 vident,
2150 2324 2332 2383 aﬂlicti
2380 2339 2766 2403 gementesque
2812 2334 3213 2404 ccnticescunt,
3266 2352 3336 2393 ne
3382 2338 3461 2394 ιο.

1885 2426 2122 2487 quantur
2154 2419 2421 2497 indignis,
2459 2423 2551 2493 qui
2588 2430 2644 2478 et
2675 2425 2970 2483 deteriores
3017 2426 3230 2483 tierent.
3274 2428 3458 2486 Parcit

1885 2508 2047 2565 malis
2083 2511 2349 2579 tacendo,
2383 2513 2582 2584 quibus
2616 2524 2794 2572 tamen
2831 2518 2997 2583 vitam
3041 2532 3195 2575 suam
3231 2535 3332 2592 per
3366 2536 3463 2591 pa-

1884 2599 2141 2669 tientiam,
2167 2602 2378 2659 suadet.

1955 2712 2120 2770 Vsus.
2150 2715 2238 2769 12.
2262 2745 2334 2757 --
2358 2735 2378 2768 ι
2407 2713 2490 2772 Ad
2513 2718 2790 2776 dexteram
2811 2720 3051 2779 Orientis
3062 2724 3455 2783 calamitates.»

1884 2802 2073 2876 (Ibid.)
2098 2803 2427 2877 Redemptor
2460 2817 2644 2865 noster
2665 2808 2858 2869 Oriens
2886 2814 3114 2881 dicitur,
3136 2825 3266 2883 etc.,
3298 2835 3461 2891 usque

1882 2894 1951 2949 ad
1978 2896 2102 2965 quia
2129 2907 2444 2970 erumpente
2476 2904 2856 2972 persecutione
2882 2921 3175 2976 pravorum
3224 2911 3460 2981 impetus

1874 2985 2009 3057 justi
2033 2992 2329 3059 patiuntur.

1954 3098 1973 3131 ‹
2017 3078 2188 3136 Pedes
2218 3097 2369 3139 meos
2388 3083 2788 3143 subverterunt.
2825 3109 2844 3141 ι
2870 3090 3155 3164 Perpedes
3179 3095 3454 3166 Ecclesia,

1880 3178 2122 3229 extrema
2151 3173 2293 3229 illius
2317 3176 2557 3232 membra
2585 3180 2883 3251 signantur,
2906 3200 3027 3254 quae
3044 3187 3172 3243 dum
3197 3189 3266 3244 ad
3289 3205 3455 3259 opera

1880 3270 2094 3319 terrena
2140 3266 2490 3336 deserviunt,
2550 3278 2700 3327 tanto
2750 3274 2978 3332 celerius
3030 3276 3141 3334 i‘alli
3200 3292 3451 3350 possunt,

1876 3368 2078 3429 quanto
2100 3360 2349 3417 sublimia
2375 3364 2556 3421 minus
2586 3366 2906 3441 intelligunt.

1952 3469 1971 3503 ι
2008 3451 2077 3506 Ει
2127 3463 2514 3524 oppresserunt
2547 3460 2701 3527 quasi
2739 3458 2989 3517 ﬂuctibus
3027 3464 3256 3520 semitis.
3284 3486 3305 3518 ι
3332 3466 3445 3521 Ad—

1874 3545 2236 3600 versariorum
2279 3546 2470 3602 semita
2496 3546 2747 3606 ﬂuctibus
2787 3561 3149 3623 comparatur,
3179 3546 3306 3624 quia
3334 3558 3444 3612 vita

1873 3649 2163 3705 pravorum
2191 3636 2445 3692 insolenti
2464 3639 2835 3708 inquietudine
2857 3643 3103 3711 molesta,
3134 3646 3202 3701 ad
3220 3647 3453 3703 obruen-

1875 3728 1999 3782 dam
2029 3728 2110 3801 (ut
2134 3730 2213 3784 ita
2235 3730 2487 3805 dixerim)
2523 3749 2713 3791 navem
2737 3738 2917 3794 cordis
2936 3779 2951 3805 ,
2977 3740 3132 3809 quasi
3160 3750 3449 3812 tempestas

1875 3819 2130 3876 illabitur.

1944 3934 2111 3990 Vsus.
2144 3935 2232 3991 i5.
2256 3969 2328 3979 -—-
2360 3957 2380 3990 ι
2410 3939 2813 4012 Dissipaverunt
2843 3944 3033 4002 itinera
3073 3963 3211 4005 mea.
3252 3971 3269 4003 ›
3298 3951 3452 4008 Dicat

1874 4024 1978 4079 hoc
2011 4026 2203 4081 beatus
2220 4025 2322 4085 Job
2344 4031 2409 4084 de
2436 4032 2684 4104 malignis
2707 4036 3016 4104 spiritibus;
3040 4040 3184 4095 dicat
3207 4041 3445 4100 Ecclesia

1874 4116 1942 4171 de
1970 4122 2451 4190 persequentibus,
2495 4126 2586 4194 qui
2612 4124 2726 4195 ejus
2757 4129 2950 4184 itinera
2997 4130 3291 4203 dissipant,
3326 4136 3450 4191 dum

1874 4207 1929 4261 in
1952 4211 2306 4278 quorumdam
2349 4212 2686 4270 inﬁrmorum
2729 4220 2999 4276 mentibus
3035 4223 3281 4277 veritatis
3310 4224 3451 4280 viam

1873 4302 2117 4372 squalida
2148 4305 2497 4373 persuasione
2534 4310 2875 4377 perturbant.

1948 4413 1967 4445 ι
1992 4394 2232 4452 insidiati
2263 4406 2386 4453 sunt
2414 4398 2545 4454 mihi
2568 4408 2623 4454 et
2650 4402 3065 4470 praevaluerunt.
3088 4422 3108 4456 ι
3135 4404 3455 4466 lnsidiantes

1872 4483 2199 4553 praevalent,
2231 4501 2353 4540 cum
2378 4501 2473 4543 eos
2511 4503 2647 4557 quos
2670 4498 2855 4561 aperte
2881 4492 2951 4546 ad
2988 4492 3191 4549 malum
3235 4496 3454 4555 trahere

200 4575 399 4650 (1054.)
425 4578 734 4637 inventores
758 4596 1134 4653 perversorum
1154 4625 1169 4651 ,
1198 4594 1329 4653 etc.,
1360 4603 1521 4659 usque
1548 4590 1618 4643 ad
1645 4599 1771 4646 sunt

1901 4583 2168 4643 nequeunt,
2201 4574 2503 4632 simulando
2529 4578 2669 4633 bona
2692 4589 3026 4649 pervertunt.

202 4677 418 4724 terrena
446 4685 566 4739 quae
594 4670 722 4726 mali
753 4682 960 4727 amant.

276 4779 295 4813 ι
324 4761 392 4816 Ει
432 4762 486 4816 in
516 4764 763 4819 cavernis
804 4771 986 4820 terrae.
1016 4784 1036 4817 ι
1070 4765 1296 4839 (Ibid.)
1336 4766 1590 4824 Haeretici
1626 4770 1773 4826 enim

198 4854 580 4923 clandestinis,
628 4865 737 4912 etc.
757 4896 774 4923 ,
828 4872 990 4928 usque
1033 4857 1104 4912 ad
1153 4872 1324 4929 usque
1369 4860 1438 4915 ad
1488 4859 1629 4916 mala
1678 4861 1768 4918 de-

197 4946 427 5004 scendit.

278 5057 296 5090 ς
322 5038 419 5096 Vel
448 5055 609 5112 super
634 5040 893 5113 glaream.
924 5060 943 5096 ι
975 5039 1227 5099 Glaream
1265 5043 1656 5101 munitissimus
1685 5045 1768 5101 la-

196 5132 350 5204 pides
379 5132 640 5201 dicimus,
671 5149 806 5204 quos
834 5150 973 5205 aqua
1012 5133 1246 5192 ﬂuvialis
1287 5136 1454 5192 trahit
1481 5150 1496 5191 :
1527 5137 1769 5195 haeretici

198 5239 360 5297 super
386 5224 623 5297 glaream
650 5225 923 5295 habitant,
954 5227 1081 5299 quia
1108 5226 1229 5284 illas
1255 5227 1533 5284 hominum
1563 5238 1774 5287 mentes

199 5317 450 5383 trahunt,
482 5332 601 5388 quae
633 5318 777 5373 nulla
821 5318 1132 5375 stabilitatis
1158 5321 1422 5392 gravitate
1450 5321 1770 5378 solidantur.

202 5472 209 5479 ο
271 5404 436 5465 Vsus.
466 5408 517 5462 7.
545 5439 617 5449 —
651 5427 669 5460 ι
718 5408 821 5477 Qui
869 5411 1009 5468 inter
1038 5411 1407 5481 hujuscemodi
1438 5415 1578 5471 laeta.
1613 5436 1631 5468 ι
1668 5415 1775 5473 Νο-

198 5498 353 5556 mine
378 5499 638 5569 sentiam,
666 5509 798 5568 etc.,
840 5518 1003 5576 usque
1043 5503 1111 5557 ad
1152 5504 1294 5560 unde
1322 5515 1378 5560 et
1417 5514 1603 5577 aperte
1640 5509 1769 5565 sub-

189 5588 439 5665 jungitur
465 5612 477 5647 :
1604 5618 1605 5621 ‘

276 5702 297 5736 ε
324 5684 392 5739 Ει
419 5700 541 5742 esse
579 5686 679 5741 sub
718 5686 986 5754 sentibus,
1028 5708 1047 5739 ι
1081 5696 1189 5744 etc.
1238 5688 1314 5745 De
1351 5691 1514 5747 rebus
1555 5692 1773 5763 quidem

202 5777 587 5849 temporalibus
612 5780 881 5851 gaudent,
912 5788 1039 5849 etc.,
1080 5798 1241 5853 usque
1268 5783 1337 5839 ad
1372 5798 1405 5840 a
1436 5784 1567 5857 jugo
1604 5786 1774 5844 servi-

1950 4682 1969 4715 ‹
2004 4663 2073 4718 Ει
2114 4680 2219 4721 non
2250 4665 2350 4721 fuit
2391 4668 2483 4738 qui
2521 4668 2685 4724 ferret
2732 4672 3006 4729 auxilium.
3060 4695 3081 4729 ι
3127 4676 3450 4751 Plerumque

1868 4754 2003 4825 justi
2029 4756 2377 4815 tribulatione
2409 4761 2729 4830 deprehensi
2756 4767 2959 4821 tardari
3008 4784 3222 4824 manum
3253 4774 3450 4829 subve-

1873 4848 2073 4906 nientis
2116 4851 2387 4907 aestimant
2406 4893 2422 4919 ,
2443 4868 2569 4909 cum
2596 4869 2656 4909 se
2676 4859 3113 4927 persequentium
3144 4861 3453 4918 immanitas

1869 4938 2033 5010 paulo
2078 4939 2289 5014 longius
2340 4943 2643 5014 angustiat;
2704 4955 2761 5001 et
2803 4949 3014 5005 concita
3058 4952 3274 5022 quidem
3326 4963 3454 5008 sunt

1869 5031 2131 5100 ereptoris
2151 5032 2385 5111 remedja
2405 5074 2421 5101 ,
2444 5035 2537 5090 sed
2561 5036 2714 5092 tarda
2744 5036 2914 5095 dolori
2935 5040 3205 5096 videntur.

1943 5144 2107 5202 Vsus.
2137 5145 2225 5200 14.
2263 5177 2335 5186 -
2364 5166 2384 5199 ι
2420 5145 2584 5216 Quasi
2640 5160 2798 5221 rupto
2841 5168 3014 5208 muro.
3062 5171 3081 5205 ι
3120 5151 3450 5222 Redemptor

1872 5233 2029 5290 nobis
2077 5243 2160 5291 est
2204 5250 2421 5302 murus,
2454 5245 2582 5306 etc.,
2604 5255 2766 5311 usque
2806 5242 2876 5294 ad
2914 5242 3056 5312 quod
3101 5242 3317 5313 quidem
3370 5244 3449 5312 ﬁt,

1874 5326 1999 5397 quia
2028 5327 2189 5383 datur
2209 5343 2239 5384 a
2272 5328 2385 5386 Deo
2433 5339 2671 5401 potestas
2699 5332 2950 5387 inimicis.

1953 5435 1972 5469 ι
2004 5417 2071 5472 Et
2099 5427 2283 5489 aperta
2305 5419 2469 5489 janua
2491 5422 2764 5476 irruerunt
2792 5437 2955 5490 super
2981 5436 3087 5477 me.
3119 5441 3139 5475 ι
3168 5422 3300 5479 Cum
3332 5440 3453 5494 per-

1874 5509 2048 5565 versis
2067 5510 2120 5565 in
2146 5510 2247 5567 hac
2267 5512 2396 5577 vita,
2419 5522 2545 5578 etc.,
2570 5529 2731 5584 usque
2757 5512 2825 5567 ad
2852 5514 3130 5569 destruere
3152 5515 3452 5571 munimina

1880 5603 2004 5660 ﬁdei
2034 5612 2317 5661 conantur.

1956 5716 1976 5748 ι
2002 5696 2070 5753 Ει
2097 5698 2166 5755 ad
2206 5713 2354 5755 meas
2401 5698 2647 5756 miserias
2699 5696 2932 5754 devoluti
2982 5706 3125 5755 sunt.
3159 5718 3180 5753 ι
3219 5697 3451 5771 Reprobi

1878 5804 1977 5860 per
2000 5806 2149 5859 suas,
2176 5802 2231 5850 et
2249 5793 2318 5850 ad
2337 5800 2551 5850 nostras
2577 5791 2824 5849 miserias
2844 5791 3213 5860 revolvuntur,
3239 5790 3451 5864 quando
