3982 6352
482 444 612 510 835
997 436 1401 495 WALAFRIDI
1441 417 1690 492 STRABI
1724 432 1932 491 FULD.
1971 430 2138 489 MON.
2177 431 2329 490 OPP.
2368 432 2551 492 PARS
2587 433 2630 491 l.
2670 466 2743 478 —
2779 434 3241 494 THEOLOGICA.
3690 436 3799 497 εκ

488 562 558 618 ad
576 574 641 618 ea
662 555 825 624 mala,
848 554 903 611 in
924 553 1123 626 quibus
1148 553 1249 624 ipsi
1274 551 1535 624 implicati
1562 560 1713 618 sunt,
1735 549 1899 606 etiam
1926 564 2086 620 quos-
2111 554 2160 614 Α
2186 550 2317 618 Qua:
2350 559 2551 606 :eterna
2577 551 2773 623 gaudia
2802 551 3118 608 desiderans
3134 591 3152 620 ,
3182 549 3280 607 sed
3306 550 3437 608 dum
3460 548 3799 608 diﬂ'eruntur

492 653 616 710 dam
648 648 807 707 nobis
835 647 1019 702 unitos
1046 646 1289 700 trahunt.
2187 641 2327 696 mala
2356 656 2575 712 pressa,
2613 641 2835 698 subdit.

565 740 728 798 Vens.
768 739 854 795 15.
883 768 955 781 -
987 756 1007 791 ‹
1046 737 1319 792 Redactus
1338 751 1455 791 sum
1495 735 1549 790 in
1592 733 1840 790 nihilum.
1874 752 1893 785 ι
1929 731 2085 803 Apud
2256 736 2424 791 Vens.
2453 734 2545 790 26.
2584 767 2654 776 -——
2700 756 2717 787 ι
2755 734 3151 807 Exspectabam
3189 734 3372 803 bona,
3419 744 3480 791 et
3521 744 3801 793 veneunt

490 833 910 892 aestimationem
936 829 1233 895 malorum,
1256 836 1362 884 etc.
1381 870 1396 896 ,
1428 845 1591 901 usque
1612 827 1682 882 ad
1710 836 1766 884 et
1790 827 2087 884 secundum
2188 829 2320 884 mihi
2351 828 2512 885 mala.
2550 848 2570 882 ι
2602 827 2808 886 Fidelis
2853 829 3085 902 populus
3131 838 3418 901 exspectat
3452 830 3611 887 bona
3633 869 3657 899 ,
3704 830 3802 888 sed

491 926 782 983 historiam
811 921 1121 993 accipienda
1146 926 1272 975 sunt
1299 960 1314 986 ,
1346 919 1489 990 quod
1518 926 1600 974 est
1624 918 1865 990 planum.
2188 921 2330 975 mala
2356 919 2603 992 suscipit.

573 1033 595 1067 ι
616 1014 905 1072 Abstulisti
924 1012 1079 1084 quasi
1105 1020 1295 1066 ventus
1316 1010 1643 1066 desiderium
1671 1026 1871 1066 meum.
1894 1030 1912 1063 ι
1935 1009 2089 1065 Fide—
2265 1032 2284 1064 ι
2312 1011 2670 1068 Praestolabar
2698 1011 2895 1079 lucem,
2925 1019 3289 1082 eteruperunt
3314 1011 3579 1067 tenebrae.
3616 1030 3639 1064 ι
3664 1010 3804 1067 Pra-

494 1109 563 1167 lis
590 1107 817 1180 populus
848 1122 906 1162 se
930 1104 1040 1176 pati
1069 1103 1386 1168 denuntiat,
1415 1106 1561 1174 quod
1590 1117 1685 1158 eos
1719 1118 1854 1174 quos
1893 1101 2086 1174 diligit,
2191 1106 2418 1164 stolatur
2446 1105 2642 1170 lucem,
2680 1113 2739 1160 et
2772 1104 3026 1160 tenebras
3049 1102 3300 1168 incurrit,
3325 1102 3454 1173 quia
3478 1117 3588 1174 pro
3611 1117 3802 1158 remn-

495 1200 609 1271 pati
644 1198 809 1255 dolet.
861 1194 1069 1251 Ventus
1116 1209 1248 1266 ergo
1274 1193 1599 1250 desiderium
1631 1193 1793 1261 tollit,
1834 1209 1956 1249 cum
2002 1208 2091 1249 res
2192 1196 2495 1254 nerationis
2539 1196 2715 1268 gratia
2759 1195 3024 1252 interesse
3062 1194 3178 1264 jam
3216 1193 3428 1265 gaudiis
3469 1193 3800 1265 angelorum

498 1289 751 1361 quaelibet
797 1285 1109 1342 transitoria
1148 1284 1470 1340 aeternitatis
1494 1283 1791 1355 appetitum
1838 1282 2087 1339 destruit.
2190 1299 2405 1362 sperat,
2442 1301 2496 1345 et,
2529 1300 2713 1349 tamen
2750 1289 2840 1345 hic
2866 1289 3072 1344 diutius
3104 1287 3341 1354 dilatus,
3374 1302 3579 1342 manus
3604 1301 3799 1357 pem-

578 1403 598 1437 ‹
631 1381 792 1440 Velut
813 1381 986 1436 nubes
1016 1379 1355 1451 pertransiit.
1388 1400 1406 1431 ι
1435 1378 1614 1434 Nubes
1645 1379 1701 1434 in
1731 1378 1841 1434 alto
1865 1379 2087 1445 eminet,
2193 1386 2477 1456 quenlium
2504 1385 2717 1450 tolerat,
2751 1392 2811 1439 ut
2836 1382 3056 1440 Tobias.

501 1478 597 1535 sed
622 1477 762 1533 hanc
809 1475 875 1530 ad
927 1486 1147 1530 cursum
1185 1473 1343 1529 flatus
1393 1473 1829 1544 impellit:salus
1867 1489 1995 1545 ergo
2034 1483 2094 1529 ut
2266 1478 2427 1533 Vens.
2466 1475 2554 1531 27.
2578 1505 2650 1516 —
2683 1495 2702 1527 ι
2734 1475 3002 1532 Interiora
3036 1488 3157 1530 mea
3182 1473 3557 1531 elerbuerunt
3590 1474 3799 1544 absque

499 1569 673 1624 nubes
697 1565 935 1632 transiit,
967 1566 1093 1636 quia
1119 1580 1501 1636 perversorum
1516 1564 1706 1636 gloria,
1730 1580 1838 1635 quo
1859 1565 1965 1619 alta
1985 1574 2090 1632 est,

500 1658 609 1717 lixa
638 1672 749 1716 non
781 1668 883 1715 est.
918 1657 1162 1729 Expletis
1188 1657 1472 1713 desideriis
1495 1665 1551 1712 et
1575 1657 1786 1713 actibus
1811 1655 2095 1712 inﬁrman-

500 1752 656 1820 tium,
695 1753 765 1808 ad
784 1766 972 1807 vocem
1001 1750 1299 1806 electorum
1322 1748 1484 1804 redit.

572 1843 737 1900 Vens.
792 1842 879 1898 16.
909 1873 980 1883 -
1013 1859 1031 1892 ι
1070 1839 1225 1896 Nune
1272 1848 1457 1895 autem
1494 1839 1549 1894 in
1589 1840 1927 1910 memetipso.
1975 1859 1993 1891 ι
2031 1838 2092 1895 in

2195 1569 2301 1624 ulla
2356 1570 2559 1639 requie.
2619 1588 2637 1620 ι
2694 1566 2910 1623 Sanctae
2958 1566 3216 1647 Ecclesiae
3262 1565 3523 1622 interiora
3576 1562 3802 1619 eﬂerve-

2194 1675 2371 1725 scere,
2410 1667 2540 1724 etc.,
2588 1675 2753 1731 usque
2798 1657 2869 1712 ad
2911 1665 2969 1714 et
3008 1658 3113 1714 hoc
3164 1664 3277 1725 est,
3310 1676 3330 1709 ε
3365 1656 3641 1712 interiora
3686 1655 3801 1726 ejus

2195 1749 2583 1806 eﬂ‘erbuerunt.
2624 1770 2643 1801 ι

2272 1862 2288 1893 ι
2324 1841 2710 1898 Ριοεεγεηθιυιωι
2732 1857 2820 1898 me
2839 1841 2958 1898 dies
2994 1839 3320 1897 afﬂictioais.
3362 1860 3381 1891 ι
3419 1838 3541 1895 Scit
3562 1852 3803 1911 tuamque

500 1937 774 1994 nobismet
792 1934 925 2006 ipsis
951 1948 1095 1988 nunc
1122 1932 1325 1997 anima,
1352 1938 1481 1996 etc.,
1512 1946 1677 2002 usque
1705 1930 1774 1985 ad
1800 1928 1942 1987 unde
1966 1946 2094 1987 mox
2121 1916 2170 1979 Β
2198 1931 2439 1988 Ecclesia
2467 1931 2765 1988 electorum
2813 1933 2958 2003 quod
2994 1931 3376 2003 persecutione
3414 1928 3616 1985 ultima
3662 1936 3803 1985 mala

504 2028 574 2084 ad
603 2034 923 2084 corruentes
948 2023 1106 2079 redit.

576 2119 741 2175 Vens.
774 2118 861 2172 17.
888 2147 959 2157 —
995 2135 1014 2167 ι
1048 2114 1217 2171 Nocte
1248 2128 1311 2169 os
1340 2129 1519 2169 meum
1550 2111 1861 2185 perforatur
1892 2112 2093 2169 dolori-

497 2210 620 2267 bus.
656 2228 675 2262 ι
710 2207 804 2264 Sic
825 2223 922 2263 sua
953 2207 1103 2273 dicit,
1133 2214 1256 2262 utet
1270 2204 1590 2261 cadentibus
1614 2213 1937 2277 congruant,
1961 2214 2092 2272 etc.,

501 2316 663 2373 usque
711 2300 780 2355 ad
831 2299 989 2373 quasi
1036 2297 1153 2368 jam
1174 2296 1445 2371 quoddam
1480 2297 1715 2353 habeant
1733 2295 1977 2352 foramen
2024 2297 2094 2352 ti-

505 2395 695 2453 moris.

577 2505 598 2540 ι
631 2485 702 2543 Et
718 2484 811 2556 qui
836 2500 925 2541 me
950 2484 1261 2541 comedunt.
1291 2503 1309 2536 ι
1331 2480 1548 2557 (Gaza)
1575 2480 1714 2550 Quia
1737 2480 1958 2554 maligni
1982 2481 2094 2554 spi-

500 2576 665 2646 ritus,
718 2576 813 2648 qui
841 2574 1088 2632 carnales
1134 2576 1201 2631 de
1240 2574 1484 2631 Ecclesia
1534 2584 1895 2641 consumunt,
1944 2582 2096 2630 tanto

500 2670 675 2743 magis
696 2670 977 2738 quiescere
1004 2685 1034 2723 a
1064 2669 1360 2724 tentatione
1389 2668 1678 2735 nesciunt,
1709 2676 1917 2740 quanto
1950 2669 2096 2725 nullo

504 2760 688 2817 carnis
715 2759 959 2832 pondere
996 2768 1312 2832 gravantur.

578 2851 740 2908 Vna.
774 2851 862 2906 18.
888 2880 961 2891 -
1000 2868 1020 2902 ‹
1056 2849 1116 2905 ιιι
1144 2848 1505 2905 multitudine.
1553 2864 1575 2904 ν
1617 2848 1757 2918 Quid
1806 2850 1954 2909 aliud
2000 2868 2094 2908 ve-

502 2942 821 3001 stimentum
867 2940 989 3009 Job,
1027 2948 1154 3007 etc.,
1211 2957 1375 3013 usque
1415 2941 1485 2996 ad
1532 2943 1625 3014 qui
1671 2943 1723 2998 ei
1760 2943 2096 3002 connexione

505 3032 710 3090 amoris
737 3031 1096 3088 inhaerebant.

584 3142 604 3177 ι
644 3122 714 3180 Et
743 3122 899 3195 quasi
929 3122 1129 3195 eapitio
1160 3122 1372 3179 tunicae.
1404 3142 1423 3175 ι
1450 3118 1671 3178 Tunicae
1696 3123 1954 3196 capitium
1985 3124 2096 3180 col-

506 3214 617 3270 lum
647 3214 978 3281 circumdat,
1005 3222 1133 3280 etc.,
1180 3230 1342 3287 usque
1373 3214 1443 3269 ad
1474 3216 1876 3287 pmdicationis
1906 3232 2093 3274 vocem

504 3304 857 3377 exstinguere
880 3312 1169 3361 conantur.

578 3397 743 3454 Vens.
777 3399 865 3455 19.
890 3427 964 3439 -
994 3415 1014 3450 ι
1037 3398 1395 3470 Comparatus
1420 3414 1541 3455 sum
1566 3398 1698 3457 luto.
1723 3418 1742 3452 ι
1760 3400 1819 3457 ln
1848 3404 2100 3474 reprobo-

503 3502 629 3546 rum
649 3488 877 3561 judicio,
924 3489 1221 3547 electorum
1263 3488 1507 3546 Ecclesia
1560 3491 1672 3548 luto
1720 3503 2095 3565 comparatur,

506 3581 636 3653 quia
664 3582 1040 3655 temporaliter
1058 3584 1375 3641 conculcata
1400 3585 1715 3657 despicitur,
1738 3585 1933 3642 favilla:
1964 3589 2100 3645 assi-

504 3674 728 3732 milatur
749 3683 806 3732 et
830 3676 1024 3743 cineri,
1052 3679 1180 3749 quia
1207 3679 1275 3734 ad
1304 3679 1417 3735 soia
1446 3680 1588 3736 hanc
1616 3680 1758 3736 mala
1783 3684 2100 3753 pervenisse

504 3767 814 3835 ultimam,
842 3782 964 3840 qua
986 3771 1044 3826 in
1078 3785 1143 3827 ea
1171 3771 1419 3828 exhiberi
1441 3774 1796 3844 corporaliter
1822 3776 2026 3831 vident.

579 3860 747 3918 Vens.
775 3860 868 3918 20.
893 3892 964 3904 —
996 3882 1014 3916 ι
1042 3862 1230 3920 Clamo
1277 3865 1346 3920 ad
1376 3875 1447 3921 te.
1498 3886 1517 3917 ι
1550 3865 1791 3922 Ecclesia
1843 3883 2098 3939 persecu-

506 3952 674 4010 tionis
709 3968 821 4009 sua‘.
843 3962 1121 4026 tempore,
1149 3964 1281 4022 etc.,
1314 3973 1480 4028 usque
1524 3957 1592 4010 ad
1629 3966 1685 4012 et
1710 3959 1863 4013 dilati
1890 3967 1949 4015 ut
1976 3976 2101 4031 pro-

506 4040 720 4111 ﬁciant,
748 4043 944 4100 timent
968 4061 1039 4101 ne
1067 4045 1342 4102 deﬁciant.

584 4136 751 4193 Vsus.
796 4136 890 4193 21.
918 4166 989 4177 -
1031 4155 1051 4189 ι
1088 4136 1330 4193 Mutatus
1370 4154 1430 4194 es
1466 4138 1599 4193 mihi
1638 4138 1694 4194 in
1735 4141 2027 4197 crudelem.
2075 4163 2095 4198 ι

507 4228 571 4288 In
614 4228 729 4286 Deo
770 4245 873 4287 nec
900 4231 1197 4287 crudelitas
1243 4246 1344 4286 nec
1388 4232 1724 4288 mutabilius
1752 4234 1937 4303 venit,
1968 4244 2097 4304 etc.,

506 4339 673 4397 usque
695 4323 765 4379 ad
797 4322 943 4379 Nihil
973 4333 1155 4380 autem
1180 4325 1248 4380 de
1272 4339 1340 4380 eo
1373 4325 1596 4398 dignum
1625 4326 1731 4383 dici
1758 4336 1955 4398 potest.

589 4437 610 4470 ι
641 4416 712 4473 Et
746 4416 805 4471 in
843 4414 1043 4473 duritia
1072 4426 1267 4472 manus
1302 4425 1432 4471 tum.
1470 4436 1489 4469 ι
1523 4417 1714 4474 Manus
1762 4417 1855 4474 Dei
1905 4419 2104 4476 dicitur

509 4517 642 4568 tum
664 4509 924 4566 voluntati
946 4517 1151 4566 nostra:
1175 4510 1450 4566 contraria
1468 4550 1484 4576 ,
1507 4525 1633 4566 cum
1657 4512 1802 4581 quod
1829 4511 1880 4568 ei
1906 4512 1960 4568 in
2001 4528 2100 4568 no-

511 4601 597 4660 bis
634 4602 911 4674 displicet,
938 4602 1182 4660 feriendo
1216 4604 1580 4675 persequitur.

584 4695 748 4753 Vm.
777 4694 868 4749 22.
892 4724 963 4735 -
1002 4712 1021 4746 ε
1066 4693 1305 4750 Elevasti
1329 4708 1416 4749 me
1437 4704 1492 4750 et
1518 4696 1694 4765 quasi.
1738 4715 1758 4749 ι
1798 4694 1931 4762 Quia
1964 4711 2102 4767 pne-

512 4786 685 4846 sentis
713 4785 836 4841 vitae
854 4785 1024 4856 gloria
1052 4787 1209 4856 quasi
1243 4786 1295 4840 in
1328 4785 1438 4841 alto
1465 4787 1740 4852 cernitur,
1776 4797 1908 4854 etc.,
1938 4803 2103 4860 usque

513 4877 585 4934 ad
623 4891 813 4933 eorum
842 4877 1091 4948 protinus
1111 4877 1338 4934 elevatio
1365 4878 1593 4934 corruit.

585 4964 749 5024 Vens.
776 4964 867 5022 2⁸5.
896 4996 970 5007 -
991 4985 1011 5018 ι
1048 4965 1176 5023 Scio
1204 4967 1330 5038 quia
1360 4968 1523 5023 morti
1558 4969 1742 5026 trades
1776 4983 1881 5026 me.
1920 4988 1938 5020 ι
1974 4966 2106 5023 Nul-

516 5064 605 5122 lus
641 5061 786 5117 enim
833 5060 942 5117 huc
967 5060 1150 5127 venit,
1192 5071 1321 5128 etc.,
1373 5074 1537 5132 usque
1573 5061 1644 5116 ad
1686 5061 1806 5118 ideo
1836 5068 1961 5132 apte
1986 5060 2107 5117 sub-

507 5141 756 5226 iungitur
783 5169 799 5209 :

588 5242 762 5301 Vens.
778 5244 1389 5301 24.-rVerumtamen
1412 5258 1519 5300 non
1540 5245 1608 5299 ad
1632 5243 2099 5314 consumptionem

516 5350 726 5392 eorum.
761 5356 781 5389 ι
809 5336 1024 5391 Manum
1055 5352 1211 5392 suam
1238 5336 1497 5392 Dominus
1515 5375 1532 5402 ,
1552 5344 1685 5402 etc.,
1714 5351 1875 5407 usque
1913 5334 1983 5389 ad
2010 5335 2103 5406 qui

517 5437 728 5487 stantes
747 5429 989 5486 exterius
1009 5430 1074 5485 ab
1094 5438 1240 5485 statu
1264 5428 1459 5484 mentis
1473 5425 1747 5495 iacebant.
2032 5480 2037 5486 .

595 5520 758 5578 Vsus.
787 5522 881 5578 25.
900 5551 975 5565 -—
998 5541 1017 5574 ‹
1050 5521 1272 5578 Flebam
1305 5520 1597 5592 quondam.
1643 5538 1663 5572 ι
1695 5518 1825 5576 Plus
1848 5528 1932 5576 est
1959 5536 2108 5576 com-

519 5612 706 5686 passio
730 5627 894 5682 quam
923 5611 1133 5678 datum,
1159 5622 1293 5678 etc.,
1321 5626 1485 5683 usque
1507 5610 1577 5664 ad
1600 5625 1728 5668 suos
1751 5611 1837 5667 eis
1861 5611 2110 5667 oratione

522 5706 777 5762 continua
802 5704 959 5761 ﬂetus
985 5705 1185 5776 jungit.

599 5797 784 5866 (Ibid.)
808 5798 1071 5868 Tempore
1100 5797 1303 5852 ultimae
1328 5797 1721 5867 persecutionis
1741 5796 2018 5865 Ecclesia,
2041 5797 2110 5853 ad

526 5890 846 5948 memoriam
874 5890 1084 5947 reducit
1108 5891 1247 5946 bona
1265 5931 1280 5957 ,
1307 5906 1427 5962 quae
1456 5894 1625 5963 gessit
1663 5900 1903 5963 tempore
1938 5892 2106 5962 pacis.

2121 3278 2170 3344 C

2199 2020 2366 2081 mu'lta
2406 2039 2632 2094 passura
2678 2024 2768 2080 sit.
2822 2023 2931 2080 Sed
2970 2025 3113 2080 hanc
3158 2022 3468 2078 alliictionis
3510 2036 3633 2077 sua
3692 2021 3803 2077 dies

2195 2118 2564 2188 praeveniunt,
2608 2118 2733 2189 quia
2776 2117 3038 2173 malorum
3081 2119 3250 2172 vitam
3287 2117 3432 2172 inter
3464 2128 3527 2171 se
3559 2116 3802 2185 graviter

2196 2212 2360 2269 etiam
2385 2221 2627 2283 tempore
2654 2212 2804 2283 pacis
2830 2220 3044 2282 portat,
3076 2212 3171 2282 qui
3190 2210 3307 2283 jam
3334 2210 3393 2265 in
3418 2210 3615 2282 pravis
3632 2211 3801 2266 mori-

2196 2303 2301 2360 bus
2328 2304 2643 2370 ostendunt,
2669 2304 2799 2374 quid
2828 2304 2901 2359 sit
2920 2303 3184 2359 futurum.

2274 2402 2432 2457 Vens.
2461 2400 2552 2456 28.
2580 2430 2650 2441 -
2678 2418 2697 2451 ι
2733 2398 2965 2457 Mmrens
3000 2398 3340 2456 incedebam.
3380 2414 3399 2449 ι
3436 2394 3539 2451 Vir
3581 2404 3805 2451 sanctas

2196 2492 2438 2549 elevatus
2461 2531 2477 2557 ,
2521 2501 2655 2559 etc.,
2684 2508 2843 2564 usque
2872 2491 2941 2546 ad
2975 2491 3063 2547 hic
3091 2504 3187 2560 per
3217 2503 3475 2561 asperum
3515 2487 3629 2544 iter
3654 2488 3806 2543 venit

2197 2586 2267 2641 ad
2286 2586 2536 2657 patriam.

2274 2696 2293 2728 ι
2331 2677 2462 2732 Sine
2482 2676 2668 2732 furore
2688 2686 3045 2746 consurgens.
3077 2693 3095 2725 ι
3128 2671 3283 2743 Saepe
3303 2670 3701 2727 seditiosorum
3722 2678 3805 2724 tn-

2198 2767 2401 2824 multus
2459 2768 2738 2824 hominum
2798 2765 3211 2837 praepositorum
3289 2778 3515 2818 suorum
3589 2770 3802 2818 mentes

2198 2859 2515 2915 lacessunt:
2544 2860 2661 2930 qui,
2698 2859 2743 2914 si
2774 2857 2904 2913 boui
2943 2864 3099 2923 sunt,
3141 2865 3331 2911 contra
3360 2855 3634 2911 tumultus
3654 2856 3801 2911 inso-

2196 2953 2423 3010 lentium
2451 2952 2742 3008 clamorem
2774 2951 3006 3014 habent,
3050 2958 3105 3005 et
3138 2948 3379 3004 furorem
3412 2962 3521 3002 non
3572 2948 3799 3029 habent.

2196 3046 2455 3118 quoniam
2520 3058 2657 3115 quos
2696 3042 3016 3098 .clementer
3084 3040 3321 3097 tolerant
3348 3081 3363 3107 ,
3427 3039 3634 3095 docere
3693 3053 3802 3094 non

2199 3146 2434 3195 cessant.

2272 3227 2438 3283 Vens.
2466 3227 2556 3284 29.
2584 3257 2655 3268 -
2688 3246 2708 3280 ι
2748 3226 2941 3282 Frater
2967 3225 3042 3281 fui
3068 3226 3387 3281 draconum.
3428 3244 3447 3276 ι
3491 3225 3801 3280 Draconnrn

2198 3321 2417 3378 nomine
2443 3320 2714 3382 malitiosi,
2748 3328 2878 3385 etc.,
2908 3334 3071 3391 usque
3113 3318 3183 3372 ἀει
3203 3316 3299 3373 sed
3326 3332 3359 3372 a
3390 3326 3540 3373 terra
3572 3316 3800 3371 minime

2196 3426 2374 3484 penna
2394 3411 2611 3466 virtutis
2639 3410 2798 3465 levat.

2272 3505 2436 3561 Vens.
2470 3502 2560 3559 30.
2594 3534 2662 3545 —
2705 3522 2724 3554 ι
2770 3501 2924 3558 Cutis
2952 3516 3068 3557 mea
3107 3501 3391 3572 denigrata
3433 3509 3543 3556 est.
3586 3519 3608 3552 ι
3646 3498 3802 3557 Cutis

2199 3598 2418 3653 nomine
2454 3596 2708 3653 Ecclesiae
2758 3595 2990 3661 inﬁrmi,
3033 3603 3165 3659 etc.,
3216 3609 3379 3665 usque
3406 3593 3475 3648 ad
3521 3592 3620 3664 qui
3654 3594 3711 3648 in
3736 3607 3801 3649 es

2202 3699 2351 3755 sunt,
2385 3689 2504 3744 zelo
2530 3689 2652 3744 ﬁdei
2682 3687 3017 3743 cruciantur.

2274 3783 2440 3838 Vens.
2464 3780 2553 3835 51.
2576 3812 2648 3821 -
2676 3799 2694 3832 ι
2719 3778 2889 3835 Versa
2915 3786 3000 3834 est
3028 3779 3083 3833 in
3104 3774 3317 3833 luctum
3338 3776 3573 3832 cithara.
3604 3794 3630 3830 ι
3653 3775 3737 3833 Ac
3756 3776 3805 3833 si

2201 3875 2409 3930 diceret
2435 3872 2592 3928 Pacis
2632 3887 2765 3928 mem
2798 3880 3057 3941 tempore,
3098 3879 3232 3937 etc.,
3263 3886 3429 3942 usque
3463 3869 3535 3924 ad
3562 3869 3804 3943 quiavi-

2205 3968 2277 4023 tia
2307 3965 2697 4037 exstinguenda
2725 3972 2871 4031 sunt,
2902 3980 3009 4020 non
3032 3978 3180 4020 caro.

2773 4081 3003 4138 CAPUT
3029 4078 3218 4136 XXXI.

2275 4153 2438 4210 Vens.
2478 4156 2527 4209 1.
2559 4183 2629 4194 -
2667 4171 2685 4205 ι
2714 4152 2898 4225 Pepigi
2937 4153 3114 4208 fmdus
3160 4167 3287 4207 cum
3333 4150 3505 4207 oculis
3568 4151 3739 4206 meis.
3775 4170 3797 4204 ι

2205 4247 2398 4321 (Gneo.
2431 4248 2485 4301 in
2518 4246 2669 4312 Job.,
2710 4246 2747 4301 Ι.
2781 4244 2919 4319 χχι.)
2958 4244 3111 4300 Nunc
3138 4242 3389 4315 proprias
3433 4257 3532 4315 per
3552 4243 3806 4298 ordinem

2203 4342 2433 4397 virtutes
2459 4346 2761 4403 enumerat,
2796 4340 2874 4394 sic
2912 4339 3033 4393 vita:
3068 4350 3179 4392 sua:
3204 4335 3491 4391 historiam
3521 4346 3718 4390 texens
3746 4344 3807 4390 ut

2203 4449 2488 4505 perrarum
2527 4431 2764 4502 aliquid,
2807 4431 2950 4502 quod
2993 4428 3285 4502 allegorice
3327 4428 3500 4500 possit
3543 4424 3805 4498 intelligi,

2205 4525 2514 4579 interserat.

2283 4633 2300 4666 ι
2344 4612 2527 4684 Pepigi
2550 4610 2730 4668 foedus
2761 4622 2883 4667 eum
2914 4609 3086 4668 oculis
3114 4610 3267 4667 meis.
3306 4630 3326 4663 ι
3368 4606 3440 4667 Ut
3468 4608 3616 4666 enim
3647 4610 3806 4683 cogi-

2209 4705 2439 4760 tationes
2475 4686 2678 4769 cordis,
2705 4710 2834 4767 etc.,
2872 4719 2966 4773 usq
3011 4722 3033 4753 .·
3192 4700 3311 4756 Non
3352 4700 3553 4757 debent
3598 4699 3806 4756 intueri

2206 4810 2327 4867 qum
2370 4811 2477 4849 non
2504 4793 2631 4849 licet
2659 4792 2991 4862 concupisci.

2280 4883 2443 4940 Vens.
2479 4883 2532 4937 2.
2564 4913 2633 4923 -
2661 4904 2679 4935 ι
2725 4881 2899 4949 Quam
2948 4881 3093 4937 enim
3136 4889 3345 4952 partem
3386 4881 3619 4937 haberet
3654 4880 3808 4940 Dens

2212 4977 2269 5033 in
2300 4991 2387 5032 me
2407 4976 2655 5045 desuper.
2693 4993 2712 5025 ι
2746 4973 2825 5029 Ac
2855 4973 2901 5028 si
2933 4973 3139 5029 diceret
3166 4989 3181 5026 :
3211 4971 3427 5028 Habere
3453 4986 3543 5027 me
3576 4987 3805 5045 posses-

2215 5069 2421 5126 sionem
2446 5083 2599 5123 suam
2629 5065 2969 5122 excelsorum
3010 5063 3262 5121 conditor
3296 5064 3509 5132 renuit,
3549 5064 3600 5121 si
3647 5080 3807 5121 mens

2214 5176 2335 5216 mea
2371 5168 2497 5215 ante
2518 5168 2867 5229 conspectum
2892 5156 3035 5212 illius
3064 5156 3294 5213 infirmis
3327 5157 3615 5214 desideriis
3652 5159 3809 5214 tabe-

2214 5254 2335 5310 scit.
2400 5252 2555 5307 Nulla
2601 5250 2746 5307 enim
2808 5252 3022 5322 placent
3077 5249 3218 5306 bona
3275 5250 3386 5306 Deo
3433 5249 3551 5305 sine
3604 5250 3808 5306 mentis

2214 5344 2495 5401 munditia.

2289 5436 2456 5492 Vens.
2494 5437 2548 5491 5.
2580 5465 2647 5477 -
2679 5454 2698 5485 ε
2736 5432 2988 5504 Nunquid
3013 5446 3118 5488 non
3146 5431 3379 5504 perditio
3416 5440 3500 5488 est
3534 5430 3745 5503 iniquo.
3777 5450 3799 5484 ι

2219 5528 2371 5584 Tunc
2401 5526 2505 5583 erit
2529 5525 2785 5581 alienatio
2812 5522 3079 5594 reprobis,
3111 5537 3234 5578 cum
3265 5522 3333 5578 ab
3365 5521 3682 5578 haereditate
3723 5520 3808 5577 di-

2218 5619 2394 5675 stricti
2419 5617 2620 5688 judicis
2645 5632 2704 5671 se
2733 5616 3019 5670 anathema
3058 5626 3178 5669 esse
3207 5613 3562 5685 conSpicient.

2288 5708 2450 5763 Vens.
2478 5707 2528 5760 ιι.
2561 5736 2633 5747 --
2674 5724 2690 5756 ι
2730 5704 2918 5760 Nonne
2958 5705 3069 5776 ipse
3097 5704 3405 5760 considerat
3431 5703 3550 5759 vias
3575 5710 3802 5759 mcasct

2216 5810 2460 5858 cunctos.
2520 5819 2538 5851 ι
2594 5798 2819 5854 Nomine
2862 5799 3107 5863 viarum,
3159 5805 3289 5863 etc.,
3356 5814 3517 5869 usque
3561 5796 3631 5850 ad
3678 5810 3799 5866 qua:

2217 5890 2356 5962 apud
2386 5905 2481 5945 nos
2506 5904 2605 5944 usu
2632 5887 2924 5955 viluerunt,
2956 5889 3253 5944 indiscussa
3284 5896 3615 5944 remaneant.
